PokerStars Hand #171472607885:  Hold'em Limit ($3/$6 USD) - 2017/06/07 14:24:20 ET
Table 'Aaltje' 6-max Seat #2 is the button
Seat 2: Rydik8888 ($145.06 in chips)
Seat 4: MTails ($120 in chips)
Rydik8888: posts small blind $1
MTails: posts big blind $3
*** HOLE CARDS ***
Rydik8888: calls $2
Apanage joins the table at seat #3
MTails: raises $3 to $6
Rydik8888: calls $3
*** FLOP *** [Td 8d 2h]
MTails: bets $3
Rydik8888: folds
Uncalled bet ($3) returned to MTails
MTails collected $11.76 from pot
*** SUMMARY ***
Total pot $12 | Rake $0.24
Board [Td 8d 2h]
Seat 2: Rydik8888 (button) (small blind) folded on the Flop
Seat 4: MTails (big blind) collected ($11.76)


PokerStars Hand #171472625689:  Hold'em Limit ($3/$6 USD) - 2017/06/07 14:24:43 ET
Table 'Aaltje' 6-max Seat #4 is the button
Seat 2: Rydik8888 ($139.06 in chips)
Seat 4: MTails ($125.76 in chips)
MTails: posts small blind $1
Rydik8888: posts big blind $3
*** HOLE CARDS ***
MTails: raises $3 to $6
Rydik8888: raises $3 to $9
MTails: calls $3
*** FLOP *** [Qh 8d Qd]
Rydik8888: bets $3
MTails: folds
Uncalled bet ($3) returned to Rydik8888
Rydik8888 collected $17.64 from pot
*** SUMMARY ***
Total pot $18 | Rake $0.36
Board [Qh 8d Qd]
Seat 2: Rydik8888 (big blind) collected ($17.64)
Seat 4: MTails (button) (small blind) folded on the Flop


