PokerStars Hand #173944439336:  Hold'em Limit ($3/$6 USD) - 2017/08/05 7:28:16 ET
Table 'Aaltje II' 6-max Seat #2 is the button
Seat 2: NewRocker ($115 in chips)
Seat 4: VolkovDmitri ($120 in chips)
NewRocker: posts small blind $1
VolkovDmitri: posts big blind $3
*** HOLE CARDS ***
NewRocker: raises $3 to $6
VolkovDmitri: raises $3 to $9
NewRocker: calls $3
*** FLOP *** [6c 2s 4d]
VolkovDmitri: bets $3
NewRocker: calls $3
*** TURN *** [6c 2s 4d] [3s]
VolkovDmitri: bets $6
NewRocker: raises $6 to $12
VolkovDmitri: raises $6 to $18
NewRocker: calls $6
*** RIVER *** [6c 2s 4d 3s] [Qd]
VolkovDmitri: checks
NewRocker: bets $6
VolkovDmitri: folds
Uncalled bet ($6) returned to NewRocker
NewRocker collected $59.50 from pot
NewRocker: doesn't show hand
*** SUMMARY ***
Total pot $60 | Rake $0.50
Board [6c 2s 4d 3s Qd]
Seat 2: NewRocker (button) (small blind) collected ($59.50)
Seat 4: VolkovDmitri (big blind) folded on the River


PokerStars Hand #173944461695:  Hold'em Limit ($3/$6 USD) - 2017/08/05 7:29:09 ET
Table 'Aaltje II' 6-max Seat #2 is the button
Seat 2: NewRocker ($141.50 in chips)
Seat 4: VolkovDmitri ($123 in chips)
NewRocker: posts small blind $1
VolkovDmitri: posts big blind $3
*** HOLE CARDS ***
NewRocker: calls $2
VolkovDmitri: raises $3 to $6
NewRocker: calls $3
*** FLOP *** [Ts 6h 3d]
VolkovDmitri: bets $3
NewRocker: calls $3
*** TURN *** [Ts 6h 3d] [Kd]
VolkovDmitri: bets $6
NewRocker: raises $6 to $12
VolkovDmitri: calls $6
*** RIVER *** [Ts 6h 3d Kd] [Kh]
VolkovDmitri: checks
NewRocker: bets $6
VolkovDmitri: calls $6
*** SHOW DOWN ***
NewRocker: shows [Ks 7d] (three of a kind, Kings)
VolkovDmitri: mucks hand
NewRocker collected $53.50 from pot
*** SUMMARY ***
Total pot $54 | Rake $0.50
Board [Ts 6h 3d Kd Kh]
Seat 2: NewRocker (button) (small blind) showed [Ks 7d] and won ($53.50) with three of a kind, Kings
Seat 4: VolkovDmitri (big blind) mucked


PokerStars Hand #173944457097:  Hold'em Limit ($3/$6 USD) - 2017/08/05 7:28:58 ET
Table 'Aaltje II' 6-max Seat #4 is the button
Seat 2: NewRocker ($144.50 in chips)
Seat 4: VolkovDmitri ($120 in chips)
VolkovDmitri: posts small blind $1
NewRocker: posts big blind $3
*** HOLE CARDS ***
VolkovDmitri: raises $3 to $6
NewRocker: folds
Uncalled bet ($3) returned to VolkovDmitri
VolkovDmitri collected $6 from pot
VolkovDmitri: doesn't show hand
*** SUMMARY ***
Total pot $6 | Rake $0
Seat 2: NewRocker (big blind) folded before Flop
Seat 4: VolkovDmitri (button) (small blind) collected ($6)


PokerStars Hand #173944471923:  Hold'em Limit ($3/$6 USD) - 2017/08/05 7:29:33 ET
Table 'Aaltje II' 6-max Seat #4 is the button
Seat 2: NewRocker ($168 in chips)
Seat 4: VolkovDmitri ($120 in chips)
VolkovDmitri: posts small blind $1
NewRocker: posts big blind $3
*** HOLE CARDS ***
VolkovDmitri: raises $3 to $6
NewRocker: calls $3
*** FLOP *** [Jd 4c Qc]
NewRocker: checks
VolkovDmitri: bets $3
NewRocker: folds
Uncalled bet ($3) returned to VolkovDmitri
VolkovDmitri collected $11.76 from pot
VolkovDmitri: doesn't show hand
*** SUMMARY ***
Total pot $12 | Rake $0.24
Board [Jd 4c Qc]
Seat 2: NewRocker (big blind) folded on the Flop
Seat 4: VolkovDmitri (button) (small blind) collected ($11.76)


