PokerStars Hand #144614797189:  Hold'em Limit ($3/$6 USD) - 2015/11/30 11:59:33 ET
Table 'Aaltje' 2-max Seat #1 is the button
Seat 1: jl45259071 ($357.94 in chips)
Seat 2: Crspy Bacon ($99 in chips)
jl45259071: posts small blind $1
Crspy Bacon: posts big blind $3
*** HOLE CARDS ***
jl45259071: raises $3 to $6
Crspy Bacon: folds
Uncalled bet ($3) returned to jl45259071
jl45259071 collected $6 from pot
jl45259071: doesn't show hand
*** SUMMARY ***
Total pot $6 | Rake $0
Seat 1: jl45259071 (button) (small blind) collected ($6)
Seat 2: Crspy Bacon (big blind) folded before Flop


PokerStars Hand #144614780168:  Hold'em Limit ($3/$6 USD) - 2015/11/30 11:59:07 ET
Table 'Aaltje' 2-max Seat #2 is the button
Seat 1: jl45259071 ($337.44 in chips)
Seat 2: Crspy Bacon ($120 in chips)
Crspy Bacon: posts small blind $1
jl45259071: posts big blind $3
*** HOLE CARDS ***
Crspy Bacon: raises $3 to $6
jl45259071: raises $3 to $9
Crspy Bacon: calls $3
*** FLOP *** [Qh 2c 3d]
jl45259071: bets $3
Crspy Bacon: raises $3 to $6
jl45259071: calls $3
*** TURN *** [Qh 2c 3d] [2h]
jl45259071: checks
Crspy Bacon: bets $6
jl45259071: calls $6
*** RIVER *** [Qh 2c 3d 2h] [8h]
jl45259071: checks
Crspy Bacon: checks
*** SHOW DOWN ***
jl45259071: shows [6h 6c] (two pair, Sixes and Deuces)
Crspy Bacon: mucks hand
jl45259071 collected $41.50 from pot
*** SUMMARY ***
Total pot $42 | Rake $0.50
Board [Qh 2c 3d 2h 8h]
Seat 1: jl45259071 (big blind) showed [6h 6c] and won ($41.50) with two pair, Sixes and Deuces
Seat 2: Crspy Bacon (button) (small blind) mucked


PokerStars Hand #144614834834:  Hold'em Limit ($3/$6 USD) - 2015/11/30 12:00:28 ET
Table 'Aaltje' 2-max Seat #1 is the button
Seat 1: jl45259071 ($366.44 in chips)
Seat 2: Crspy Bacon ($89.50 in chips)
jl45259071: posts small blind $1
Crspy Bacon: posts big blind $3
*** HOLE CARDS ***
jl45259071: calls $2
Crspy Bacon: raises $3 to $6
jl45259071: calls $3
*** FLOP *** [Th 7c 8s]
Crspy Bacon: bets $3
jl45259071: calls $3
*** TURN *** [Th 7c 8s] [7s]
Crspy Bacon: bets $6
jl45259071: raises $6 to $12
Crspy Bacon: folds
Uncalled bet ($6) returned to jl45259071
jl45259071 collected $29.50 from pot
jl45259071: doesn't show hand
*** SUMMARY ***
Total pot $30 | Rake $0.50
Board [Th 7c 8s 7s]
Seat 1: jl45259071 (button) (small blind) collected ($29.50)
Seat 2: Crspy Bacon (big blind) folded on the Turn


PokerStars Hand #144614824800:  Hold'em Limit ($3/$6 USD) - 2015/11/30 12:00:13 ET
Table 'Aaltje' 2-max Seat #2 is the button
Seat 1: jl45259071 ($348.94 in chips)
Seat 2: Crspy Bacon ($107.50 in chips)
Crspy Bacon: posts small blind $1
jl45259071: posts big blind $3
*** HOLE CARDS ***
Crspy Bacon: raises $3 to $6
jl45259071: raises $3 to $9
Crspy Bacon: calls $3
*** FLOP *** [8h 3h 3d]
jl45259071: bets $3
Crspy Bacon: calls $3
*** TURN *** [8h 3h 3d] [9h]
jl45259071: bets $6
Crspy Bacon: calls $6
*** RIVER *** [8h 3h 3d 9h] [As]
jl45259071: bets $6
Crspy Bacon: folds
Uncalled bet ($6) returned to jl45259071
jl45259071 collected $35.50 from pot
jl45259071: doesn't show hand
*** SUMMARY ***
Total pot $36 | Rake $0.50
Board [8h 3h 3d 9h As]
Seat 1: jl45259071 (big blind) collected ($35.50)
Seat 2: Crspy Bacon (button) (small blind) folded on the River


PokerStars Hand #144614814730:  Hold'em Limit ($3/$6 USD) - 2015/11/30 11:59:59 ET
Table 'Aaltje' 2-max Seat #1 is the button
Seat 1: jl45259071 ($345.94 in chips)
Seat 2: Crspy Bacon ($110.50 in chips)
jl45259071: posts small blind $1
Crspy Bacon: posts big blind $3
*** HOLE CARDS ***
jl45259071: raises $3 to $6
Crspy Bacon: folds
Uncalled bet ($3) returned to jl45259071
jl45259071 collected $6 from pot
jl45259071: doesn't show hand
*** SUMMARY ***
Total pot $6 | Rake $0
Seat 1: jl45259071 (button) (small blind) collected ($6)
Seat 2: Crspy Bacon (big blind) folded before Flop


PokerStars Hand #144614801863:  Hold'em Limit ($3/$6 USD) - 2015/11/30 11:59:40 ET
Table 'Aaltje' 2-max Seat #2 is the button
Seat 1: jl45259071 ($360.94 in chips)
Seat 2: Crspy Bacon ($96 in chips)
Crspy Bacon: posts small blind $1
jl45259071: posts big blind $3
*** HOLE CARDS ***
Crspy Bacon: raises $3 to $6
jl45259071: calls $3
*** FLOP *** [7c Qd 9h]
jl45259071: checks
Crspy Bacon: bets $3
jl45259071: calls $3
*** TURN *** [7c Qd 9h] [6s]
jl45259071: checks
Crspy Bacon: bets $6
jl45259071: calls $6
*** RIVER *** [7c Qd 9h 6s] [As]
jl45259071: checks
Crspy Bacon: checks
*** SHOW DOWN ***
jl45259071: shows [5h Jc] (high card Ace)
Crspy Bacon: shows [7s 4c] (a pair of Sevens)
Crspy Bacon collected $29.50 from pot
*** SUMMARY ***
Total pot $30 | Rake $0.50
Board [7c Qd 9h 6s As]
Seat 1: jl45259071 (big blind) showed [5h Jc] and lost with high card Ace
Seat 2: Crspy Bacon (button) (small blind) showed [7s 4c] and won ($29.50) with a pair of Sevens


PokerStars Hand #144614875233:  Hold'em Limit ($3/$6 USD) - 2015/11/30 12:01:23 ET
Table 'Aaltje' 2-max Seat #1 is the button
Seat 1: jl45259071 ($360.58 in chips)
Seat 2: Crspy Bacon ($94 in chips)
jl45259071: posts small blind $1
Crspy Bacon: posts big blind $3
*** HOLE CARDS ***
jl45259071: calls $2
Crspy Bacon: raises $3 to $6
jl45259071: calls $3
*** FLOP *** [Kh 6h Js]
Crspy Bacon: bets $3
jl45259071: folds
Uncalled bet ($3) returned to Crspy Bacon
Crspy Bacon collected $11.76 from pot
Crspy Bacon: doesn't show hand
*** SUMMARY ***
Total pot $12 | Rake $0.24
Board [Kh 6h Js]
Seat 1: jl45259071 (button) (small blind) folded on the Flop
Seat 2: Crspy Bacon (big blind) collected ($11.76)


PokerStars Hand #144614871513:  Hold'em Limit ($3/$6 USD) - 2015/11/30 12:01:18 ET
Table 'Aaltje' 2-max Seat #2 is the button
Seat 1: jl45259071 ($359.58 in chips)
Seat 2: Crspy Bacon ($95 in chips)
Crspy Bacon: posts small blind $1
jl45259071: posts big blind $3
*** HOLE CARDS ***
Crspy Bacon: folds
Uncalled bet ($2) returned to jl45259071
jl45259071 collected $2 from pot
jl45259071: doesn't show hand
*** SUMMARY ***
Total pot $2 | Rake $0
Seat 1: jl45259071 (big blind) collected ($2)
Seat 2: Crspy Bacon (button) (small blind) folded before Flop


PokerStars Hand #144614854903:  Hold'em Limit ($3/$6 USD) - 2015/11/30 12:00:56 ET
Table 'Aaltje' 2-max Seat #1 is the button
Seat 1: jl45259071 ($389.58 in chips)
Seat 2: Crspy Bacon ($65.50 in chips)
jl45259071: posts small blind $1
Crspy Bacon: posts big blind $3
*** HOLE CARDS ***
jl45259071: raises $3 to $6
Crspy Bacon: calls $3
*** FLOP *** [Ts 4c 5d]
Crspy Bacon: checks
jl45259071: bets $3
Crspy Bacon: raises $3 to $6
jl45259071: raises $3 to $9
Crspy Bacon: raises $3 to $12
Betting is capped
jl45259071: calls $3
*** TURN *** [Ts 4c 5d] [9d]
Crspy Bacon: bets $6
jl45259071: calls $6
*** RIVER *** [Ts 4c 5d 9d] [2c]
Crspy Bacon: bets $6
jl45259071: calls $6
*** SHOW DOWN ***
Crspy Bacon: shows [9h 5c] (two pair, Nines and Fives)
jl45259071: mucks hand
Crspy Bacon collected $59.50 from pot
*** SUMMARY ***
Total pot $60 | Rake $0.50
Board [Ts 4c 5d 9d 2c]
Seat 1: jl45259071 (button) (small blind) mucked
Seat 2: Crspy Bacon (big blind) showed [9h 5c] and won ($59.50) with two pair, Nines and Fives


PokerStars Hand #144614845104:  Hold'em Limit ($3/$6 USD) - 2015/11/30 12:00:42 ET
Table 'Aaltje' 2-max Seat #2 is the button
Seat 1: jl45259071 ($380.94 in chips)
Seat 2: Crspy Bacon ($74.50 in chips)
Crspy Bacon: posts small blind $1
jl45259071: posts big blind $3
*** HOLE CARDS ***
Crspy Bacon: raises $3 to $6
jl45259071: raises $3 to $9
Crspy Bacon: calls $3
*** FLOP *** [6h 9c Jd]
jl45259071: bets $3
Crspy Bacon: folds
Uncalled bet ($3) returned to jl45259071
jl45259071 collected $17.64 from pot
jl45259071: doesn't show hand
*** SUMMARY ***
Total pot $18 | Rake $0.36
Board [6h 9c Jd]
Seat 1: jl45259071 (big blind) collected ($17.64)
Seat 2: Crspy Bacon (button) (small blind) folded on the Flop


PokerStars Hand #144614925555:  Hold'em Limit ($3/$6 USD) - 2015/11/30 12:02:28 ET
Table 'Aaltje' 2-max Seat #2 is the button
Seat 1: jl45259071 ($360.08 in chips)
Seat 2: Crspy Bacon ($93.26 in chips)
Crspy Bacon: posts small blind $1
jl45259071: posts big blind $3
*** HOLE CARDS ***
Crspy Bacon: raises $3 to $6
jl45259071: calls $3
*** FLOP *** [Th Qs 4s]
jl45259071: checks
Crspy Bacon: bets $3
jl45259071: raises $3 to $6
Crspy Bacon: calls $3
*** TURN *** [Th Qs 4s] [3d]
jl45259071: bets $6
Crspy Bacon: calls $6
*** RIVER *** [Th Qs 4s 3d] [6s]
jl45259071: bets $6
Crspy Bacon: calls $6
*** SHOW DOWN ***
jl45259071: shows [Qh 7s] (a pair of Queens)
Crspy Bacon: mucks hand
jl45259071 collected $47.50 from pot
*** SUMMARY ***
Total pot $48 | Rake $0.50
Board [Th Qs 4s 3d 6s]
Seat 1: jl45259071 (big blind) showed [Qh 7s] and won ($47.50) with a pair of Queens
Seat 2: Crspy Bacon (button) (small blind) mucked


PokerStars Hand #144614906568:  Hold'em Limit ($3/$6 USD) - 2015/11/30 12:02:03 ET
Table 'Aaltje' 2-max Seat #1 is the button
Seat 1: jl45259071 ($330.58 in chips)
Seat 2: Crspy Bacon ($123.26 in chips)
jl45259071: posts small blind $1
Crspy Bacon: posts big blind $3
*** HOLE CARDS ***
jl45259071: raises $3 to $6
Crspy Bacon: calls $3
*** FLOP *** [9s 2c 6c]
Crspy Bacon: checks
jl45259071: bets $3
Crspy Bacon: raises $3 to $6
jl45259071: calls $3
*** TURN *** [9s 2c 6c] [2h]
Crspy Bacon: bets $6
jl45259071: raises $6 to $12
Crspy Bacon: calls $6
*** RIVER *** [9s 2c 6c 2h] [Js]
Crspy Bacon: checks
jl45259071: bets $6
Crspy Bacon: calls $6
*** SHOW DOWN ***
jl45259071: shows [2s Kh] (three of a kind, Deuces)
Crspy Bacon: mucks hand
jl45259071 collected $59.50 from pot
*** SUMMARY ***
Total pot $60 | Rake $0.50
Board [9s 2c 6c 2h Js]
Seat 1: jl45259071 (button) (small blind) showed [2s Kh] and won ($59.50) with three of a kind, Deuces
Seat 2: Crspy Bacon (big blind) mucked


PokerStars Hand #144614887285:  Hold'em Limit ($3/$6 USD) - 2015/11/30 12:01:39 ET
Table 'Aaltje' 2-max Seat #2 is the button
Seat 1: jl45259071 ($354.58 in chips)
Seat 2: Crspy Bacon ($99.76 in chips)
Crspy Bacon: posts small blind $1
jl45259071: posts big blind $3
*** HOLE CARDS ***
Crspy Bacon: raises $3 to $6
jl45259071: raises $3 to $9
Crspy Bacon: calls $3
*** FLOP *** [8d 8s Ts]
jl45259071: bets $3
Crspy Bacon: calls $3
*** TURN *** [8d 8s Ts] [Kh]
jl45259071: bets $6
Crspy Bacon: calls $6
*** RIVER *** [8d 8s Ts Kh] [8c]
jl45259071: bets $6
Crspy Bacon: calls $6
*** SHOW DOWN ***
jl45259071: shows [5c Qc] (three of a kind, Eights)
Crspy Bacon: shows [4s Ah] (three of a kind, Eights - Ace kicker)
Crspy Bacon collected $47.50 from pot
*** SUMMARY ***
Total pot $48 | Rake $0.50
Board [8d 8s Ts Kh 8c]
Seat 1: jl45259071 (big blind) showed [5c Qc] and lost with three of a kind, Eights
Seat 2: Crspy Bacon (button) (small blind) showed [4s Ah] and won ($47.50) with three of a kind, Eights


PokerStars Hand #144614977418:  Hold'em Limit ($3/$6 USD) - 2015/11/30 12:03:33 ET
Table 'Aaltje' 2-max Seat #2 is the button
Seat 1: jl45259071 ($415.36 in chips)
Seat 2: Crspy Bacon ($36.26 in chips)
Crspy Bacon: posts small blind $1
jl45259071: posts big blind $3
*** HOLE CARDS ***
Crspy Bacon: raises $3 to $6
jl45259071: calls $3
*** FLOP *** [Kh 6c 3h]
jl45259071: checks
Crspy Bacon: bets $3
jl45259071: folds
Uncalled bet ($3) returned to Crspy Bacon
Crspy Bacon collected $11.76 from pot
Crspy Bacon: doesn't show hand
*** SUMMARY ***
Total pot $12 | Rake $0.24
Board [Kh 6c 3h]
Seat 1: jl45259071 (big blind) folded on the Flop
Seat 2: Crspy Bacon (button) (small blind) collected ($11.76)


PokerStars Hand #144614964932:  Hold'em Limit ($3/$6 USD) - 2015/11/30 12:03:17 ET
Table 'Aaltje' 2-max Seat #1 is the button
Seat 1: jl45259071 ($400.86 in chips)
Seat 2: Crspy Bacon ($51.26 in chips)
jl45259071: posts small blind $1
Crspy Bacon: posts big blind $3
*** HOLE CARDS ***
jl45259071: calls $2
Crspy Bacon: raises $3 to $6
jl45259071: calls $3
*** FLOP *** [4c 7h 5s]
Crspy Bacon: bets $3
jl45259071: calls $3
*** TURN *** [4c 7h 5s] [6s]
Crspy Bacon: bets $6
jl45259071: calls $6
*** RIVER *** [4c 7h 5s 6s] [Jh]
Crspy Bacon: checks
jl45259071: checks
*** SHOW DOWN ***
Crspy Bacon: shows [9d Ts] (high card Jack)
jl45259071: shows [Kh 4d] (a pair of Fours)
jl45259071 collected $29.50 from pot
*** SUMMARY ***
Total pot $30 | Rake $0.50
Board [4c 7h 5s 6s Jh]
Seat 1: jl45259071 (button) (small blind) showed [Kh 4d] and won ($29.50) with a pair of Fours
Seat 2: Crspy Bacon (big blind) showed [9d Ts] and lost with high card Jack


PokerStars Hand #144614953519:  Hold'em Limit ($3/$6 USD) - 2015/11/30 12:03:03 ET
Table 'Aaltje' 2-max Seat #2 is the button
Seat 1: jl45259071 ($389.34 in chips)
Seat 2: Crspy Bacon ($63.26 in chips)
Crspy Bacon: posts small blind $1
jl45259071: posts big blind $3
*** HOLE CARDS ***
Crspy Bacon: raises $3 to $6
jl45259071: raises $3 to $9
Crspy Bacon: calls $3
*** FLOP *** [4s 5c Td]
jl45259071: bets $3
Crspy Bacon: calls $3
*** TURN *** [4s 5c Td] [9h]
jl45259071: bets $6
Crspy Bacon: folds
Uncalled bet ($6) returned to jl45259071
jl45259071 collected $23.52 from pot
jl45259071: doesn't show hand
*** SUMMARY ***
Total pot $24 | Rake $0.48
Board [4s 5c Td 9h]
Seat 1: jl45259071 (big blind) collected ($23.52)
Seat 2: Crspy Bacon (button) (small blind) folded on the Turn


PokerStars Hand #144614941378:  Hold'em Limit ($3/$6 USD) - 2015/11/30 12:02:48 ET
Table 'Aaltje' 2-max Seat #1 is the button
Seat 1: jl45259071 ($383.58 in chips)
Seat 2: Crspy Bacon ($69.26 in chips)
jl45259071: posts small blind $1
Crspy Bacon: posts big blind $3
*** HOLE CARDS ***
jl45259071: raises $3 to $6
Crspy Bacon: calls $3
*** FLOP *** [9d 2s 2h]
Crspy Bacon: checks
jl45259071: checks
*** TURN *** [9d 2s 2h] [Kd]
Crspy Bacon: checks
jl45259071: bets $6
Crspy Bacon: folds
Uncalled bet ($6) returned to jl45259071
jl45259071 collected $11.76 from pot
*** SUMMARY ***
Total pot $12 | Rake $0.24
Board [9d 2s 2h Kd]
Seat 1: jl45259071 (button) (small blind) collected ($11.76)
Seat 2: Crspy Bacon (big blind) folded on the Turn


PokerStars Hand #144615011930:  Hold'em Limit ($3/$6 USD) - 2015/11/30 12:04:16 ET
Table 'Aaltje' 2-max Seat #1 is the button
Seat 1: jl45259071 ($400.36 in chips)
Seat 2: Crspy Bacon ($50.78 in chips)
jl45259071: posts small blind $1
Crspy Bacon: posts big blind $3
*** HOLE CARDS ***
jl45259071: raises $3 to $6
Crspy Bacon: calls $3
*** FLOP *** [6s 6d 8s]
Crspy Bacon: checks
jl45259071: bets $3
Crspy Bacon: calls $3
*** TURN *** [6s 6d 8s] [5s]
Crspy Bacon: checks
jl45259071: checks
*** RIVER *** [6s 6d 8s 5s] [Kh]
Crspy Bacon: checks
jl45259071: bets $6
Crspy Bacon: calls $6
*** SHOW DOWN ***
jl45259071: shows [7h Kd] (two pair, Kings and Sixes)
Crspy Bacon: mucks hand
jl45259071 collected $29.50 from pot
*** SUMMARY ***
Total pot $30 | Rake $0.50
Board [6s 6d 8s 5s Kh]
Seat 1: jl45259071 (button) (small blind) showed [7h Kd] and won ($29.50) with two pair, Kings and Sixes
Seat 2: Crspy Bacon (big blind) mucked


PokerStars Hand #144615004574:  Hold'em Limit ($3/$6 USD) - 2015/11/30 12:04:07 ET
Table 'Aaltje' 2-max Seat #2 is the button
Seat 1: jl45259071 ($403.36 in chips)
Seat 2: Crspy Bacon ($47.78 in chips)
Crspy Bacon: posts small blind $1
jl45259071: posts big blind $3
*** HOLE CARDS ***
Crspy Bacon: raises $3 to $6
jl45259071: folds
Uncalled bet ($3) returned to Crspy Bacon
Crspy Bacon collected $6 from pot
Crspy Bacon: doesn't show hand
*** SUMMARY ***
Total pot $6 | Rake $0
Seat 1: jl45259071 (big blind) folded before Flop
Seat 2: Crspy Bacon (button) (small blind) collected ($6)


PokerStars Hand #144614987710:  Hold'em Limit ($3/$6 USD) - 2015/11/30 12:03:46 ET
Table 'Aaltje' 2-max Seat #1 is the button
Seat 1: jl45259071 ($409.36 in chips)
Seat 2: Crspy Bacon ($42.02 in chips)
jl45259071: posts small blind $1
Crspy Bacon: posts big blind $3
*** HOLE CARDS ***
jl45259071: calls $2
Crspy Bacon: raises $3 to $6
jl45259071: calls $3
*** FLOP *** [6h Kd 8c]
Crspy Bacon: bets $3
jl45259071: folds
Uncalled bet ($3) returned to Crspy Bacon
Crspy Bacon collected $11.76 from pot
Crspy Bacon: doesn't show hand
*** SUMMARY ***
Total pot $12 | Rake $0.24
Board [6h Kd 8c]
Seat 1: jl45259071 (button) (small blind) folded on the Flop
Seat 2: Crspy Bacon (big blind) collected ($11.76)


PokerStars Hand #144615078919:  Hold'em Limit ($3/$6 USD) - 2015/11/30 12:05:40 ET
Table 'Aaltje' 2-max Seat #2 is the button
Seat 1: jl45259071 ($390.86 in chips)
Seat 2: Crspy Bacon ($58.92 in chips)
Crspy Bacon: posts small blind $1
jl45259071: posts big blind $3
*** HOLE CARDS ***
Crspy Bacon: raises $3 to $6
jl45259071: raises $3 to $9
Crspy Bacon: calls $3
*** FLOP *** [Ah 4h 7d]
jl45259071: bets $3
Crspy Bacon: folds
Uncalled bet ($3) returned to jl45259071
jl45259071 collected $17.64 from pot
jl45259071: doesn't show hand
*** SUMMARY ***
Total pot $18 | Rake $0.36
Board [Ah 4h 7d]
Seat 1: jl45259071 (big blind) collected ($17.64)
Seat 2: Crspy Bacon (button) (small blind) folded on the Flop


PokerStars Hand #144615072580:  Hold'em Limit ($3/$6 USD) - 2015/11/30 12:05:32 ET
Table 'Aaltje' 2-max Seat #1 is the button
Seat 1: jl45259071 ($387.86 in chips)
Seat 2: Crspy Bacon ($61.92 in chips)
jl45259071: posts small blind $1
Crspy Bacon: posts big blind $3
*** HOLE CARDS ***
jl45259071: raises $3 to $6
Crspy Bacon: folds
Uncalled bet ($3) returned to jl45259071
jl45259071 collected $6 from pot
jl45259071: doesn't show hand
*** SUMMARY ***
Total pot $6 | Rake $0
Seat 1: jl45259071 (button) (small blind) collected ($6)
Seat 2: Crspy Bacon (big blind) folded before Flop


PokerStars Hand #144615052516:  Hold'em Limit ($3/$6 USD) - 2015/11/30 12:05:07 ET
Table 'Aaltje' 2-max Seat #2 is the button
Seat 1: jl45259071 ($396.86 in chips)
Seat 2: Crspy Bacon ($53.28 in chips)
Crspy Bacon: posts small blind $1
jl45259071: posts big blind $3
*** HOLE CARDS ***
Crspy Bacon: raises $3 to $6
jl45259071: calls $3
*** FLOP *** [7c 3h Qs]
jl45259071: checks
Crspy Bacon: bets $3
jl45259071: calls $3
*** TURN *** [7c 3h Qs] [2d]
jl45259071: checks
Crspy Bacon: bets $6
jl45259071: folds
Uncalled bet ($6) returned to Crspy Bacon
Crspy Bacon collected $17.64 from pot
Crspy Bacon: doesn't show hand
*** SUMMARY ***
Total pot $18 | Rake $0.36
Board [7c 3h Qs 2d]
Seat 1: jl45259071 (big blind) folded on the Turn
Seat 2: Crspy Bacon (button) (small blind) collected ($17.64)


PokerStars Hand #144615025320:  Hold'em Limit ($3/$6 USD) - 2015/11/30 12:04:33 ET
Table 'Aaltje' 2-max Seat #2 is the button
Seat 1: jl45259071 ($414.86 in chips)
Seat 2: Crspy Bacon ($35.78 in chips)
Crspy Bacon: posts small blind $1
jl45259071: posts big blind $3
*** HOLE CARDS ***
Crspy Bacon: raises $3 to $6
jl45259071: calls $3
*** FLOP *** [7s Ts 4d]
jl45259071: checks
Crspy Bacon: bets $3
jl45259071: calls $3
*** TURN *** [7s Ts 4d] [5h]
jl45259071: checks
Crspy Bacon: bets $6
jl45259071: calls $6
*** RIVER *** [7s Ts 4d 5h] [Qc]
jl45259071: checks
Crspy Bacon: bets $6
jl45259071: calls $6
*** SHOW DOWN ***
Crspy Bacon: shows [Qs 6h] (a pair of Queens)
jl45259071: mucks hand
Crspy Bacon collected $41.50 from pot
*** SUMMARY ***
Total pot $42 | Rake $0.50
Board [7s Ts 4d 5h Qc]
Seat 1: jl45259071 (big blind) mucked
Seat 2: Crspy Bacon (button) (small blind) showed [Qs 6h] and won ($41.50) with a pair of Queens


PokerStars Hand #144615041604:  Hold'em Limit ($3/$6 USD) - 2015/11/30 12:04:53 ET
Table 'Aaltje' 2-max Seat #1 is the button
Seat 1: jl45259071 ($393.86 in chips)
Seat 2: Crspy Bacon ($56.28 in chips)
jl45259071: posts small blind $1
Crspy Bacon: posts big blind $3
*** HOLE CARDS ***
jl45259071: raises $3 to $6
Crspy Bacon: folds
Uncalled bet ($3) returned to jl45259071
jl45259071 collected $6 from pot
jl45259071: doesn't show hand
*** SUMMARY ***
Total pot $6 | Rake $0
Seat 1: jl45259071 (button) (small blind) collected ($6)
Seat 2: Crspy Bacon (big blind) folded before Flop


PokerStars Hand #144615085811:  Hold'em Limit ($3/$6 USD) - 2015/11/30 12:05:48 ET
Table 'Aaltje' 2-max Seat #1 is the button
Seat 1: jl45259071 ($399.50 in chips)
Seat 2: Crspy Bacon ($49.92 in chips)
jl45259071: posts small blind $1
Crspy Bacon: posts big blind $3
*** HOLE CARDS ***
jl45259071: calls $2
Crspy Bacon: raises $3 to $6
jl45259071: calls $3
*** FLOP *** [2h 2d Js]
Crspy Bacon: bets $3
jl45259071: calls $3
*** TURN *** [2h 2d Js] [5c]
Crspy Bacon: bets $6
jl45259071: raises $6 to $12
Crspy Bacon: calls $6
*** RIVER *** [2h 2d Js 5c] [6h]
Crspy Bacon: checks
jl45259071: bets $6
Crspy Bacon: calls $6
*** SHOW DOWN ***
jl45259071: shows [6d Jc] (two pair, Jacks and Sixes)
Crspy Bacon: mucks hand
jl45259071 collected $53.50 from pot
*** SUMMARY ***
Total pot $54 | Rake $0.50
Board [2h 2d Js 5c 6h]
Seat 1: jl45259071 (button) (small blind) showed [6d Jc] and won ($53.50) with two pair, Jacks and Sixes
Seat 2: Crspy Bacon (big blind) mucked


PokerStars Hand #144615104938:  Hold'em Limit ($3/$6 USD) - 2015/11/30 12:06:12 ET
Table 'Aaltje' 2-max Seat #2 is the button
Seat 1: jl45259071 ($426 in chips)
Seat 2: Crspy Bacon ($30 in chips)
Crspy Bacon: posts small blind $1
jl45259071: posts big blind $3
*** HOLE CARDS ***
Crspy Bacon: raises $3 to $6
jl45259071: calls $3
*** FLOP *** [9d Th Jc]
jl45259071: checks
Crspy Bacon: bets $3
jl45259071: calls $3
*** TURN *** [9d Th Jc] [6c]
jl45259071: checks
Crspy Bacon: bets $6
jl45259071: calls $6
*** RIVER *** [9d Th Jc 6c] [6d]
jl45259071: checks
Crspy Bacon: checks
*** SHOW DOWN ***
jl45259071: shows [8h 2h] (a pair of Sixes)
Crspy Bacon: shows [Ad Qh] (a pair of Sixes - Ace kicker)
Crspy Bacon collected $29.50 from pot
*** SUMMARY ***
Total pot $30 | Rake $0.50
Board [9d Th Jc 6c 6d]
Seat 1: jl45259071 (big blind) showed [8h 2h] and lost with a pair of Sixes
Seat 2: Crspy Bacon (button) (small blind) showed [Ad Qh] and won ($29.50) with a pair of Sixes


PokerStars Hand #144615115988:  Hold'em Limit ($3/$6 USD) - 2015/11/30 12:06:26 ET
Table 'Aaltje' 2-max Seat #1 is the button
Seat 1: jl45259071 ($411 in chips)
Seat 2: Crspy Bacon ($44.50 in chips)
jl45259071: posts small blind $1
Crspy Bacon: posts big blind $3
*** HOLE CARDS ***
jl45259071: raises $3 to $6
Crspy Bacon: calls $3
*** FLOP *** [9s 2d 5s]
Crspy Bacon: checks
jl45259071: bets $3
Crspy Bacon: raises $3 to $6
jl45259071: raises $3 to $9
Crspy Bacon: raises $3 to $12
Betting is capped
jl45259071: calls $3
*** TURN *** [9s 2d 5s] [Td]
Crspy Bacon: bets $6
jl45259071: calls $6
*** RIVER *** [9s 2d 5s Td] [4s]
Crspy Bacon: bets $6
jl45259071: calls $6
*** SHOW DOWN ***
Crspy Bacon: shows [9d 3d] (a pair of Nines)
jl45259071: shows [9c Jc] (a pair of Nines - Jack kicker)
jl45259071 collected $59.50 from pot
*** SUMMARY ***
Total pot $60 | Rake $0.50
Board [9s 2d 5s Td 4s]
Seat 1: jl45259071 (button) (small blind) showed [9c Jc] and won ($59.50) with a pair of Nines
Seat 2: Crspy Bacon (big blind) showed [9d 3d] and lost with a pair of Nines


PokerStars Hand #144615129897:  Hold'em Limit ($3/$6 USD) - 2015/11/30 12:06:43 ET
Table 'Aaltje' 2-max Seat #2 is the button
Seat 1: jl45259071 ($440.50 in chips)
Seat 2: Crspy Bacon ($30 in chips)
Crspy Bacon: posts small blind $1
jl45259071: posts big blind $3
*** HOLE CARDS ***
Crspy Bacon: raises $3 to $6
jl45259071: calls $3
*** FLOP *** [Kh 4s 9s]
jl45259071: checks
Crspy Bacon: checks
*** TURN *** [Kh 4s 9s] [Js]
jl45259071: bets $6
Crspy Bacon: folds
Uncalled bet ($6) returned to jl45259071
jl45259071 collected $11.76 from pot
jl45259071: doesn't show hand
*** SUMMARY ***
Total pot $12 | Rake $0.24
Board [Kh 4s 9s Js]
Seat 1: jl45259071 (big blind) collected ($11.76)
Seat 2: Crspy Bacon (button) (small blind) folded on the Turn


PokerStars Hand #144615138293:  Hold'em Limit ($3/$6 USD) - 2015/11/30 12:06:54 ET
Table 'Aaltje' 2-max Seat #1 is the button
Seat 1: jl45259071 ($446.26 in chips)
Seat 2: Crspy Bacon ($30 in chips)
jl45259071: posts small blind $1
Crspy Bacon: posts big blind $3
*** HOLE CARDS ***
jl45259071: calls $2
Crspy Bacon: raises $3 to $6
jl45259071: calls $3
*** FLOP *** [9h Ts Ac]
Crspy Bacon: bets $3
jl45259071: folds
Uncalled bet ($3) returned to Crspy Bacon
Crspy Bacon collected $11.76 from pot
Crspy Bacon: doesn't show hand
*** SUMMARY ***
Total pot $12 | Rake $0.24
Board [9h Ts Ac]
Seat 1: jl45259071 (button) (small blind) folded on the Flop
Seat 2: Crspy Bacon (big blind) collected ($11.76)


PokerStars Hand #144615146084:  Hold'em Limit ($3/$6 USD) - 2015/11/30 12:07:03 ET
Table 'Aaltje' 2-max Seat #2 is the button
Seat 1: jl45259071 ($440.26 in chips)
Seat 2: Crspy Bacon ($35.76 in chips)
Crspy Bacon: posts small blind $1
jl45259071: posts big blind $3
*** HOLE CARDS ***
Crspy Bacon: raises $3 to $6
jl45259071: raises $3 to $9
Crspy Bacon: calls $3
*** FLOP *** [Qd Ad 7s]
jl45259071: bets $3
Crspy Bacon: calls $3
*** TURN *** [Qd Ad 7s] [4h]
jl45259071: bets $6
Crspy Bacon: calls $6
*** RIVER *** [Qd Ad 7s 4h] [4s]
jl45259071: bets $6
Crspy Bacon: calls $6
*** SHOW DOWN ***
jl45259071: shows [4d 4c] (four of a kind, Fours)
Crspy Bacon: mucks hand
jl45259071 collected $47.50 from pot
*** SUMMARY ***
Total pot $48 | Rake $0.50
Board [Qd Ad 7s 4h 4s]
Seat 1: jl45259071 (big blind) showed [4d 4c] and won ($47.50) with four of a kind, Fours
Seat 2: Crspy Bacon (button) (small blind) mucked


PokerStars Hand #144615158731:  Hold'em Limit ($3/$6 USD) - 2015/11/30 12:07:19 ET
Table 'Aaltje' 2-max Seat #1 is the button
Seat 1: jl45259071 ($463.76 in chips)
Seat 2: Crspy Bacon ($30 in chips)
jl45259071: posts small blind $1
Crspy Bacon: posts big blind $3
*** HOLE CARDS ***
jl45259071: calls $2
Crspy Bacon: raises $3 to $6
jl45259071: calls $3
*** FLOP *** [Ks Th Jc]
Crspy Bacon: bets $3
jl45259071: folds
Uncalled bet ($3) returned to Crspy Bacon
Crspy Bacon collected $11.76 from pot
Crspy Bacon: doesn't show hand
*** SUMMARY ***
Total pot $12 | Rake $0.24
Board [Ks Th Jc]
Seat 1: jl45259071 (button) (small blind) folded on the Flop
Seat 2: Crspy Bacon (big blind) collected ($11.76)


PokerStars Hand #144615166806:  Hold'em Limit ($3/$6 USD) - 2015/11/30 12:07:29 ET
Table 'Aaltje' 2-max Seat #2 is the button
Seat 1: jl45259071 ($457.76 in chips)
Seat 2: Crspy Bacon ($35.76 in chips)
Crspy Bacon: posts small blind $1
jl45259071: posts big blind $3
*** HOLE CARDS ***
Crspy Bacon: raises $3 to $6
jl45259071: calls $3
*** FLOP *** [8d 8c 4s]
jl45259071: checks
Crspy Bacon: bets $3
jl45259071: calls $3
*** TURN *** [8d 8c 4s] [7d]
jl45259071: checks
Crspy Bacon: checks
*** RIVER *** [8d 8c 4s 7d] [4c]
jl45259071: bets $6
Crspy Bacon: folds
Uncalled bet ($6) returned to jl45259071
jl45259071 collected $17.64 from pot
jl45259071: doesn't show hand
*** SUMMARY ***
Total pot $18 | Rake $0.36
Board [8d 8c 4s 7d 4c]
Seat 1: jl45259071 (big blind) collected ($17.64)
Seat 2: Crspy Bacon (button) (small blind) folded on the River


PokerStars Hand #144615181910:  Hold'em Limit ($3/$6 USD) - 2015/11/30 12:07:48 ET
Table 'Aaltje' 2-max Seat #1 is the button
Seat 1: jl45259071 ($466.40 in chips)
Seat 2: Crspy Bacon ($30 in chips)
jl45259071: posts small blind $1
Crspy Bacon: posts big blind $3
*** HOLE CARDS ***
jl45259071: calls $2
Crspy Bacon: raises $3 to $6
jl45259071: calls $3
*** FLOP *** [Th 2h 7s]
Crspy Bacon: bets $3
jl45259071: calls $3
*** TURN *** [Th 2h 7s] [8c]
Crspy Bacon: checks
jl45259071: bets $6
Crspy Bacon: calls $6
*** RIVER *** [Th 2h 7s 8c] [9d]
Crspy Bacon: bets $6
jl45259071: raises $6 to $12
Crspy Bacon: raises $3 to $15 and is all-in
jl45259071: calls $3
*** SHOW DOWN ***
Crspy Bacon: shows [Ac Jh] (a straight, Seven to Jack)
jl45259071: shows [Ts Jd] (a straight, Seven to Jack)
Crspy Bacon collected $29.75 from pot
jl45259071 collected $29.75 from pot
*** SUMMARY ***
Total pot $60 | Rake $0.50
Board [Th 2h 7s 8c 9d]
Seat 1: jl45259071 (button) (small blind) showed [Ts Jd] and won ($29.75) with a straight, Seven to Jack
Seat 2: Crspy Bacon (big blind) showed [Ac Jh] and won ($29.75) with a straight, Seven to Jack


PokerStars Hand #144615208140:  Hold'em Limit ($3/$6 USD) - 2015/11/30 12:08:20 ET
Table 'Aaltje' 2-max Seat #2 is the button
Seat 1: jl45259071 ($466.15 in chips)
Seat 2: Crspy Bacon ($30 in chips)
Crspy Bacon: posts small blind $1
jl45259071: posts big blind $3
*** HOLE CARDS ***
Crspy Bacon: raises $3 to $6
jl45259071: raises $3 to $9
Crspy Bacon: calls $3
*** FLOP *** [Jc Ah 6d]
jl45259071: bets $3
Crspy Bacon: folds
Uncalled bet ($3) returned to jl45259071
jl45259071 collected $17.64 from pot
jl45259071: doesn't show hand
*** SUMMARY ***
Total pot $18 | Rake $0.36
Board [Jc Ah 6d]
Seat 1: jl45259071 (big blind) collected ($17.64)
Seat 2: Crspy Bacon (button) (small blind) folded on the Flop


PokerStars Hand #144615215586:  Hold'em Limit ($3/$6 USD) - 2015/11/30 12:08:29 ET
Table 'Aaltje' 2-max Seat #1 is the button
Seat 1: jl45259071 ($474.79 in chips)
Seat 2: Crspy Bacon ($30 in chips)
jl45259071: posts small blind $1
Crspy Bacon: posts big blind $3
*** HOLE CARDS ***
jl45259071: calls $2
Crspy Bacon: checks
*** FLOP *** [7d 5s Jh]
Crspy Bacon: checks
jl45259071: bets $3
Crspy Bacon: calls $3
*** TURN *** [7d 5s Jh] [Kc]
Crspy Bacon: checks
jl45259071: checks
*** RIVER *** [7d 5s Jh Kc] [As]
Crspy Bacon: checks
jl45259071: checks
*** SHOW DOWN ***
Crspy Bacon: shows [9h 5c] (a pair of Fives)
jl45259071: mucks hand
Crspy Bacon collected $11.76 from pot
*** SUMMARY ***
Total pot $12 | Rake $0.24
Board [7d 5s Jh Kc As]
Seat 1: jl45259071 (button) (small blind) mucked
Seat 2: Crspy Bacon (big blind) showed [9h 5c] and won ($11.76) with a pair of Fives


PokerStars Hand #144615227521:  Hold'em Limit ($3/$6 USD) - 2015/11/30 12:08:44 ET
Table 'Aaltje' 2-max Seat #2 is the button
Seat 1: jl45259071 ($468.79 in chips)
Seat 2: Crspy Bacon ($35.76 in chips)
Crspy Bacon: posts small blind $1
jl45259071: posts big blind $3
*** HOLE CARDS ***
Crspy Bacon: raises $3 to $6
jl45259071: calls $3
*** FLOP *** [6c Ac 6s]
jl45259071: checks
Crspy Bacon: bets $3
jl45259071: calls $3
*** TURN *** [6c Ac 6s] [7d]
jl45259071: checks
Crspy Bacon: checks
*** RIVER *** [6c Ac 6s 7d] [5h]
jl45259071: bets $6
Crspy Bacon: calls $6
*** SHOW DOWN ***
jl45259071: shows [Ad 2h] (two pair, Aces and Sixes)
Crspy Bacon: mucks hand
jl45259071 collected $29.50 from pot
*** SUMMARY ***
Total pot $30 | Rake $0.50
Board [6c Ac 6s 7d 5h]
Seat 1: jl45259071 (big blind) showed [Ad 2h] and won ($29.50) with two pair, Aces and Sixes
Seat 2: Crspy Bacon (button) (small blind) mucked


PokerStars Hand #144615249534:  Hold'em Limit ($3/$6 USD) - 2015/11/30 12:09:12 ET
Table 'Aaltje' 2-max Seat #1 is the button
Seat 1: jl45259071 ($483.29 in chips)
Seat 2: Crspy Bacon ($30 in chips)
jl45259071: posts small blind $1
Crspy Bacon: posts big blind $3
*** HOLE CARDS ***
jl45259071: raises $3 to $6
Crspy Bacon: calls $3
*** FLOP *** [6h 3c 5d]
Crspy Bacon: checks
jl45259071: checks
*** TURN *** [6h 3c 5d] [6d]
Crspy Bacon: checks
jl45259071: bets $6
Crspy Bacon: calls $6
*** RIVER *** [6h 3c 5d 6d] [5s]
Crspy Bacon: checks
jl45259071: bets $6
Crspy Bacon: calls $6
*** SHOW DOWN ***
jl45259071: shows [9s Ac] (two pair, Sixes and Fives)
Crspy Bacon: mucks hand
jl45259071 collected $35.50 from pot
*** SUMMARY ***
Total pot $36 | Rake $0.50
Board [6h 3c 5d 6d 5s]
Seat 1: jl45259071 (button) (small blind) showed [9s Ac] and won ($35.50) with two pair, Sixes and Fives
Seat 2: Crspy Bacon (big blind) mucked


PokerStars Hand #144615281689:  Hold'em Limit ($3/$6 USD) - 2015/11/30 12:09:51 ET
Table 'Aaltje' 2-max Seat #2 is the button
Seat 1: jl45259071 ($500.79 in chips)
Seat 2: Crspy Bacon ($30 in chips)
Crspy Bacon: posts small blind $1
jl45259071: posts big blind $3
*** HOLE CARDS ***
Crspy Bacon: raises $3 to $6
jl45259071: calls $3
*** FLOP *** [4s Td 9h]
jl45259071: checks
Crspy Bacon: checks
*** TURN *** [4s Td 9h] [9s]
jl45259071: checks
Crspy Bacon: checks
*** RIVER *** [4s Td 9h 9s] [5h]
jl45259071: checks
Crspy Bacon: bets $6
jl45259071: folds
Uncalled bet ($6) returned to Crspy Bacon
Crspy Bacon said, "10/20 yes?"
Crspy Bacon collected $11.76 from pot
Crspy Bacon: doesn't show hand
*** SUMMARY ***
Total pot $12 | Rake $0.24
Board [4s Td 9h 9s 5h]
Seat 1: jl45259071 (big blind) folded on the River
Seat 2: Crspy Bacon (button) (small blind) collected ($11.76)


PokerStars Hand #144615297785:  Hold'em Limit ($3/$6 USD) - 2015/11/30 12:10:11 ET
Table 'Aaltje' 2-max Seat #1 is the button
Seat 1: jl45259071 ($494.79 in chips)
Seat 2: Crspy Bacon ($35.76 in chips)
jl45259071: posts small blind $1
Crspy Bacon: posts big blind $3
*** HOLE CARDS ***
jl45259071: raises $3 to $6
Crspy Bacon: folds
Uncalled bet ($3) returned to jl45259071
jl45259071 collected $6 from pot
jl45259071: doesn't show hand
*** SUMMARY ***
Total pot $6 | Rake $0
Seat 1: jl45259071 (button) (small blind) collected ($6)
Seat 2: Crspy Bacon (big blind) folded before Flop


PokerStars Hand #144615305126:  Hold'em Limit ($3/$6 USD) - 2015/11/30 12:10:20 ET
Table 'Aaltje' 2-max Seat #2 is the button
Seat 1: jl45259071 ($497.79 in chips)
Seat 2: Crspy Bacon ($32.76 in chips)
Crspy Bacon: posts small blind $1
jl45259071: posts big blind $3
*** HOLE CARDS ***
Crspy Bacon: raises $3 to $6
jl45259071: calls $3
*** FLOP *** [3c Kd Jc]
jl45259071: checks
Crspy Bacon: bets $3
jl45259071: calls $3
*** TURN *** [3c Kd Jc] [Js]
jl45259071: checks
Crspy Bacon: checks
*** RIVER *** [3c Kd Jc Js] [4h]
jl45259071: bets $6
Crspy Bacon: calls $6
*** SHOW DOWN ***
jl45259071: shows [2c 3s] (two pair, Jacks and Threes)
Crspy Bacon: mucks hand
jl45259071 collected $29.50 from pot
*** SUMMARY ***
Total pot $30 | Rake $0.50
Board [3c Kd Jc Js 4h]
Seat 1: jl45259071 (big blind) showed [2c 3s] and won ($29.50) with two pair, Jacks and Threes
Seat 2: Crspy Bacon (button) (small blind) mucked


PokerStars Hand #144615319224:  Hold'em Limit ($3/$6 USD) - 2015/11/30 12:10:37 ET
Table 'Aaltje' 2-max Seat #1 is the button
Seat 1: jl45259071 ($512.29 in chips)
Seat 2: Crspy Bacon ($30 in chips)
jl45259071: posts small blind $1
Crspy Bacon: posts big blind $3
*** HOLE CARDS ***
jl45259071: calls $2
Crspy Bacon: raises $3 to $6
jl45259071: raises $3 to $9
Crspy Bacon: raises $3 to $12
Betting is capped
jl45259071: calls $3
*** FLOP *** [2c 8d 5s]
Crspy Bacon: bets $3
jl45259071: raises $3 to $6
Crspy Bacon: calls $3
*** TURN *** [2c 8d 5s] [Ks]
Crspy Bacon: checks
jl45259071: bets $6
Crspy Bacon: raises $6 to $12 and is all-in
jl45259071: calls $6
*** RIVER *** [2c 8d 5s Ks] [9h]
*** SHOW DOWN ***
Crspy Bacon: shows [Th Kd] (a pair of Kings)
jl45259071: shows [Qs As] (high card Ace)
Crspy Bacon collected $59.50 from pot
*** SUMMARY ***
Total pot $60 | Rake $0.50
Board [2c 8d 5s Ks 9h]
Seat 1: jl45259071 (button) (small blind) showed [Qs As] and lost with high card Ace
Seat 2: Crspy Bacon (big blind) showed [Th Kd] and won ($59.50) with a pair of Kings


PokerStars Hand #144615335141:  Hold'em Limit ($3/$6 USD) - 2015/11/30 12:10:57 ET
Table 'Aaltje' 2-max Seat #2 is the button
Seat 1: jl45259071 ($482.29 in chips)
Seat 2: Crspy Bacon ($59.50 in chips)
Crspy Bacon: posts small blind $1
jl45259071: posts big blind $3
*** HOLE CARDS ***
Crspy Bacon: raises $3 to $6
jl45259071: raises $3 to $9
Crspy Bacon: raises $3 to $12
Betting is capped
jl45259071: calls $3
*** FLOP *** [9d Jh Ts]
jl45259071: bets $3
Crspy Bacon: calls $3
*** TURN *** [9d Jh Ts] [4s]
jl45259071: bets $6
Crspy Bacon: folds
Uncalled bet ($6) returned to jl45259071
jl45259071 collected $29.50 from pot
jl45259071: doesn't show hand
*** SUMMARY ***
Total pot $30 | Rake $0.50
Board [9d Jh Ts 4s]
Seat 1: jl45259071 (big blind) collected ($29.50)
Seat 2: Crspy Bacon (button) (small blind) folded on the Turn


PokerStars Hand #144615345467:  Hold'em Limit ($3/$6 USD) - 2015/11/30 12:11:09 ET
Table 'Aaltje' 2-max Seat #1 is the button
Seat 1: jl45259071 ($496.79 in chips)
Seat 2: Crspy Bacon ($44.50 in chips)
jl45259071: posts small blind $1
Crspy Bacon: posts big blind $3
*** HOLE CARDS ***
jl45259071: calls $2
Crspy Bacon: checks
*** FLOP *** [2h 2s 8c]
Crspy Bacon: checks
jl45259071: checks
*** TURN *** [2h 2s 8c] [8s]
Crspy Bacon: checks
jl45259071: checks
*** RIVER *** [2h 2s 8c 8s] [Ks]
Crspy Bacon: bets $6
jl45259071: raises $6 to $12
Crspy Bacon: raises $6 to $18
jl45259071: raises $6 to $24
Betting is capped
Crspy Bacon: calls $6
*** SHOW DOWN ***
jl45259071: shows [Kd Kh] (a full house, Kings full of Eights)
Crspy Bacon: mucks hand
jl45259071 collected $53.50 from pot
*** SUMMARY ***
Total pot $54 | Rake $0.50
Board [2h 2s 8c 8s Ks]
Seat 1: jl45259071 (button) (small blind) showed [Kd Kh] and won ($53.50) with a full house, Kings full of Eights
Seat 2: Crspy Bacon (big blind) mucked


PokerStars Hand #144615367661:  Hold'em Limit ($3/$6 USD) - 2015/11/30 12:11:37 ET
Table 'Aaltje' 2-max Seat #2 is the button
Seat 1: jl45259071 ($523.29 in chips)
Seat 2: Crspy Bacon ($30 in chips)
Crspy Bacon: posts small blind $1
jl45259071: posts big blind $3
*** HOLE CARDS ***
Crspy Bacon: raises $3 to $6
jl45259071: raises $3 to $9
Crspy Bacon: calls $3
*** FLOP *** [Kh 4c 3h]
jl45259071: bets $3
Crspy Bacon: calls $3
*** TURN *** [Kh 4c 3h] [Qh]
jl45259071: bets $6
Crspy Bacon: calls $6
*** RIVER *** [Kh 4c 3h Qh] [Ac]
jl45259071: bets $6
Crspy Bacon: calls $6
*** SHOW DOWN ***
jl45259071: shows [As Kd] (two pair, Aces and Kings)
Crspy Bacon: mucks hand
jl45259071 collected $47.50 from pot
*** SUMMARY ***
Total pot $48 | Rake $0.50
Board [Kh 4c 3h Qh Ac]
Seat 1: jl45259071 (big blind) showed [As Kd] and won ($47.50) with two pair, Aces and Kings
Seat 2: Crspy Bacon (button) (small blind) mucked


PokerStars Hand #144615379098:  Hold'em Limit ($3/$6 USD) - 2015/11/30 12:11:51 ET
Table 'Aaltje' 2-max Seat #1 is the button
Seat 1: jl45259071 ($546.79 in chips)
Seat 2: Crspy Bacon ($30 in chips)
jl45259071: posts small blind $1
Crspy Bacon: posts big blind $3
*** HOLE CARDS ***
jl45259071: raises $3 to $6
Crspy Bacon: calls $3
*** FLOP *** [As 2c 7s]
Crspy Bacon: checks
jl45259071: bets $3
Crspy Bacon: folds
Uncalled bet ($3) returned to jl45259071
jl45259071 collected $11.76 from pot
jl45259071: doesn't show hand
*** SUMMARY ***
Total pot $12 | Rake $0.24
Board [As 2c 7s]
Seat 1: jl45259071 (button) (small blind) collected ($11.76)
Seat 2: Crspy Bacon (big blind) folded on the Flop


PokerStars Hand #144615386314:  Hold'em Limit ($3/$6 USD) - 2015/11/30 12:12:00 ET
Table 'Aaltje' 2-max Seat #2 is the button
Seat 1: jl45259071 ($552.55 in chips)
Seat 2: Crspy Bacon ($30 in chips)
Crspy Bacon: posts small blind $1
jl45259071: posts big blind $3
*** HOLE CARDS ***
Crspy Bacon: raises $3 to $6
jl45259071: calls $3
*** FLOP *** [8h 6c Ad]
jl45259071: checks
Crspy Bacon: bets $3
jl45259071: calls $3
*** TURN *** [8h 6c Ad] [5h]
jl45259071: checks
Crspy Bacon: checks
*** RIVER *** [8h 6c Ad 5h] [9d]
jl45259071: bets $6
Crspy Bacon: folds
Uncalled bet ($6) returned to jl45259071
jl45259071 collected $17.64 from pot
jl45259071: doesn't show hand
*** SUMMARY ***
Total pot $18 | Rake $0.36
Board [8h 6c Ad 5h 9d]
Seat 1: jl45259071 (big blind) collected ($17.64)
Seat 2: Crspy Bacon (button) (small blind) folded on the River


PokerStars Hand #144615397468:  Hold'em Limit ($3/$6 USD) - 2015/11/30 12:12:13 ET
Table 'Aaltje' 2-max Seat #1 is the button
Seat 1: jl45259071 ($561.19 in chips)
Seat 2: Crspy Bacon ($30 in chips)
jl45259071: posts small blind $1
Crspy Bacon: posts big blind $3
*** HOLE CARDS ***
jl45259071: raises $3 to $6
Crspy Bacon: raises $3 to $9
jl45259071: calls $3
*** FLOP *** [2s Ts Jd]
Crspy Bacon: bets $3
jl45259071: calls $3
*** TURN *** [2s Ts Jd] [Kh]
Crspy Bacon: bets $6
jl45259071: calls $6
*** RIVER *** [2s Ts Jd Kh] [6d]
Crspy Bacon: checks
jl45259071: checks
*** SHOW DOWN ***
Crspy Bacon: shows [5d 8d] (high card King)
jl45259071: shows [2d Ad] (a pair of Deuces)
jl45259071 collected $35.50 from pot
*** SUMMARY ***
Total pot $36 | Rake $0.50
Board [2s Ts Jd Kh 6d]
Seat 1: jl45259071 (button) (small blind) showed [2d Ad] and won ($35.50) with a pair of Deuces
Seat 2: Crspy Bacon (big blind) showed [5d 8d] and lost with high card King


PokerStars Hand #144615428774:  Hold'em Limit ($3/$6 USD) - 2015/11/30 12:12:52 ET
Table 'Aaltje' 2-max Seat #2 is the button
Seat 1: jl45259071 ($578.69 in chips)
Seat 2: Crspy Bacon ($180 in chips)
Crspy Bacon: posts small blind $1
jl45259071: posts big blind $3
*** HOLE CARDS ***
Crspy Bacon: raises $3 to $6
jl45259071: calls $3
*** FLOP *** [6d Td 7c]
jl45259071: checks
Crspy Bacon: bets $3
jl45259071: raises $3 to $6
Crspy Bacon: calls $3
*** TURN *** [6d Td 7c] [6h]
jl45259071: bets $6
Crspy Bacon: folds
Uncalled bet ($6) returned to jl45259071
jl45259071 collected $23.52 from pot
jl45259071: doesn't show hand
*** SUMMARY ***
Total pot $24 | Rake $0.48
Board [6d Td 7c 6h]
Seat 1: jl45259071 (big blind) collected ($23.52)
Seat 2: Crspy Bacon (button) (small blind) folded on the Turn


PokerStars Hand #144615444501:  Hold'em Limit ($3/$6 USD) - 2015/11/30 12:13:11 ET
Table 'Aaltje' 2-max Seat #1 is the button
Seat 1: jl45259071 ($590.21 in chips)
Seat 2: Crspy Bacon ($168 in chips)
jl45259071: posts small blind $1
Crspy Bacon: posts big blind $3
*** HOLE CARDS ***
jl45259071: calls $2
Crspy Bacon: raises $3 to $6
jl45259071: calls $3
*** FLOP *** [2s 9c 3s]
Crspy Bacon: bets $3
jl45259071: calls $3
*** TURN *** [2s 9c 3s] [4c]
Crspy Bacon: bets $6
jl45259071: calls $6
*** RIVER *** [2s 9c 3s 4c] [Kh]
Crspy Bacon: checks
jl45259071: bets $6
Crspy Bacon: calls $6
*** SHOW DOWN ***
jl45259071: shows [4h Ks] (two pair, Kings and Fours)
Crspy Bacon: mucks hand
jl45259071 collected $41.50 from pot
*** SUMMARY ***
Total pot $42 | Rake $0.50
Board [2s 9c 3s 4c Kh]
Seat 1: jl45259071 (button) (small blind) showed [4h Ks] and won ($41.50) with two pair, Kings and Fours
Seat 2: Crspy Bacon (big blind) mucked


PokerStars Hand #144615462816:  Hold'em Limit ($3/$6 USD) - 2015/11/30 12:13:34 ET
Table 'Aaltje' 2-max Seat #2 is the button
Seat 1: jl45259071 ($610.71 in chips)
Seat 2: Crspy Bacon ($147 in chips)
Crspy Bacon: posts small blind $1
jl45259071: posts big blind $3
*** HOLE CARDS ***
Crspy Bacon: raises $3 to $6
jl45259071: calls $3
*** FLOP *** [5d Ac 6d]
jl45259071: checks
Crspy Bacon: bets $3
jl45259071: calls $3
*** TURN *** [5d Ac 6d] [3h]
jl45259071: checks
Crspy Bacon: bets $6
jl45259071: calls $6
*** RIVER *** [5d Ac 6d 3h] [Qd]
jl45259071: checks
Crspy Bacon: bets $6
jl45259071: calls $6
*** SHOW DOWN ***
Crspy Bacon: shows [As Ks] (a pair of Aces)
jl45259071: mucks hand
Crspy Bacon collected $41.50 from pot
*** SUMMARY ***
Total pot $42 | Rake $0.50
Board [5d Ac 6d 3h Qd]
Seat 1: jl45259071 (big blind) mucked
Seat 2: Crspy Bacon (button) (small blind) showed [As Ks] and won ($41.50) with a pair of Aces


PokerStars Hand #144615477984:  Hold'em Limit ($3/$6 USD) - 2015/11/30 12:13:52 ET
Table 'Aaltje' 2-max Seat #1 is the button
Seat 1: jl45259071 ($589.71 in chips)
Seat 2: Crspy Bacon ($167.50 in chips)
jl45259071: posts small blind $1
Crspy Bacon: posts big blind $3
*** HOLE CARDS ***
jl45259071: calls $2
Crspy Bacon: checks
*** FLOP *** [Ts Td 9s]
Crspy Bacon: bets $3
jl45259071: calls $3
*** TURN *** [Ts Td 9s] [Ad]
Crspy Bacon: bets $6
jl45259071: calls $6
*** RIVER *** [Ts Td 9s Ad] [8c]
Crspy Bacon: checks
jl45259071: checks
*** SHOW DOWN ***
Crspy Bacon: shows [2d Jc] (a pair of Tens)
jl45259071: shows [6h 9h] (two pair, Tens and Nines)
jl45259071 collected $23.52 from pot
*** SUMMARY ***
Total pot $24 | Rake $0.48
Board [Ts Td 9s Ad 8c]
Seat 1: jl45259071 (button) (small blind) showed [6h 9h] and won ($23.52) with two pair, Tens and Nines
Seat 2: Crspy Bacon (big blind) showed [2d Jc] and lost with a pair of Tens


PokerStars Hand #144615491755:  Hold'em Limit ($3/$6 USD) - 2015/11/30 12:14:09 ET
Table 'Aaltje' 2-max Seat #2 is the button
Seat 1: jl45259071 ($601.23 in chips)
Seat 2: Crspy Bacon ($155.50 in chips)
Crspy Bacon: posts small blind $1
jl45259071: posts big blind $3
*** HOLE CARDS ***
Crspy Bacon: raises $3 to $6
jl45259071: raises $3 to $9
Crspy Bacon: calls $3
*** FLOP *** [Qd 3h Qh]
jl45259071: bets $3
Crspy Bacon: calls $3
*** TURN *** [Qd 3h Qh] [5d]
jl45259071: bets $6
Crspy Bacon: folds
Uncalled bet ($6) returned to jl45259071
jl45259071 collected $23.52 from pot
jl45259071: doesn't show hand
*** SUMMARY ***
Total pot $24 | Rake $0.48
Board [Qd 3h Qh 5d]
Seat 1: jl45259071 (big blind) collected ($23.52)
Seat 2: Crspy Bacon (button) (small blind) folded on the Turn


PokerStars Hand #144615507862:  Hold'em Limit ($3/$6 USD) - 2015/11/30 12:14:29 ET
Table 'Aaltje' 2-max Seat #1 is the button
Seat 1: jl45259071 ($612.75 in chips)
Seat 2: Crspy Bacon ($143.50 in chips)
jl45259071: posts small blind $1
Crspy Bacon: posts big blind $3
*** HOLE CARDS ***
jl45259071: raises $3 to $6
Crspy Bacon: calls $3
*** FLOP *** [8s 4h Ad]
Crspy Bacon: checks
jl45259071: bets $3
Crspy Bacon: folds
Uncalled bet ($3) returned to jl45259071
jl45259071 collected $11.76 from pot
jl45259071: doesn't show hand
*** SUMMARY ***
Total pot $12 | Rake $0.24
Board [8s 4h Ad]
Seat 1: jl45259071 (button) (small blind) collected ($11.76)
Seat 2: Crspy Bacon (big blind) folded on the Flop


PokerStars Hand #144615514211:  Hold'em Limit ($3/$6 USD) - 2015/11/30 12:14:37 ET
Table 'Aaltje' 2-max Seat #2 is the button
Seat 1: jl45259071 ($618.51 in chips)
Seat 2: Crspy Bacon ($137.50 in chips)
Crspy Bacon: posts small blind $1
jl45259071: posts big blind $3
*** HOLE CARDS ***
Crspy Bacon: raises $3 to $6
jl45259071: raises $3 to $9
Crspy Bacon: calls $3
*** FLOP *** [8c Kh Jc]
jl45259071: bets $3
Crspy Bacon: folds
Uncalled bet ($3) returned to jl45259071
jl45259071 collected $17.64 from pot
jl45259071: doesn't show hand
*** SUMMARY ***
Total pot $18 | Rake $0.36
Board [8c Kh Jc]
Seat 1: jl45259071 (big blind) collected ($17.64)
Seat 2: Crspy Bacon (button) (small blind) folded on the Flop


PokerStars Hand #144615520943:  Hold'em Limit ($3/$6 USD) - 2015/11/30 12:14:46 ET
Table 'Aaltje' 2-max Seat #1 is the button
Seat 1: jl45259071 ($627.15 in chips)
Seat 2: Crspy Bacon ($128.50 in chips)
jl45259071: posts small blind $1
Crspy Bacon: posts big blind $3
*** HOLE CARDS ***
jl45259071: calls $2
Crspy Bacon: raises $3 to $6
jl45259071: calls $3
*** FLOP *** [Jc Ts Qs]
Crspy Bacon: bets $3
jl45259071: calls $3
*** TURN *** [Jc Ts Qs] [7c]
Crspy Bacon: bets $6
jl45259071: calls $6
*** RIVER *** [Jc Ts Qs 7c] [Tc]
Crspy Bacon: bets $6
jl45259071: calls $6
*** SHOW DOWN ***
Crspy Bacon: shows [Qh 7d] (two pair, Queens and Tens)
jl45259071: mucks hand
Crspy Bacon collected $41.50 from pot
*** SUMMARY ***
Total pot $42 | Rake $0.50
Board [Jc Ts Qs 7c Tc]
Seat 1: jl45259071 (button) (small blind) mucked
Seat 2: Crspy Bacon (big blind) showed [Qh 7d] and won ($41.50) with two pair, Queens and Tens


PokerStars Hand #144615532994:  Hold'em Limit ($3/$6 USD) - 2015/11/30 12:15:00 ET
Table 'Aaltje' 2-max Seat #2 is the button
Seat 1: jl45259071 ($606.15 in chips)
Seat 2: Crspy Bacon ($149 in chips)
Crspy Bacon: posts small blind $1
jl45259071: posts big blind $3
*** HOLE CARDS ***
Crspy Bacon: raises $3 to $6
jl45259071: calls $3
*** FLOP *** [8d Kc 9h]
jl45259071: checks
Crspy Bacon: bets $3
jl45259071: calls $3
*** TURN *** [8d Kc 9h] [5h]
jl45259071: checks
Crspy Bacon: bets $6
jl45259071: raises $6 to $12
Crspy Bacon: folds
Uncalled bet ($6) returned to jl45259071
jl45259071 collected $29.50 from pot
jl45259071: doesn't show hand
*** SUMMARY ***
Total pot $30 | Rake $0.50
Board [8d Kc 9h 5h]
Seat 1: jl45259071 (big blind) collected ($29.50)
Seat 2: Crspy Bacon (button) (small blind) folded on the Turn


PokerStars Hand #144615546979:  Hold'em Limit ($3/$6 USD) - 2015/11/30 12:15:17 ET
Table 'Aaltje' 2-max Seat #1 is the button
Seat 1: jl45259071 ($620.65 in chips)
Seat 2: Crspy Bacon ($134 in chips)
jl45259071: posts small blind $1
Crspy Bacon: posts big blind $3
*** HOLE CARDS ***
jl45259071: calls $2
Crspy Bacon: raises $3 to $6
jl45259071: calls $3
*** FLOP *** [9h Js 6h]
Crspy Bacon: bets $3
jl45259071: calls $3
*** TURN *** [9h Js 6h] [Ac]
Crspy Bacon: bets $6
jl45259071: raises $6 to $12
Crspy Bacon: folds
Uncalled bet ($6) returned to jl45259071
jl45259071 collected $29.50 from pot
jl45259071: doesn't show hand
*** SUMMARY ***
Total pot $30 | Rake $0.50
Board [9h Js 6h Ac]
Seat 1: jl45259071 (button) (small blind) collected ($29.50)
Seat 2: Crspy Bacon (big blind) folded on the Turn


PokerStars Hand #144615559166:  Hold'em Limit ($3/$6 USD) - 2015/11/30 12:15:32 ET
Table 'Aaltje' 2-max Seat #2 is the button
Seat 1: jl45259071 ($635.15 in chips)
Seat 2: Crspy Bacon ($119 in chips)
Crspy Bacon: posts small blind $1
jl45259071: posts big blind $3
*** HOLE CARDS ***
Crspy Bacon: raises $3 to $6
jl45259071: calls $3
*** FLOP *** [7s 9h Td]
jl45259071: bets $3
Crspy Bacon: calls $3
*** TURN *** [7s 9h Td] [2s]
jl45259071: bets $6
Crspy Bacon: calls $6
*** RIVER *** [7s 9h Td 2s] [5h]
jl45259071: bets $6
Crspy Bacon: raises $6 to $12
jl45259071: raises $6 to $18
Crspy Bacon: calls $6
*** SHOW DOWN ***
jl45259071: shows [Th 9s] (two pair, Tens and Nines)
Crspy Bacon: mucks hand
jl45259071 collected $65.50 from pot
*** SUMMARY ***
Total pot $66 | Rake $0.50
Board [7s 9h Td 2s 5h]
Seat 1: jl45259071 (big blind) showed [Th 9s] and won ($65.50) with two pair, Tens and Nines
Seat 2: Crspy Bacon (button) (small blind) mucked


PokerStars Hand #144615572818:  Hold'em Limit ($3/$6 USD) - 2015/11/30 12:15:49 ET
Table 'Aaltje' 2-max Seat #1 is the button
Seat 1: jl45259071 ($667.65 in chips)
Seat 2: Crspy Bacon ($86 in chips)
jl45259071: posts small blind $1
Crspy Bacon: posts big blind $3
*** HOLE CARDS ***
jl45259071: calls $2
Crspy Bacon: raises $3 to $6
jl45259071: calls $3
*** FLOP *** [6c Ac 5d]
Crspy Bacon: bets $3
jl45259071: calls $3
*** TURN *** [6c Ac 5d] [4c]
Crspy Bacon: bets $6
jl45259071: calls $6
*** RIVER *** [6c Ac 5d 4c] [6h]
Crspy Bacon: bets $6
jl45259071: folds
Uncalled bet ($6) returned to Crspy Bacon
Crspy Bacon collected $29.50 from pot
Crspy Bacon: doesn't show hand
*** SUMMARY ***
Total pot $30 | Rake $0.50
Board [6c Ac 5d 4c 6h]
Seat 1: jl45259071 (button) (small blind) folded on the River
Seat 2: Crspy Bacon (big blind) collected ($29.50)


PokerStars Hand #144615594103:  Hold'em Limit ($3/$6 USD) - 2015/11/30 12:16:15 ET
Table 'Aaltje' 2-max Seat #2 is the button
Seat 1: jl45259071 ($652.65 in chips)
Seat 2: Crspy Bacon ($100.50 in chips)
Crspy Bacon: posts small blind $1
jl45259071: posts big blind $3
*** HOLE CARDS ***
Crspy Bacon: raises $3 to $6
jl45259071: calls $3
*** FLOP *** [Kc 3s Th]
jl45259071: checks
Crspy Bacon: bets $3
jl45259071: calls $3
*** TURN *** [Kc 3s Th] [Ah]
jl45259071: checks
Crspy Bacon: bets $6
jl45259071: folds
Uncalled bet ($6) returned to Crspy Bacon
Crspy Bacon collected $17.64 from pot
Crspy Bacon: doesn't show hand
*** SUMMARY ***
Total pot $18 | Rake $0.36
Board [Kc 3s Th Ah]
Seat 1: jl45259071 (big blind) folded on the Turn
Seat 2: Crspy Bacon (button) (small blind) collected ($17.64)


PokerStars Hand #144615611977:  Hold'em Limit ($3/$6 USD) - 2015/11/30 12:16:37 ET
Table 'Aaltje' 2-max Seat #1 is the button
Seat 1: jl45259071 ($643.65 in chips)
Seat 2: Crspy Bacon ($109.14 in chips)
jl45259071: posts small blind $1
Crspy Bacon: posts big blind $3
*** HOLE CARDS ***
jl45259071: raises $3 to $6
Crspy Bacon: calls $3
*** FLOP *** [Qc 9c 5c]
Crspy Bacon: checks
jl45259071: bets $3
Crspy Bacon: folds
Uncalled bet ($3) returned to jl45259071
jl45259071 collected $11.76 from pot
jl45259071: doesn't show hand
*** SUMMARY ***
Total pot $12 | Rake $0.24
Board [Qc 9c 5c]
Seat 1: jl45259071 (button) (small blind) collected ($11.76)
Seat 2: Crspy Bacon (big blind) folded on the Flop


PokerStars Hand #144615626626:  Hold'em Limit ($3/$6 USD) - 2015/11/30 12:16:55 ET
Table 'Aaltje' 2-max Seat #2 is the button
Seat 1: jl45259071 ($649.41 in chips)
Seat 2: Crspy Bacon ($103.14 in chips)
Crspy Bacon: posts small blind $1
jl45259071: posts big blind $3
*** HOLE CARDS ***
Crspy Bacon: raises $3 to $6
jl45259071: raises $3 to $9
Crspy Bacon: calls $3
*** FLOP *** [7c 8s 8h]
jl45259071: checks
Crspy Bacon: checks
*** TURN *** [7c 8s 8h] [4s]
jl45259071: bets $6
Crspy Bacon: folds
Uncalled bet ($6) returned to jl45259071
jl45259071 collected $17.64 from pot
jl45259071: doesn't show hand
*** SUMMARY ***
Total pot $18 | Rake $0.36
Board [7c 8s 8h 4s]
Seat 1: jl45259071 (big blind) collected ($17.64)
Seat 2: Crspy Bacon (button) (small blind) folded on the Turn


PokerStars Hand #144615643681:  Hold'em Limit ($3/$6 USD) - 2015/11/30 12:17:16 ET
Table 'Aaltje' 2-max Seat #1 is the button
Seat 1: jl45259071 ($658.05 in chips)
Seat 2: Crspy Bacon ($94.14 in chips)
jl45259071: posts small blind $1
Crspy Bacon: posts big blind $3
*** HOLE CARDS ***
jl45259071: calls $2
Crspy Bacon: raises $3 to $6
jl45259071: calls $3
*** FLOP *** [Jd 8h 9h]
Crspy Bacon: bets $3
jl45259071: calls $3
*** TURN *** [Jd 8h 9h] [2s]
Crspy Bacon: bets $6
jl45259071: calls $6
*** RIVER *** [Jd 8h 9h 2s] [2h]
Crspy Bacon: bets $6
jl45259071: folds
Uncalled bet ($6) returned to Crspy Bacon
Crspy Bacon collected $29.50 from pot
Crspy Bacon: doesn't show hand
*** SUMMARY ***
Total pot $30 | Rake $0.50
Board [Jd 8h 9h 2s 2h]
Seat 1: jl45259071 (button) (small blind) folded on the River
Seat 2: Crspy Bacon (big blind) collected ($29.50)


PokerStars Hand #144615658942:  Hold'em Limit ($3/$6 USD) - 2015/11/30 12:17:34 ET
Table 'Aaltje' 2-max Seat #2 is the button
Seat 1: jl45259071 ($643.05 in chips)
Seat 2: Crspy Bacon ($108.64 in chips)
Crspy Bacon: posts small blind $1
jl45259071: posts big blind $3
*** HOLE CARDS ***
Crspy Bacon: raises $3 to $6
jl45259071: calls $3
*** FLOP *** [5c Jd 8c]
jl45259071: checks
Crspy Bacon: bets $3
jl45259071: folds
Uncalled bet ($3) returned to Crspy Bacon
Crspy Bacon collected $11.76 from pot
Crspy Bacon: doesn't show hand
*** SUMMARY ***
Total pot $12 | Rake $0.24
Board [5c Jd 8c]
Seat 1: jl45259071 (big blind) folded on the Flop
Seat 2: Crspy Bacon (button) (small blind) collected ($11.76)


PokerStars Hand #144615666117:  Hold'em Limit ($3/$6 USD) - 2015/11/30 12:17:43 ET
Table 'Aaltje' 2-max Seat #1 is the button
Seat 1: jl45259071 ($637.05 in chips)
Seat 2: Crspy Bacon ($114.40 in chips)
jl45259071: posts small blind $1
Crspy Bacon: posts big blind $3
*** HOLE CARDS ***
jl45259071: calls $2
Crspy Bacon: raises $3 to $6
jl45259071: calls $3
*** FLOP *** [9h 2c Ts]
Crspy Bacon: bets $3
jl45259071: calls $3
*** TURN *** [9h 2c Ts] [6c]
Crspy Bacon: bets $6
jl45259071: calls $6
*** RIVER *** [9h 2c Ts 6c] [Th]
Crspy Bacon: bets $6
jl45259071: raises $6 to $12
Crspy Bacon: calls $6
*** SHOW DOWN ***
jl45259071: shows [5d 9d] (two pair, Tens and Nines)
Crspy Bacon: shows [Ad 9s] (two pair, Tens and Nines - Ace kicker)
Crspy Bacon collected $53.50 from pot
*** SUMMARY ***
Total pot $54 | Rake $0.50
Board [9h 2c Ts 6c Th]
Seat 1: jl45259071 (button) (small blind) showed [5d 9d] and lost with two pair, Tens and Nines
Seat 2: Crspy Bacon (big blind) showed [Ad 9s] and won ($53.50) with two pair, Tens and Nines


PokerStars Hand #144615677643:  Hold'em Limit ($3/$6 USD) - 2015/11/30 12:17:57 ET
Table 'Aaltje' 2-max Seat #2 is the button
Seat 1: jl45259071 ($610.05 in chips)
Seat 2: Crspy Bacon ($140.90 in chips)
Crspy Bacon: posts small blind $1
jl45259071: posts big blind $3
*** HOLE CARDS ***
Crspy Bacon: raises $3 to $6
jl45259071: calls $3
*** FLOP *** [Ah 9h 4d]
jl45259071: checks
Crspy Bacon: bets $3
jl45259071: calls $3
*** TURN *** [Ah 9h 4d] [2c]
jl45259071: checks
Crspy Bacon: checks
*** RIVER *** [Ah 9h 4d 2c] [As]
jl45259071: bets $6
Crspy Bacon: folds
Uncalled bet ($6) returned to jl45259071
jl45259071 collected $17.64 from pot
jl45259071: doesn't show hand
*** SUMMARY ***
Total pot $18 | Rake $0.36
Board [Ah 9h 4d 2c As]
Seat 1: jl45259071 (big blind) collected ($17.64)
Seat 2: Crspy Bacon (button) (small blind) folded on the River


PokerStars Hand #144615697789:  Hold'em Limit ($3/$6 USD) - 2015/11/30 12:18:22 ET
Table 'Aaltje' 2-max Seat #1 is the button
Seat 1: jl45259071 ($618.69 in chips)
Seat 2: Crspy Bacon ($131.90 in chips)
jl45259071: posts small blind $1
Crspy Bacon: posts big blind $3
*** HOLE CARDS ***
jl45259071: calls $2
Crspy Bacon: raises $3 to $6
jl45259071: calls $3
*** FLOP *** [Jh Td 5h]
Crspy Bacon: bets $3
jl45259071: calls $3
*** TURN *** [Jh Td 5h] [Ac]
Crspy Bacon: bets $6
jl45259071: calls $6
*** RIVER *** [Jh Td 5h Ac] [9d]
Crspy Bacon: bets $6
jl45259071: folds
Uncalled bet ($6) returned to Crspy Bacon
Crspy Bacon collected $29.50 from pot
Crspy Bacon: doesn't show hand
*** SUMMARY ***
Total pot $30 | Rake $0.50
Board [Jh Td 5h Ac 9d]
Seat 1: jl45259071 (button) (small blind) folded on the River
Seat 2: Crspy Bacon (big blind) collected ($29.50)


PokerStars Hand #144615709897:  Hold'em Limit ($3/$6 USD) - 2015/11/30 12:18:37 ET
Table 'Aaltje' 2-max Seat #2 is the button
Seat 1: jl45259071 ($603.69 in chips)
Seat 2: Crspy Bacon ($146.40 in chips)
Crspy Bacon: posts small blind $1
jl45259071: posts big blind $3
*** HOLE CARDS ***
Crspy Bacon: raises $3 to $6
jl45259071: calls $3
*** FLOP *** [Kh 7d Qh]
jl45259071: checks
Crspy Bacon: bets $3
jl45259071: calls $3
*** TURN *** [Kh 7d Qh] [Kc]
jl45259071: checks
Crspy Bacon: checks
*** RIVER *** [Kh 7d Qh Kc] [Jd]
jl45259071: checks
Crspy Bacon: bets $6
jl45259071: calls $6
*** SHOW DOWN ***
Crspy Bacon: shows [Js 8h] (two pair, Kings and Jacks)
jl45259071: mucks hand
Crspy Bacon collected $29.50 from pot
*** SUMMARY ***
Total pot $30 | Rake $0.50
Board [Kh 7d Qh Kc Jd]
Seat 1: jl45259071 (big blind) mucked
Seat 2: Crspy Bacon (button) (small blind) showed [Js 8h] and won ($29.50) with two pair, Kings and Jacks


PokerStars Hand #144615723736:  Hold'em Limit ($3/$6 USD) - 2015/11/30 12:18:54 ET
Table 'Aaltje' 2-max Seat #1 is the button
Seat 1: jl45259071 ($588.69 in chips)
Seat 2: Crspy Bacon ($160.90 in chips)
jl45259071: posts small blind $1
Crspy Bacon: posts big blind $3
*** HOLE CARDS ***
jl45259071: folds
Uncalled bet ($2) returned to Crspy Bacon
Crspy Bacon collected $2 from pot
Crspy Bacon: doesn't show hand
*** SUMMARY ***
Total pot $2 | Rake $0
Seat 1: jl45259071 (button) (small blind) folded before Flop
Seat 2: Crspy Bacon (big blind) collected ($2)


PokerStars Hand #144615727992:  Hold'em Limit ($3/$6 USD) - 2015/11/30 12:18:59 ET
Table 'Aaltje' 2-max Seat #2 is the button
Seat 1: jl45259071 ($587.69 in chips)
Seat 2: Crspy Bacon ($161.90 in chips)
Crspy Bacon: posts small blind $1
jl45259071: posts big blind $3
*** HOLE CARDS ***
Crspy Bacon: raises $3 to $6
jl45259071: raises $3 to $9
Crspy Bacon: calls $3
*** FLOP *** [Ks 9d 6h]
jl45259071: bets $3
Crspy Bacon: calls $3
*** TURN *** [Ks 9d 6h] [Tc]
jl45259071: bets $6
Crspy Bacon: folds
Uncalled bet ($6) returned to jl45259071
jl45259071 collected $23.52 from pot
jl45259071: doesn't show hand
*** SUMMARY ***
Total pot $24 | Rake $0.48
Board [Ks 9d 6h Tc]
Seat 1: jl45259071 (big blind) collected ($23.52)
Seat 2: Crspy Bacon (button) (small blind) folded on the Turn


PokerStars Hand #144615737183:  Hold'em Limit ($3/$6 USD) - 2015/11/30 12:19:10 ET
Table 'Aaltje' 2-max Seat #1 is the button
Seat 1: jl45259071 ($599.21 in chips)
Seat 2: Crspy Bacon ($149.90 in chips)
jl45259071: posts small blind $1
Crspy Bacon: posts big blind $3
*** HOLE CARDS ***
jl45259071: raises $3 to $6
Crspy Bacon: folds
Uncalled bet ($3) returned to jl45259071
jl45259071 collected $6 from pot
jl45259071: doesn't show hand
*** SUMMARY ***
Total pot $6 | Rake $0
Seat 1: jl45259071 (button) (small blind) collected ($6)
Seat 2: Crspy Bacon (big blind) folded before Flop


PokerStars Hand #144615742522:  Hold'em Limit ($3/$6 USD) - 2015/11/30 12:19:17 ET
Table 'Aaltje' 2-max Seat #2 is the button
Seat 1: jl45259071 ($602.21 in chips)
Seat 2: Crspy Bacon ($146.90 in chips)
Crspy Bacon: posts small blind $1
jl45259071: posts big blind $3
*** HOLE CARDS ***
Crspy Bacon: raises $3 to $6
jl45259071: raises $3 to $9
Crspy Bacon: calls $3
*** FLOP *** [3c Td 6h]
jl45259071: bets $3
Crspy Bacon: calls $3
*** TURN *** [3c Td 6h] [Kh]
jl45259071: bets $6
Crspy Bacon: raises $6 to $12
jl45259071: raises $6 to $18
Crspy Bacon: calls $6
*** RIVER *** [3c Td 6h Kh] [Th]
jl45259071: bets $6
Crspy Bacon: calls $6
*** SHOW DOWN ***
jl45259071: shows [Ah Kd] (two pair, Kings and Tens)
Crspy Bacon: mucks hand
jl45259071 collected $71.50 from pot
*** SUMMARY ***
Total pot $72 | Rake $0.50
Board [3c Td 6h Kh Th]
Seat 1: jl45259071 (big blind) showed [Ah Kd] and won ($71.50) with two pair, Kings and Tens
Seat 2: Crspy Bacon (button) (small blind) mucked


PokerStars Hand #144615762907:  Hold'em Limit ($3/$6 USD) - 2015/11/30 12:19:41 ET
Table 'Aaltje' 2-max Seat #1 is the button
Seat 1: jl45259071 ($637.71 in chips)
Seat 2: Crspy Bacon ($110.90 in chips)
jl45259071: posts small blind $1
Crspy Bacon: posts big blind $3
*** HOLE CARDS ***
jl45259071: raises $3 to $6
Crspy Bacon: calls $3
*** FLOP *** [3h 4d 8h]
Crspy Bacon: checks
jl45259071: bets $3
Crspy Bacon: folds
Uncalled bet ($3) returned to jl45259071
jl45259071 collected $11.76 from pot
jl45259071: doesn't show hand
*** SUMMARY ***
Total pot $12 | Rake $0.24
Board [3h 4d 8h]
Seat 1: jl45259071 (button) (small blind) collected ($11.76)
Seat 2: Crspy Bacon (big blind) folded on the Flop


PokerStars Hand #144615774126:  Hold'em Limit ($3/$6 USD) - 2015/11/30 12:19:55 ET
Table 'Aaltje' 2-max Seat #2 is the button
Seat 1: jl45259071 ($643.47 in chips)
Seat 2: Crspy Bacon ($104.90 in chips)
Crspy Bacon: posts small blind $1
jl45259071: posts big blind $3
*** HOLE CARDS ***
Crspy Bacon: raises $3 to $6
jl45259071: calls $3
*** FLOP *** [Kc 5d 5s]
jl45259071: checks
Crspy Bacon: bets $3
jl45259071: raises $3 to $6
Crspy Bacon: calls $3
*** TURN *** [Kc 5d 5s] [Ah]
jl45259071: bets $6
Crspy Bacon: folds
Uncalled bet ($6) returned to jl45259071
jl45259071 collected $23.52 from pot
jl45259071: doesn't show hand
*** SUMMARY ***
Total pot $24 | Rake $0.48
Board [Kc 5d 5s Ah]
Seat 1: jl45259071 (big blind) collected ($23.52)
Seat 2: Crspy Bacon (button) (small blind) folded on the Turn


PokerStars Hand #144615794177:  Hold'em Limit ($3/$6 USD) - 2015/11/30 12:20:20 ET
Table 'Aaltje' 2-max Seat #2 is the button
Seat 1: jl45259071 ($660.75 in chips)
Seat 2: Crspy Bacon ($86.90 in chips)
Crspy Bacon: posts small blind $1
jl45259071: posts big blind $3
*** HOLE CARDS ***
Crspy Bacon: raises $3 to $6
jl45259071: calls $3
*** FLOP *** [Ts 9d As]
jl45259071: checks
Crspy Bacon: bets $3
jl45259071: calls $3
*** TURN *** [Ts 9d As] [Jd]
jl45259071: checks
Crspy Bacon: checks
*** RIVER *** [Ts 9d As Jd] [7d]
jl45259071: bets $6
Crspy Bacon: folds
Uncalled bet ($6) returned to jl45259071
jl45259071 collected $17.64 from pot
jl45259071: doesn't show hand
*** SUMMARY ***
Total pot $18 | Rake $0.36
Board [Ts 9d As Jd 7d]
Seat 1: jl45259071 (big blind) collected ($17.64)
Seat 2: Crspy Bacon (button) (small blind) folded on the River


PokerStars Hand #144615783925:  Hold'em Limit ($3/$6 USD) - 2015/11/30 12:20:07 ET
Table 'Aaltje' 2-max Seat #1 is the button
Seat 1: jl45259071 ($654.99 in chips)
Seat 2: Crspy Bacon ($92.90 in chips)
jl45259071: posts small blind $1
Crspy Bacon: posts big blind $3
*** HOLE CARDS ***
jl45259071: calls $2
Crspy Bacon: checks
*** FLOP *** [4c Qh Js]
Crspy Bacon: bets $3
jl45259071: calls $3
*** TURN *** [4c Qh Js] [Th]
Crspy Bacon: checks
jl45259071: checks
*** RIVER *** [4c Qh Js Th] [Kc]
Crspy Bacon: checks
jl45259071: checks
*** SHOW DOWN ***
Crspy Bacon: shows [6d 7h] (high card King)
jl45259071: shows [4h 7d] (a pair of Fours)
jl45259071 collected $11.76 from pot
*** SUMMARY ***
Total pot $12 | Rake $0.24
Board [4c Qh Js Th Kc]
Seat 1: jl45259071 (button) (small blind) showed [4h 7d] and won ($11.76) with a pair of Fours
Seat 2: Crspy Bacon (big blind) showed [6d 7h] and lost with high card King


PokerStars Hand #144615841350:  Hold'em Limit ($3/$6 USD) - 2015/11/30 12:21:17 ET
Table 'Aaltje' 2-max Seat #2 is the button
Seat 1: jl45259071 ($648.39 in chips)
Seat 2: Crspy Bacon ($98.06 in chips)
Crspy Bacon: posts small blind $1
jl45259071: posts big blind $3
*** HOLE CARDS ***
Crspy Bacon: raises $3 to $6
jl45259071: raises $3 to $9
Crspy Bacon: raises $3 to $12
Betting is capped
jl45259071: calls $3
*** FLOP *** [6h 9d 6c]
jl45259071: bets $3
Crspy Bacon: calls $3
*** TURN *** [6h 9d 6c] [Qs]
jl45259071: bets $6
Crspy Bacon: calls $6
*** RIVER *** [6h 9d 6c Qs] [Jh]
jl45259071: bets $6
Crspy Bacon: folds
Uncalled bet ($6) returned to jl45259071
jl45259071 collected $41.50 from pot
jl45259071: doesn't show hand
*** SUMMARY ***
Total pot $42 | Rake $0.50
Board [6h 9d 6c Qs Jh]
Seat 1: jl45259071 (big blind) collected ($41.50)
Seat 2: Crspy Bacon (button) (small blind) folded on the River


PokerStars Hand #144615829189:  Hold'em Limit ($3/$6 USD) - 2015/11/30 12:21:02 ET
Table 'Aaltje' 2-max Seat #1 is the button
Seat 1: jl45259071 ($657.39 in chips)
Seat 2: Crspy Bacon ($89.42 in chips)
jl45259071: posts small blind $1
Crspy Bacon: posts big blind $3
*** HOLE CARDS ***
jl45259071: raises $3 to $6
Crspy Bacon: calls $3
*** FLOP *** [6h 2c 7d]
Crspy Bacon: checks
jl45259071: bets $3
Crspy Bacon: calls $3
*** TURN *** [6h 2c 7d] [6s]
Crspy Bacon: checks
jl45259071: checks
*** RIVER *** [6h 2c 7d 6s] [4s]
Crspy Bacon: checks
jl45259071: checks
*** SHOW DOWN ***
Crspy Bacon: shows [Ks 9d] (a pair of Sixes)
jl45259071: mucks hand
Crspy Bacon collected $17.64 from pot
*** SUMMARY ***
Total pot $18 | Rake $0.36
Board [6h 2c 7d 6s 4s]
Seat 1: jl45259071 (button) (small blind) mucked
Seat 2: Crspy Bacon (big blind) showed [Ks 9d] and won ($17.64) with a pair of Sixes


PokerStars Hand #144615819509:  Hold'em Limit ($3/$6 USD) - 2015/11/30 12:20:50 ET
Table 'Aaltje' 2-max Seat #2 is the button
Seat 1: jl45259071 ($663.39 in chips)
Seat 2: Crspy Bacon ($83.66 in chips)
Crspy Bacon: posts small blind $1
jl45259071: posts big blind $3
*** HOLE CARDS ***
Crspy Bacon: raises $3 to $6
jl45259071: calls $3
*** FLOP *** [3c Ts Ad]
jl45259071: checks
Crspy Bacon: bets $3
jl45259071: folds
Uncalled bet ($3) returned to Crspy Bacon
Crspy Bacon collected $11.76 from pot
Crspy Bacon: doesn't show hand
*** SUMMARY ***
Total pot $12 | Rake $0.24
Board [3c Ts Ad]
Seat 1: jl45259071 (big blind) folded on the Flop
Seat 2: Crspy Bacon (button) (small blind) collected ($11.76)


PokerStars Hand #144615805478:  Hold'em Limit ($3/$6 USD) - 2015/11/30 12:20:33 ET
Table 'Aaltje' 2-max Seat #1 is the button
Seat 1: jl45259071 ($669.39 in chips)
Seat 2: Crspy Bacon ($77.90 in chips)
jl45259071: posts small blind $1
Crspy Bacon: posts big blind $3
*** HOLE CARDS ***
jl45259071: calls $2
Crspy Bacon: raises $3 to $6
jl45259071: calls $3
*** FLOP *** [3s Ac Th]
Crspy Bacon: bets $3
jl45259071: folds
Uncalled bet ($3) returned to Crspy Bacon
Crspy Bacon collected $11.76 from pot
Crspy Bacon: doesn't show hand
*** SUMMARY ***
Total pot $12 | Rake $0.24
Board [3s Ac Th]
Seat 1: jl45259071 (button) (small blind) folded on the Flop
Seat 2: Crspy Bacon (big blind) collected ($11.76)


PokerStars Hand #144615902590:  Hold'em Limit ($3/$6 USD) - 2015/11/30 12:22:31 ET
Table 'Aaltje' 2-max Seat #1 is the button
Seat 1: jl45259071 ($680.03 in chips)
Seat 2: Crspy Bacon ($64.20 in chips)
jl45259071: posts small blind $1
Crspy Bacon: posts big blind $3
*** HOLE CARDS ***
jl45259071: raises $3 to $6
Crspy Bacon: calls $3
*** FLOP *** [7d 3d 7h]
Crspy Bacon: checks
jl45259071: bets $3
Crspy Bacon: folds
Uncalled bet ($3) returned to jl45259071
jl45259071 collected $11.76 from pot
jl45259071: doesn't show hand
*** SUMMARY ***
Total pot $12 | Rake $0.24
Board [7d 3d 7h]
Seat 1: jl45259071 (button) (small blind) collected ($11.76)
Seat 2: Crspy Bacon (big blind) folded on the Flop


PokerStars Hand #144615891567:  Hold'em Limit ($3/$6 USD) - 2015/11/30 12:22:18 ET
Table 'Aaltje' 2-max Seat #2 is the button
Seat 1: jl45259071 ($671.39 in chips)
Seat 2: Crspy Bacon ($73.20 in chips)
Crspy Bacon: posts small blind $1
jl45259071: posts big blind $3
*** HOLE CARDS ***
Crspy Bacon: raises $3 to $6
jl45259071: calls $3
*** FLOP *** [5h 3h Js]
jl45259071: checks
Crspy Bacon: bets $3
jl45259071: calls $3
*** TURN *** [5h 3h Js] [5d]
jl45259071: checks
Crspy Bacon: checks
*** RIVER *** [5h 3h Js 5d] [9d]
jl45259071: bets $6
Crspy Bacon: folds
Uncalled bet ($6) returned to jl45259071
jl45259071 collected $17.64 from pot
jl45259071: doesn't show hand
*** SUMMARY ***
Total pot $18 | Rake $0.36
Board [5h 3h Js 5d 9d]
Seat 1: jl45259071 (big blind) collected ($17.64)
Seat 2: Crspy Bacon (button) (small blind) folded on the River


PokerStars Hand #144615880855:  Hold'em Limit ($3/$6 USD) - 2015/11/30 12:22:05 ET
Table 'Aaltje' 2-max Seat #1 is the button
Seat 1: jl45259071 ($680.39 in chips)
Seat 2: Crspy Bacon ($64.56 in chips)
jl45259071: posts small blind $1
Crspy Bacon: posts big blind $3
*** HOLE CARDS ***
jl45259071: calls $2
Crspy Bacon: raises $3 to $6
jl45259071: calls $3
*** FLOP *** [4h Qd 3h]
Crspy Bacon: bets $3
jl45259071: calls $3
*** TURN *** [4h Qd 3h] [Kc]
Crspy Bacon: bets $6
jl45259071: folds
Uncalled bet ($6) returned to Crspy Bacon
Crspy Bacon collected $17.64 from pot
Crspy Bacon: doesn't show hand
*** SUMMARY ***
Total pot $18 | Rake $0.36
Board [4h Qd 3h Kc]
Seat 1: jl45259071 (button) (small blind) folded on the Turn
Seat 2: Crspy Bacon (big blind) collected ($17.64)


PokerStars Hand #144615869541:  Hold'em Limit ($3/$6 USD) - 2015/11/30 12:21:51 ET
Table 'Aaltje' 2-max Seat #2 is the button
Seat 1: jl45259071 ($695.39 in chips)
Seat 2: Crspy Bacon ($50.06 in chips)
Crspy Bacon: posts small blind $1
jl45259071: posts big blind $3
*** HOLE CARDS ***
Crspy Bacon: raises $3 to $6
jl45259071: calls $3
*** FLOP *** [2s 7d 9h]
jl45259071: checks
Crspy Bacon: bets $3
jl45259071: calls $3
*** TURN *** [2s 7d 9h] [Tc]
jl45259071: checks
Crspy Bacon: bets $6
jl45259071: calls $6
*** RIVER *** [2s 7d 9h Tc] [7s]
jl45259071: checks
Crspy Bacon: checks
*** SHOW DOWN ***
jl45259071: shows [5d Jh] (a pair of Sevens)
Crspy Bacon: shows [Ac 3h] (a pair of Sevens - Ace kicker)
Crspy Bacon collected $29.50 from pot
*** SUMMARY ***
Total pot $30 | Rake $0.50
Board [2s 7d 9h Tc 7s]
Seat 1: jl45259071 (big blind) showed [5d Jh] and lost with a pair of Sevens
Seat 2: Crspy Bacon (button) (small blind) showed [Ac 3h] and won ($29.50) with a pair of Sevens


PokerStars Hand #144615856519:  Hold'em Limit ($3/$6 USD) - 2015/11/30 12:21:35 ET
Table 'Aaltje' 2-max Seat #1 is the button
Seat 1: jl45259071 ($668.89 in chips)
Seat 2: Crspy Bacon ($77.06 in chips)
jl45259071: posts small blind $1
Crspy Bacon: posts big blind $3
*** HOLE CARDS ***
jl45259071: raises $3 to $6
Crspy Bacon: raises $3 to $9
jl45259071: raises $3 to $12
Betting is capped
Crspy Bacon: calls $3
*** FLOP *** [7h 9d 5h]
Crspy Bacon: checks
jl45259071: bets $3
Crspy Bacon: calls $3
*** TURN *** [7h 9d 5h] [5c]
Crspy Bacon: checks
jl45259071: bets $6
Crspy Bacon: calls $6
*** RIVER *** [7h 9d 5h 5c] [Ts]
Crspy Bacon: checks
jl45259071: bets $6
Crspy Bacon: calls $6
*** SHOW DOWN ***
jl45259071: shows [Qc 9c] (two pair, Nines and Fives)
Crspy Bacon: mucks hand
jl45259071 collected $53.50 from pot
*** SUMMARY ***
Total pot $54 | Rake $0.50
Board [7h 9d 5h 5c Ts]
Seat 1: jl45259071 (button) (small blind) showed [Qc 9c] and won ($53.50) with two pair, Nines and Fives
Seat 2: Crspy Bacon (big blind) mucked


PokerStars Hand #144615937781:  Hold'em Limit ($3/$6 USD) - 2015/11/30 12:23:14 ET
Table 'Aaltje' 2-max Seat #1 is the button
Seat 1: jl45259071 ($667.43 in chips)
Seat 2: Crspy Bacon ($75.70 in chips)
jl45259071: posts small blind $1
Crspy Bacon: posts big blind $3
*** HOLE CARDS ***
jl45259071: calls $2
Crspy Bacon: checks
*** FLOP *** [8s 7h 4s]
Crspy Bacon: checks
jl45259071: bets $3
Crspy Bacon: calls $3
*** TURN *** [8s 7h 4s] [Th]
Crspy Bacon: checks
jl45259071: bets $6
Crspy Bacon: raises $6 to $12
jl45259071: calls $6
*** RIVER *** [8s 7h 4s Th] [3d]
Crspy Bacon: bets $6
jl45259071: calls $6
*** SHOW DOWN ***
Crspy Bacon: shows [5h Td] (a pair of Tens)
jl45259071: mucks hand
Crspy Bacon collected $47.50 from pot
*** SUMMARY ***
Total pot $48 | Rake $0.50
Board [8s 7h 4s Th 3d]
Seat 1: jl45259071 (button) (small blind) mucked
Seat 2: Crspy Bacon (big blind) showed [5h Td] and won ($47.50) with a pair of Tens


PokerStars Hand #144615926589:  Hold'em Limit ($3/$6 USD) - 2015/11/30 12:23:00 ET
Table 'Aaltje' 2-max Seat #2 is the button
Seat 1: jl45259071 ($658.79 in chips)
Seat 2: Crspy Bacon ($84.70 in chips)
Crspy Bacon: posts small blind $1
jl45259071: posts big blind $3
*** HOLE CARDS ***
Crspy Bacon: raises $3 to $6
jl45259071: calls $3
*** FLOP *** [5d Ac 4s]
jl45259071: checks
Crspy Bacon: bets $3
jl45259071: calls $3
*** TURN *** [5d Ac 4s] [Tc]
jl45259071: checks
Crspy Bacon: checks
*** RIVER *** [5d Ac 4s Tc] [7s]
jl45259071: bets $6
Crspy Bacon: folds
Uncalled bet ($6) returned to jl45259071
jl45259071 collected $17.64 from pot
jl45259071: doesn't show hand
*** SUMMARY ***
Total pot $18 | Rake $0.36
Board [5d Ac 4s Tc 7s]
Seat 1: jl45259071 (big blind) collected ($17.64)
Seat 2: Crspy Bacon (button) (small blind) folded on the River


PokerStars Hand #144615922059:  Hold'em Limit ($3/$6 USD) - 2015/11/30 12:22:55 ET
Table 'Aaltje' 2-max Seat #1 is the button
Seat 1: jl45259071 ($655.79 in chips)
Seat 2: Crspy Bacon ($87.70 in chips)
jl45259071: posts small blind $1
Crspy Bacon: posts big blind $3
*** HOLE CARDS ***
jl45259071: raises $3 to $6
Crspy Bacon: folds
Uncalled bet ($3) returned to jl45259071
jl45259071 collected $6 from pot
jl45259071: doesn't show hand
*** SUMMARY ***
Total pot $6 | Rake $0
Seat 1: jl45259071 (button) (small blind) collected ($6)
Seat 2: Crspy Bacon (big blind) folded before Flop


PokerStars Hand #144615909449:  Hold'em Limit ($3/$6 USD) - 2015/11/30 12:22:39 ET
Table 'Aaltje' 2-max Seat #2 is the button
Seat 1: jl45259071 ($685.79 in chips)
Seat 2: Crspy Bacon ($58.20 in chips)
Crspy Bacon: posts small blind $1
jl45259071: posts big blind $3
*** HOLE CARDS ***
Crspy Bacon: raises $3 to $6
jl45259071: raises $3 to $9
Crspy Bacon: calls $3
*** FLOP *** [5c Th Qs]
jl45259071: bets $3
Crspy Bacon: calls $3
*** TURN *** [5c Th Qs] [7d]
jl45259071: bets $6
Crspy Bacon: raises $6 to $12
jl45259071: calls $6
*** RIVER *** [5c Th Qs 7d] [9s]
jl45259071: checks
Crspy Bacon: bets $6
jl45259071: calls $6
*** SHOW DOWN ***
Crspy Bacon: shows [Tc 8h] (a pair of Tens)
jl45259071: mucks hand
Crspy Bacon collected $59.50 from pot
*** SUMMARY ***
Total pot $60 | Rake $0.50
Board [5c Th Qs 7d 9s]
Seat 1: jl45259071 (big blind) mucked
Seat 2: Crspy Bacon (button) (small blind) showed [Tc 8h] and won ($59.50) with a pair of Tens


PokerStars Hand #144615981767:  Hold'em Limit ($3/$6 USD) - 2015/11/30 12:24:07 ET
Table 'Aaltje' 2-max Seat #2 is the button
Seat 1: jl45259071 ($654.93 in chips)
Seat 2: Crspy Bacon ($87.20 in chips)
Crspy Bacon: posts small blind $1
jl45259071: posts big blind $3
*** HOLE CARDS ***
Crspy Bacon: raises $3 to $6
jl45259071: calls $3
*** FLOP *** [Jc Ts Ks]
jl45259071: checks
Crspy Bacon: bets $3
jl45259071: calls $3
*** TURN *** [Jc Ts Ks] [6s]
jl45259071: checks
Crspy Bacon: bets $6
jl45259071: folds
Uncalled bet ($6) returned to Crspy Bacon
Crspy Bacon collected $17.64 from pot
Crspy Bacon: doesn't show hand
*** SUMMARY ***
Total pot $18 | Rake $0.36
Board [Jc Ts Ks 6s]
Seat 1: jl45259071 (big blind) folded on the Turn
Seat 2: Crspy Bacon (button) (small blind) collected ($17.64)


PokerStars Hand #144615968373:  Hold'em Limit ($3/$6 USD) - 2015/11/30 12:23:51 ET
Table 'Aaltje' 2-max Seat #1 is the button
Seat 1: jl45259071 ($640.43 in chips)
Seat 2: Crspy Bacon ($102.20 in chips)
jl45259071: posts small blind $1
Crspy Bacon: posts big blind $3
*** HOLE CARDS ***
jl45259071: calls $2
Crspy Bacon: raises $3 to $6
jl45259071: calls $3
*** FLOP *** [6s 4c 9s]
Crspy Bacon: bets $3
jl45259071: calls $3
*** TURN *** [6s 4c 9s] [9h]
Crspy Bacon: bets $6
jl45259071: calls $6
*** RIVER *** [6s 4c 9s 9h] [As]
Crspy Bacon: checks
jl45259071: checks
*** SHOW DOWN ***
Crspy Bacon: shows [Qc Kh] (a pair of Nines)
jl45259071: shows [3c 4d] (two pair, Nines and Fours)
jl45259071 collected $29.50 from pot
*** SUMMARY ***
Total pot $30 | Rake $0.50
Board [6s 4c 9s 9h As]
Seat 1: jl45259071 (button) (small blind) showed [3c 4d] and won ($29.50) with two pair, Nines and Fours
Seat 2: Crspy Bacon (big blind) showed [Qc Kh] and lost with a pair of Nines


PokerStars Hand #144615963539:  Hold'em Limit ($3/$6 USD) - 2015/11/30 12:23:45 ET
Table 'Aaltje' 2-max Seat #2 is the button
Seat 1: jl45259071 ($643.43 in chips)
Seat 2: Crspy Bacon ($99.20 in chips)
Crspy Bacon: posts small blind $1
jl45259071: posts big blind $3
*** HOLE CARDS ***
Crspy Bacon: raises $3 to $6
jl45259071: folds
Uncalled bet ($3) returned to Crspy Bacon
Crspy Bacon collected $6 from pot
Crspy Bacon: doesn't show hand
*** SUMMARY ***
Total pot $6 | Rake $0
Seat 1: jl45259071 (big blind) folded before Flop
Seat 2: Crspy Bacon (button) (small blind) collected ($6)


PokerStars Hand #144616036935:  Hold'em Limit ($3/$6 USD) - 2015/11/30 12:25:14 ET
Table 'Aaltje' 2-max Seat #2 is the button
Seat 1: jl45259071 ($686.95 in chips)
Seat 2: Crspy Bacon ($53.60 in chips)
Crspy Bacon: posts small blind $1
jl45259071: posts big blind $3
*** HOLE CARDS ***
Crspy Bacon: raises $3 to $6
jl45259071: raises $3 to $9
Crspy Bacon: raises $3 to $12
Betting is capped
jl45259071: calls $3
*** FLOP *** [Kc 9s 8h]
jl45259071: checks
Crspy Bacon: bets $3
jl45259071: raises $3 to $6
Crspy Bacon: calls $3
*** TURN *** [Kc 9s 8h] [7s]
jl45259071: bets $6
Crspy Bacon: raises $6 to $12
jl45259071: raises $6 to $18
Crspy Bacon: calls $6
*** RIVER *** [Kc 9s 8h 7s] [2h]
jl45259071: bets $6
Crspy Bacon: calls $6
*** SHOW DOWN ***
jl45259071: shows [Ts Jd] (a straight, Seven to Jack)
Crspy Bacon: mucks hand
jl45259071 collected $83.50 from pot
*** SUMMARY ***
Total pot $84 | Rake $0.50
Board [Kc 9s 8h 7s 2h]
Seat 1: jl45259071 (big blind) showed [Ts Jd] and won ($83.50) with a straight, Seven to Jack
Seat 2: Crspy Bacon (button) (small blind) mucked


PokerStars Hand #144616029251:  Hold'em Limit ($3/$6 USD) - 2015/11/30 12:25:04 ET
Table 'Aaltje' 2-max Seat #1 is the button
Seat 1: jl45259071 ($692.95 in chips)
Seat 2: Crspy Bacon ($47.84 in chips)
jl45259071: posts small blind $1
Crspy Bacon: posts big blind $3
*** HOLE CARDS ***
jl45259071: calls $2
Crspy Bacon: raises $3 to $6
jl45259071: calls $3
*** FLOP *** [Qc 5h 2h]
Crspy Bacon: bets $3
jl45259071: folds
Uncalled bet ($3) returned to Crspy Bacon
Crspy Bacon collected $11.76 from pot
Crspy Bacon: doesn't show hand
*** SUMMARY ***
Total pot $12 | Rake $0.24
Board [Qc 5h 2h]
Seat 1: jl45259071 (button) (small blind) folded on the Flop
Seat 2: Crspy Bacon (big blind) collected ($11.76)


PokerStars Hand #144616016617:  Hold'em Limit ($3/$6 USD) - 2015/11/30 12:24:49 ET
Table 'Aaltje' 2-max Seat #2 is the button
Seat 1: jl45259071 ($681.43 in chips)
Seat 2: Crspy Bacon ($59.84 in chips)
Crspy Bacon: posts small blind $1
jl45259071: posts big blind $3
*** HOLE CARDS ***
Crspy Bacon: raises $3 to $6
jl45259071: calls $3
*** FLOP *** [3s 2d Jd]
jl45259071: checks
Crspy Bacon: bets $3
jl45259071: raises $3 to $6
Crspy Bacon: calls $3
*** TURN *** [3s 2d Jd] [8s]
jl45259071: checks
Crspy Bacon: checks
*** RIVER *** [3s 2d Jd 8s] [Ah]
jl45259071: bets $6
Crspy Bacon: folds
Uncalled bet ($6) returned to jl45259071
jl45259071 collected $23.52 from pot
jl45259071: doesn't show hand
*** SUMMARY ***
Total pot $24 | Rake $0.48
Board [3s 2d Jd 8s Ah]
Seat 1: jl45259071 (big blind) collected ($23.52)
Seat 2: Crspy Bacon (button) (small blind) folded on the River


PokerStars Hand #144615991662:  Hold'em Limit ($3/$6 USD) - 2015/11/30 12:24:19 ET
Table 'Aaltje' 2-max Seat #1 is the button
Seat 1: jl45259071 ($645.93 in chips)
Seat 2: Crspy Bacon ($95.84 in chips)
jl45259071: posts small blind $1
Crspy Bacon: posts big blind $3
*** HOLE CARDS ***
jl45259071: calls $2
Crspy Bacon: raises $3 to $6
jl45259071: calls $3
*** FLOP *** [6c 9c 8c]
Crspy Bacon: bets $3
jl45259071: raises $3 to $6
Crspy Bacon: raises $3 to $9
jl45259071: raises $3 to $12
Betting is capped
Crspy Bacon: calls $3
*** TURN *** [6c 9c 8c] [As]
Crspy Bacon: bets $6
jl45259071: calls $6
*** RIVER *** [6c 9c 8c As] [Ad]
Crspy Bacon: bets $6
jl45259071: raises $6 to $12
Crspy Bacon: calls $6
*** SHOW DOWN ***
jl45259071: shows [5c 7h] (a straight, Five to Nine)
Crspy Bacon: mucks hand
jl45259071 collected $71.50 from pot
*** SUMMARY ***
Total pot $72 | Rake $0.50
Board [6c 9c 8c As Ad]
Seat 1: jl45259071 (button) (small blind) showed [5c 7h] and won ($71.50) with a straight, Five to Nine
Seat 2: Crspy Bacon (big blind) mucked


PokerStars Hand #144616072986:  Hold'em Limit ($3/$6 USD) - 2015/11/30 12:25:57 ET
Table 'Aaltje' 2-max Seat #1 is the button
Seat 1: jl45259071 ($731.09 in chips)
Seat 2: Crspy Bacon ($170.76 in chips)
jl45259071: posts small blind $1
Crspy Bacon: posts big blind $3
*** HOLE CARDS ***
jl45259071: calls $2
Crspy Bacon: raises $3 to $6
jl45259071: calls $3
*** FLOP *** [5s 3s 2s]
Crspy Bacon: bets $3
jl45259071: raises $3 to $6
Crspy Bacon: calls $3
*** TURN *** [5s 3s 2s] [6s]
Crspy Bacon: checks
jl45259071: bets $6
Crspy Bacon: calls $6
*** RIVER *** [5s 3s 2s 6s] [2c]
Crspy Bacon: checks
jl45259071: bets $6
Crspy Bacon: calls $6
*** SHOW DOWN ***
jl45259071: shows [2h 3c] (a full house, Deuces full of Threes)
Crspy Bacon: mucks hand
jl45259071 collected $47.50 from pot
*** SUMMARY ***
Total pot $48 | Rake $0.50
Board [5s 3s 2s 6s 2c]
Seat 1: jl45259071 (button) (small blind) showed [2h 3c] and won ($47.50) with a full house, Deuces full of Threes
Seat 2: Crspy Bacon (big blind) mucked


PokerStars Hand #144616066100:  Hold'em Limit ($3/$6 USD) - 2015/11/30 12:25:48 ET
Table 'Aaltje' 2-max Seat #2 is the button
Seat 1: jl45259071 ($722.45 in chips)
Seat 2: Crspy Bacon ($179.76 in chips)
Crspy Bacon: posts small blind $1
jl45259071: posts big blind $3
*** HOLE CARDS ***
Crspy Bacon: raises $3 to $6
jl45259071: raises $3 to $9
Crspy Bacon: calls $3
*** FLOP *** [7c 6c Td]
jl45259071: bets $3
Crspy Bacon: folds
Uncalled bet ($3) returned to jl45259071
jl45259071 collected $17.64 from pot
jl45259071: doesn't show hand
*** SUMMARY ***
Total pot $18 | Rake $0.36
Board [7c 6c Td]
Seat 1: jl45259071 (big blind) collected ($17.64)
Seat 2: Crspy Bacon (button) (small blind) folded on the Flop


PokerStars Hand #144616054089:  Hold'em Limit ($3/$6 USD) - 2015/11/30 12:25:34 ET
Table 'Aaltje' 2-max Seat #1 is the button
Seat 1: jl45259071 ($728.45 in chips)
Seat 2: Crspy Bacon ($30 in chips)
jl45259071: posts small blind $1
Crspy Bacon: posts big blind $3
*** HOLE CARDS ***
jl45259071: calls $2
Crspy Bacon: checks
*** FLOP *** [Kc 5c 3h]
Crspy Bacon: checks
jl45259071: bets $3
Crspy Bacon: raises $3 to $6
jl45259071: folds
Uncalled bet ($3) returned to Crspy Bacon
Crspy Bacon collected $11.76 from pot
Crspy Bacon: doesn't show hand
*** SUMMARY ***
Total pot $12 | Rake $0.24
Board [Kc 5c 3h]
Seat 1: jl45259071 (button) (small blind) folded on the Flop
Seat 2: Crspy Bacon (big blind) collected ($11.76)


PokerStars Hand #144616096535:  Hold'em Limit ($3/$6 USD) - 2015/11/30 12:26:25 ET
Table 'Aaltje' 2-max Seat #2 is the button
Seat 1: jl45259071 ($754.59 in chips)
Seat 2: Crspy Bacon ($146.76 in chips)
Crspy Bacon: posts small blind $1
jl45259071: posts big blind $3
*** HOLE CARDS ***
Crspy Bacon: raises $3 to $6
jl45259071: calls $3
*** FLOP *** [8h 2s 3s]
jl45259071: checks
Crspy Bacon: bets $3
jl45259071: calls $3
*** TURN *** [8h 2s 3s] [2c]
jl45259071: checks
Crspy Bacon: bets $6
jl45259071: folds
Uncalled bet ($6) returned to Crspy Bacon
Crspy Bacon collected $17.64 from pot
Crspy Bacon: doesn't show hand
*** SUMMARY ***
Total pot $18 | Rake $0.36
Board [8h 2s 3s 2c]
Seat 1: jl45259071 (big blind) folded on the Turn
Seat 2: Crspy Bacon (button) (small blind) collected ($17.64)


PokerStars Hand #144616184636:  Hold'em Limit ($3/$6 USD) - 2015/11/30 12:28:12 ET
Table 'Aaltje' 2-max Seat #1 is the button
Seat 1: jl45259071 ($757.11 in chips)
Seat 2: Crspy Bacon ($143.40 in chips)
jl45259071: posts small blind $1
Crspy Bacon: posts big blind $3
*** HOLE CARDS ***
jl45259071: calls $2
Crspy Bacon: checks
*** FLOP *** [6c Kd 8h]
Crspy Bacon: bets $3
jl45259071: folds
Uncalled bet ($3) returned to Crspy Bacon
Crspy Bacon collected $5.88 from pot
Crspy Bacon: doesn't show hand
*** SUMMARY ***
Total pot $6 | Rake $0.12
Board [6c Kd 8h]
Seat 1: jl45259071 (button) (small blind) folded on the Flop
Seat 2: Crspy Bacon (big blind) collected ($5.88)


PokerStars Hand #144616166467:  Hold'em Limit ($3/$6 USD) - 2015/11/30 12:27:50 ET
Table 'Aaltje' 2-max Seat #2 is the button
Seat 1: jl45259071 ($751.35 in chips)
Seat 2: Crspy Bacon ($149.40 in chips)
Crspy Bacon: posts small blind $1
jl45259071: posts big blind $3
*** HOLE CARDS ***
Crspy Bacon: raises $3 to $6
jl45259071: calls $3
*** FLOP *** [7c 2d 9s]
jl45259071: bets $3
Crspy Bacon: folds
Uncalled bet ($3) returned to jl45259071
jl45259071 collected $11.76 from pot
jl45259071: doesn't show hand
*** SUMMARY ***
Total pot $12 | Rake $0.24
Board [7c 2d 9s]
Seat 1: jl45259071 (big blind) collected ($11.76)
Seat 2: Crspy Bacon (button) (small blind) folded on the Flop


PokerStars Hand #144616138219:  Hold'em Limit ($3/$6 USD) - 2015/11/30 12:27:16 ET
Table 'Aaltje' 2-max Seat #1 is the button
Seat 1: jl45259071 ($745.59 in chips)
Seat 2: Crspy Bacon ($155.40 in chips)
jl45259071: posts small blind $1
Crspy Bacon: posts big blind $3
*** HOLE CARDS ***
jl45259071: raises $3 to $6
Crspy Bacon: calls $3
*** FLOP *** [2d 9d Ad]
Crspy Bacon: checks
jl45259071: bets $3
Crspy Bacon: folds
Uncalled bet ($3) returned to jl45259071
jl45259071 collected $11.76 from pot
*** SUMMARY ***
Total pot $12 | Rake $0.24
Board [2d 9d Ad]
Seat 1: jl45259071 (button) (small blind) collected ($11.76)
Seat 2: Crspy Bacon (big blind) folded on the Flop


PokerStars Hand #144616224679:  Hold'em Limit ($3/$6 USD) - 2015/11/30 12:29:01 ET
Table 'Aaltje' 2-max Seat #1 is the button
Seat 1: jl45259071 ($753.86 in chips)
Seat 2: Crspy Bacon ($146.03 in chips)
jl45259071: posts small blind $1
Crspy Bacon: posts big blind $3
*** HOLE CARDS ***
jl45259071: raises $3 to $6
Crspy Bacon: raises $3 to $9
jl45259071: calls $3
*** FLOP *** [5c 7d 2h]
Crspy Bacon: checks
jl45259071: checks
*** TURN *** [5c 7d 2h] [5d]
Crspy Bacon: checks
jl45259071: bets $6
Crspy Bacon: folds
Uncalled bet ($6) returned to jl45259071
jl45259071 collected $17.64 from pot
jl45259071: doesn't show hand
*** SUMMARY ***
Total pot $18 | Rake $0.36
Board [5c 7d 2h 5d]
Seat 1: jl45259071 (button) (small blind) collected ($17.64)
Seat 2: Crspy Bacon (big blind) folded on the Turn


PokerStars Hand #144616197980:  Hold'em Limit ($3/$6 USD) - 2015/11/30 12:28:28 ET
Table 'Aaltje' 2-max Seat #2 is the button
Seat 1: jl45259071 ($754.11 in chips)
Seat 2: Crspy Bacon ($146.28 in chips)
Crspy Bacon: posts small blind $1
jl45259071: posts big blind $3
*** HOLE CARDS ***
Crspy Bacon: raises $3 to $6
jl45259071: calls $3
*** FLOP *** [3d 9s 4s]
jl45259071: bets $3
Crspy Bacon: calls $3
*** TURN *** [3d 9s 4s] [9h]
jl45259071: bets $6
Crspy Bacon: calls $6
*** RIVER *** [3d 9s 4s 9h] [Qs]
jl45259071: bets $6
Crspy Bacon: calls $6
*** SHOW DOWN ***
jl45259071: shows [Ad 4d] (two pair, Nines and Fours)
Crspy Bacon: shows [4c Ac] (two pair, Nines and Fours)
jl45259071 collected $20.75 from pot
Crspy Bacon collected $20.75 from pot
*** SUMMARY ***
Total pot $42 | Rake $0.50
Board [3d 9s 4s 9h Qs]
Seat 1: jl45259071 (big blind) showed [Ad 4d] and won ($20.75) with two pair, Nines and Fours
Seat 2: Crspy Bacon (button) (small blind) showed [4c Ac] and won ($20.75) with two pair, Nines and Fours


PokerStars Hand #144616294470:  Hold'em Limit ($3/$6 USD) - 2015/11/30 12:30:25 ET
Table 'Aaltje' 2-max Seat #2 is the button
Seat 1: jl45259071 ($762 in chips)
Seat 2: Crspy Bacon ($136.53 in chips)
Crspy Bacon: posts small blind $1
jl45259071: posts big blind $3
*** HOLE CARDS ***
Crspy Bacon: raises $3 to $6
jl45259071: folds
Uncalled bet ($3) returned to Crspy Bacon
Crspy Bacon collected $6 from pot
Crspy Bacon: doesn't show hand
*** SUMMARY ***
Total pot $6 | Rake $0
Seat 1: jl45259071 (big blind) folded before Flop
Seat 2: Crspy Bacon (button) (small blind) collected ($6)


PokerStars Hand #144616272770:  Hold'em Limit ($3/$6 USD) - 2015/11/30 12:29:59 ET
Table 'Aaltje' 2-max Seat #1 is the button
Seat 1: jl45259071 ($786 in chips)
Seat 2: Crspy Bacon ($113.03 in chips)
jl45259071: posts small blind $1
Crspy Bacon: posts big blind $3
*** HOLE CARDS ***
jl45259071: raises $3 to $6
Crspy Bacon: calls $3
*** FLOP *** [Kh 7c Js]
Crspy Bacon: checks
jl45259071: bets $3
Crspy Bacon: raises $3 to $6
jl45259071: calls $3
*** TURN *** [Kh 7c Js] [3c]
Crspy Bacon: bets $6
jl45259071: calls $6
*** RIVER *** [Kh 7c Js 3c] [4c]
Crspy Bacon: bets $6
jl45259071: calls $6
*** SHOW DOWN ***
Crspy Bacon: shows [4s Kd] (two pair, Kings and Fours)
jl45259071: mucks hand
Crspy Bacon collected $47.50 from pot
*** SUMMARY ***
Total pot $48 | Rake $0.50
Board [Kh 7c Js 3c 4c]
Seat 1: jl45259071 (button) (small blind) mucked
Seat 2: Crspy Bacon (big blind) showed [4s Kd] and won ($47.50) with two pair, Kings and Fours


PokerStars Hand #144616244074:  Hold'em Limit ($3/$6 USD) - 2015/11/30 12:29:24 ET
Table 'Aaltje' 2-max Seat #2 is the button
Seat 1: jl45259071 ($762.50 in chips)
Seat 2: Crspy Bacon ($137.03 in chips)
Crspy Bacon: posts small blind $1
jl45259071: posts big blind $3
*** HOLE CARDS ***
Crspy Bacon: raises $3 to $6
jl45259071: raises $3 to $9
Crspy Bacon: calls $3
*** FLOP *** [4d 5d 5h]
jl45259071: bets $3
Crspy Bacon: calls $3
*** TURN *** [4d 5d 5h] [6s]
jl45259071: bets $6
Crspy Bacon: calls $6
*** RIVER *** [4d 5d 5h 6s] [Jd]
jl45259071: bets $6
Crspy Bacon: calls $6
*** SHOW DOWN ***
jl45259071: shows [Ac 6d] (two pair, Sixes and Fives)
Crspy Bacon: mucks hand
jl45259071 collected $47.50 from pot
*** SUMMARY ***
Total pot $48 | Rake $0.50
Board [4d 5d 5h 6s Jd]
Seat 1: jl45259071 (big blind) showed [Ac 6d] and won ($47.50) with two pair, Sixes and Fives
Seat 2: Crspy Bacon (button) (small blind) mucked


PokerStars Hand #144616355124:  Hold'em Limit ($3/$6 USD) - 2015/11/30 12:31:38 ET
Table 'Aaltje' 2-max Seat #2 is the button
Seat 1: jl45259071 ($725.50 in chips)
Seat 2: Crspy Bacon ($171.53 in chips)
Crspy Bacon: posts small blind $1
jl45259071: posts big blind $3
*** HOLE CARDS ***
Crspy Bacon: raises $3 to $6
jl45259071: raises $3 to $9
Crspy Bacon: calls $3
*** FLOP *** [5s 8d 5h]
jl45259071: bets $3
Crspy Bacon: folds
Uncalled bet ($3) returned to jl45259071
jl45259071 collected $17.64 from pot
jl45259071: doesn't show hand
*** SUMMARY ***
Total pot $18 | Rake $0.36
Board [5s 8d 5h]
Seat 1: jl45259071 (big blind) collected ($17.64)
Seat 2: Crspy Bacon (button) (small blind) folded on the Flop


PokerStars Hand #144616340126:  Hold'em Limit ($3/$6 USD) - 2015/11/30 12:31:20 ET
Table 'Aaltje' 2-max Seat #1 is the button
Seat 1: jl45259071 ($705 in chips)
Seat 2: Crspy Bacon ($192.53 in chips)
jl45259071: posts small blind $1
Crspy Bacon: posts big blind $3
*** HOLE CARDS ***
jl45259071: calls $2
Crspy Bacon: raises $3 to $6
jl45259071: calls $3
*** FLOP *** [9h Td 2c]
Crspy Bacon: bets $3
jl45259071: calls $3
*** TURN *** [9h Td 2c] [5c]
Crspy Bacon: bets $6
jl45259071: raises $6 to $12
Crspy Bacon: calls $6
*** RIVER *** [9h Td 2c 5c] [7d]
Crspy Bacon: checks
jl45259071: bets $6
Crspy Bacon: folds
Uncalled bet ($6) returned to jl45259071
jl45259071 collected $41.50 from pot
jl45259071: doesn't show hand
*** SUMMARY ***
Total pot $42 | Rake $0.50
Board [9h Td 2c 5c 7d]
Seat 1: jl45259071 (button) (small blind) collected ($41.50)
Seat 2: Crspy Bacon (big blind) folded on the River


PokerStars Hand #144616324757:  Hold'em Limit ($3/$6 USD) - 2015/11/30 12:31:01 ET
Table 'Aaltje' 2-max Seat #2 is the button
Seat 1: jl45259071 ($735 in chips)
Seat 2: Crspy Bacon ($163.03 in chips)
Crspy Bacon: posts small blind $1
jl45259071: posts big blind $3
*** HOLE CARDS ***
Crspy Bacon: raises $3 to $6
jl45259071: calls $3
*** FLOP *** [5h 8d 5s]
jl45259071: checks
Crspy Bacon: bets $3
jl45259071: raises $3 to $6
Crspy Bacon: calls $3
*** TURN *** [5h 8d 5s] [3c]
jl45259071: bets $6
Crspy Bacon: calls $6
*** RIVER *** [5h 8d 5s 3c] [Th]
jl45259071: bets $6
Crspy Bacon: raises $6 to $12
jl45259071: calls $6
*** SHOW DOWN ***
Crspy Bacon: shows [Ts Ks] (two pair, Tens and Fives)
jl45259071: mucks hand
Crspy Bacon collected $59.50 from pot
*** SUMMARY ***
Total pot $60 | Rake $0.50
Board [5h 8d 5s 3c Th]
Seat 1: jl45259071 (big blind) mucked
Seat 2: Crspy Bacon (button) (small blind) showed [Ts Ks] and won ($59.50) with two pair, Tens and Fives


PokerStars Hand #144616301817:  Hold'em Limit ($3/$6 USD) - 2015/11/30 12:30:34 ET
Table 'Aaltje' 2-max Seat #1 is the button
Seat 1: jl45259071 ($759 in chips)
Seat 2: Crspy Bacon ($139.53 in chips)
jl45259071: posts small blind $1
Crspy Bacon: posts big blind $3
*** HOLE CARDS ***
jl45259071: raises $3 to $6
Crspy Bacon: calls $3
*** FLOP *** [6h 7c Ks]
Crspy Bacon: checks
jl45259071: bets $3
Crspy Bacon: raises $3 to $6
jl45259071: calls $3
*** TURN *** [6h 7c Ks] [5s]
Crspy Bacon: bets $6
jl45259071: calls $6
*** RIVER *** [6h 7c Ks 5s] [Jc]
Crspy Bacon: bets $6
jl45259071: calls $6
*** SHOW DOWN ***
Crspy Bacon: shows [Kd 7s] (two pair, Kings and Sevens)
jl45259071: mucks hand
Crspy Bacon collected $47.50 from pot
*** SUMMARY ***
Total pot $48 | Rake $0.50
Board [6h 7c Ks 5s Jc]
Seat 1: jl45259071 (button) (small blind) mucked
Seat 2: Crspy Bacon (big blind) showed [Kd 7s] and won ($47.50) with two pair, Kings and Sevens


PokerStars Hand #144616400834:  Hold'em Limit ($3/$6 USD) - 2015/11/30 12:32:33 ET
Table 'Aaltje' 2-max Seat #1 is the button
Seat 1: jl45259071 ($754.30 in chips)
Seat 2: Crspy Bacon ($141.53 in chips)
jl45259071: posts small blind $1
Crspy Bacon: posts big blind $3
*** HOLE CARDS ***
jl45259071: calls $2
Crspy Bacon: raises $3 to $6
jl45259071: calls $3
*** FLOP *** [2d 8h Th]
Crspy Bacon: bets $3
jl45259071: calls $3
*** TURN *** [2d 8h Th] [Qc]
Crspy Bacon: bets $6
jl45259071: calls $6
*** RIVER *** [2d 8h Th Qc] [Qh]
Crspy Bacon: checks
jl45259071: bets $6
Crspy Bacon: calls $6
*** SHOW DOWN ***
jl45259071: shows [6c 8s] (two pair, Queens and Eights)
Crspy Bacon: mucks hand
jl45259071 collected $41.50 from pot
*** SUMMARY ***
Total pot $42 | Rake $0.50
Board [2d 8h Th Qc Qh]
Seat 1: jl45259071 (button) (small blind) showed [6c 8s] and won ($41.50) with two pair, Queens and Eights
Seat 2: Crspy Bacon (big blind) mucked


PokerStars Hand #144616384731:  Hold'em Limit ($3/$6 USD) - 2015/11/30 12:32:13 ET
Table 'Aaltje' 2-max Seat #2 is the button
Seat 1: jl45259071 ($745.66 in chips)
Seat 2: Crspy Bacon ($150.53 in chips)
Crspy Bacon: posts small blind $1
jl45259071: posts big blind $3
*** HOLE CARDS ***
Crspy Bacon: raises $3 to $6
jl45259071: calls $3
*** FLOP *** [Qd Jh 7d]
jl45259071: checks
Crspy Bacon: bets $3
jl45259071: calls $3
*** TURN *** [Qd Jh 7d] [9c]
jl45259071: checks
Crspy Bacon: checks
*** RIVER *** [Qd Jh 7d 9c] [5d]
jl45259071: bets $6
Crspy Bacon: folds
Uncalled bet ($6) returned to jl45259071
jl45259071 collected $17.64 from pot
jl45259071: doesn't show hand
*** SUMMARY ***
Total pot $18 | Rake $0.36
Board [Qd Jh 7d 9c 5d]
Seat 1: jl45259071 (big blind) collected ($17.64)
Seat 2: Crspy Bacon (button) (small blind) folded on the River


PokerStars Hand #144616364773:  Hold'em Limit ($3/$6 USD) - 2015/11/30 12:31:49 ET
Table 'Aaltje' 2-max Seat #1 is the button
Seat 1: jl45259071 ($734.14 in chips)
Seat 2: Crspy Bacon ($162.53 in chips)
jl45259071: posts small blind $1
Crspy Bacon: posts big blind $3
*** HOLE CARDS ***
jl45259071: calls $2
Crspy Bacon: checks
*** FLOP *** [4d Jc 6h]
Crspy Bacon: checks
jl45259071: bets $3
Crspy Bacon: calls $3
*** TURN *** [4d Jc 6h] [9s]
Crspy Bacon: checks
jl45259071: checks
*** RIVER *** [4d Jc 6h 9s] [Tc]
Crspy Bacon: checks
jl45259071: bets $6
Crspy Bacon: calls $6
*** SHOW DOWN ***
jl45259071: shows [8h 7s] (a straight, Seven to Jack)
Crspy Bacon: mucks hand
jl45259071 collected $23.52 from pot
*** SUMMARY ***
Total pot $24 | Rake $0.48
Board [4d Jc 6h 9s Tc]
Seat 1: jl45259071 (button) (small blind) showed [8h 7s] and won ($23.52) with a straight, Seven to Jack
Seat 2: Crspy Bacon (big blind) mucked


PokerStars Hand #144616414826:  Hold'em Limit ($3/$6 USD) - 2015/11/30 12:32:50 ET
Table 'Aaltje' 2-max Seat #2 is the button
Seat 1: jl45259071 ($774.80 in chips)
Seat 2: Crspy Bacon ($120.53 in chips)
Crspy Bacon: posts small blind $1
jl45259071: posts big blind $3
*** HOLE CARDS ***
Crspy Bacon: raises $3 to $6
jl45259071: folds
Uncalled bet ($3) returned to Crspy Bacon
Crspy Bacon collected $6 from pot
Crspy Bacon: doesn't show hand
*** SUMMARY ***
Total pot $6 | Rake $0
Seat 1: jl45259071 (big blind) folded before Flop
Seat 2: Crspy Bacon (button) (small blind) collected ($6)


PokerStars Hand #144616437740:  Hold'em Limit ($3/$6 USD) - 2015/11/30 12:33:17 ET
Table 'Aaltje' 2-max Seat #1 is the button
Seat 1: jl45259071 ($748.80 in chips)
Seat 2: Crspy Bacon ($146.03 in chips)
jl45259071: posts small blind $1
Crspy Bacon: posts big blind $3
*** HOLE CARDS ***
jl45259071: raises $3 to $6
Crspy Bacon: calls $3
*** FLOP *** [Kd 6c 8c]
Crspy Bacon: checks
jl45259071: bets $3
Crspy Bacon: calls $3
*** TURN *** [Kd 6c 8c] [6h]
Crspy Bacon: checks
jl45259071: bets $6
Crspy Bacon: raises $6 to $12
jl45259071: calls $6
*** RIVER *** [Kd 6c 8c 6h] [3c]
Crspy Bacon: bets $6
jl45259071: calls $6
*** SHOW DOWN ***
Crspy Bacon: shows [4c 6d] (three of a kind, Sixes)
jl45259071: mucks hand
Crspy Bacon collected $53.50 from pot
*** SUMMARY ***
Total pot $54 | Rake $0.50
Board [Kd 6c 8c 6h 3c]
Seat 1: jl45259071 (button) (small blind) mucked
Seat 2: Crspy Bacon (big blind) showed [4c 6d] and won ($53.50) with three of a kind, Sixes


PokerStars Hand #144616433593:  Hold'em Limit ($3/$6 USD) - 2015/11/30 12:33:12 ET
Table 'Aaltje' 2-max Seat #2 is the button
Seat 1: jl45259071 ($747.80 in chips)
Seat 2: Crspy Bacon ($147.03 in chips)
Crspy Bacon: posts small blind $1
jl45259071: posts big blind $3
*** HOLE CARDS ***
Crspy Bacon: folds
Uncalled bet ($2) returned to jl45259071
jl45259071 collected $2 from pot
jl45259071: doesn't show hand
*** SUMMARY ***
Total pot $2 | Rake $0
Seat 1: jl45259071 (big blind) collected ($2)
Seat 2: Crspy Bacon (button) (small blind) folded before Flop


PokerStars Hand #144616420019:  Hold'em Limit ($3/$6 USD) - 2015/11/30 12:32:56 ET
Table 'Aaltje' 2-max Seat #1 is the button
Seat 1: jl45259071 ($771.80 in chips)
Seat 2: Crspy Bacon ($123.53 in chips)
jl45259071: posts small blind $1
Crspy Bacon: posts big blind $3
*** HOLE CARDS ***
jl45259071: raises $3 to $6
Crspy Bacon: calls $3
*** FLOP *** [7c 4c 6s]
Crspy Bacon: checks
jl45259071: bets $3
Crspy Bacon: raises $3 to $6
jl45259071: calls $3
*** TURN *** [7c 4c 6s] [3s]
Crspy Bacon: bets $6
jl45259071: calls $6
*** RIVER *** [7c 4c 6s 3s] [4s]
Crspy Bacon: bets $6
jl45259071: calls $6
*** SHOW DOWN ***
Crspy Bacon: shows [7h 4h] (a full house, Fours full of Sevens)
jl45259071: mucks hand
Crspy Bacon collected $47.50 from pot
*** SUMMARY ***
Total pot $48 | Rake $0.50
Board [7c 4c 6s 3s 4s]
Seat 1: jl45259071 (button) (small blind) mucked
Seat 2: Crspy Bacon (big blind) showed [7h 4h] and won ($47.50) with a full house, Fours full of Sevens


PokerStars Hand #144616452386:  Hold'em Limit ($3/$6 USD) - 2015/11/30 12:33:34 ET
Table 'Aaltje' 2-max Seat #2 is the button
Seat 1: jl45259071 ($721.80 in chips)
Seat 2: Crspy Bacon ($172.53 in chips)
Crspy Bacon: posts small blind $1
jl45259071: posts big blind $3
*** HOLE CARDS ***
Crspy Bacon: raises $3 to $6
jl45259071: calls $3
*** FLOP *** [9c 5d Jd]
jl45259071: checks
Crspy Bacon: bets $3
jl45259071: calls $3
*** TURN *** [9c 5d Jd] [5s]
jl45259071: checks
Crspy Bacon: bets $6
jl45259071: raises $6 to $12
Crspy Bacon: calls $6
*** RIVER *** [9c 5d Jd 5s] [Ah]
jl45259071: bets $6
Crspy Bacon: folds
Uncalled bet ($6) returned to jl45259071
jl45259071 collected $41.50 from pot
jl45259071: doesn't show hand
*** SUMMARY ***
Total pot $42 | Rake $0.50
Board [9c 5d Jd 5s Ah]
Seat 1: jl45259071 (big blind) collected ($41.50)
Seat 2: Crspy Bacon (button) (small blind) folded on the River


PokerStars Hand #144616496972:  Hold'em Limit ($3/$6 USD) - 2015/11/30 12:34:28 ET
Table 'Aaltje' 2-max Seat #1 is the button
Seat 1: jl45259071 ($765.44 in chips)
Seat 2: Crspy Bacon ($127.53 in chips)
jl45259071: posts small blind $1
Crspy Bacon: posts big blind $3
*** HOLE CARDS ***
jl45259071: calls $2
Crspy Bacon: checks
*** FLOP *** [9h 3d Qh]
Crspy Bacon: checks
jl45259071: checks
*** TURN *** [9h 3d Qh] [6h]
Crspy Bacon: bets $6
jl45259071: calls $6
*** RIVER *** [9h 3d Qh 6h] [8c]
Crspy Bacon: bets $6
jl45259071: calls $6
*** SHOW DOWN ***
Crspy Bacon: shows [Qc 6d] (two pair, Queens and Sixes)
jl45259071: mucks hand
Crspy Bacon collected $29.50 from pot
*** SUMMARY ***
Total pot $30 | Rake $0.50
Board [9h 3d Qh 6h 8c]
Seat 1: jl45259071 (button) (small blind) mucked
Seat 2: Crspy Bacon (big blind) showed [Qc 6d] and won ($29.50) with two pair, Queens and Sixes


PokerStars Hand #144616482481:  Hold'em Limit ($3/$6 USD) - 2015/11/30 12:34:10 ET
Table 'Aaltje' 2-max Seat #2 is the button
Seat 1: jl45259071 ($750.94 in chips)
Seat 2: Crspy Bacon ($142.53 in chips)
Crspy Bacon: posts small blind $1
jl45259071: posts big blind $3
*** HOLE CARDS ***
Crspy Bacon: raises $3 to $6
jl45259071: calls $3
*** FLOP *** [9h Th 2h]
jl45259071: checks
Crspy Bacon: bets $3
jl45259071: calls $3
*** TURN *** [9h Th 2h] [6c]
jl45259071: checks
Crspy Bacon: bets $6
jl45259071: calls $6
*** RIVER *** [9h Th 2h 6c] [8s]
jl45259071: checks
Crspy Bacon: checks
*** SHOW DOWN ***
jl45259071: shows [9s 8d] (two pair, Nines and Eights)
Crspy Bacon: mucks hand
jl45259071 collected $29.50 from pot
*** SUMMARY ***
Total pot $30 | Rake $0.50
Board [9h Th 2h 6c 8s]
Seat 1: jl45259071 (big blind) showed [9s 8d] and won ($29.50) with two pair, Nines and Eights
Seat 2: Crspy Bacon (button) (small blind) mucked


PokerStars Hand #144616469917:  Hold'em Limit ($3/$6 USD) - 2015/11/30 12:33:55 ET
Table 'Aaltje' 2-max Seat #1 is the button
Seat 1: jl45259071 ($742.30 in chips)
Seat 2: Crspy Bacon ($151.53 in chips)
jl45259071: posts small blind $1
Crspy Bacon: posts big blind $3
*** HOLE CARDS ***
jl45259071: raises $3 to $6
Crspy Bacon: calls $3
*** FLOP *** [Jd 5s 9h]
Crspy Bacon: checks
jl45259071: bets $3
Crspy Bacon: calls $3
*** TURN *** [Jd 5s 9h] [2h]
Crspy Bacon: checks
jl45259071: checks
*** RIVER *** [Jd 5s 9h 2h] [5c]
Crspy Bacon: checks
jl45259071: checks
*** SHOW DOWN ***
Crspy Bacon: shows [6c Kc] (a pair of Fives)
jl45259071: shows [4s As] (a pair of Fives - Ace kicker)
jl45259071 collected $17.64 from pot
*** SUMMARY ***
Total pot $18 | Rake $0.36
Board [Jd 5s 9h 2h 5c]
Seat 1: jl45259071 (button) (small blind) showed [4s As] and won ($17.64) with a pair of Fives
Seat 2: Crspy Bacon (big blind) showed [6c Kc] and lost with a pair of Fives


PokerStars Hand #144616515740:  Hold'em Limit ($3/$6 USD) - 2015/11/30 12:34:50 ET
Table 'Aaltje' 2-max Seat #2 is the button
Seat 1: jl45259071 ($750.44 in chips)
Seat 2: Crspy Bacon ($142.03 in chips)
Crspy Bacon: posts small blind $1
jl45259071: posts big blind $3
*** HOLE CARDS ***
Crspy Bacon: raises $3 to $6
jl45259071: calls $3
*** FLOP *** [2s Ks 5c]
jl45259071: checks
Crspy Bacon: bets $3
jl45259071: calls $3
*** TURN *** [2s Ks 5c] [8h]
jl45259071: checks
Crspy Bacon: bets $6
jl45259071: folds
Uncalled bet ($6) returned to Crspy Bacon
Crspy Bacon collected $17.64 from pot
Crspy Bacon: doesn't show hand
*** SUMMARY ***
Total pot $18 | Rake $0.36
Board [2s Ks 5c 8h]
Seat 1: jl45259071 (big blind) folded on the Turn
Seat 2: Crspy Bacon (button) (small blind) collected ($17.64)


PokerStars Hand #144616540698:  Hold'em Limit ($3/$6 USD) - 2015/11/30 12:35:20 ET
Table 'Aaltje' 2-max Seat #1 is the button
Seat 1: jl45259071 ($741.44 in chips)
Seat 2: Crspy Bacon ($150.67 in chips)
jl45259071: posts small blind $1
Crspy Bacon: posts big blind $3
*** HOLE CARDS ***
jl45259071: calls $2
Crspy Bacon: raises $3 to $6
jl45259071: calls $3
*** FLOP *** [8h Qs 4h]
Crspy Bacon: bets $3
jl45259071: folds
Uncalled bet ($3) returned to Crspy Bacon
Crspy Bacon collected $11.76 from pot
Crspy Bacon: doesn't show hand
*** SUMMARY ***
Total pot $12 | Rake $0.24
Board [8h Qs 4h]
Seat 1: jl45259071 (button) (small blind) folded on the Flop
Seat 2: Crspy Bacon (big blind) collected ($11.76)


PokerStars Hand #144616550274:  Hold'em Limit ($3/$6 USD) - 2015/11/30 12:35:31 ET
Table 'Aaltje' 2-max Seat #2 is the button
Seat 1: jl45259071 ($735.44 in chips)
Seat 2: Crspy Bacon ($156.43 in chips)
Crspy Bacon: posts small blind $1
jl45259071: posts big blind $3
*** HOLE CARDS ***
Crspy Bacon: raises $3 to $6
jl45259071: calls $3
*** FLOP *** [8d As 7d]
jl45259071: checks
Crspy Bacon: bets $3
jl45259071: folds
Uncalled bet ($3) returned to Crspy Bacon
Crspy Bacon collected $11.76 from pot
Crspy Bacon: doesn't show hand
*** SUMMARY ***
Total pot $12 | Rake $0.24
Board [8d As 7d]
Seat 1: jl45259071 (big blind) folded on the Flop
Seat 2: Crspy Bacon (button) (small blind) collected ($11.76)


PokerStars Hand #144616582752:  Hold'em Limit ($3/$6 USD) - 2015/11/30 12:36:10 ET
Table 'Aaltje' 2-max Seat #1 is the button
Seat 1: jl45259071 ($729.44 in chips)
Seat 2: Crspy Bacon ($162.19 in chips)
jl45259071: posts small blind $1
Crspy Bacon: posts big blind $3
*** HOLE CARDS ***
jl45259071: calls $2
Crspy Bacon: checks
*** FLOP *** [9d Ks Ts]
Crspy Bacon: bets $3
jl45259071: folds
Uncalled bet ($3) returned to Crspy Bacon
Crspy Bacon collected $5.88 from pot
Crspy Bacon: doesn't show hand
*** SUMMARY ***
Total pot $6 | Rake $0.12
Board [9d Ks Ts]
Seat 1: jl45259071 (button) (small blind) folded on the Flop
Seat 2: Crspy Bacon (big blind) collected ($5.88)


PokerStars Hand #144616591281:  Hold'em Limit ($3/$6 USD) - 2015/11/30 12:36:20 ET
Table 'Aaltje' 2-max Seat #2 is the button
Seat 1: jl45259071 ($726.44 in chips)
Seat 2: Crspy Bacon ($165.07 in chips)
Crspy Bacon: posts small blind $1
jl45259071: posts big blind $3
*** HOLE CARDS ***
Crspy Bacon: raises $3 to $6
jl45259071: raises $3 to $9
Crspy Bacon: calls $3
*** FLOP *** [Qh 7d 3s]
jl45259071: checks
Crspy Bacon: checks
*** TURN *** [Qh 7d 3s] [4c]
jl45259071: bets $6
Crspy Bacon: folds
Uncalled bet ($6) returned to jl45259071
jl45259071 collected $17.64 from pot
jl45259071: doesn't show hand
*** SUMMARY ***
Total pot $18 | Rake $0.36
Board [Qh 7d 3s 4c]
Seat 1: jl45259071 (big blind) collected ($17.64)
Seat 2: Crspy Bacon (button) (small blind) folded on the Turn


PokerStars Hand #144616618864:  Hold'em Limit ($3/$6 USD) - 2015/11/30 12:36:53 ET
Table 'Aaltje' 2-max Seat #2 is the button
Seat 1: jl45259071 ($737.96 in chips)
Seat 2: Crspy Bacon ($153.07 in chips)
Crspy Bacon: posts small blind $1
jl45259071: posts big blind $3
*** HOLE CARDS ***
Crspy Bacon: raises $3 to $6
jl45259071: calls $3
*** FLOP *** [5c Js 7s]
jl45259071: checks
Crspy Bacon: bets $3
jl45259071: raises $3 to $6
Crspy Bacon: calls $3
*** TURN *** [5c Js 7s] [2h]
jl45259071: bets $6
Crspy Bacon: calls $6
*** RIVER *** [5c Js 7s 2h] [Th]
jl45259071: bets $6
Crspy Bacon: raises $6 to $12
jl45259071: calls $6
*** SHOW DOWN ***
Crspy Bacon: shows [Tc Td] (three of a kind, Tens)
jl45259071: mucks hand
Crspy Bacon collected $59.50 from pot
*** SUMMARY ***
Total pot $60 | Rake $0.50
Board [5c Js 7s 2h Th]
Seat 1: jl45259071 (big blind) mucked
Seat 2: Crspy Bacon (button) (small blind) showed [Tc Td] and won ($59.50) with three of a kind, Tens


PokerStars Hand #144616634172:  Hold'em Limit ($3/$6 USD) - 2015/11/30 12:37:12 ET
Table 'Aaltje' 2-max Seat #1 is the button
Seat 1: jl45259071 ($707.96 in chips)
Seat 2: Crspy Bacon ($182.57 in chips)
jl45259071: posts small blind $1
Crspy Bacon: posts big blind $3
*** HOLE CARDS ***
jl45259071: raises $3 to $6
Crspy Bacon: calls $3
*** FLOP *** [Ac 8s 4s]
Crspy Bacon: checks
jl45259071: bets $3
Crspy Bacon: calls $3
*** TURN *** [Ac 8s 4s] [5d]
Crspy Bacon: checks
jl45259071: bets $6
Crspy Bacon: folds
Uncalled bet ($6) returned to jl45259071
jl45259071 collected $17.64 from pot
jl45259071: doesn't show hand
*** SUMMARY ***
Total pot $18 | Rake $0.36
Board [Ac 8s 4s 5d]
Seat 1: jl45259071 (button) (small blind) collected ($17.64)
Seat 2: Crspy Bacon (big blind) folded on the Turn


PokerStars Hand #144616644947:  Hold'em Limit ($3/$6 USD) - 2015/11/30 12:37:24 ET
Table 'Aaltje' 2-max Seat #2 is the button
Seat 1: jl45259071 ($716.60 in chips)
Seat 2: Crspy Bacon ($173.57 in chips)
Crspy Bacon: posts small blind $1
jl45259071: posts big blind $3
*** HOLE CARDS ***
Crspy Bacon: raises $3 to $6
jl45259071: calls $3
*** FLOP *** [4h 8s 7d]
jl45259071: checks
Crspy Bacon: bets $3
jl45259071: calls $3
*** TURN *** [4h 8s 7d] [5c]
jl45259071: checks
Crspy Bacon: bets $6
jl45259071: calls $6
*** RIVER *** [4h 8s 7d 5c] [3d]
jl45259071: checks
Crspy Bacon: bets $6
jl45259071: calls $6
*** SHOW DOWN ***
Crspy Bacon: shows [Ac 8h] (a pair of Eights)
jl45259071: mucks hand
Crspy Bacon collected $41.50 from pot
*** SUMMARY ***
Total pot $42 | Rake $0.50
Board [4h 8s 7d 5c 3d]
Seat 1: jl45259071 (big blind) mucked
Seat 2: Crspy Bacon (button) (small blind) showed [Ac 8h] and won ($41.50) with a pair of Eights


PokerStars Hand #144616609355:  Hold'em Limit ($3/$6 USD) - 2015/11/30 12:36:42 ET
Table 'Aaltje' 2-max Seat #1 is the button
Seat 1: jl45259071 ($735.08 in chips)
Seat 2: Crspy Bacon ($156.07 in chips)
jl45259071: posts small blind $1
Crspy Bacon: posts big blind $3
*** HOLE CARDS ***
jl45259071: calls $2
Crspy Bacon: checks
*** FLOP *** [5d 2d Td]
Crspy Bacon: checks
jl45259071: bets $3
Crspy Bacon: folds
Uncalled bet ($3) returned to jl45259071
jl45259071 collected $5.88 from pot
jl45259071: doesn't show hand
*** SUMMARY ***
Total pot $6 | Rake $0.12
Board [5d 2d Td]
Seat 1: jl45259071 (button) (small blind) collected ($5.88)
Seat 2: Crspy Bacon (big blind) folded on the Flop


PokerStars Hand #144616672170:  Hold'em Limit ($3/$6 USD) - 2015/11/30 12:37:57 ET
Table 'Aaltje' 2-max Seat #2 is the button
Seat 1: jl45259071 ($701.36 in chips)
Seat 2: Crspy Bacon ($188.07 in chips)
Crspy Bacon: posts small blind $1
jl45259071: posts big blind $3
*** HOLE CARDS ***
Crspy Bacon: raises $3 to $6
jl45259071: calls $3
*** FLOP *** [9d 8s 4c]
jl45259071: checks
Crspy Bacon: bets $3
jl45259071: raises $3 to $6
Crspy Bacon: raises $3 to $9
jl45259071: raises $3 to $12
Betting is capped
Crspy Bacon: calls $3
*** TURN *** [9d 8s 4c] [As]
jl45259071: bets $6
Crspy Bacon: calls $6
*** RIVER *** [9d 8s 4c As] [3h]
jl45259071: bets $6
Crspy Bacon: raises $6 to $12
jl45259071: raises $6 to $18
Crspy Bacon: folds
Uncalled bet ($6) returned to jl45259071
jl45259071 collected $71.50 from pot
jl45259071: doesn't show hand
*** SUMMARY ***
Total pot $72 | Rake $0.50
Board [9d 8s 4c As 3h]
Seat 1: jl45259071 (big blind) collected ($71.50)
Seat 2: Crspy Bacon (button) (small blind) folded on the River


PokerStars Hand #144616692189:  Hold'em Limit ($3/$6 USD) - 2015/11/30 12:38:20 ET
Table 'Aaltje' 2-max Seat #1 is the button
Seat 1: jl45259071 ($736.86 in chips)
Seat 2: Crspy Bacon ($152.07 in chips)
jl45259071: posts small blind $1
Crspy Bacon: posts big blind $3
*** HOLE CARDS ***
jl45259071: calls $2
Crspy Bacon: checks
*** FLOP *** [3h 6h 9s]
Crspy Bacon: bets $3
jl45259071: calls $3
*** TURN *** [3h 6h 9s] [8h]
Crspy Bacon: bets $6
jl45259071: calls $6
*** RIVER *** [3h 6h 9s 8h] [7h]
Crspy Bacon: bets $6
jl45259071: raises $6 to $12
Crspy Bacon: raises $6 to $18
jl45259071: folds
Uncalled bet ($6) returned to Crspy Bacon
Crspy Bacon collected $47.50 from pot
Crspy Bacon: doesn't show hand
*** SUMMARY ***
Total pot $48 | Rake $0.50
Board [3h 6h 9s 8h 7h]
Seat 1: jl45259071 (button) (small blind) folded on the River
Seat 2: Crspy Bacon (big blind) collected ($47.50)


PokerStars Hand #144616707289:  Hold'em Limit ($3/$6 USD) - 2015/11/30 12:38:39 ET
Table 'Aaltje' 2-max Seat #2 is the button
Seat 1: jl45259071 ($712.86 in chips)
Seat 2: Crspy Bacon ($175.57 in chips)
Crspy Bacon: posts small blind $1
jl45259071: posts big blind $3
*** HOLE CARDS ***
Crspy Bacon: raises $3 to $6
jl45259071: calls $3
*** FLOP *** [7s 8s 5c]
jl45259071: checks
Crspy Bacon: bets $3
jl45259071: calls $3
*** TURN *** [7s 8s 5c] [Jh]
jl45259071: checks
Crspy Bacon: bets $6
jl45259071: folds
Uncalled bet ($6) returned to Crspy Bacon
Crspy Bacon collected $17.64 from pot
Crspy Bacon: doesn't show hand
*** SUMMARY ***
Total pot $18 | Rake $0.36
Board [7s 8s 5c Jh]
Seat 1: jl45259071 (big blind) folded on the Turn
Seat 2: Crspy Bacon (button) (small blind) collected ($17.64)


PokerStars Hand #144616660935:  Hold'em Limit ($3/$6 USD) - 2015/11/30 12:37:43 ET
Table 'Aaltje' 2-max Seat #1 is the button
Seat 1: jl45259071 ($695.60 in chips)
Seat 2: Crspy Bacon ($194.07 in chips)
jl45259071: posts small blind $1
Crspy Bacon: posts big blind $3
*** HOLE CARDS ***
jl45259071: raises $3 to $6
Crspy Bacon: calls $3
*** FLOP *** [3h 8c 9d]
Crspy Bacon: checks
jl45259071: bets $3
Crspy Bacon: folds
Uncalled bet ($3) returned to jl45259071
jl45259071 collected $11.76 from pot
jl45259071: doesn't show hand
*** SUMMARY ***
Total pot $12 | Rake $0.24
Board [3h 8c 9d]
Seat 1: jl45259071 (button) (small blind) collected ($11.76)
Seat 2: Crspy Bacon (big blind) folded on the Flop


PokerStars Hand #144616718613:  Hold'em Limit ($3/$6 USD) - 2015/11/30 12:38:52 ET
Table 'Aaltje' 2-max Seat #1 is the button
Seat 1: jl45259071 ($703.86 in chips)
Seat 2: Crspy Bacon ($184.21 in chips)
jl45259071: posts small blind $1
Crspy Bacon: posts big blind $3
*** HOLE CARDS ***
jl45259071: calls $2
Crspy Bacon: raises $3 to $6
jl45259071: calls $3
*** FLOP *** [4s Td Qc]
Crspy Bacon: bets $3
jl45259071: folds
Uncalled bet ($3) returned to Crspy Bacon
Crspy Bacon collected $11.76 from pot
Crspy Bacon: doesn't show hand
*** SUMMARY ***
Total pot $12 | Rake $0.24
Board [4s Td Qc]
Seat 1: jl45259071 (button) (small blind) folded on the Flop
Seat 2: Crspy Bacon (big blind) collected ($11.76)


PokerStars Hand #144616729321:  Hold'em Limit ($3/$6 USD) - 2015/11/30 12:39:05 ET
Table 'Aaltje' 2-max Seat #2 is the button
Seat 1: jl45259071 ($697.86 in chips)
Seat 2: Crspy Bacon ($189.97 in chips)
Crspy Bacon: posts small blind $1
jl45259071: posts big blind $3
*** HOLE CARDS ***
Crspy Bacon: raises $3 to $6
jl45259071: raises $3 to $9
Crspy Bacon: calls $3
*** FLOP *** [9d 8d Jh]
jl45259071: bets $3
Crspy Bacon: calls $3
*** TURN *** [9d 8d Jh] [3c]
jl45259071: checks
Crspy Bacon: bets $6
jl45259071: calls $6
*** RIVER *** [9d 8d Jh 3c] [Ah]
jl45259071: checks
Crspy Bacon: bets $6
jl45259071: calls $6
*** SHOW DOWN ***
Crspy Bacon: shows [2d Js] (a pair of Jacks)
jl45259071: mucks hand
Crspy Bacon collected $47.50 from pot
*** SUMMARY ***
Total pot $48 | Rake $0.50
Board [9d 8d Jh 3c Ah]
Seat 1: jl45259071 (big blind) mucked
Seat 2: Crspy Bacon (button) (small blind) showed [2d Js] and won ($47.50) with a pair of Jacks


PokerStars Hand #144616764631:  Hold'em Limit ($3/$6 USD) - 2015/11/30 12:39:47 ET
Table 'Aaltje' 2-max Seat #2 is the button
Seat 1: jl45259071 ($646.86 in chips)
Seat 2: Crspy Bacon ($239.97 in chips)
Crspy Bacon: posts small blind $1
jl45259071: posts big blind $3
*** HOLE CARDS ***
Crspy Bacon: folds
Uncalled bet ($2) returned to jl45259071
jl45259071 collected $2 from pot
jl45259071: doesn't show hand
*** SUMMARY ***
Total pot $2 | Rake $0
Seat 1: jl45259071 (big blind) collected ($2)
Seat 2: Crspy Bacon (button) (small blind) folded before Flop


PokerStars Hand #144616745937:  Hold'em Limit ($3/$6 USD) - 2015/11/30 12:39:25 ET
Table 'Aaltje' 2-max Seat #1 is the button
Seat 1: jl45259071 ($673.86 in chips)
Seat 2: Crspy Bacon ($213.47 in chips)
jl45259071: posts small blind $1
Crspy Bacon: posts big blind $3
*** HOLE CARDS ***
jl45259071: calls $2
Crspy Bacon: raises $3 to $6
jl45259071: calls $3
*** FLOP *** [2c 7h 8s]
Crspy Bacon: checks
jl45259071: bets $3
Crspy Bacon: calls $3
*** TURN *** [2c 7h 8s] [6d]
Crspy Bacon: checks
jl45259071: bets $6
Crspy Bacon: raises $6 to $12
jl45259071: calls $6
*** RIVER *** [2c 7h 8s 6d] [8c]
Crspy Bacon: bets $6
jl45259071: calls $6
*** SHOW DOWN ***
Crspy Bacon: shows [5c 9c] (a straight, Five to Nine)
jl45259071: mucks hand
Crspy Bacon collected $53.50 from pot
*** SUMMARY ***
Total pot $54 | Rake $0.50
Board [2c 7h 8s 6d 8c]
Seat 1: jl45259071 (button) (small blind) mucked
Seat 2: Crspy Bacon (big blind) showed [5c 9c] and won ($53.50) with a straight, Five to Nine


PokerStars Hand #144616769065:  Hold'em Limit ($3/$6 USD) - 2015/11/30 12:39:53 ET
Table 'Aaltje' 2-max Seat #1 is the button
Seat 1: jl45259071 ($647.86 in chips)
Seat 2: Crspy Bacon ($238.97 in chips)
jl45259071: posts small blind $1
Crspy Bacon: posts big blind $3
*** HOLE CARDS ***
jl45259071: calls $2
Crspy Bacon: checks
*** FLOP *** [2s 6h 9c]
Crspy Bacon: bets $3
jl45259071: calls $3
*** TURN *** [2s 6h 9c] [Js]
Crspy Bacon: checks
jl45259071: checks
*** RIVER *** [2s 6h 9c Js] [4c]
Crspy Bacon: checks
jl45259071: bets $6
Crspy Bacon: folds
Uncalled bet ($6) returned to jl45259071
jl45259071 collected $11.76 from pot
jl45259071: doesn't show hand
*** SUMMARY ***
Total pot $12 | Rake $0.24
Board [2s 6h 9c Js 4c]
Seat 1: jl45259071 (button) (small blind) collected ($11.76)
Seat 2: Crspy Bacon (big blind) folded on the River


PokerStars Hand #144616789519:  Hold'em Limit ($3/$6 USD) - 2015/11/30 12:40:17 ET
Table 'Aaltje' 2-max Seat #2 is the button
Seat 1: jl45259071 ($653.62 in chips)
Seat 2: Crspy Bacon ($232.97 in chips)
Crspy Bacon: posts small blind $1
jl45259071: posts big blind $3
*** HOLE CARDS ***
Crspy Bacon: raises $3 to $6
jl45259071: calls $3
*** FLOP *** [9h Qs Ts]
jl45259071: checks
Crspy Bacon: bets $3
jl45259071: calls $3
*** TURN *** [9h Qs Ts] [Kh]
jl45259071: checks
Crspy Bacon: bets $6
jl45259071: folds
Uncalled bet ($6) returned to Crspy Bacon
jl45259071 leaves the table
Crspy Bacon collected $17.64 from pot
Crspy Bacon: doesn't show hand
*** SUMMARY ***
Total pot $18 | Rake $0.36
Board [9h Qs Ts Kh]
Seat 1: jl45259071 (big blind) folded on the Turn
Seat 2: Crspy Bacon (button) (small blind) collected ($17.64)


