PokerStars Hand #159675143455:  Hold'em Limit ($3/$6 USD) - 2016/10/09 2:49:20 ET
Table 'Aaltje' 6-max Seat #6 is the button
Seat 4: Agrotait ($72 in chips)
Seat 6: ajbooomX ($120 in chips)
ajbooomX: posts small blind $1
Agrotait: posts big blind $3
*** HOLE CARDS ***
ajbooomX: raises $3 to $6
Agrotait: calls $3
*** FLOP *** [Jd Ad 7c]
Agrotait: checks
ajbooomX: checks
*** TURN *** [Jd Ad 7c] [3s]
Agrotait: checks
ajbooomX: bets $6
Agrotait: folds
Uncalled bet ($6) returned to ajbooomX
ajbooomX collected $11.76 from pot
*** SUMMARY ***
Total pot $12 | Rake $0.24
Board [Jd Ad 7c 3s]
Seat 4: Agrotait (big blind) folded on the Turn
Seat 6: ajbooomX (button) (small blind) collected ($11.76)


PokerStars Hand #159675161315:  Hold'em Limit ($3/$6 USD) - 2016/10/09 2:50:28 ET
Table 'Aaltje' 6-max Seat #4 is the button
Seat 4: Agrotait ($66 in chips)
Seat 6: ajbooomX ($125.76 in chips)
Agrotait: posts small blind $1
ajbooomX: posts big blind $3
*** HOLE CARDS ***
Agrotait: raises $3 to $6
ajbooomX: calls $3
*** FLOP *** [Qd Qh 2s]
ajbooomX: checks
Agrotait: bets $3
ajbooomX: folds
Uncalled bet ($3) returned to Agrotait
Agrotait collected $11.76 from pot
Agrotait: doesn't show hand
*** SUMMARY ***
Total pot $12 | Rake $0.24
Board [Qd Qh 2s]
Seat 4: Agrotait (button) (small blind) collected ($11.76)
Seat 6: ajbooomX (big blind) folded on the Flop


PokerStars Hand #159675173003:  Hold'em Limit ($3/$6 USD) - 2016/10/09 2:51:13 ET
Table 'Aaltje' 6-max Seat #6 is the button
Seat 4: Agrotait ($64.76 in chips)
Seat 6: ajbooomX ($126.52 in chips)
ajbooomX: posts small blind $1
Agrotait: posts big blind $3
*** HOLE CARDS ***
ajbooomX: raises $3 to $6
Agrotait: calls $3
*** FLOP *** [Th Ts 5s]
Agrotait: checks
ajbooomX: checks
*** TURN *** [Th Ts 5s] [3c]
Agrotait: bets $6
ajbooomX: calls $6
*** RIVER *** [Th Ts 5s 3c] [Js]
Agrotait: bets $6
ajbooomX: calls $6
*** SHOW DOWN ***
Agrotait: shows [6s Ks] (a flush, King high)
ajbooomX: mucks hand
Agrotait collected $35.50 from pot
*** SUMMARY ***
Total pot $36 | Rake $0.50
Board [Th Ts 5s 3c Js]
Seat 4: Agrotait (big blind) showed [6s Ks] and won ($35.50) with a flush, King high
Seat 6: ajbooomX (button) (small blind) mucked


PokerStars Hand #159675171511:  Hold'em Limit ($3/$6 USD) - 2016/10/09 2:51:07 ET
Table 'Aaltje' 6-max Seat #4 is the button
Seat 4: Agrotait ($65.76 in chips)
Seat 6: ajbooomX ($125.52 in chips)
Agrotait: posts small blind $1
ajbooomX: posts big blind $3
*** HOLE CARDS ***
Agrotait: folds
Uncalled bet ($2) returned to ajbooomX
ajbooomX collected $2 from pot
*** SUMMARY ***
Total pot $2 | Rake $0
Seat 4: Agrotait (button) (small blind) folded before Flop
Seat 6: ajbooomX (big blind) collected ($2)


PokerStars Hand #159675165073:  Hold'em Limit ($3/$6 USD) - 2016/10/09 2:50:43 ET
Table 'Aaltje' 6-max Seat #6 is the button
Seat 4: Agrotait ($71.76 in chips)
Seat 6: ajbooomX ($119.76 in chips)
ajbooomX: posts small blind $1
Agrotait: posts big blind $3
*** HOLE CARDS ***
ajbooomX: raises $3 to $6
Agrotait: calls $3
*** FLOP *** [4h 7c Ac]
Agrotait: checks
ajbooomX: bets $3
Agrotait: folds
Uncalled bet ($3) returned to ajbooomX
ajbooomX collected $11.76 from pot
ajbooomX: doesn't show hand
*** SUMMARY ***
Total pot $12 | Rake $0.24
Board [4h 7c Ac]
Seat 4: Agrotait (big blind) folded on the Flop
Seat 6: ajbooomX (button) (small blind) collected ($11.76)


PokerStars Hand #159675206251:  Hold'em Limit ($3/$6 USD) - 2016/10/09 2:53:19 ET
Table 'Aaltje' 6-max Seat #4 is the button
Seat 4: Agrotait ($85.02 in chips)
Seat 6: ajbooomX ($105.52 in chips)
Agrotait: posts small blind $1
ajbooomX: posts big blind $3
*** HOLE CARDS ***
Agrotait: raises $3 to $6
ajbooomX: calls $3
*** FLOP *** [5d Ad 9s]
ajbooomX: checks
Agrotait: bets $3
ajbooomX: folds
Uncalled bet ($3) returned to Agrotait
Agrotait collected $11.76 from pot
Agrotait: doesn't show hand
*** SUMMARY ***
Total pot $12 | Rake $0.24
Board [5d Ad 9s]
Seat 4: Agrotait (button) (small blind) collected ($11.76)
Seat 6: ajbooomX (big blind) folded on the Flop


PokerStars Hand #159675204208:  Hold'em Limit ($3/$6 USD) - 2016/10/09 2:53:12 ET
Table 'Aaltje' 6-max Seat #6 is the button
Seat 4: Agrotait ($88.02 in chips)
Seat 6: ajbooomX ($102.52 in chips)
ajbooomX: posts small blind $1
Agrotait: posts big blind $3
*** HOLE CARDS ***
ajbooomX: raises $3 to $6
Agrotait: folds
Uncalled bet ($3) returned to ajbooomX
ajbooomX collected $6 from pot
*** SUMMARY ***
Total pot $6 | Rake $0
Seat 4: Agrotait (big blind) folded before Flop
Seat 6: ajbooomX (button) (small blind) collected ($6)


PokerStars Hand #159675194289:  Hold'em Limit ($3/$6 USD) - 2016/10/09 2:52:34 ET
Table 'Aaltje' 6-max Seat #4 is the button
Seat 4: Agrotait ($82.26 in chips)
Seat 6: ajbooomX ($108.52 in chips)
Agrotait: posts small blind $1
ajbooomX: posts big blind $3
*** HOLE CARDS ***
Agrotait: raises $3 to $6
ajbooomX: calls $3
*** FLOP *** [Jd 9d 5h]
ajbooomX: checks
Agrotait: bets $3
ajbooomX: folds
Uncalled bet ($3) returned to Agrotait
Agrotait collected $11.76 from pot
Agrotait: doesn't show hand
*** SUMMARY ***
Total pot $12 | Rake $0.24
Board [Jd 9d 5h]
Seat 4: Agrotait (button) (small blind) collected ($11.76)
Seat 6: ajbooomX (big blind) folded on the Flop


PokerStars Hand #159675213089:  Hold'em Limit ($3/$6 USD) - 2016/10/09 2:53:46 ET
Table 'Aaltje' 6-max Seat #6 is the button
Seat 4: Agrotait ($90.78 in chips)
Seat 6: ajbooomX ($99.52 in chips)
ajbooomX: posts small blind $1
Agrotait: posts big blind $3
*** HOLE CARDS ***
ajbooomX: raises $3 to $6
Agrotait: folds
Uncalled bet ($3) returned to ajbooomX
ajbooomX collected $6 from pot
*** SUMMARY ***
Total pot $6 | Rake $0
Seat 4: Agrotait (big blind) folded before Flop
Seat 6: ajbooomX (button) (small blind) collected ($6)


PokerStars Hand #159675217712:  Hold'em Limit ($3/$6 USD) - 2016/10/09 2:54:04 ET
Table 'Aaltje' 6-max Seat #4 is the button
Seat 4: Agrotait ($87.78 in chips)
Seat 6: ajbooomX ($102.52 in chips)
Agrotait: posts small blind $1
ajbooomX: posts big blind $3
*** HOLE CARDS ***
Agrotait: raises $3 to $6
ajbooomX: raises $3 to $9
Agrotait: calls $3
*** FLOP *** [2c 5s Qd]
ajbooomX: bets $3
Agrotait: calls $3
*** TURN *** [2c 5s Qd] [7h]
ajbooomX: bets $6
Agrotait: calls $6
*** RIVER *** [2c 5s Qd 7h] [Kc]
ajbooomX: bets $6
Agrotait: raises $6 to $12
ajbooomX: folds
Uncalled bet ($6) returned to Agrotait
Agrotait collected $47.50 from pot
Agrotait: doesn't show hand
*** SUMMARY ***
Total pot $48 | Rake $0.50
Board [2c 5s Qd 7h Kc]
Seat 4: Agrotait (button) (small blind) collected ($47.50)
Seat 6: ajbooomX (big blind) folded on the River


PokerStars Hand #159675234820:  Hold'em Limit ($3/$6 USD) - 2016/10/09 2:55:09 ET
Table 'Aaltje' 6-max Seat #6 is the button
Seat 4: Agrotait ($111.28 in chips)
Seat 6: ajbooomX ($78.52 in chips)
ajbooomX: posts small blind $1
Agrotait: posts big blind $3
*** HOLE CARDS ***
ajbooomX: raises $3 to $6
Agrotait: raises $3 to $9
ajbooomX: raises $3 to $12
Betting is capped
Agrotait: calls $3
*** FLOP *** [7h 6s Jc]
Agrotait: checks
ajbooomX: bets $3
Agrotait: calls $3
*** TURN *** [7h 6s Jc] [Qh]
Agrotait: checks
ajbooomX: bets $6
Agrotait: folds
Uncalled bet ($6) returned to ajbooomX
ajbooomX collected $29.50 from pot
*** SUMMARY ***
Total pot $30 | Rake $0.50
Board [7h 6s Jc Qh]
Seat 4: Agrotait (big blind) folded on the Turn
Seat 6: ajbooomX (button) (small blind) collected ($29.50)


PokerStars Hand #159675239576:  Hold'em Limit ($3/$6 USD) - 2016/10/09 2:55:30 ET
Table 'Aaltje' 6-max Seat #4 is the button
Seat 4: Agrotait ($96.28 in chips)
Seat 6: ajbooomX ($93.02 in chips)
Agrotait: posts small blind $1
ajbooomX: posts big blind $3
*** HOLE CARDS ***
Agrotait: raises $3 to $6
ajbooomX: calls $3
*** FLOP *** [4d 5h Ad]
ajbooomX: checks
Agrotait: bets $3
ajbooomX: calls $3
*** TURN *** [4d 5h Ad] [2s]
ajbooomX: checks
Agrotait: bets $6
ajbooomX: raises $6 to $12
Agrotait: calls $6
*** RIVER *** [4d 5h Ad 2s] [Qs]
ajbooomX: bets $6
Agrotait: calls $6
*** SHOW DOWN ***
ajbooomX: shows [3s Jh] (a straight, Ace to Five)
Agrotait: mucks hand
ajbooomX collected $53.50 from pot
*** SUMMARY ***
Total pot $54 | Rake $0.50
Board [4d 5h Ad 2s Qs]
Seat 4: Agrotait (button) (small blind) mucked
Seat 6: ajbooomX (big blind) showed [3s Jh] and won ($53.50) with a straight, Ace to Five


PokerStars Hand #159675261991:  Hold'em Limit ($3/$6 USD) - 2016/10/09 2:57:05 ET
Table 'Aaltje' 6-max Seat #4 is the button
Seat 4: Agrotait ($72 in chips)
Seat 6: ajbooomX ($131.04 in chips)
Agrotait: posts small blind $1
ajbooomX: posts big blind $3
*** HOLE CARDS ***
Agrotait: raises $3 to $6
ajbooomX: calls $3
*** FLOP *** [Qs 4d 6c]
ajbooomX: checks
Agrotait: checks
*** TURN *** [Qs 4d 6c] [3h]
ajbooomX: bets $6
Agrotait: calls $6
*** RIVER *** [Qs 4d 6c 3h] [6d]
ajbooomX: bets $6
Agrotait: calls $6
*** SHOW DOWN ***
ajbooomX: shows [6h 4c] (a full house, Sixes full of Fours)
Agrotait: mucks hand
ajbooomX collected $35.50 from pot
*** SUMMARY ***
Total pot $36 | Rake $0.50
Board [Qs 4d 6c 3h 6d]
Seat 4: Agrotait (button) (small blind) mucked
Seat 6: ajbooomX (big blind) showed [6h 4c] and won ($35.50) with a full house, Sixes full of Fours


PokerStars Hand #159675248363:  Hold'em Limit ($3/$6 USD) - 2016/10/09 2:56:07 ET
Table 'Aaltje' 6-max Seat #6 is the button
Seat 4: Agrotait ($69.28 in chips)
Seat 6: ajbooomX ($119.52 in chips)
ajbooomX: posts small blind $1
Agrotait: posts big blind $3
*** HOLE CARDS ***
ajbooomX: raises $3 to $6
Agrotait: calls $3
*** FLOP *** [Ts 3c Jc]
Agrotait: checks
ajbooomX: checks
*** TURN *** [Ts 3c Jc] [5h]
Agrotait: checks
ajbooomX: bets $6
Agrotait: calls $6
*** RIVER *** [Ts 3c Jc 5h] [Qs]
Agrotait: checks
ajbooomX: checks
*** SHOW DOWN ***
Agrotait: shows [5c As] (a pair of Fives)
ajbooomX: shows [Th 7s] (a pair of Tens)
ajbooomX collected $23.52 from pot
*** SUMMARY ***
Total pot $24 | Rake $0.48
Board [Ts 3c Jc 5h Qs]
Seat 4: Agrotait (big blind) showed [5c As] and lost with a pair of Fives
Seat 6: ajbooomX (button) (small blind) showed [Th 7s] and won ($23.52) with a pair of Tens


PokerStars Hand #159675274054:  Hold'em Limit ($3/$6 USD) - 2016/10/09 2:57:55 ET
Table 'Aaltje' 6-max Seat #6 is the button
Seat 4: Agrotait ($72 in chips)
Seat 6: ajbooomX ($148.54 in chips)
ajbooomX: posts small blind $1
Agrotait: posts big blind $3
*** HOLE CARDS ***
ajbooomX: raises $3 to $6
Agrotait: calls $3
*** FLOP *** [Kc 4s Ac]
Agrotait: checks
ajbooomX: bets $3
Agrotait: folds
Uncalled bet ($3) returned to ajbooomX
ajbooomX collected $11.76 from pot
*** SUMMARY ***
Total pot $12 | Rake $0.24
Board [Kc 4s Ac]
Seat 4: Agrotait (big blind) folded on the Flop
Seat 6: ajbooomX (button) (small blind) collected ($11.76)


PokerStars Hand #159675294916:  Hold'em Limit ($3/$6 USD) - 2016/10/09 2:59:23 ET
Table 'Aaltje' 6-max Seat #6 is the button
Seat 4: Agrotait ($72 in chips)
Seat 6: ajbooomX ($177.80 in chips)
ajbooomX: posts small blind $1
Agrotait: posts big blind $3
*** HOLE CARDS ***
ajbooomX: raises $3 to $6
Agrotait: calls $3
*** FLOP *** [4d 5h Kc]
Agrotait: bets $3
ajbooomX: raises $3 to $6
Agrotait: raises $3 to $9
ajbooomX: calls $3
*** TURN *** [4d 5h Kc] [7d]
Agrotait: bets $6
ajbooomX: calls $6
*** RIVER *** [4d 5h Kc 7d] [Qh]
Agrotait: bets $6
ajbooomX: calls $6
*** SHOW DOWN ***
Agrotait: shows [7c Kd] (two pair, Kings and Sevens)
ajbooomX: mucks hand
Agrotait collected $53.50 from pot
*** SUMMARY ***
Total pot $54 | Rake $0.50
Board [4d 5h Kc 7d Qh]
Seat 4: Agrotait (big blind) showed [7c Kd] and won ($53.50) with two pair, Kings and Sevens
Seat 6: ajbooomX (button) (small blind) mucked


PokerStars Hand #159675281056:  Hold'em Limit ($3/$6 USD) - 2016/10/09 2:58:24 ET
Table 'Aaltje' 6-max Seat #4 is the button
Seat 4: Agrotait ($66 in chips)
Seat 6: ajbooomX ($154.30 in chips)
Agrotait: posts small blind $1
ajbooomX: posts big blind $3
*** HOLE CARDS ***
Agrotait: raises $3 to $6
ajbooomX: calls $3
*** FLOP *** [5d 2h 2d]
ajbooomX: checks
Agrotait: bets $3
ajbooomX: raises $3 to $6
Agrotait: calls $3
*** TURN *** [5d 2h 2d] [Kd]
ajbooomX: bets $6
Agrotait: calls $6
*** RIVER *** [5d 2h 2d Kd] [Kc]
ajbooomX: bets $6
Agrotait: calls $6
*** SHOW DOWN ***
ajbooomX: shows [2s Js] (a full house, Deuces full of Kings)
Agrotait: mucks hand
ajbooomX collected $47.50 from pot
*** SUMMARY ***
Total pot $48 | Rake $0.50
Board [5d 2h 2d Kd Kc]
Seat 4: Agrotait (button) (small blind) mucked
Seat 6: ajbooomX (big blind) showed [2s Js] and won ($47.50) with a full house, Deuces full of Kings


PokerStars Hand #159675303741:  Hold'em Limit ($3/$6 USD) - 2016/10/09 2:59:59 ET
Table 'Aaltje' 6-max Seat #4 is the button
Seat 4: Agrotait ($98.50 in chips)
Seat 6: ajbooomX ($150.80 in chips)
Agrotait: posts small blind $1
ajbooomX: posts big blind $3
*** HOLE CARDS ***
Agrotait: folds
Uncalled bet ($2) returned to ajbooomX
ajbooomX collected $2 from pot
*** SUMMARY ***
Total pot $2 | Rake $0
Seat 4: Agrotait (button) (small blind) folded before Flop
Seat 6: ajbooomX (big blind) collected ($2)


PokerStars Hand #159675305257:  Hold'em Limit ($3/$6 USD) - 2016/10/09 3:00:06 ET
Table 'Aaltje' 6-max Seat #6 is the button
Seat 4: Agrotait ($97.50 in chips)
Seat 6: ajbooomX ($151.80 in chips)
ajbooomX: posts small blind $1
Agrotait: posts big blind $3
*** HOLE CARDS ***
ajbooomX: raises $3 to $6
Agrotait: raises $3 to $9
ajbooomX: calls $3
*** FLOP *** [Ah Js Ks]
Agrotait: bets $3
ajbooomX: raises $3 to $6
Agrotait: calls $3
*** TURN *** [Ah Js Ks] [9d]
Agrotait: checks
ajbooomX: bets $6
Agrotait: calls $6
*** RIVER *** [Ah Js Ks 9d] [7d]
Agrotait: checks
ajbooomX: bets $6
Agrotait: calls $6
*** SHOW DOWN ***
ajbooomX: shows [Tc Qs] (a straight, Ten to Ace)
Agrotait: mucks hand
ajbooomX collected $53.50 from pot
*** SUMMARY ***
Total pot $54 | Rake $0.50
Board [Ah Js Ks 9d 7d]
Seat 4: Agrotait (big blind) mucked
Seat 6: ajbooomX (button) (small blind) showed [Tc Qs] and won ($53.50) with a straight, Ten to Ace


PokerStars Hand #159675315065:  Hold'em Limit ($3/$6 USD) - 2016/10/09 3:00:45 ET
Table 'Aaltje' 6-max Seat #4 is the button
Seat 4: Agrotait ($70.50 in chips)
Seat 6: ajbooomX ($178.30 in chips)
Agrotait: posts small blind $1
ajbooomX: posts big blind $3
*** HOLE CARDS ***
Agrotait: raises $3 to $6
ajbooomX: calls $3
*** FLOP *** [3c Th 7d]
ajbooomX: checks
Agrotait: bets $3
ajbooomX: calls $3
*** TURN *** [3c Th 7d] [Qs]
ajbooomX: checks
Agrotait: checks
*** RIVER *** [3c Th 7d Qs] [As]
ajbooomX: checks
Agrotait: checks
*** SHOW DOWN ***
ajbooomX: shows [Jc 3d] (a pair of Threes)
Agrotait: mucks hand
ajbooomX collected $17.64 from pot
*** SUMMARY ***
Total pot $18 | Rake $0.36
Board [3c Th 7d Qs As]
Seat 4: Agrotait (button) (small blind) mucked
Seat 6: ajbooomX (big blind) showed [Jc 3d] and won ($17.64) with a pair of Threes


PokerStars Hand #159675324936:  Hold'em Limit ($3/$6 USD) - 2016/10/09 3:01:23 ET
Table 'Aaltje' 6-max Seat #6 is the button
Seat 4: Agrotait ($61.50 in chips)
Seat 6: ajbooomX ($186.94 in chips)
ajbooomX: posts small blind $1
Agrotait: posts big blind $3
*** HOLE CARDS ***
ajbooomX: calls $2
Agrotait: checks
*** FLOP *** [Qc 8d 6c]
Agrotait: checks
ajbooomX: bets $3
Agrotait: calls $3
*** TURN *** [Qc 8d 6c] [3d]
Agrotait: checks
ajbooomX: checks
*** RIVER *** [Qc 8d 6c 3d] [7d]
Agrotait: bets $6
ajbooomX: folds
Uncalled bet ($6) returned to Agrotait
Agrotait collected $11.76 from pot
Agrotait: doesn't show hand
*** SUMMARY ***
Total pot $12 | Rake $0.24
Board [Qc 8d 6c 3d 7d]
Seat 4: Agrotait (big blind) collected ($11.76)
Seat 6: ajbooomX (button) (small blind) folded on the River


PokerStars Hand #159675338325:  Hold'em Limit ($3/$6 USD) - 2016/10/09 3:02:14 ET
Table 'Aaltje' 6-max Seat #4 is the button
Seat 4: Agrotait ($67.26 in chips)
Seat 6: ajbooomX ($180.94 in chips)
Agrotait: posts small blind $1
ajbooomX: posts big blind $3
*** HOLE CARDS ***
Agrotait: raises $3 to $6
ajbooomX: raises $3 to $9
Agrotait: calls $3
*** FLOP *** [2d 8h 5c]
ajbooomX: checks
Agrotait: checks
*** TURN *** [2d 8h 5c] [6h]
ajbooomX: checks
Agrotait: checks
*** RIVER *** [2d 8h 5c 6h] [Th]
ajbooomX: checks
Agrotait: checks
*** SHOW DOWN ***
ajbooomX: shows [Kh Ac] (high card Ace)
Agrotait: mucks hand
ajbooomX collected $17.64 from pot
*** SUMMARY ***
Total pot $18 | Rake $0.36
Board [2d 8h 5c 6h Th]
Seat 4: Agrotait (button) (small blind) mucked
Seat 6: ajbooomX (big blind) showed [Kh Ac] and won ($17.64) with high card Ace


PokerStars Hand #159675349021:  Hold'em Limit ($3/$6 USD) - 2016/10/09 3:02:53 ET
Table 'Aaltje' 6-max Seat #6 is the button
Seat 4: Agrotait ($72 in chips)
Seat 6: ajbooomX ($189.58 in chips)
ajbooomX: posts small blind $1
Agrotait: posts big blind $3
*** HOLE CARDS ***
cheeestar198 joins the table at seat #1
ajbooomX: raises $3 to $6
Agrotait: raises $3 to $9
ajbooomX: raises $3 to $12
Betting is capped
Agrotait: calls $3
*** FLOP *** [7s 9h 9c]
Agrotait: checks
ajbooomX: bets $3
Agrotait: calls $3
*** TURN *** [7s 9h 9c] [5h]
Agrotait: checks
ajbooomX: bets $6
Agrotait: folds
Uncalled bet ($6) returned to ajbooomX
ajbooomX collected $29.50 from pot
*** SUMMARY ***
Total pot $30 | Rake $0.50
Board [7s 9h 9c 5h]
Seat 4: Agrotait (big blind) folded on the Turn
Seat 6: ajbooomX (button) (small blind) collected ($29.50)


PokerStars Hand #159675363896:  Hold'em Limit ($3/$6 USD) - 2016/10/09 3:03:48 ET
Table 'Aaltje' 6-max Seat #4 is the button
Seat 4: Agrotait ($72 in chips)
Seat 6: ajbooomX ($204.08 in chips)
Agrotait: posts small blind $1
ajbooomX: posts big blind $3
*** HOLE CARDS ***
sim5sim5 joins the table at seat #2
Agrotait: folds
Uncalled bet ($2) returned to ajbooomX
byrgyi joins the table at seat #5
ajbooomX collected $2 from pot
*** SUMMARY ***
Total pot $2 | Rake $0
Seat 4: Agrotait (button) (small blind) folded before Flop
Seat 6: ajbooomX (big blind) collected ($2)


PokerStars Hand #159675736778:  Hold'em Limit ($3/$6 USD) - 2016/10/09 3:25:50 ET
Table 'Aaltje' 6-max Seat #1 is the button
Seat 1: AA_ILI ($96 in chips)
Seat 5: byrgyi ($199.92 in chips)
AA_ILI: posts small blind $1
sim5sim5: is sitting out
Agrotait: is sitting out
byrgyi: posts big blind $3
*** HOLE CARDS ***
AA_ILI: calls $2
Agrotait leaves the table
sim5sim5 leaves the table
Agrotait joins the table at seat #6
byrgyi: folds
byrgyi leaves the table
AA_ILI collected $6 from pot
*** SUMMARY ***
Total pot $6 | Rake $0
Seat 1: AA_ILI (button) (small blind) collected ($6)
Seat 5: byrgyi (big blind) folded before Flop


PokerStars Hand #159675749841:  Hold'em Limit ($3/$6 USD) - 2016/10/09 3:26:35 ET
Table 'Aaltje' 6-max Seat #1 is the button
Seat 1: AA_ILI ($96 in chips)
Seat 6: Agrotait ($75 in chips)
AA_ILI: posts small blind $1
Agrotait: posts big blind $3
*** HOLE CARDS ***
gb2132 joins the table at seat #3
AA_ILI: raises $3 to $6
Agrotait: calls $3
*** FLOP *** [Qd Kc 2d]
Agrotait: checks
AA_ILI: bets $3
Agrotait: raises $3 to $6
AA_ILI: folds
Uncalled bet ($3) returned to Agrotait
Agrotait collected $17.64 from pot
Agrotait: doesn't show hand
*** SUMMARY ***
Total pot $18 | Rake $0.36
Board [Qd Kc 2d]
Seat 1: AA_ILI (button) (small blind) folded on the Flop
Seat 6: Agrotait (big blind) collected ($17.64)


PokerStars Hand #159675744263:  Hold'em Limit ($3/$6 USD) - 2016/10/09 3:26:16 ET
Table 'Aaltje' 6-max Seat #6 is the button
Seat 1: AA_ILI ($99 in chips)
Seat 6: Agrotait ($72 in chips)
Agrotait: posts small blind $1
AA_ILI: posts big blind $3
*** HOLE CARDS ***
Agrotait: folds
Uncalled bet ($2) returned to AA_ILI
AA_ILI collected $2 from pot
*** SUMMARY ***
Total pot $2 | Rake $0
Seat 1: AA_ILI (big blind) collected ($2)
Seat 6: Agrotait (button) (small blind) folded before Flop


PokerStars Hand #159675748039:  Hold'em Limit ($3/$6 USD) - 2016/10/09 3:26:29 ET
Table 'Aaltje' 6-max Seat #6 is the button
Seat 1: AA_ILI ($99 in chips)
Seat 6: Agrotait ($72 in chips)
Agrotait: posts small blind $1
AA_ILI: posts big blind $3
*** HOLE CARDS ***
Agrotait: raises $3 to $6
AA_ILI: folds
Uncalled bet ($3) returned to Agrotait
Agrotait collected $6 from pot
Agrotait: doesn't show hand
*** SUMMARY ***
Total pot $6 | Rake $0
Seat 1: AA_ILI (big blind) folded before Flop
Seat 6: Agrotait (button) (small blind) collected ($6)


PokerStars Hand #159675756650:  Hold'em Limit ($3/$6 USD) - 2016/10/09 3:26:59 ET
Table 'Aaltje' 6-max Seat #6 is the button
Seat 1: AA_ILI ($87 in chips)
Seat 6: Agrotait ($83.64 in chips)
Agrotait: posts small blind $1
AA_ILI: posts big blind $3
*** HOLE CARDS ***
Agrotait: raises $3 to $6
AA_ILI: calls $3
*** FLOP *** [Kh 3h 4h]
AA_ILI: checks
Agrotait: checks
*** TURN *** [Kh 3h 4h] [8h]
AA_ILI: checks
Agrotait: bets $6
AA_ILI: folds
Uncalled bet ($6) returned to Agrotait
Agrotait collected $11.76 from pot
Agrotait: doesn't show hand
*** SUMMARY ***
Total pot $12 | Rake $0.24
Board [Kh 3h 4h 8h]
Seat 1: AA_ILI (big blind) folded on the Turn
Seat 6: Agrotait (button) (small blind) collected ($11.76)


PokerStars Hand #159675822772:  Hold'em Limit ($3/$6 USD) - 2016/10/09 3:30:44 ET
Table 'Aaltje' 6-max Seat #6 is the button
Seat 1: AA_ILI ($105.26 in chips)
Seat 6: Agrotait ($98.41 in chips)
Agrotait: posts small blind $1
AA_ILI: posts big blind $3
*** HOLE CARDS ***
Agrotait: raises $3 to $6
AA_ILI: folds
Uncalled bet ($3) returned to Agrotait
Agrotait collected $6 from pot
Agrotait: doesn't show hand
*** SUMMARY ***
Total pot $6 | Rake $0
Seat 1: AA_ILI (big blind) folded before Flop
Seat 6: Agrotait (button) (small blind) collected ($6)


PokerStars Hand #159675833310:  Hold'em Limit ($3/$6 USD) - 2016/10/09 3:31:20 ET
Table 'Aaltje' 6-max Seat #6 is the button
Seat 1: AA_ILI ($87.26 in chips)
Seat 6: Agrotait ($115.91 in chips)
Agrotait: posts small blind $1
AA_ILI: posts big blind $3
*** HOLE CARDS ***
Agrotait: folds
Uncalled bet ($2) returned to AA_ILI
AA_ILI collected $2 from pot
*** SUMMARY ***
Total pot $2 | Rake $0
Seat 1: AA_ILI (big blind) collected ($2)
Seat 6: Agrotait (button) (small blind) folded before Flop


PokerStars Hand #159675824872:  Hold'em Limit ($3/$6 USD) - 2016/10/09 3:30:51 ET
Table 'Aaltje' 6-max Seat #1 is the button
Seat 1: AA_ILI ($102.26 in chips)
Seat 6: Agrotait ($101.41 in chips)
AA_ILI: posts small blind $1
Agrotait: posts big blind $3
*** HOLE CARDS ***
AA_ILI: raises $3 to $6
Agrotait: calls $3
*** FLOP *** [Ah Qh 2h]
Agrotait: checks
AA_ILI: bets $3
Agrotait: calls $3
*** TURN *** [Ah Qh 2h] [Ac]
Agrotait: checks
AA_ILI: bets $6
Agrotait: calls $6
*** RIVER *** [Ah Qh 2h Ac] [5h]
Agrotait: bets $6
AA_ILI: folds
Uncalled bet ($6) returned to Agrotait
Agrotait collected $29.50 from pot
Agrotait: doesn't show hand
*** SUMMARY ***
Total pot $30 | Rake $0.50
Board [Ah Qh 2h Ac 5h]
Seat 1: AA_ILI (button) (small blind) folded on the River
Seat 6: Agrotait (big blind) collected ($29.50)


PokerStars Hand #159675834996:  Hold'em Limit ($3/$6 USD) - 2016/10/09 3:31:26 ET
Table 'Aaltje' 6-max Seat #1 is the button
Seat 1: AA_ILI ($88.26 in chips)
Seat 6: Agrotait ($114.91 in chips)
AA_ILI: posts small blind $1
Agrotait: posts big blind $3
*** HOLE CARDS ***
AA_ILI: raises $3 to $6
Agrotait: calls $3
*** FLOP *** [Tc 8s 9h]
Agrotait: checks
AA_ILI: bets $3
Agrotait: calls $3
*** TURN *** [Tc 8s 9h] [Kd]
Agrotait: bets $6
AA_ILI: calls $6
*** RIVER *** [Tc 8s 9h Kd] [6s]
Agrotait: bets $6
AA_ILI: folds
Uncalled bet ($6) returned to Agrotait
Agrotait collected $29.50 from pot
Agrotait: doesn't show hand
*** SUMMARY ***
Total pot $30 | Rake $0.50
Board [Tc 8s 9h Kd 6s]
Seat 1: AA_ILI (button) (small blind) folded on the River
Seat 6: Agrotait (big blind) collected ($29.50)


PokerStars Hand #159675849578:  Hold'em Limit ($3/$6 USD) - 2016/10/09 3:32:16 ET
Table 'Aaltje' 6-max Seat #1 is the button
Seat 1: AA_ILI ($67.26 in chips)
Seat 6: Agrotait ($135.17 in chips)
AA_ILI: posts small blind $1
Agrotait: posts big blind $3
*** HOLE CARDS ***
AA_ILI: raises $3 to $6
Agrotait: calls $3
*** FLOP *** [6s 3d Ad]
Agrotait: checks
AA_ILI: bets $3
Agrotait: calls $3
*** TURN *** [6s 3d Ad] [5s]
Agrotait: checks
AA_ILI: bets $6
Agrotait: calls $6
*** RIVER *** [6s 3d Ad 5s] [Th]
Agrotait: checks
AA_ILI: bets $6
Agrotait: calls $6
*** SHOW DOWN ***
AA_ILI: shows [Ah 5d] (two pair, Aces and Fives)
Agrotait: mucks hand
AA_ILI collected $41.50 from pot
*** SUMMARY ***
Total pot $42 | Rake $0.50
Board [6s 3d Ad 5s Th]
Seat 1: AA_ILI (button) (small blind) showed [Ah 5d] and won ($41.50) with two pair, Aces and Fives
Seat 6: Agrotait (big blind) mucked


PokerStars Hand #159675858106:  Hold'em Limit ($3/$6 USD) - 2016/10/09 3:32:45 ET
Table 'Aaltje' 6-max Seat #6 is the button
Seat 1: AA_ILI ($87.76 in chips)
Seat 6: Agrotait ($114.17 in chips)
Agrotait: posts small blind $1
AA_ILI: posts big blind $3
*** HOLE CARDS ***
Agrotait: raises $3 to $6
AA_ILI: folds
Uncalled bet ($3) returned to Agrotait
Agrotait collected $6 from pot
Agrotait: doesn't show hand
*** SUMMARY ***
Total pot $6 | Rake $0
Seat 1: AA_ILI (big blind) folded before Flop
Seat 6: Agrotait (button) (small blind) collected ($6)


PokerStars Hand #159675845036:  Hold'em Limit ($3/$6 USD) - 2016/10/09 3:32:00 ET
Table 'Aaltje' 6-max Seat #6 is the button
Seat 1: AA_ILI ($73.26 in chips)
Seat 6: Agrotait ($129.41 in chips)
Agrotait: posts small blind $1
AA_ILI: posts big blind $3
*** HOLE CARDS ***
Agrotait: raises $3 to $6
AA_ILI: calls $3
*** FLOP *** [2s 9s Ad]
AA_ILI: checks
Agrotait: bets $3
AA_ILI: folds
Uncalled bet ($3) returned to Agrotait
Agrotait collected $11.76 from pot
Agrotait: doesn't show hand
*** SUMMARY ***
Total pot $12 | Rake $0.24
Board [2s 9s Ad]
Seat 1: AA_ILI (big blind) folded on the Flop
Seat 6: Agrotait (button) (small blind) collected ($11.76)


PokerStars Hand #159675860013:  Hold'em Limit ($3/$6 USD) - 2016/10/09 3:32:51 ET
Table 'Aaltje' 6-max Seat #1 is the button
Seat 1: AA_ILI ($84.76 in chips)
Seat 6: Agrotait ($117.17 in chips)
AA_ILI: posts small blind $1
Agrotait: posts big blind $3
*** HOLE CARDS ***
AA_ILI: raises $3 to $6
Agrotait: calls $3
*** FLOP *** [Tc 9s 4c]
Agrotait: checks
AA_ILI: bets $3
Agrotait: calls $3
*** TURN *** [Tc 9s 4c] [9c]
RJF1943 joins the table at seat #2
Agrotait: checks
AA_ILI: bets $6
Agrotait: folds
Uncalled bet ($6) returned to AA_ILI
AA_ILI collected $17.64 from pot
*** SUMMARY ***
Total pot $18 | Rake $0.36
Board [Tc 9s 4c 9c]
Seat 1: AA_ILI (button) (small blind) collected ($17.64)
Seat 6: Agrotait (big blind) folded on the Turn


PokerStars Hand #159675877309:  Hold'em Limit ($3/$6 USD) - 2016/10/09 3:33:50 ET
Table 'Aaltje' 6-max Seat #6 is the button
Seat 1: AA_ILI ($93.40 in chips)
Seat 6: Agrotait ($108.17 in chips)
Agrotait: posts small blind $1
AA_ILI: posts big blind $3
*** HOLE CARDS ***
Agrotait: folds
Uncalled bet ($2) returned to AA_ILI
AA_ILI collected $2 from pot
*** SUMMARY ***
Total pot $2 | Rake $0
Seat 1: AA_ILI (big blind) collected ($2)
Seat 6: Agrotait (button) (small blind) folded before Flop


PokerStars Hand #159676637708:  Hold'em Limit ($3/$6 USD) - 2016/10/09 4:14:40 ET
Table 'Aaltje' 6-max Seat #2 is the button
Seat 2: dye111 ($62.82 in chips)
Seat 3: xRauIx ($147.31 in chips)
dye111: posts small blind $1
xRauIx: posts big blind $3
*** HOLE CARDS ***
dye111: calls $2
xRauIx: raises $3 to $6
dye111: calls $3
*** FLOP *** [4d 8d Qh]
xRauIx: bets $3
dye111: raises $3 to $6
xRauIx: raises $3 to $9
dye111: calls $3
*** TURN *** [4d 8d Qh] [3c]
sim5sim5 leaves the table
xRauIx: bets $6
dye111: calls $6
*** RIVER *** [4d 8d Qh 3c] [5c]
xRauIx: bets $6
dye111: calls $6
*** SHOW DOWN ***
xRauIx: shows [Qd Ks] (a pair of Queens)
dye111: mucks hand
xRauIx collected $53.50 from pot
*** SUMMARY ***
Total pot $54 | Rake $0.50
Board [4d 8d Qh 3c 5c]
Seat 2: dye111 (button) (small blind) mucked
Seat 3: xRauIx (big blind) showed [Qd Ks] and won ($53.50) with a pair of Queens


PokerStars Hand #159676627878:  Hold'em Limit ($3/$6 USD) - 2016/10/09 4:14:11 ET
Table 'Aaltje' 6-max Seat #3 is the button
Seat 2: dye111 ($68.82 in chips)
Seat 3: xRauIx ($141.55 in chips)
xRauIx: posts small blind $1
AA_ILI is disconnected
AA_ILI has timed out while disconnected
AA_ILI: is sitting out
dye111: posts big blind $3
*** HOLE CARDS ***
xRauIx: raises $3 to $6
dye111: calls $3
*** FLOP *** [6h Ah Qs]
dye111: checks
xRauIx: bets $3
dye111: folds
Uncalled bet ($3) returned to xRauIx
xRauIx collected $11.76 from pot
xRauIx: doesn't show hand
*** SUMMARY ***
Total pot $12 | Rake $0.24
Board [6h Ah Qs]
Seat 2: dye111 (big blind) folded on the Flop
Seat 3: xRauIx (button) (small blind) collected ($11.76)


PokerStars Hand #159676645899:  Hold'em Limit ($3/$6 USD) - 2016/10/09 4:15:04 ET
Table 'Aaltje' 6-max Seat #3 is the button
Seat 1: AA_ILI ($228.90 in chips)
Seat 3: xRauIx ($173.81 in chips)
xRauIx: posts small blind $1
AA_ILI: posts big blind $3
*** HOLE CARDS ***
xRauIx: raises $3 to $6
dye111 leaves the table
AA_ILI: calls $3
*** FLOP *** [As Jh 6d]
AA_ILI: checks
mishkamoya joins the table at seat #2
xRauIx: bets $3
AA_ILI: raises $3 to $6
xRauIx: folds
Uncalled bet ($3) returned to AA_ILI
AA_ILI collected $17.64 from pot
*** SUMMARY ***
Total pot $18 | Rake $0.36
Board [As Jh 6d]
Seat 1: AA_ILI (big blind) collected ($17.64)
Seat 3: xRauIx (button) (small blind) folded on the Flop


PokerStars Hand #159676659209:  Hold'em Limit ($3/$6 USD) - 2016/10/09 4:15:43 ET
Table 'Aaltje' 6-max Seat #1 is the button
Seat 1: AA_ILI ($226.54 in chips)
Seat 2: mishkamoya ($70.90 in chips)
AA_ILI: posts small blind $1
mishkamoya: posts big blind $3
*** HOLE CARDS ***
AA_ILI: calls $2
mishkamoya: raises $3 to $6
AA_ILI: calls $3
*** FLOP *** [6h 8s 5s]
mishkamoya: checks
AA_ILI: checks
*** TURN *** [6h 8s 5s] [Th]
mishkamoya: checks
AA_ILI: bets $6
mishkamoya: raises $6 to $12
AA_ILI: calls $6
*** RIVER *** [6h 8s 5s Th] [9d]
mishkamoya: bets $6
AA_ILI: folds
Uncalled bet ($6) returned to mishkamoya
mishkamoya collected $35.50 from pot
mishkamoya: doesn't show hand
*** SUMMARY ***
Total pot $36 | Rake $0.50
Board [6h 8s 5s Th 9d]
Seat 1: AA_ILI (button) (small blind) folded on the River
Seat 2: mishkamoya (big blind) collected ($35.50)


PokerStars Hand #159676657600:  Hold'em Limit ($3/$6 USD) - 2016/10/09 4:15:38 ET
Table 'Aaltje' 6-max Seat #2 is the button
Seat 1: AA_ILI ($225.54 in chips)
Seat 2: mishkamoya ($71.90 in chips)
mishkamoya: posts small blind $1
xRauIx: is sitting out
AA_ILI: posts big blind $3
*** HOLE CARDS ***
mishkamoya: folds
Uncalled bet ($2) returned to AA_ILI
AA_ILI collected $2 from pot
*** SUMMARY ***
Total pot $2 | Rake $0
Seat 1: AA_ILI (big blind) collected ($2)
Seat 2: mishkamoya (button) (small blind) folded before Flop


PokerStars Hand #159676677364:  Hold'em Limit ($3/$6 USD) - 2016/10/09 4:16:36 ET
Table 'Aaltje' 6-max Seat #2 is the button
Seat 1: AA_ILI ($196.42 in chips)
Seat 2: mishkamoya ($99.90 in chips)
mishkamoya: posts small blind $1
AA_ILI: posts big blind $3
*** HOLE CARDS ***
mishkamoya: folds
Uncalled bet ($2) returned to AA_ILI
AA_ILI collected $2 from pot
*** SUMMARY ***
Total pot $2 | Rake $0
Seat 1: AA_ILI (big blind) collected ($2)
Seat 2: mishkamoya (button) (small blind) folded before Flop


PokerStars Hand #159676680640:  Hold'em Limit ($3/$6 USD) - 2016/10/09 4:16:46 ET
Table 'Aaltje' 6-max Seat #1 is the button
Seat 1: AA_ILI ($197.42 in chips)
Seat 2: mishkamoya ($98.90 in chips)
AA_ILI: posts small blind $1
mishkamoya: posts big blind $3
*** HOLE CARDS ***
AA_ILI: calls $2
mishkamoya: checks
*** FLOP *** [Td 9s Ac]
mishkamoya: checks
AA_ILI: bets $3
mishkamoya: folds
Uncalled bet ($3) returned to AA_ILI
AA_ILI collected $5.88 from pot
*** SUMMARY ***
Total pot $6 | Rake $0.12
Board [Td 9s Ac]
Seat 1: AA_ILI (button) (small blind) collected ($5.88)
Seat 2: mishkamoya (big blind) folded on the Flop


PokerStars Hand #159676684721:  Hold'em Limit ($3/$6 USD) - 2016/10/09 4:16:58 ET
Table 'Aaltje' 6-max Seat #2 is the button
Seat 1: AA_ILI ($200.30 in chips)
Seat 2: mishkamoya ($95.90 in chips)
mishkamoya: posts small blind $1
AA_ILI: posts big blind $3
*** HOLE CARDS ***
mishkamoya: raises $3 to $6
AA_ILI: calls $3
*** FLOP *** [Kh 8h 2d]
AA_ILI: checks
mishkamoya: checks
*** TURN *** [Kh 8h 2d] [9d]
AA_ILI: checks
mishkamoya: checks
*** RIVER *** [Kh 8h 2d 9d] [4h]
AA_ILI: checks
mishkamoya: checks
*** SHOW DOWN ***
AA_ILI: shows [2s Qs] (a pair of Deuces)
mishkamoya: mucks hand
AA_ILI collected $11.76 from pot
*** SUMMARY ***
Total pot $12 | Rake $0.24
Board [Kh 8h 2d 9d 4h]
Seat 1: AA_ILI (big blind) showed [2s Qs] and won ($11.76) with a pair of Deuces
Seat 2: mishkamoya (button) (small blind) mucked


PokerStars Hand #159676664069:  Hold'em Limit ($3/$6 USD) - 2016/10/09 4:15:57 ET
Table 'Aaltje' 6-max Seat #2 is the button
Seat 1: AA_ILI ($208.54 in chips)
Seat 2: mishkamoya ($88.40 in chips)
mishkamoya: posts small blind $1
AA_ILI: posts big blind $3
*** HOLE CARDS ***
mishkamoya: raises $3 to $6
AA_ILI: calls $3
*** FLOP *** [9d 3h 8h]
AA_ILI: checks
mishkamoya: bets $3
AA_ILI: calls $3
*** TURN *** [9d 3h 8h] [3d]
AA_ILI: checks
mishkamoya: bets $6
AA_ILI: calls $6
*** RIVER *** [9d 3h 8h 3d] [8c]
AA_ILI: checks
mishkamoya: bets $6
AA_ILI: folds
Uncalled bet ($6) returned to mishkamoya
mishkamoya collected $29.50 from pot
mishkamoya: doesn't show hand
*** SUMMARY ***
Total pot $30 | Rake $0.50
Board [9d 3h 8h 3d 8c]
Seat 1: AA_ILI (big blind) folded on the River
Seat 2: mishkamoya (button) (small blind) collected ($29.50)


PokerStars Hand #159676695781:  Hold'em Limit ($3/$6 USD) - 2016/10/09 4:17:30 ET
Table 'Aaltje' 6-max Seat #1 is the button
Seat 1: AA_ILI ($221.56 in chips)
Seat 2: mishkamoya ($73.90 in chips)
AA_ILI: posts small blind $1
mishkamoya: posts big blind $3
*** HOLE CARDS ***
AA_ILI: calls $2
mishkamoya: checks
*** FLOP *** [5s 8h 7d]
mishkamoya: checks
AA_ILI: checks
*** TURN *** [5s 8h 7d] [4d]
mishkamoya: checks
AA_ILI: checks
*** RIVER *** [5s 8h 7d 4d] [7s]
mishkamoya: checks
AA_ILI: checks
*** SHOW DOWN ***
mishkamoya: shows [4s Qc] (two pair, Sevens and Fours)
AA_ILI: mucks hand
mishkamoya collected $5.88 from pot
*** SUMMARY ***
Total pot $6 | Rake $0.12
Board [5s 8h 7d 4d 7s]
Seat 1: AA_ILI (button) (small blind) mucked
Seat 2: mishkamoya (big blind) showed [4s Qc] and won ($5.88) with two pair, Sevens and Fours


PokerStars Hand #159676693860:  Hold'em Limit ($3/$6 USD) - 2016/10/09 4:17:25 ET
Table 'Aaltje' 6-max Seat #2 is the button
Seat 1: AA_ILI ($220.56 in chips)
Seat 2: mishkamoya ($74.90 in chips)
mishkamoya: posts small blind $1
AA_ILI: posts big blind $3
*** HOLE CARDS ***
mishkamoya: folds
Uncalled bet ($2) returned to AA_ILI
AA_ILI collected $2 from pot
*** SUMMARY ***
Total pot $2 | Rake $0
Seat 1: AA_ILI (big blind) collected ($2)
Seat 2: mishkamoya (button) (small blind) folded before Flop


PokerStars Hand #159676689106:  Hold'em Limit ($3/$6 USD) - 2016/10/09 4:17:11 ET
Table 'Aaltje' 6-max Seat #1 is the button
Seat 1: AA_ILI ($206.06 in chips)
Seat 2: mishkamoya ($89.90 in chips)
AA_ILI: posts small blind $1
mishkamoya: posts big blind $3
*** HOLE CARDS ***
AA_ILI: raises $3 to $6
mishkamoya: calls $3
*** FLOP *** [6d 2c 4h]
mishkamoya: checks
AA_ILI: bets $3
mishkamoya: calls $3
*** TURN *** [6d 2c 4h] [2h]
mishkamoya: checks
AA_ILI: bets $6
mishkamoya: calls $6
*** RIVER *** [6d 2c 4h 2h] [Jh]
mishkamoya: checks
AA_ILI: bets $6
mishkamoya: folds
Uncalled bet ($6) returned to AA_ILI
AA_ILI collected $29.50 from pot
*** SUMMARY ***
Total pot $30 | Rake $0.50
Board [6d 2c 4h 2h Jh]
Seat 1: AA_ILI (button) (small blind) collected ($29.50)
Seat 2: mishkamoya (big blind) folded on the River


PokerStars Hand #159676700301:  Hold'em Limit ($3/$6 USD) - 2016/10/09 4:17:44 ET
Table 'Aaltje' 6-max Seat #2 is the button
Seat 1: AA_ILI ($218.56 in chips)
Seat 2: mishkamoya ($76.78 in chips)
mishkamoya: posts small blind $1
AA_ILI: posts big blind $3
*** HOLE CARDS ***
mishkamoya: raises $3 to $6
AA_ILI: calls $3
*** FLOP *** [Ah Td 5s]
AA_ILI: checks
mishkamoya: bets $3
AA_ILI: calls $3
*** TURN *** [Ah Td 5s] [4d]
AA_ILI: checks
mishkamoya: checks
*** RIVER *** [Ah Td 5s 4d] [3c]
AA_ILI: checks
mishkamoya: bets $6
Zubrik AnD joins the table at seat #6
AA_ILI: folds
Uncalled bet ($6) returned to mishkamoya
mishkamoya collected $17.64 from pot
mishkamoya: doesn't show hand
*** SUMMARY ***
Total pot $18 | Rake $0.36
Board [Ah Td 5s 4d 3c]
Seat 1: AA_ILI (big blind) folded on the River
Seat 2: mishkamoya (button) (small blind) collected ($17.64)


PokerStars Hand #159676706324:  Hold'em Limit ($3/$6 USD) - 2016/10/09 4:18:01 ET
Table 'Aaltje' 6-max Seat #1 is the button
Seat 1: AA_ILI ($209.56 in chips)
Seat 2: mishkamoya ($85.42 in chips)
AA_ILI: posts small blind $1
mishkamoya: posts big blind $3
*** HOLE CARDS ***
AA_ILI: calls $2
mishkamoya: raises $3 to $6
AA_ILI: calls $3
*** FLOP *** [Td 8d 2h]
mishkamoya: bets $3
AA_ILI: calls $3
*** TURN *** [Td 8d 2h] [9s]
mishkamoya: checks
AA_ILI: bets $6
mishkamoya: folds
Uncalled bet ($6) returned to AA_ILI
AA_ILI collected $17.64 from pot
*** SUMMARY ***
Total pot $18 | Rake $0.36
Board [Td 8d 2h 9s]
Seat 1: AA_ILI (button) (small blind) collected ($17.64)
Seat 2: mishkamoya (big blind) folded on the Turn


PokerStars Hand #159680239636:  Hold'em Limit ($3/$6 USD) - 2016/10/09 6:42:39 ET
Table 'Aaltje' 6-max Seat #4 is the button
Seat 2: Apanage ($99.66 in chips)
Seat 4: Velbor107 ($301 in chips)
Velbor107: posts small blind $1
Apanage: posts big blind $3
*** HOLE CARDS ***
Velbor107: raises $3 to $6
Apanage: calls $3
*** FLOP *** [3d Jh Ts]
Apanage: checks
Velbor107: bets $3
Apanage: raises $3 to $6
Velbor107: calls $3
*** TURN *** [3d Jh Ts] [3h]
Apanage: bets $6
Velbor107: raises $6 to $12
Apanage: calls $6
*** RIVER *** [3d Jh Ts 3h] [Tc]
Apanage: checks
Velbor107: bets $6
Apanage: folds
Uncalled bet ($6) returned to Velbor107
Velbor107 collected $47.50 from pot
*** SUMMARY ***
Total pot $48 | Rake $0.50
Board [3d Jh Ts 3h Tc]
Seat 2: Apanage (big blind) folded on the River
Seat 4: Velbor107 (button) (small blind) collected ($47.50)


PokerStars Hand #159680266505:  Hold'em Limit ($3/$6 USD) - 2016/10/09 6:43:37 ET
Table 'Aaltje' 6-max Seat #2 is the button
Seat 2: Apanage ($75.66 in chips)
Seat 4: Velbor107 ($324.50 in chips)
Apanage: posts small blind $1
Velbor107: posts big blind $3
*** HOLE CARDS ***
Apanage: raises $3 to $6
Velbor107: folds
Uncalled bet ($3) returned to Apanage
Apanage collected $6 from pot
Apanage: doesn't show hand
*** SUMMARY ***
Total pot $6 | Rake $0
Seat 2: Apanage (button) (small blind) collected ($6)
Seat 4: Velbor107 (big blind) folded before Flop


