PokerStars Hand #158325640961:  Hold'em Limit ($3/$6 USD) - 2016/09/08 9:52:20 ET
Table 'Aaryn' 6-max Seat #5 is the button
Seat 3: DC4515 ($75.15 in chips)
Seat 5: B_loJkl ($152.14 in chips)
B_loJkl: posts small blind $1
DC4515: posts big blind $3
*** HOLE CARDS ***
B_loJkl: raises $3 to $6
DC4515: folds
Uncalled bet ($3) returned to B_loJkl
B_loJkl collected $6 from pot
B_loJkl: doesn't show hand
*** SUMMARY ***
Total pot $6 | Rake $0
Seat 3: DC4515 (big blind) folded before Flop
Seat 5: B_loJkl (button) (small blind) collected ($6)


PokerStars Hand #158325627335:  Hold'em Limit ($3/$6 USD) - 2016/09/08 9:51:56 ET
Table 'Aaryn' 6-max Seat #3 is the button
Seat 3: DC4515 ($69.39 in chips)
Seat 5: B_loJkl ($158.14 in chips)
DC4515: posts small blind $1
B_loJkl: posts big blind $3
*** HOLE CARDS ***
DC4515: raises $3 to $6
VolkovDmitri leaves the table
B_loJkl: calls $3
*** FLOP *** [3d Jd 3s]
B_loJkl: checks
DC4515: checks
*** TURN *** [3d Jd 3s] [5d]
B_loJkl: checks
DC4515: bets $6
B_loJkl: folds
Uncalled bet ($6) returned to DC4515
DC4515 collected $11.76 from pot
DC4515: doesn't show hand
*** SUMMARY ***
Total pot $12 | Rake $0.24
Board [3d Jd 3s 5d]
Seat 3: DC4515 (button) (small blind) collected ($11.76)
Seat 5: B_loJkl (big blind) folded on the Turn


PokerStars Hand #158325665256:  Hold'em Limit ($3/$6 USD) - 2016/09/08 9:53:05 ET
Table 'Aaryn' 6-max Seat #4 is the button
Seat 3: DC4515 ($66.15 in chips)
Seat 4: B_loJkl ($155.76 in chips)
B_loJkl: posts small blind $1
DC4515: posts big blind $3
*** HOLE CARDS ***
B_loJkl: raises $3 to $6
DC4515: raises $3 to $9
Rmk1500 joins the table at seat #2
B_loJkl: calls $3
*** FLOP *** [9h As 3s]
DC4515: checks
B_loJkl: bets $3
DC4515: calls $3
*** TURN *** [9h As 3s] [7s]
DC4515: checks
B_loJkl: bets $6
DC4515: raises $6 to $12
B_loJkl: calls $6
*** RIVER *** [9h As 3s 7s] [4h]
DC4515: bets $6
B_loJkl: calls $6
*** SHOW DOWN ***
DC4515: shows [3d 3h] (three of a kind, Threes)
B_loJkl: mucks hand
DC4515 collected $59.50 from pot
*** SUMMARY ***
Total pot $60 | Rake $0.50
Board [9h As 3s 7s 4h]
Seat 3: DC4515 (big blind) showed [3d 3h] and won ($59.50) with three of a kind, Threes
Seat 4: B_loJkl (button) (small blind) mucked


PokerStars Hand #158325651088:  Hold'em Limit ($3/$6 USD) - 2016/09/08 9:52:39 ET
Table 'Aaryn' 6-max Seat #3 is the button
Seat 3: DC4515 ($72.15 in chips)
Seat 4: B_loJkl ($150 in chips)
DC4515: posts small blind $1
B_loJkl: posts big blind $3
*** HOLE CARDS ***
DC4515: raises $3 to $6
B_loJkl: calls $3
*** FLOP *** [4h 6d Qc]
B_loJkl: checks
DC4515: checks
*** TURN *** [4h 6d Qc] [8d]
B_loJkl: bets $6
DC4515: folds
Uncalled bet ($6) returned to B_loJkl
B_loJkl collected $11.76 from pot
B_loJkl: doesn't show hand
*** SUMMARY ***
Total pot $12 | Rake $0.24
Board [4h 6d Qc 8d]
Seat 3: DC4515 (button) (small blind) folded on the Turn
Seat 4: B_loJkl (big blind) collected ($11.76)


PokerStars Hand #158325680861:  Hold'em Limit ($3/$6 USD) - 2016/09/08 9:53:33 ET
Table 'Aaryn' 6-max Seat #3 is the button
Seat 3: DC4515 ($95.65 in chips)
Seat 4: B_loJkl ($125.76 in chips)
DC4515: posts small blind $1
B_loJkl: posts big blind $3
*** HOLE CARDS ***
DC4515: raises $3 to $6
B_loJkl: calls $3
*** FLOP *** [Kd 8c 6c]
B_loJkl: checks
DC4515: bets $3
B_loJkl: calls $3
*** TURN *** [Kd 8c 6c] [3c]
B_loJkl: checks
DC4515: bets $6
B_loJkl: calls $6
*** RIVER *** [Kd 8c 6c 3c] [2h]
B_loJkl: checks
DC4515: bets $6
B_loJkl: calls $6
*** SHOW DOWN ***
DC4515: shows [8d 8h] (three of a kind, Eights)
B_loJkl: mucks hand
DC4515 collected $41.50 from pot
*** SUMMARY ***
Total pot $42 | Rake $0.50
Board [Kd 8c 6c 3c 2h]
Seat 3: DC4515 (button) (small blind) showed [8d 8h] and won ($41.50) with three of a kind, Eights
Seat 4: B_loJkl (big blind) mucked


PokerStars Hand #158326515231:  Hold'em Limit ($3/$6 USD) - 2016/09/08 10:18:57 ET
Table 'Aaryn' 6-max Seat #5 is the button
Seat 4: B_loJkl ($85.01 in chips)
Seat 5: fsreibnitz ($105.72 in chips)
fsreibnitz: posts small blind $1
abatic: is sitting out
B_loJkl: posts big blind $3
*** HOLE CARDS ***
fsreibnitz: raises $3 to $6
abatic leaves the table
B_loJkl: folds
Uncalled bet ($3) returned to fsreibnitz
fsreibnitz collected $6 from pot
*** SUMMARY ***
Total pot $6 | Rake $0
Seat 4: B_loJkl (big blind) folded before Flop
Seat 5: fsreibnitz (button) (small blind) collected ($6)


PokerStars Hand #158326520626:  Hold'em Limit ($3/$6 USD) - 2016/09/08 10:19:07 ET
Table 'Aaryn' 6-max Seat #4 is the button
Seat 4: B_loJkl ($82.01 in chips)
Seat 5: fsreibnitz ($108.72 in chips)
B_loJkl: posts small blind $1
fsreibnitz: posts big blind $3
*** HOLE CARDS ***
B_loJkl: raises $3 to $6
fsreibnitz: folds
Uncalled bet ($3) returned to B_loJkl
B_loJkl collected $6 from pot
B_loJkl: doesn't show hand
*** SUMMARY ***
Total pot $6 | Rake $0
Seat 4: B_loJkl (button) (small blind) collected ($6)
Seat 5: fsreibnitz (big blind) folded before Flop


PokerStars Hand #158326561525:  Hold'em Limit ($3/$6 USD) - 2016/09/08 10:20:18 ET
Table 'Aaryn' 6-max Seat #4 is the button
Seat 4: B_loJkl ($84.76 in chips)
Seat 5: fsreibnitz ($105.47 in chips)
B_loJkl: posts small blind $1
fsreibnitz: posts big blind $3
*** HOLE CARDS ***
B_loJkl: raises $3 to $6
fsreibnitz: raises $3 to $9
B_loJkl: calls $3
*** FLOP *** [Ac 4s Kc]
fsreibnitz: bets $3
B_loJkl: calls $3
*** TURN *** [Ac 4s Kc] [4h]
fsreibnitz: bets $6
B_loJkl: folds
Uncalled bet ($6) returned to fsreibnitz
fsreibnitz collected $23.52 from pot
*** SUMMARY ***
Total pot $24 | Rake $0.48
Board [Ac 4s Kc 4h]
Seat 4: B_loJkl (button) (small blind) folded on the Turn
Seat 5: fsreibnitz (big blind) collected ($23.52)


PokerStars Hand #158326526488:  Hold'em Limit ($3/$6 USD) - 2016/09/08 10:19:17 ET
Table 'Aaryn' 6-max Seat #5 is the button
Seat 4: B_loJkl ($85.01 in chips)
Seat 5: fsreibnitz ($105.72 in chips)
fsreibnitz: posts small blind $1
B_loJkl: posts big blind $3
*** HOLE CARDS ***
fsreibnitz: raises $3 to $6
B_loJkl: raises $3 to $9
fsreibnitz: calls $3
*** FLOP *** [7s 6s 4s]
B_loJkl: bets $3
fsreibnitz: calls $3
*** TURN *** [7s 6s 4s] [Ah]
B_loJkl: bets $6
fsreibnitz: calls $6
*** RIVER *** [7s 6s 4s Ah] [Tc]
B_loJkl: checks
fsreibnitz: checks
*** SHOW DOWN ***
B_loJkl: shows [8h 7h] (a pair of Sevens)
fsreibnitz: shows [7c 8d] (a pair of Sevens)
B_loJkl collected $17.75 from pot
fsreibnitz collected $17.75 from pot
*** SUMMARY ***
Total pot $36 | Rake $0.50
Board [7s 6s 4s Ah Tc]
Seat 4: B_loJkl (big blind) showed [8h 7h] and won ($17.75) with a pair of Sevens
Seat 5: fsreibnitz (button) (small blind) showed [7c 8d] and won ($17.75) with a pair of Sevens


PokerStars Hand #158326591998:  Hold'em Limit ($3/$6 USD) - 2016/09/08 10:21:10 ET
Table 'Aaryn' 6-max Seat #4 is the button
Seat 4: B_loJkl ($63.76 in chips)
Seat 5: fsreibnitz ($125.63 in chips)
B_loJkl: posts small blind $1
fsreibnitz: posts big blind $3
*** HOLE CARDS ***
B_loJkl: raises $3 to $6
fsreibnitz: raises $3 to $9
B_loJkl: calls $3
*** FLOP *** [2s 6s 9s]
fsreibnitz: bets $3
B_loJkl: calls $3
*** TURN *** [2s 6s 9s] [6c]
fsreibnitz: bets $6
B_loJkl: calls $6
*** RIVER *** [2s 6s 9s 6c] [Jc]
fsreibnitz: bets $6
B_loJkl: calls $6
*** SHOW DOWN ***
fsreibnitz: shows [Th Td] (two pair, Tens and Sixes)
B_loJkl: mucks hand
fsreibnitz collected $47.50 from pot
*** SUMMARY ***
Total pot $48 | Rake $0.50
Board [2s 6s 9s 6c Jc]
Seat 4: B_loJkl (button) (small blind) mucked
Seat 5: fsreibnitz (big blind) showed [Th Td] and won ($47.50) with two pair, Tens and Sixes


PokerStars Hand #158326573090:  Hold'em Limit ($3/$6 USD) - 2016/09/08 10:20:38 ET
Table 'Aaryn' 6-max Seat #5 is the button
Seat 4: B_loJkl ($72.76 in chips)
Seat 5: fsreibnitz ($116.99 in chips)
fsreibnitz: posts small blind $1
B_loJkl: posts big blind $3
*** HOLE CARDS ***
fsreibnitz: raises $3 to $6
B_loJkl: calls $3
*** FLOP *** [Qd 9s Jd]
B_loJkl: checks
fsreibnitz: bets $3
B_loJkl: calls $3
*** TURN *** [Qd 9s Jd] [2h]
B_loJkl: checks
fsreibnitz: bets $6
B_loJkl: folds
Uncalled bet ($6) returned to fsreibnitz
fsreibnitz collected $17.64 from pot
*** SUMMARY ***
Total pot $18 | Rake $0.36
Board [Qd 9s Jd 2h]
Seat 4: B_loJkl (big blind) folded on the Turn
Seat 5: fsreibnitz (button) (small blind) collected ($17.64)


PokerStars Hand #158326633263:  Hold'em Limit ($3/$6 USD) - 2016/09/08 10:22:21 ET
Table 'Aaryn' 6-max Seat #5 is the button
Seat 4: B_loJkl ($36.76 in chips)
Seat 5: fsreibnitz ($151.89 in chips)
fsreibnitz: posts small blind $1
B_loJkl: posts big blind $3
*** HOLE CARDS ***
fsreibnitz: raises $3 to $6
B_loJkl: calls $3
*** FLOP *** [7h 4h 6h]
B_loJkl: checks
fsreibnitz: checks
*** TURN *** [7h 4h 6h] [8c]
B_loJkl: bets $6
fsreibnitz: calls $6
*** RIVER *** [7h 4h 6h 8c] [7c]
B_loJkl: bets $6
fsreibnitz: folds
Uncalled bet ($6) returned to B_loJkl
B_loJkl collected $23.52 from pot
B_loJkl: doesn't show hand
*** SUMMARY ***
Total pot $24 | Rake $0.48
Board [7h 4h 6h 8c 7c]
Seat 4: B_loJkl (big blind) collected ($23.52)
Seat 5: fsreibnitz (button) (small blind) folded on the River


PokerStars Hand #158326629861:  Hold'em Limit ($3/$6 USD) - 2016/09/08 10:22:16 ET
Table 'Aaryn' 6-max Seat #4 is the button
Seat 4: B_loJkl ($33.76 in chips)
Seat 5: fsreibnitz ($154.89 in chips)
B_loJkl: posts small blind $1
fsreibnitz: posts big blind $3
*** HOLE CARDS ***
B_loJkl: raises $3 to $6
fsreibnitz: folds
Uncalled bet ($3) returned to B_loJkl
B_loJkl collected $6 from pot
B_loJkl: doesn't show hand
*** SUMMARY ***
Total pot $6 | Rake $0
Seat 4: B_loJkl (button) (small blind) collected ($6)
Seat 5: fsreibnitz (big blind) folded before Flop


PokerStars Hand #158326611457:  Hold'em Limit ($3/$6 USD) - 2016/09/08 10:21:44 ET
Table 'Aaryn' 6-max Seat #5 is the button
Seat 4: B_loJkl ($39.76 in chips)
Seat 5: fsreibnitz ($149.13 in chips)
fsreibnitz: posts small blind $1
B_loJkl: posts big blind $3
*** HOLE CARDS ***
fsreibnitz: raises $3 to $6
B_loJkl: calls $3
*** FLOP *** [7c Tc Jh]
B_loJkl: checks
fsreibnitz: bets $3
B_loJkl: folds
Uncalled bet ($3) returned to fsreibnitz
fsreibnitz collected $11.76 from pot
*** SUMMARY ***
Total pot $12 | Rake $0.24
Board [7c Tc Jh]
Seat 4: B_loJkl (big blind) folded on the Flop
Seat 5: fsreibnitz (button) (small blind) collected ($11.76)


PokerStars Hand #158326657648:  Hold'em Limit ($3/$6 USD) - 2016/09/08 10:23:03 ET
Table 'Aaryn' 6-max Seat #5 is the button
Seat 4: B_loJkl ($51.28 in chips)
Seat 5: fsreibnitz ($136.89 in chips)
fsreibnitz: posts small blind $1
B_loJkl: posts big blind $3
*** HOLE CARDS ***
fsreibnitz: raises $3 to $6
B_loJkl: calls $3
*** FLOP *** [8c 8d Jh]
B_loJkl: checks
fsreibnitz: bets $3
B_loJkl: folds
Uncalled bet ($3) returned to fsreibnitz
fsreibnitz collected $11.76 from pot
*** SUMMARY ***
Total pot $12 | Rake $0.24
Board [8c 8d Jh]
Seat 4: B_loJkl (big blind) folded on the Flop
Seat 5: fsreibnitz (button) (small blind) collected ($11.76)


PokerStars Hand #158326654249:  Hold'em Limit ($3/$6 USD) - 2016/09/08 10:22:58 ET
Table 'Aaryn' 6-max Seat #4 is the button
Seat 4: B_loJkl ($48.28 in chips)
Seat 5: fsreibnitz ($139.89 in chips)
B_loJkl: posts small blind $1
fsreibnitz: posts big blind $3
*** HOLE CARDS ***
B_loJkl: raises $3 to $6
fsreibnitz: folds
Uncalled bet ($3) returned to B_loJkl
B_loJkl collected $6 from pot
B_loJkl: doesn't show hand
*** SUMMARY ***
Total pot $6 | Rake $0
Seat 4: B_loJkl (button) (small blind) collected ($6)
Seat 5: fsreibnitz (big blind) folded before Flop


PokerStars Hand #158326703557:  Hold'em Limit ($3/$6 USD) - 2016/09/08 10:24:11 ET
Table 'Aaryn' 6-max Seat #4 is the button
Seat 4: B_loJkl ($69.78 in chips)
Seat 5: fsreibnitz ($117.65 in chips)
B_loJkl: posts small blind $1
fsreibnitz: posts big blind $3
*** HOLE CARDS ***
B_loJkl: raises $3 to $6
fsreibnitz: calls $3
*** FLOP *** [Qc Tc 3s]
fsreibnitz: checks
B_loJkl: bets $3
fsreibnitz: raises $3 to $6
B_loJkl: calls $3
*** TURN *** [Qc Tc 3s] [3c]
fsreibnitz: bets $6
B_loJkl: raises $6 to $12
fsreibnitz: raises $6 to $18
B_loJkl: calls $6
*** RIVER *** [Qc Tc 3s 3c] [6s]
fsreibnitz: bets $6
B_loJkl: calls $6
*** SHOW DOWN ***
fsreibnitz: shows [Kc 5c] (a flush, King high)
B_loJkl: mucks hand
fsreibnitz collected $71.50 from pot
*** SUMMARY ***
Total pot $72 | Rake $0.50
Board [Qc Tc 3s 3c 6s]
Seat 4: B_loJkl (button) (small blind) mucked
Seat 5: fsreibnitz (big blind) showed [Kc 5c] and won ($71.50) with a flush, King high


PokerStars Hand #158326697735:  Hold'em Limit ($3/$6 USD) - 2016/09/08 10:24:01 ET
Table 'Aaryn' 6-max Seat #5 is the button
Seat 4: B_loJkl ($68.78 in chips)
Seat 5: fsreibnitz ($118.65 in chips)
fsreibnitz: posts small blind $1
B_loJkl: posts big blind $3
*** HOLE CARDS ***
fsreibnitz: folds
Uncalled bet ($2) returned to B_loJkl
B_loJkl collected $2 from pot
B_loJkl: doesn't show hand
*** SUMMARY ***
Total pot $2 | Rake $0
Seat 4: B_loJkl (big blind) collected ($2)
Seat 5: fsreibnitz (button) (small blind) folded before Flop


PokerStars Hand #158326674048:  Hold'em Limit ($3/$6 USD) - 2016/09/08 10:23:19 ET
Table 'Aaryn' 6-max Seat #4 is the button
Seat 4: B_loJkl ($45.28 in chips)
Seat 5: fsreibnitz ($142.65 in chips)
B_loJkl: posts small blind $1
fsreibnitz: posts big blind $3
*** HOLE CARDS ***
B_loJkl: raises $3 to $6
fsreibnitz: raises $3 to $9
B_loJkl: calls $3
*** FLOP *** [6h 2d 7h]
fsreibnitz: bets $3
B_loJkl: calls $3
*** TURN *** [6h 2d 7h] [8d]
fsreibnitz: bets $6
B_loJkl: raises $6 to $12
fsreibnitz: calls $6
*** RIVER *** [6h 2d 7h 8d] [Qc]
fsreibnitz: checks
B_loJkl: checks
*** SHOW DOWN ***
fsreibnitz: shows [Kd 7s] (a pair of Sevens)
B_loJkl: shows [8h 5h] (a pair of Eights)
B_loJkl collected $47.50 from pot
*** SUMMARY ***
Total pot $48 | Rake $0.50
Board [6h 2d 7h 8d Qc]
Seat 4: B_loJkl (button) (small blind) showed [8h 5h] and won ($47.50) with a pair of Eights
Seat 5: fsreibnitz (big blind) showed [Kd 7s] and lost with a pair of Sevens


PokerStars Hand #158326736840:  Hold'em Limit ($3/$6 USD) - 2016/09/08 10:25:08 ET
Table 'Aaryn' 6-max Seat #5 is the button
Seat 4: B_loJkl ($30.78 in chips)
Seat 5: fsreibnitz ($155.91 in chips)
fsreibnitz: posts small blind $1
B_loJkl: posts big blind $3
*** HOLE CARDS ***
fsreibnitz: raises $3 to $6
B_loJkl: raises $3 to $9
fsreibnitz: calls $3
*** FLOP *** [Ts Th Qc]
B_loJkl: bets $3
fsreibnitz: folds
Uncalled bet ($3) returned to B_loJkl
B_loJkl collected $17.64 from pot
B_loJkl: doesn't show hand
*** SUMMARY ***
Total pot $18 | Rake $0.36
Board [Ts Th Qc]
Seat 4: B_loJkl (big blind) collected ($17.64)
Seat 5: fsreibnitz (button) (small blind) folded on the Flop


PokerStars Hand #158326733084:  Hold'em Limit ($3/$6 USD) - 2016/09/08 10:25:02 ET
Table 'Aaryn' 6-max Seat #4 is the button
Seat 4: B_loJkl ($27.78 in chips)
Seat 5: fsreibnitz ($158.91 in chips)
B_loJkl: posts small blind $1
fsreibnitz: posts big blind $3
*** HOLE CARDS ***
B_loJkl: raises $3 to $6
fsreibnitz: folds
Uncalled bet ($3) returned to B_loJkl
B_loJkl collected $6 from pot
B_loJkl: doesn't show hand
*** SUMMARY ***
Total pot $6 | Rake $0
Seat 4: B_loJkl (button) (small blind) collected ($6)
Seat 5: fsreibnitz (big blind) folded before Flop


PokerStars Hand #158326724317:  Hold'em Limit ($3/$6 USD) - 2016/09/08 10:24:47 ET
Table 'Aaryn' 6-max Seat #5 is the button
Seat 4: B_loJkl ($33.78 in chips)
Seat 5: fsreibnitz ($153.15 in chips)
fsreibnitz: posts small blind $1
B_loJkl: posts big blind $3
*** HOLE CARDS ***
fsreibnitz: raises $3 to $6
B_loJkl: calls $3
*** FLOP *** [Th Ac 3s]
B_loJkl: checks
fsreibnitz: bets $3
B_loJkl: folds
Uncalled bet ($3) returned to fsreibnitz
fsreibnitz collected $11.76 from pot
*** SUMMARY ***
Total pot $12 | Rake $0.24
Board [Th Ac 3s]
Seat 4: B_loJkl (big blind) folded on the Flop
Seat 5: fsreibnitz (button) (small blind) collected ($11.76)


PokerStars Hand #158326796524:  Hold'em Limit ($3/$6 USD) - 2016/09/08 10:26:51 ET
Table 'Aaryn' 6-max Seat #4 is the button
Seat 4: B_loJkl ($50.17 in chips)
Seat 5: fsreibnitz ($194.66 in chips)
B_loJkl: posts small blind $1
fsreibnitz: posts big blind $3
*** HOLE CARDS ***
B_loJkl: raises $3 to $6
fsreibnitz: folds
Uncalled bet ($3) returned to B_loJkl
B_loJkl collected $6 from pot
B_loJkl: doesn't show hand
*** SUMMARY ***
Total pot $6 | Rake $0
Seat 4: B_loJkl (button) (small blind) collected ($6)
Seat 5: fsreibnitz (big blind) folded before Flop


PokerStars Hand #158326779542:  Hold'em Limit ($3/$6 USD) - 2016/09/08 10:26:22 ET
Table 'Aaryn' 6-max Seat #5 is the button
Seat 4: B_loJkl ($80.17 in chips)
Seat 5: fsreibnitz ($165.16 in chips)
fsreibnitz: posts small blind $1
B_loJkl: posts big blind $3
*** HOLE CARDS ***
fsreibnitz: raises $3 to $6
B_loJkl: calls $3
*** FLOP *** [5h 8s 9h]
B_loJkl: checks
fsreibnitz: bets $3
B_loJkl: raises $3 to $6
fsreibnitz: calls $3
*** TURN *** [5h 8s 9h] [2h]
B_loJkl: bets $6
fsreibnitz: raises $6 to $12
B_loJkl: calls $6
*** RIVER *** [5h 8s 9h 2h] [4s]
B_loJkl: checks
fsreibnitz: bets $6
B_loJkl: calls $6
*** SHOW DOWN ***
fsreibnitz: shows [6c 7h] (a straight, Five to Nine)
B_loJkl: mucks hand
fsreibnitz collected $59.50 from pot
*** SUMMARY ***
Total pot $60 | Rake $0.50
Board [5h 8s 9h 2h 4s]
Seat 4: B_loJkl (big blind) mucked
Seat 5: fsreibnitz (button) (small blind) showed [6c 7h] and won ($59.50) with a straight, Five to Nine


PokerStars Hand #158326775956:  Hold'em Limit ($3/$6 USD) - 2016/09/08 10:26:16 ET
Table 'Aaryn' 6-max Seat #4 is the button
Seat 4: B_loJkl ($21.17 in chips)
Seat 5: fsreibnitz ($164.16 in chips)
B_loJkl: posts small blind $1
fsreibnitz: posts big blind $3
*** HOLE CARDS ***
B_loJkl: folds
Uncalled bet ($2) returned to fsreibnitz
fsreibnitz collected $2 from pot
*** SUMMARY ***
Total pot $2 | Rake $0
Seat 4: B_loJkl (button) (small blind) folded before Flop
Seat 5: fsreibnitz (big blind) collected ($2)


PokerStars Hand #158326759846:  Hold'em Limit ($3/$6 USD) - 2016/09/08 10:25:48 ET
Table 'Aaryn' 6-max Seat #5 is the button
Seat 4: B_loJkl ($21.42 in chips)
Seat 5: fsreibnitz ($164.41 in chips)
fsreibnitz: posts small blind $1
B_loJkl: posts big blind $3
*** HOLE CARDS ***
fsreibnitz: raises $3 to $6
B_loJkl: calls $3
*** FLOP *** [9d Qh Kc]
B_loJkl: checks
fsreibnitz: bets $3
B_loJkl: calls $3
*** TURN *** [9d Qh Kc] [Ah]
B_loJkl: checks
fsreibnitz: checks
*** RIVER *** [9d Qh Kc Ah] [3c]
B_loJkl: bets $6
fsreibnitz: calls $6
*** SHOW DOWN ***
B_loJkl: shows [6h Qc] (a pair of Queens)
fsreibnitz: shows [Qd 7d] (a pair of Queens)
B_loJkl collected $14.75 from pot
fsreibnitz collected $14.75 from pot
*** SUMMARY ***
Total pot $30 | Rake $0.50
Board [9d Qh Kc Ah 3c]
Seat 4: B_loJkl (big blind) showed [6h Qc] and won ($14.75) with a pair of Queens
Seat 5: fsreibnitz (button) (small blind) showed [Qd 7d] and won ($14.75) with a pair of Queens


PokerStars Hand #158326744084:  Hold'em Limit ($3/$6 USD) - 2016/09/08 10:25:21 ET
Table 'Aaryn' 6-max Seat #4 is the button
Seat 4: B_loJkl ($39.42 in chips)
Seat 5: fsreibnitz ($146.91 in chips)
B_loJkl: posts small blind $1
fsreibnitz: posts big blind $3
*** HOLE CARDS ***
B_loJkl: raises $3 to $6
fsreibnitz: raises $3 to $9
B_loJkl: calls $3
*** FLOP *** [7d 2s 8h]
fsreibnitz: bets $3
B_loJkl: calls $3
*** TURN *** [7d 2s 8h] [7h]
fsreibnitz: bets $6
B_loJkl: calls $6
*** RIVER *** [7d 2s 8h 7h] [Jh]
fsreibnitz: checks
B_loJkl: checks
*** SHOW DOWN ***
fsreibnitz: shows [As Kd] (a pair of Sevens)
B_loJkl: mucks hand
fsreibnitz collected $35.50 from pot
*** SUMMARY ***
Total pot $36 | Rake $0.50
Board [7d 2s 8h 7h Jh]
Seat 4: B_loJkl (button) (small blind) mucked
Seat 5: fsreibnitz (big blind) showed [As Kd] and won ($35.50) with a pair of Sevens


PokerStars Hand #158326831398:  Hold'em Limit ($3/$6 USD) - 2016/09/08 10:27:49 ET
Table 'Aaryn' 6-max Seat #6 is the button
Seat 5: fsreibnitz ($179.66 in chips)
Seat 6: megabaitt ($114 in chips)
megabaitt: posts small blind $1
B_loJkl: is sitting out
fsreibnitz: posts big blind $3
*** HOLE CARDS ***
megabaitt: raises $3 to $6
fsreibnitz: folds
Uncalled bet ($3) returned to megabaitt
megabaitt collected $6 from pot
megabaitt: doesn't show hand
*** SUMMARY ***
Total pot $6 | Rake $0
Seat 5: fsreibnitz (big blind) folded before Flop
Seat 6: megabaitt (button) (small blind) collected ($6)


PokerStars Hand #158326818876:  Hold'em Limit ($3/$6 USD) - 2016/09/08 10:27:28 ET
Table 'Aaryn' 6-max Seat #4 is the button
Seat 4: B_loJkl ($64.69 in chips)
Seat 5: fsreibnitz ($179.66 in chips)
B_loJkl: posts small blind $1
fsreibnitz: posts big blind $3
*** HOLE CARDS ***
megabaitt joins the table at seat #6
B_loJkl: folds
Uncalled bet ($2) returned to fsreibnitz
fsreibnitz collected $2 from pot
*** SUMMARY ***
Total pot $2 | Rake $0
Seat 4: B_loJkl (button) (small blind) folded before Flop
Seat 5: fsreibnitz (big blind) collected ($2)


PokerStars Hand #158326801111:  Hold'em Limit ($3/$6 USD) - 2016/09/08 10:26:58 ET
Table 'Aaryn' 6-max Seat #5 is the button
Seat 4: B_loJkl ($53.17 in chips)
Seat 5: fsreibnitz ($191.66 in chips)
fsreibnitz: posts small blind $1
B_loJkl: posts big blind $3
*** HOLE CARDS ***
fsreibnitz: raises $3 to $6
B_loJkl: calls $3
*** FLOP *** [Ks 5h 7h]
B_loJkl: checks
fsreibnitz: bets $3
B_loJkl: raises $3 to $6
fsreibnitz: calls $3
*** TURN *** [Ks 5h 7h] [As]
B_loJkl: checks
fsreibnitz: checks
*** RIVER *** [Ks 5h 7h As] [6c]
B_loJkl: checks
fsreibnitz: checks
*** SHOW DOWN ***
B_loJkl: shows [3h 6h] (a pair of Sixes)
fsreibnitz: mucks hand
B_loJkl collected $23.52 from pot
*** SUMMARY ***
Total pot $24 | Rake $0.48
Board [Ks 5h 7h As 6c]
Seat 4: B_loJkl (big blind) showed [3h 6h] and won ($23.52) with a pair of Sixes
Seat 5: fsreibnitz (button) (small blind) mucked


PokerStars Hand #158326835377:  Hold'em Limit ($3/$6 USD) - 2016/09/08 10:27:56 ET
Table 'Aaryn' 6-max Seat #5 is the button
Seat 5: fsreibnitz ($176.66 in chips)
Seat 6: megabaitt ($117 in chips)
fsreibnitz: posts small blind $1
megabaitt: posts big blind $3
*** HOLE CARDS ***
fsreibnitz: raises $3 to $6
megabaitt: calls $3
*** FLOP *** [5s Jd As]
B_loJkl leaves the table
megabaitt: checks
fsreibnitz: bets $3
megabaitt: calls $3
*** TURN *** [5s Jd As] [5c]
B_loJkl joins the table at seat #1
megabaitt: checks
fsreibnitz: bets $6
megabaitt: raises $6 to $12
fsreibnitz: raises $6 to $18
megabaitt: raises $6 to $24
Betting is capped
fsreibnitz: calls $6
*** RIVER *** [5s Jd As 5c] [6h]
megabaitt: checks
fsreibnitz: bets $6
megabaitt: calls $6
*** SHOW DOWN ***
fsreibnitz: shows [Ah 5d] (a full house, Fives full of Aces)
megabaitt: mucks hand
fsreibnitz collected $77.50 from pot
*** SUMMARY ***
Total pot $78 | Rake $0.50
Board [5s Jd As 5c 6h]
Seat 5: fsreibnitz (button) (small blind) showed [Ah 5d] and won ($77.50) with a full house, Fives full of Aces
Seat 6: megabaitt (big blind) mucked


PokerStars Hand #158332082768:  Hold'em Limit ($3/$6 USD) - 2016/09/08 12:46:58 ET
Table 'Aaryn' 6-max Seat #4 is the button
Seat 2: Psynto ($153.36 in chips)
Seat 4: Johnliu ($76.73 in chips)
Johnliu: posts small blind $1
krytalex was removed from the table for failing to post
d3w1l was removed from the table for failing to post
Psynto: posts big blind $3
*** HOLE CARDS ***
Johnliu: folds
Uncalled bet ($2) returned to Psynto
Psynto collected $2 from pot
Psynto: doesn't show hand
*** SUMMARY ***
Total pot $2 | Rake $0
Seat 2: Psynto (big blind) collected ($2)
Seat 4: Johnliu (button) (small blind) folded before Flop


PokerStars Hand #158332074075:  Hold'em Limit ($3/$6 USD) - 2016/09/08 12:46:45 ET
Table 'Aaryn' 6-max Seat #2 is the button
Seat 2: Psynto ($150.36 in chips)
Seat 4: Johnliu ($79.73 in chips)
Psynto: posts small blind $1
Johnliu: posts big blind $3
*** HOLE CARDS ***
Psynto: raises $3 to $6
LazioCFC leaves the table
Johnliu: folds
Uncalled bet ($3) returned to Psynto
Psynto collected $6 from pot
Psynto: doesn't show hand
*** SUMMARY ***
Total pot $6 | Rake $0
Seat 2: Psynto (button) (small blind) collected ($6)
Seat 4: Johnliu (big blind) folded before Flop


PokerStars Hand #158332102149:  Hold'em Limit ($3/$6 USD) - 2016/09/08 12:47:24 ET
Table 'Aaryn' 6-max Seat #4 is the button
Seat 2: Psynto ($130.36 in chips)
Seat 4: Johnliu ($99.23 in chips)
Johnliu: posts small blind $1
Psynto: posts big blind $3
*** HOLE CARDS ***
Johnliu: raises $3 to $6
Psynto: calls $3
*** FLOP *** [9d Tc 4s]
Psynto: checks
Johnliu: bets $3
Psynto: folds
Uncalled bet ($3) returned to Johnliu
Johnliu collected $11.76 from pot
Johnliu: doesn't show hand
*** SUMMARY ***
Total pot $12 | Rake $0.24
Board [9d Tc 4s]
Seat 2: Psynto (big blind) folded on the Flop
Seat 4: Johnliu (button) (small blind) collected ($11.76)


PokerStars Hand #158332088944:  Hold'em Limit ($3/$6 USD) - 2016/09/08 12:47:06 ET
Table 'Aaryn' 6-max Seat #2 is the button
Seat 2: Psynto ($154.36 in chips)
Seat 4: Johnliu ($75.73 in chips)
Psynto: posts small blind $1
Johnliu: posts big blind $3
*** HOLE CARDS ***
Psynto: raises $3 to $6
Johnliu: raises $3 to $9
Psynto: calls $3
*** FLOP *** [Kd 8s 3s]
Johnliu: bets $3
Psynto: calls $3
*** TURN *** [Kd 8s 3s] [7h]
Johnliu: bets $6
Psynto: calls $6
*** RIVER *** [Kd 8s 3s 7h] [Kh]
Johnliu: bets $6
Psynto: calls $6
*** SHOW DOWN ***
Johnliu: shows [Kc 9h] (three of a kind, Kings)
Psynto: mucks hand
Johnliu collected $47.50 from pot
*** SUMMARY ***
Total pot $48 | Rake $0.50
Board [Kd 8s 3s 7h Kh]
Seat 2: Psynto (button) (small blind) mucked
Seat 4: Johnliu (big blind) showed [Kc 9h] and won ($47.50) with three of a kind, Kings


PokerStars Hand #158332114155:  Hold'em Limit ($3/$6 USD) - 2016/09/08 12:47:41 ET
Table 'Aaryn' 6-max Seat #4 is the button
Seat 2: Psynto ($123.36 in chips)
Seat 4: Johnliu ($105.99 in chips)
Johnliu: posts small blind $1
Psynto: posts big blind $3
*** HOLE CARDS ***
Johnliu: raises $3 to $6
Psynto: calls $3
*** FLOP *** [8d 2s 6c]
Psynto: checks
Johnliu: bets $3
Psynto: folds
Uncalled bet ($3) returned to Johnliu
Johnliu collected $11.76 from pot
Johnliu: doesn't show hand
*** SUMMARY ***
Total pot $12 | Rake $0.24
Board [8d 2s 6c]
Seat 2: Psynto (big blind) folded on the Flop
Seat 4: Johnliu (button) (small blind) collected ($11.76)


PokerStars Hand #158332127605:  Hold'em Limit ($3/$6 USD) - 2016/09/08 12:47:59 ET
Table 'Aaryn' 6-max Seat #4 is the button
Seat 2: Psynto ($120.36 in chips)
Seat 4: Johnliu ($108.75 in chips)
Johnliu: posts small blind $1
Psynto: posts big blind $3
*** HOLE CARDS ***
Johnliu: folds
Uncalled bet ($2) returned to Psynto
Psynto collected $2 from pot
Psynto: doesn't show hand
*** SUMMARY ***
Total pot $2 | Rake $0
Seat 2: Psynto (big blind) collected ($2)
Seat 4: Johnliu (button) (small blind) folded before Flop


PokerStars Hand #158332122546:  Hold'em Limit ($3/$6 USD) - 2016/09/08 12:47:52 ET
Table 'Aaryn' 6-max Seat #2 is the button
Seat 2: Psynto ($117.36 in chips)
Seat 4: Johnliu ($111.75 in chips)
Psynto: posts small blind $1
Johnliu: posts big blind $3
*** HOLE CARDS ***
Psynto: raises $3 to $6
Johnliu: folds
Uncalled bet ($3) returned to Psynto
Psynto collected $6 from pot
Psynto: doesn't show hand
*** SUMMARY ***
Total pot $6 | Rake $0
Seat 2: Psynto (button) (small blind) collected ($6)
Seat 4: Johnliu (big blind) folded before Flop


PokerStars Hand #158332110751:  Hold'em Limit ($3/$6 USD) - 2016/09/08 12:47:36 ET
Table 'Aaryn' 6-max Seat #2 is the button
Seat 2: Psynto ($124.36 in chips)
Seat 4: Johnliu ($104.99 in chips)
Psynto: posts small blind $1
Johnliu: posts big blind $3
*** HOLE CARDS ***
Psynto: folds
Uncalled bet ($2) returned to Johnliu
Johnliu collected $2 from pot
Johnliu: doesn't show hand
*** SUMMARY ***
Total pot $2 | Rake $0
Seat 2: Psynto (button) (small blind) folded before Flop
Seat 4: Johnliu (big blind) collected ($2)


PokerStars Hand #158332149547:  Hold'em Limit ($3/$6 USD) - 2016/09/08 12:48:29 ET
Table 'Aaryn' 6-max Seat #2 is the button
Seat 2: Psynto ($114.36 in chips)
Seat 4: Johnliu ($114.51 in chips)
Psynto: posts small blind $1
Johnliu: posts big blind $3
*** HOLE CARDS ***
Psynto: raises $3 to $6
Johnliu: calls $3
*** FLOP *** [6d Ts Kc]
Johnliu: checks
Psynto: bets $3
Johnliu: calls $3
*** TURN *** [6d Ts Kc] [Kh]
Johnliu: checks
Psynto: checks
*** RIVER *** [6d Ts Kc Kh] [Td]
Johnliu: bets $6
Psynto: folds
Uncalled bet ($6) returned to Johnliu
Johnliu collected $17.64 from pot
Johnliu: doesn't show hand
*** SUMMARY ***
Total pot $18 | Rake $0.36
Board [6d Ts Kc Kh Td]
Seat 2: Psynto (button) (small blind) folded on the River
Seat 4: Johnliu (big blind) collected ($17.64)


PokerStars Hand #158332138700:  Hold'em Limit ($3/$6 USD) - 2016/09/08 12:48:14 ET
Table 'Aaryn' 6-max Seat #4 is the button
Seat 2: Psynto ($120.36 in chips)
Seat 4: Johnliu ($108.75 in chips)
Johnliu: posts small blind $1
Psynto: posts big blind $3
*** HOLE CARDS ***
Johnliu: raises $3 to $6
Psynto: calls $3
*** FLOP *** [Jc Tc 5s]
Psynto: checks
Johnliu: bets $3
Psynto: folds
Uncalled bet ($3) returned to Johnliu
Johnliu collected $11.76 from pot
Johnliu: doesn't show hand
*** SUMMARY ***
Total pot $12 | Rake $0.24
Board [Jc Tc 5s]
Seat 2: Psynto (big blind) folded on the Flop
Seat 4: Johnliu (button) (small blind) collected ($11.76)


PokerStars Hand #158332134420:  Hold'em Limit ($3/$6 USD) - 2016/09/08 12:48:08 ET
Table 'Aaryn' 6-max Seat #2 is the button
Seat 2: Psynto ($121.36 in chips)
Seat 4: Johnliu ($107.75 in chips)
Psynto: posts small blind $1
Johnliu: posts big blind $3
*** HOLE CARDS ***
Psynto: folds
Uncalled bet ($2) returned to Johnliu
Johnliu collected $2 from pot
*** SUMMARY ***
Total pot $2 | Rake $0
Seat 2: Psynto (button) (small blind) folded before Flop
Seat 4: Johnliu (big blind) collected ($2)


PokerStars Hand #158332199498:  Hold'em Limit ($3/$6 USD) - 2016/09/08 12:49:36 ET
Table 'Aaryn' 6-max Seat #4 is the button
Seat 2: Psynto ($77.76 in chips)
Seat 4: Johnliu ($152.65 in chips)
Johnliu: posts small blind $1
Psynto: posts big blind $3
*** HOLE CARDS ***
Johnliu: raises $3 to $6
Psynto: calls $3
*** FLOP *** [Jc 8s 9h]
Psynto: checks
Johnliu: checks
*** TURN *** [Jc 8s 9h] [Qc]
Psynto: bets $6
Johnliu: calls $6
*** RIVER *** [Jc 8s 9h Qc] [Ts]
Psynto: checks
Johnliu: checks
*** SHOW DOWN ***
Psynto: shows [3d 3h] (a straight, Eight to Queen)
Johnliu: shows [4c Ac] (a straight, Eight to Queen)
Psynto collected $11.76 from pot
Johnliu collected $11.76 from pot
*** SUMMARY ***
Total pot $24 | Rake $0.48
Board [Jc 8s 9h Qc Ts]
Seat 2: Psynto (big blind) showed [3d 3h] and won ($11.76) with a straight, Eight to Queen
Seat 4: Johnliu (button) (small blind) showed [4c Ac] and won ($11.76) with a straight, Eight to Queen


PokerStars Hand #158332214973:  Hold'em Limit ($3/$6 USD) - 2016/09/08 12:49:57 ET
Table 'Aaryn' 6-max Seat #2 is the button
Seat 2: Psynto ($77.52 in chips)
Seat 4: Johnliu ($152.41 in chips)
Psynto: posts small blind $1
Johnliu: posts big blind $3
*** HOLE CARDS ***
Psynto: raises $3 to $6
Johnliu: calls $3
*** FLOP *** [Ts Jc Ad]
Johnliu: checks
Psynto: bets $3
Johnliu: raises $3 to $6
Psynto: calls $3
*** TURN *** [Ts Jc Ad] [Ks]
Johnliu: checks
Psynto: bets $6
Johnliu: calls $6
*** RIVER *** [Ts Jc Ad Ks] [Qd]
Johnliu: checks
Psynto: checks
*** SHOW DOWN ***
Johnliu: shows [Th Ac] (a straight, Ten to Ace)
Psynto: shows [9h Kd] (a straight, Ten to Ace)
Johnliu collected $17.75 from pot
Psynto collected $17.75 from pot
*** SUMMARY ***
Total pot $36 | Rake $0.50
Board [Ts Jc Ad Ks Qd]
Seat 2: Psynto (button) (small blind) showed [9h Kd] and won ($17.75) with a straight, Ten to Ace
Seat 4: Johnliu (big blind) showed [Th Ac] and won ($17.75) with a straight, Ten to Ace


PokerStars Hand #158332188952:  Hold'em Limit ($3/$6 USD) - 2016/09/08 12:49:22 ET
Table 'Aaryn' 6-max Seat #2 is the button
Seat 2: Psynto ($72 in chips)
Seat 4: Johnliu ($158.65 in chips)
Psynto: posts small blind $1
Johnliu: posts big blind $3
*** HOLE CARDS ***
Psynto: raises $3 to $6
Johnliu: calls $3
*** FLOP *** [Qc Ks 7h]
Johnliu: checks
Psynto: bets $3
Johnliu: folds
Uncalled bet ($3) returned to Psynto
Psynto collected $11.76 from pot
Psynto: doesn't show hand
*** SUMMARY ***
Total pot $12 | Rake $0.24
Board [Qc Ks 7h]
Seat 2: Psynto (button) (small blind) collected ($11.76)
Seat 4: Johnliu (big blind) folded on the Flop


PokerStars Hand #158332166714:  Hold'em Limit ($3/$6 USD) - 2016/09/08 12:48:52 ET
Table 'Aaryn' 6-max Seat #4 is the button
Seat 2: Psynto ($105.36 in chips)
Seat 4: Johnliu ($123.15 in chips)
Johnliu: posts small blind $1
Psynto: posts big blind $3
*** HOLE CARDS ***
Johnliu: raises $3 to $6
Psynto: raises $3 to $9
Johnliu: calls $3
*** FLOP *** [8h 9d Qs]
Psynto: bets $3
Johnliu: calls $3
*** TURN *** [8h 9d Qs] [5s]
Psynto: checks
Johnliu: bets $6
Psynto: raises $6 to $12
Johnliu: calls $6
*** RIVER *** [8h 9d Qs 5s] [9h]
Psynto: bets $6
Johnliu: raises $6 to $12
Psynto: calls $6
*** SHOW DOWN ***
Johnliu: shows [9c Jd] (three of a kind, Nines)
Psynto: mucks hand
Johnliu collected $71.50 from pot
*** SUMMARY ***
Total pot $72 | Rake $0.50
Board [8h 9d Qs 5s 9h]
Seat 2: Psynto (big blind) mucked
Seat 4: Johnliu (button) (small blind) showed [9c Jd] and won ($71.50) with three of a kind, Nines


PokerStars Hand #158332314760:  Hold'em Limit ($3/$6 USD) - 2016/09/08 12:52:11 ET
Table 'Aaryn' 6-max Seat #4 is the button
Seat 2: Psynto ($168.27 in chips)
Seat 4: Johnliu ($59.16 in chips)
Johnliu: posts small blind $1
Psynto: posts big blind $3
*** HOLE CARDS ***
Johnliu: folds
Uncalled bet ($2) returned to Psynto
Psynto collected $2 from pot
Psynto: doesn't show hand
*** SUMMARY ***
Total pot $2 | Rake $0
Seat 2: Psynto (big blind) collected ($2)
Seat 4: Johnliu (button) (small blind) folded before Flop


PokerStars Hand #158332292845:  Hold'em Limit ($3/$6 USD) - 2016/09/08 12:51:41 ET
Table 'Aaryn' 6-max Seat #2 is the button
Seat 2: Psynto ($135.77 in chips)
Seat 4: Johnliu ($92.16 in chips)
Psynto: posts small blind $1
Johnliu: posts big blind $3
*** HOLE CARDS ***
Psynto: raises $3 to $6
Johnliu: calls $3
*** FLOP *** [Qd Qc 7h]
Johnliu: checks
Psynto: bets $3
Johnliu: calls $3
*** TURN *** [Qd Qc 7h] [5h]
Johnliu: checks
Psynto: bets $6
Johnliu: raises $6 to $12
Psynto: calls $6
*** RIVER *** [Qd Qc 7h 5h] [3h]
Johnliu: bets $6
Psynto: raises $6 to $12
Johnliu: calls $6
*** SHOW DOWN ***
Psynto: shows [4d 6s] (a straight, Three to Seven)
Johnliu: mucks hand
Psynto collected $65.50 from pot
*** SUMMARY ***
Total pot $66 | Rake $0.50
Board [Qd Qc 7h 5h 3h]
Seat 2: Psynto (button) (small blind) showed [4d 6s] and won ($65.50) with a straight, Three to Seven
Seat 4: Johnliu (big blind) mucked


PokerStars Hand #158332334850:  Hold'em Limit ($3/$6 USD) - 2016/09/08 12:52:37 ET
Table 'Aaryn' 6-max Seat #4 is the button
Seat 2: Psynto ($151.27 in chips)
Seat 4: Johnliu ($75.66 in chips)
Johnliu: posts small blind $1
Psynto: posts big blind $3
*** HOLE CARDS ***
Johnliu: raises $3 to $6
Psynto: folds
Uncalled bet ($3) returned to Johnliu
Johnliu collected $6 from pot
Johnliu: doesn't show hand
*** SUMMARY ***
Total pot $6 | Rake $0
Seat 2: Psynto (big blind) folded before Flop
Seat 4: Johnliu (button) (small blind) collected ($6)


PokerStars Hand #158332319043:  Hold'em Limit ($3/$6 USD) - 2016/09/08 12:52:16 ET
Table 'Aaryn' 6-max Seat #2 is the button
Seat 2: Psynto ($169.27 in chips)
Seat 4: Johnliu ($58.16 in chips)
Psynto: posts small blind $1
Johnliu: posts big blind $3
*** HOLE CARDS ***
Psynto: raises $3 to $6
Johnliu: calls $3
*** FLOP *** [Th 4c 3h]
Johnliu: checks
Psynto: checks
*** TURN *** [Th 4c 3h] [6h]
Johnliu: bets $6
Psynto: calls $6
*** RIVER *** [Th 4c 3h 6h] [8d]
Johnliu: bets $6
Psynto: calls $6
*** SHOW DOWN ***
Johnliu: shows [7d 5s] (a straight, Four to Eight)
Psynto: mucks hand
Johnliu collected $35.50 from pot
*** SUMMARY ***
Total pot $36 | Rake $0.50
Board [Th 4c 3h 6h 8d]
Seat 2: Psynto (button) (small blind) mucked
Seat 4: Johnliu (big blind) showed [7d 5s] and won ($35.50) with a straight, Four to Eight


PokerStars Hand #158332339791:  Hold'em Limit ($3/$6 USD) - 2016/09/08 12:52:43 ET
Table 'Aaryn' 6-max Seat #2 is the button
Seat 2: Psynto ($148.27 in chips)
Seat 4: Johnliu ($78.66 in chips)
Psynto: posts small blind $1
Johnliu: posts big blind $3
*** HOLE CARDS ***
Psynto: raises $3 to $6
Johnliu: folds
Uncalled bet ($3) returned to Psynto
Psynto collected $6 from pot
Psynto: doesn't show hand
*** SUMMARY ***
Total pot $6 | Rake $0
Seat 2: Psynto (button) (small blind) collected ($6)
Seat 4: Johnliu (big blind) folded before Flop


PokerStars Hand #158332231286:  Hold'em Limit ($3/$6 USD) - 2016/09/08 12:50:19 ET
Table 'Aaryn' 6-max Seat #4 is the button
Seat 2: Psynto ($77.27 in chips)
Seat 4: Johnliu ($152.16 in chips)
Johnliu: posts small blind $1
Psynto: posts big blind $3
*** HOLE CARDS ***
Johnliu: raises $3 to $6
Psynto: calls $3
*** FLOP *** [2s 4d 3c]
Psynto: checks
Johnliu: checks
*** TURN *** [2s 4d 3c] [As]
Psynto: checks
Johnliu: bets $6
Psynto: calls $6
*** RIVER *** [2s 4d 3c As] [Kc]
Psynto: checks
Johnliu: bets $6
Psynto: calls $6
*** SHOW DOWN ***
Johnliu: shows [7d Kd] (a pair of Kings)
Psynto: shows [Ah 2h] (two pair, Aces and Deuces)
Psynto collected $35.50 from pot
*** SUMMARY ***
Total pot $36 | Rake $0.50
Board [2s 4d 3c As Kc]
Seat 2: Psynto (big blind) showed [Ah 2h] and won ($35.50) with two pair, Aces and Deuces
Seat 4: Johnliu (button) (small blind) showed [7d Kd] and lost with a pair of Kings


PokerStars Hand #158332244637:  Hold'em Limit ($3/$6 USD) - 2016/09/08 12:50:37 ET
Table 'Aaryn' 6-max Seat #2 is the button
Seat 2: Psynto ($94.77 in chips)
Seat 4: Johnliu ($134.16 in chips)
Psynto: posts small blind $1
Johnliu: posts big blind $3
*** HOLE CARDS ***
Psynto: raises $3 to $6
Johnliu: raises $3 to $9
Psynto: calls $3
*** FLOP *** [Td 5h 4s]
Johnliu: bets $3
Psynto: raises $3 to $6
Johnliu: calls $3
*** TURN *** [Td 5h 4s] [4d]
Johnliu: checks
Psynto: bets $6
Johnliu: calls $6
*** RIVER *** [Td 5h 4s 4d] [7c]
Johnliu: checks
Psynto: bets $6
Johnliu: calls $6
*** SHOW DOWN ***
Psynto: shows [Jh Jd] (two pair, Jacks and Fours)
Johnliu: mucks hand
Psynto collected $53.50 from pot
*** SUMMARY ***
Total pot $54 | Rake $0.50
Board [Td 5h 4s 4d 7c]
Seat 2: Psynto (button) (small blind) showed [Jh Jd] and won ($53.50) with two pair, Jacks and Fours
Seat 4: Johnliu (big blind) mucked


PokerStars Hand #158332345859:  Hold'em Limit ($3/$6 USD) - 2016/09/08 12:52:51 ET
Table 'Aaryn' 6-max Seat #4 is the button
Seat 2: Psynto ($151.27 in chips)
Seat 4: Johnliu ($75.66 in chips)
Johnliu: posts small blind $1
Psynto: posts big blind $3
*** HOLE CARDS ***
Johnliu: raises $3 to $6
Psynto: raises $3 to $9
Johnliu: calls $3
*** FLOP *** [8h 7h Ac]
Psynto: bets $3
Johnliu: calls $3
*** TURN *** [8h 7h Ac] [Qs]
Psynto: bets $6
Johnliu: calls $6
*** RIVER *** [8h 7h Ac Qs] [7s]
Psynto: checks
Johnliu: checks
*** SHOW DOWN ***
Psynto: shows [Js Ks] (a pair of Sevens)
Johnliu: shows [8c 4c] (two pair, Eights and Sevens)
Johnliu collected $35.50 from pot
*** SUMMARY ***
Total pot $36 | Rake $0.50
Board [8h 7h Ac Qs 7s]
Seat 2: Psynto (big blind) showed [Js Ks] and lost with a pair of Sevens
Seat 4: Johnliu (button) (small blind) showed [8c 4c] and won ($35.50) with two pair, Eights and Sevens


PokerStars Hand #158332361142:  Hold'em Limit ($3/$6 USD) - 2016/09/08 12:53:12 ET
Table 'Aaryn' 6-max Seat #2 is the button
Seat 2: Psynto ($133.27 in chips)
Seat 4: Johnliu ($93.16 in chips)
Psynto: posts small blind $1
Johnliu: posts big blind $3
*** HOLE CARDS ***
Psynto: raises $3 to $6
Johnliu: calls $3
*** FLOP *** [7h Th 7s]
Johnliu: checks
Psynto: bets $3
Johnliu: raises $3 to $6
Psynto: calls $3
*** TURN *** [7h Th 7s] [3h]
Johnliu: checks
Psynto: checks
*** RIVER *** [7h Th 7s 3h] [9d]
Johnliu: checks
Psynto: bets $6
Johnliu: folds
Uncalled bet ($6) returned to Psynto
Psynto collected $23.52 from pot
Psynto: doesn't show hand
*** SUMMARY ***
Total pot $24 | Rake $0.48
Board [7h Th 7s 3h 9d]
Seat 2: Psynto (button) (small blind) collected ($23.52)
Seat 4: Johnliu (big blind) folded on the River


PokerStars Hand #158332380272:  Hold'em Limit ($3/$6 USD) - 2016/09/08 12:53:38 ET
Table 'Aaryn' 6-max Seat #4 is the button
Seat 2: Psynto ($144.79 in chips)
Seat 4: Johnliu ($81.16 in chips)
Johnliu: posts small blind $1
Psynto: posts big blind $3
*** HOLE CARDS ***
Johnliu: raises $3 to $6
Psynto: raises $3 to $9
Johnliu: calls $3
*** FLOP *** [2h 7s Ad]
Psynto: bets $3
Johnliu: calls $3
*** TURN *** [2h 7s Ad] [Kh]
Psynto: bets $6
Johnliu: folds
Uncalled bet ($6) returned to Psynto
Psynto collected $23.52 from pot
Psynto: doesn't show hand
*** SUMMARY ***
Total pot $24 | Rake $0.48
Board [2h 7s Ad Kh]
Seat 2: Psynto (big blind) collected ($23.52)
Seat 4: Johnliu (button) (small blind) folded on the Turn


PokerStars Hand #158332395432:  Hold'em Limit ($3/$6 USD) - 2016/09/08 12:53:58 ET
Table 'Aaryn' 6-max Seat #2 is the button
Seat 2: Psynto ($156.31 in chips)
Seat 4: Johnliu ($69.16 in chips)
Psynto: posts small blind $1
Johnliu: posts big blind $3
*** HOLE CARDS ***
Psynto: raises $3 to $6
Johnliu: calls $3
*** FLOP *** [Jh Qc Kc]
Johnliu: checks
Psynto: bets $3
Johnliu: raises $3 to $6
Psynto: calls $3
*** TURN *** [Jh Qc Kc] [9h]
Johnliu: bets $6
Psynto: calls $6
*** RIVER *** [Jh Qc Kc 9h] [6h]
Johnliu: bets $6
Psynto: folds
Uncalled bet ($6) returned to Johnliu
Johnliu collected $35.50 from pot
Johnliu: doesn't show hand
*** SUMMARY ***
Total pot $36 | Rake $0.50
Board [Jh Qc Kc 9h 6h]
Seat 2: Psynto (button) (small blind) folded on the River
Seat 4: Johnliu (big blind) collected ($35.50)


PokerStars Hand #158332413179:  Hold'em Limit ($3/$6 USD) - 2016/09/08 12:54:23 ET
Table 'Aaryn' 6-max Seat #4 is the button
Seat 2: Psynto ($138.31 in chips)
Seat 4: Johnliu ($86.66 in chips)
Johnliu: posts small blind $1
Psynto: posts big blind $3
*** HOLE CARDS ***
Johnliu: raises $3 to $6
Psynto: calls $3
*** FLOP *** [Td 3s 6c]
Psynto: checks
Johnliu: bets $3
Psynto: raises $3 to $6
Johnliu: calls $3
*** TURN *** [Td 3s 6c] [Jd]
Psynto: bets $6
Johnliu: raises $6 to $12
Psynto: calls $6
*** RIVER *** [Td 3s 6c Jd] [5s]
Psynto: checks
Johnliu: bets $6
Psynto: calls $6
*** SHOW DOWN ***
Johnliu: shows [Js Jh] (three of a kind, Jacks)
Psynto: mucks hand
Johnliu collected $59.50 from pot
*** SUMMARY ***
Total pot $60 | Rake $0.50
Board [Td 3s 6c Jd 5s]
Seat 2: Psynto (big blind) mucked
Seat 4: Johnliu (button) (small blind) showed [Js Jh] and won ($59.50) with three of a kind, Jacks


PokerStars Hand #158332433384:  Hold'em Limit ($3/$6 USD) - 2016/09/08 12:54:46 ET
Table 'Aaryn' 6-max Seat #2 is the button
Seat 2: Psynto ($108.31 in chips)
Seat 4: Johnliu ($116.16 in chips)
Psynto: posts small blind $1
Johnliu: posts big blind $3
*** HOLE CARDS ***
Psynto: raises $3 to $6
Johnliu: calls $3
*** FLOP *** [Js 5d 6s]
Johnliu: checks
Psynto: bets $3
Johnliu: raises $3 to $6
Psynto: calls $3
*** TURN *** [Js 5d 6s] [3c]
Johnliu: bets $6
Psynto: calls $6
*** RIVER *** [Js 5d 6s 3c] [6c]
Johnliu: bets $6
Psynto: folds
Uncalled bet ($6) returned to Johnliu
Johnliu collected $35.50 from pot
Johnliu: doesn't show hand
*** SUMMARY ***
Total pot $36 | Rake $0.50
Board [Js 5d 6s 3c 6c]
Seat 2: Psynto (button) (small blind) folded on the River
Seat 4: Johnliu (big blind) collected ($35.50)


PokerStars Hand #158332450009:  Hold'em Limit ($3/$6 USD) - 2016/09/08 12:55:09 ET
Table 'Aaryn' 6-max Seat #4 is the button
Seat 2: Psynto ($90.31 in chips)
Seat 4: Johnliu ($133.66 in chips)
Johnliu: posts small blind $1
Psynto: posts big blind $3
*** HOLE CARDS ***
Johnliu: raises $3 to $6
Psynto: calls $3
*** FLOP *** [8d Qd Ac]
Psynto: checks
Johnliu: checks
*** TURN *** [8d Qd Ac] [Jc]
Psynto: checks
Johnliu: checks
*** RIVER *** [8d Qd Ac Jc] [3h]
Psynto: bets $6
Johnliu: folds
Uncalled bet ($6) returned to Psynto
Psynto collected $11.76 from pot
Psynto: doesn't show hand
*** SUMMARY ***
Total pot $12 | Rake $0.24
Board [8d Qd Ac Jc 3h]
Seat 2: Psynto (big blind) collected ($11.76)
Seat 4: Johnliu (button) (small blind) folded on the River


PokerStars Hand #158332461349:  Hold'em Limit ($3/$6 USD) - 2016/09/08 12:55:27 ET
Table 'Aaryn' 6-max Seat #2 is the button
Seat 2: Psynto ($96.07 in chips)
Seat 4: Johnliu ($127.66 in chips)
Psynto: posts small blind $1
Johnliu: posts big blind $3
*** HOLE CARDS ***
Psynto: raises $3 to $6
moryak622021 joins the table at seat #5
Johnliu: calls $3
*** FLOP *** [6d 2c 5c]
Johnliu: checks
Psynto: checks
*** TURN *** [6d 2c 5c] [Qh]
Johnliu: checks
Psynto: bets $6
Johnliu: raises $6 to $12
Psynto: folds
Uncalled bet ($6) returned to Johnliu
Johnliu collected $23.52 from pot
Johnliu: doesn't show hand
*** SUMMARY ***
Total pot $24 | Rake $0.48
Board [6d 2c 5c Qh]
Seat 2: Psynto (button) (small blind) folded on the Turn
Seat 4: Johnliu (big blind) collected ($23.52)


PokerStars Hand #158335146587:  Hold'em Limit ($3/$6 USD) - 2016/09/08 13:55:04 ET
Table 'Aaryn' 6-max Seat #3 is the button
Seat 1: alfieak ($201.45 in chips)
Seat 3: supersjakie ($71.54 in chips)
supersjakie: posts small blind $1
alfieak: posts big blind $3
*** HOLE CARDS ***
supersjakie: raises $3 to $6
alfieak: folds
Uncalled bet ($3) returned to supersjakie
supersjakie collected $6 from pot
supersjakie: doesn't show hand
*** SUMMARY ***
Total pot $6 | Rake $0
Seat 1: alfieak (big blind) folded before Flop
Seat 3: supersjakie (button) (small blind) collected ($6)


PokerStars Hand #158335150858:  Hold'em Limit ($3/$6 USD) - 2016/09/08 13:55:10 ET
Table 'Aaryn' 6-max Seat #1 is the button
Seat 1: alfieak ($198.45 in chips)
Seat 3: supersjakie ($74.54 in chips)
alfieak: posts small blind $1
supersjakie: posts big blind $3
*** HOLE CARDS ***
alfieak: raises $3 to $6
supersjakie: calls $3
*** FLOP *** [Tc Qd 2h]
supersjakie: checks
alfieak: bets $3
supersjakie: calls $3
*** TURN *** [Tc Qd 2h] [4s]
supersjakie: checks
alfieak: bets $6
supersjakie: raises $6 to $12
alfieak: calls $6
*** RIVER *** [Tc Qd 2h 4s] [Kd]
supersjakie: bets $6
alfieak: calls $6
*** SHOW DOWN ***
supersjakie: shows [Qs 3d] (a pair of Queens)
alfieak: mucks hand
supersjakie collected $53.50 from pot
*** SUMMARY ***
Total pot $54 | Rake $0.50
Board [Tc Qd 2h 4s Kd]
Seat 1: alfieak (button) (small blind) mucked
Seat 3: supersjakie (big blind) showed [Qs 3d] and won ($53.50) with a pair of Queens


PokerStars Hand #158335136698:  Hold'em Limit ($3/$6 USD) - 2016/09/08 13:54:51 ET
Table 'Aaryn' 6-max Seat #1 is the button
Seat 1: alfieak ($198.57 in chips)
Seat 3: supersjakie ($74.54 in chips)
alfieak: posts small blind $1
Psynto: is sitting out
Psynto leaves the table
supersjakie: posts big blind $3
*** HOLE CARDS ***
alfieak: calls $2
supersjakie: checks
*** FLOP *** [Jc 2c Qd]
supersjakie: checks
alfieak: bets $3
supersjakie: folds
Uncalled bet ($3) returned to alfieak
alfieak collected $5.88 from pot
*** SUMMARY ***
Total pot $6 | Rake $0.12
Board [Jc 2c Qd]
Seat 1: alfieak (button) (small blind) collected ($5.88)
Seat 3: supersjakie (big blind) folded on the Flop


PokerStars Hand #158335166641:  Hold'em Limit ($3/$6 USD) - 2016/09/08 13:55:34 ET
Table 'Aaryn' 6-max Seat #3 is the button
Seat 1: alfieak ($171.45 in chips)
Seat 3: supersjakie ($101.04 in chips)
supersjakie: posts small blind $1
alfieak: posts big blind $3
*** HOLE CARDS ***
supersjakie: raises $3 to $6
alfieak: calls $3
*** FLOP *** [2s Td As]
alfieak: checks
supersjakie: bets $3
alfieak: raises $3 to $6
supersjakie: calls $3
*** TURN *** [2s Td As] [Jd]
alfieak: bets $6
supersjakie: calls $6
*** RIVER *** [2s Td As Jd] [7d]
alfieak: bets $6
supersjakie: calls $6
*** SHOW DOWN ***
alfieak: shows [6s Js] (a pair of Jacks)
supersjakie: shows [Ad Qs] (a pair of Aces)
supersjakie collected $47.50 from pot
*** SUMMARY ***
Total pot $48 | Rake $0.50
Board [2s Td As Jd 7d]
Seat 1: alfieak (big blind) showed [6s Js] and lost with a pair of Jacks
Seat 3: supersjakie (button) (small blind) showed [Ad Qs] and won ($47.50) with a pair of Aces


