PokerStars Hand #144468509806:  Hold'em Limit ($3/$6 USD) - 2015/11/27 14:02:34 ET
Table 'Aaryn II' 2-max Seat #2 is the button
Seat 1: elifnur2008 ($114 in chips)
Seat 2: sisiii447 ($46.34 in chips)
sisiii447: posts small blind $1
elifnur2008: posts big blind $3
*** HOLE CARDS ***
sisiii447: raises $3 to $6
elifnur2008: raises $3 to $9
sisiii447: calls $3
*** FLOP *** [Ts 9s 4c]
elifnur2008: bets $3
sisiii447: calls $3
*** TURN *** [Ts 9s 4c] [Ac]
elifnur2008: bets $6
sisiii447: folds
Uncalled bet ($6) returned to elifnur2008
elifnur2008 collected $23.52 from pot
elifnur2008: doesn't show hand
*** SUMMARY ***
Total pot $24 | Rake $0.48
Board [Ts 9s 4c Ac]
Seat 1: elifnur2008 (big blind) collected ($23.52)
Seat 2: sisiii447 (button) (small blind) folded on the Turn


PokerStars Hand #144468575127:  Hold'em Limit ($3/$6 USD) - 2015/11/27 14:03:49 ET
Table 'Aaryn II' 2-max Seat #2 is the button
Seat 1: elifnur2008 ($131.28 in chips)
Seat 2: sisiii447 ($28.34 in chips)
sisiii447: posts small blind $1
elifnur2008: posts big blind $3
*** HOLE CARDS ***
sisiii447: raises $3 to $6
elifnur2008: calls $3
*** FLOP *** [5s Ah 8h]
elifnur2008: checks
sisiii447: checks
*** TURN *** [5s Ah 8h] [Ac]
elifnur2008: checks
sisiii447: checks
*** RIVER *** [5s Ah 8h Ac] [5c]
elifnur2008: checks
sisiii447: bets $6
elifnur2008: folds
Uncalled bet ($6) returned to sisiii447
sisiii447 collected $11.76 from pot
sisiii447: doesn't show hand
*** SUMMARY ***
Total pot $12 | Rake $0.24
Board [5s Ah 8h Ac 5c]
Seat 1: elifnur2008 (big blind) folded on the River
Seat 2: sisiii447 (button) (small blind) collected ($11.76)


PokerStars Hand #144468525895:  Hold'em Limit ($3/$6 USD) - 2015/11/27 14:02:53 ET
Table 'Aaryn II' 2-max Seat #1 is the button
Seat 1: elifnur2008 ($125.52 in chips)
Seat 2: sisiii447 ($34.34 in chips)
elifnur2008: posts small blind $1
sisiii447: posts big blind $3
*** HOLE CARDS ***
elifnur2008: raises $3 to $6
sisiii447: calls $3
*** FLOP *** [Ks 7h 4h]
sisiii447: checks
elifnur2008: bets $3
sisiii447: folds
Uncalled bet ($3) returned to elifnur2008
elifnur2008 collected $11.76 from pot
elifnur2008: doesn't show hand
*** SUMMARY ***
Total pot $12 | Rake $0.24
Board [Ks 7h 4h]
Seat 1: elifnur2008 (button) (small blind) collected ($11.76)
Seat 2: sisiii447 (big blind) folded on the Flop


PokerStars Hand #144468612031:  Hold'em Limit ($3/$6 USD) - 2015/11/27 14:04:32 ET
Table 'Aaryn II' 2-max Seat #2 is the button
Seat 1: elifnur2008 ($148.78 in chips)
Seat 2: sisiii447 ($10.10 in chips)
sisiii447: posts small blind $1
elifnur2008: posts big blind $3
*** HOLE CARDS ***
sisiii447: raises $3 to $6
elifnur2008: calls $3
*** FLOP *** [4c 6c 3s]
elifnur2008: checks
sisiii447: bets $3
elifnur2008: raises $3 to $6
sisiii447: calls $1.10 and is all-in
Uncalled bet ($1.90) returned to elifnur2008
*** TURN *** [4c 6c 3s] [2s]
*** RIVER *** [4c 6c 3s 2s] [4d]
*** SHOW DOWN ***
elifnur2008: shows [5h 4h] (a straight, Deuce to Six)
sisiii447: shows [Jc Ts] (a pair of Fours)
elifnur2008 collected $19.80 from pot
*** SUMMARY ***
Total pot $20.20 | Rake $0.40
Board [4c 6c 3s 2s 4d]
Seat 1: elifnur2008 (big blind) showed [5h 4h] and won ($19.80) with a straight, Deuce to Six
Seat 2: sisiii447 (button) (small blind) showed [Jc Ts] and lost with a pair of Fours


