PokerStars Hand #162677805333:  Hold'em Limit ($3/$6 USD) - 2016/12/09 15:15:44 ET
Table 'Aaryn' 6-max Seat #3 is the button
Seat 3: glam punk 77 ($101.50 in chips)
Seat 5: GoliafUa ($107.88 in chips)
glam punk 77: posts small blind $1
GoliafUa: posts big blind $3
*** HOLE CARDS ***
glam punk 77: calls $2
GoliafUa: raises $3 to $6
glam punk 77: calls $3
*** FLOP *** [9s 8s 5s]
GoliafUa: bets $3
glam punk 77: calls $3
*** TURN *** [9s 8s 5s] [8h]
GoliafUa: checks
glam punk 77: checks
*** RIVER *** [9s 8s 5s 8h] [As]
GoliafUa: checks
glam punk 77: bets $6
GoliafUa: folds
Uncalled bet ($6) returned to glam punk 77
vestimokrec joins the table at seat #4
glam punk 77 collected $17.64 from pot
*** SUMMARY ***
Total pot $18 | Rake $0.36
Board [9s 8s 5s 8h As]
Seat 3: glam punk 77 (button) (small blind) collected ($17.64)
Seat 5: GoliafUa (big blind) folded on the River


PokerStars Hand #162677784703:  Hold'em Limit ($3/$6 USD) - 2016/12/09 15:15:23 ET
Table 'Aaryn' 6-max Seat #5 is the button
Seat 3: glam punk 77 ($87 in chips)
Seat 5: GoliafUa ($122.88 in chips)
GoliafUa: posts small blind $1
glam punk 77: posts big blind $3
*** HOLE CARDS ***
GoliafUa: raises $3 to $6
glam punk 77: calls $3
*** FLOP *** [7c 2d Qs]
glam punk 77: bets $3
GoliafUa: calls $3
*** TURN *** [7c 2d Qs] [Jh]
glam punk 77: checks
GoliafUa: checks
*** RIVER *** [7c 2d Qs Jh] [Js]
Auge72 joins the table at seat #6
glam punk 77: bets $6
GoliafUa: calls $6
*** SHOW DOWN ***
glam punk 77: shows [8h Ac] (a pair of Jacks)
GoliafUa: mucks hand
glam punk 77 collected $29.50 from pot
*** SUMMARY ***
Total pot $30 | Rake $0.50
Board [7c 2d Qs Jh Js]
Seat 3: glam punk 77 (big blind) showed [8h Ac] and won ($29.50) with a pair of Jacks
Seat 5: GoliafUa (button) (small blind) mucked


PokerStars Hand #162680318456:  Hold'em Limit ($3/$6 USD) - 2016/12/09 15:59:24 ET
Table 'Aaryn' 6-max Seat #1 is the button
Seat 1: Chessnok ($82.23 in chips)
Seat 4: serega111181 ($45.87 in chips)
Chessnok: posts small blind $1
serega111181: posts big blind $3
*** HOLE CARDS ***
Chessnok: raises $3 to $6
serega111181: calls $3
*** FLOP *** [Th Qd 9h]
serega111181: checks
Chessnok: bets $3
serega111181: calls $3
*** TURN *** [Th Qd 9h] [4h]
serega111181: checks
Chessnok: bets $6
serega111181: calls $6
*** RIVER *** [Th Qd 9h 4h] [Kh]
serega111181: checks
Chessnok: bets $6
serega111181: calls $6
*** SHOW DOWN ***
Chessnok: shows [8h 6s] (a flush, King high)
serega111181: mucks hand
Chessnok collected $41.50 from pot
*** SUMMARY ***
Total pot $42 | Rake $0.50
Board [Th Qd 9h 4h Kh]
Seat 1: Chessnok (button) (small blind) showed [8h 6s] and won ($41.50) with a flush, King high
Seat 4: serega111181 (big blind) mucked


PokerStars Hand #162680301648:  Hold'em Limit ($3/$6 USD) - 2016/12/09 15:59:03 ET
Table 'Aaryn' 6-max Seat #4 is the button
Seat 1: Chessnok ($64.73 in chips)
Seat 4: serega111181 ($63.87 in chips)
serega111181: posts small blind $1
ValeryRon: is sitting out
Chessnok: posts big blind $3
*** HOLE CARDS ***
ValeryRon leaves the table
serega111181: raises $3 to $6
Chessnok: raises $3 to $9
serega111181: calls $3
*** FLOP *** [7d 4h 2d]
Chessnok: bets $3
serega111181: calls $3
*** TURN *** [7d 4h 2d] [Jc]
Chessnok: bets $6
serega111181: calls $6
*** RIVER *** [7d 4h 2d Jc] [5c]
Chessnok: checks
serega111181: checks
*** SHOW DOWN ***
Chessnok: shows [Kh Qd] (high card King)
serega111181: mucks hand
Chessnok collected $35.50 from pot
*** SUMMARY ***
Total pot $36 | Rake $0.50
Board [7d 4h 2d Jc 5c]
Seat 1: Chessnok (big blind) showed [Kh Qd] and won ($35.50) with high card King
Seat 4: serega111181 (button) (small blind) mucked


PokerStars Hand #162680342619:  Hold'em Limit ($3/$6 USD) - 2016/12/09 15:59:55 ET
Table 'Aaryn' 6-max Seat #4 is the button
Seat 1: Chessnok ($102.73 in chips)
Seat 4: serega111181 ($24.87 in chips)
serega111181: posts small blind $1
Chessnok: posts big blind $3
*** HOLE CARDS ***
serega111181: calls $2
Chessnok: raises $3 to $6
serega111181: calls $3
*** FLOP *** [Ts Js 7h]
Chessnok: bets $3
serega111181: calls $3
*** TURN *** [Ts Js 7h] [Qd]
Chessnok: bets $6
serega111181: calls $6
*** RIVER *** [Ts Js 7h Qd] [5c]
Chessnok: bets $6
serega111181: folds
Uncalled bet ($6) returned to Chessnok
Chessnok collected $29.50 from pot
Chessnok: doesn't show hand
*** SUMMARY ***
Total pot $30 | Rake $0.50
Board [Ts Js 7h Qd 5c]
Seat 1: Chessnok (big blind) collected ($29.50)
Seat 4: serega111181 (button) (small blind) folded on the River


PokerStars Hand #162680362914:  Hold'em Limit ($3/$6 USD) - 2016/12/09 16:00:19 ET
Table 'Aaryn' 6-max Seat #1 is the button
Seat 1: Chessnok ($117.23 in chips)
Seat 4: serega111181 ($9.87 in chips)
Chessnok: posts small blind $1
serega111181: posts big blind $3
*** HOLE CARDS ***
Chessnok: raises $3 to $6
serega111181: folds
Uncalled bet ($3) returned to Chessnok
Chessnok collected $6 from pot
Chessnok: doesn't show hand
*** SUMMARY ***
Total pot $6 | Rake $0
Seat 1: Chessnok (button) (small blind) collected ($6)
Seat 4: serega111181 (big blind) folded before Flop


PokerStars Hand #162680367991:  Hold'em Limit ($3/$6 USD) - 2016/12/09 16:00:25 ET
Table 'Aaryn' 6-max Seat #4 is the button
Seat 1: Chessnok ($120.23 in chips)
Seat 4: serega111181 ($6.87 in chips)
serega111181: posts small blind $1
Chessnok: posts big blind $3
*** HOLE CARDS ***
serega111181: raises $3 to $6
Chessnok: raises $3 to $9
serega111181: calls $0.87 and is all-in
Uncalled bet ($2.13) returned to Chessnok
*** FLOP *** [3c 6h Qd]
*** TURN *** [3c 6h Qd] [5h]
*** RIVER *** [3c 6h Qd 5h] [5s]
*** SHOW DOWN ***
Chessnok: shows [8s Ks] (a pair of Fives)
serega111181: shows [Js 7d] (a pair of Fives - lower kicker)
Chessnok collected $13.47 from pot
*** SUMMARY ***
Total pot $13.74 | Rake $0.27
Board [3c 6h Qd 5h 5s]
Seat 1: Chessnok (big blind) showed [8s Ks] and won ($13.47) with a pair of Fives
Seat 4: serega111181 (button) (small blind) showed [Js 7d] and lost with a pair of Fives


