PokerStars Hand #144249997281:  Hold'em Limit ($3/$6 USD) - 2015/11/23 1:23:40 ET
Table 'Aase' 2-max Seat #1 is the button
Seat 1: MAGER911 ($72 in chips)
Seat 2: Kosova1968 ($92.50 in chips)
MAGER911: posts small blind $1
Kosova1968: posts big blind $3
*** HOLE CARDS ***
MAGER911: folds
Uncalled bet ($2) returned to Kosova1968
Kosova1968 collected $2 from pot
*** SUMMARY ***
Total pot $2 | Rake $0
Seat 1: MAGER911 (button) (small blind) folded before Flop
Seat 2: Kosova1968 (big blind) collected ($2)


PokerStars Hand #144249987263:  Hold'em Limit ($3/$6 USD) - 2015/11/23 1:22:57 ET
Table 'Aase' 2-max Seat #2 is the button
Seat 1: MAGER911 ($72 in chips)
Seat 2: Kosova1968 ($72 in chips)
Kosova1968: posts small blind $1
MAGER911: posts big blind $3
*** HOLE CARDS ***
Kosova1968: raises $3 to $6
MAGER911: calls $3
*** FLOP *** [9h 6s 6h]
MAGER911: bets $3
Kosova1968: calls $3
*** TURN *** [9h 6s 6h] [3h]
MAGER911: bets $6
Kosova1968: calls $6
*** RIVER *** [9h 6s 6h 3h] [Ks]
MAGER911: bets $6
Kosova1968: calls $6
*** SHOW DOWN ***
MAGER911: shows [4d 7d] (a pair of Sixes)
Kosova1968: shows [Kc Jc] (two pair, Kings and Sixes)
Kosova1968 collected $41.50 from pot
*** SUMMARY ***
Total pot $42 | Rake $0.50
Board [9h 6s 6h 3h Ks]
Seat 1: MAGER911 (big blind) showed [4d 7d] and lost with a pair of Sixes
Seat 2: Kosova1968 (button) (small blind) showed [Kc Jc] and won ($41.50) with two pair, Kings and Sixes


PokerStars Hand #144250004238:  Hold'em Limit ($3/$6 USD) - 2015/11/23 1:24:11 ET
Table 'Aase' 2-max Seat #2 is the button
Seat 1: MAGER911 ($82.52 in chips)
Seat 2: Kosova1968 ($82.50 in chips)
Kosova1968: posts small blind $1
MAGER911: posts big blind $3
*** HOLE CARDS ***
Kosova1968: raises $3 to $6
MAGER911: calls $3
*** FLOP *** [7c 5s Js]
MAGER911: bets $3
Kosova1968: calls $3
*** TURN *** [7c 5s Js] [4d]
MAGER911: bets $6
Kosova1968: calls $6
*** RIVER *** [7c 5s Js 4d] [4s]
MAGER911: bets $6
Kosova1968: calls $6
*** SHOW DOWN ***
MAGER911: shows [Jh 3c] (two pair, Jacks and Fours)
Kosova1968: mucks hand
MAGER911 collected $41.50 from pot
*** SUMMARY ***
Total pot $42 | Rake $0.50
Board [7c 5s Js 4d 4s]
Seat 1: MAGER911 (big blind) showed [Jh 3c] and won ($41.50) with two pair, Jacks and Fours
Seat 2: Kosova1968 (button) (small blind) mucked


PokerStars Hand #144250003249:  Hold'em Limit ($3/$6 USD) - 2015/11/23 1:24:06 ET
Table 'Aase' 2-max Seat #1 is the button
Seat 1: MAGER911 ($83.52 in chips)
Seat 2: Kosova1968 ($81.50 in chips)
MAGER911: posts small blind $1
Kosova1968: posts big blind $3
*** HOLE CARDS ***
MAGER911: folds
Uncalled bet ($2) returned to Kosova1968
Kosova1968 collected $2 from pot
*** SUMMARY ***
Total pot $2 | Rake $0
Seat 1: MAGER911 (button) (small blind) folded before Flop
Seat 2: Kosova1968 (big blind) collected ($2)


PokerStars Hand #144249998262:  Hold'em Limit ($3/$6 USD) - 2015/11/23 1:23:44 ET
Table 'Aase' 2-max Seat #2 is the button
Seat 1: MAGER911 ($72 in chips)
Seat 2: Kosova1968 ($93.50 in chips)
Kosova1968: posts small blind $1
MAGER911: posts big blind $3
*** HOLE CARDS ***
Kosova1968: raises $3 to $6
MAGER911: raises $3 to $9
Kosova1968: calls $3
*** FLOP *** [5s 5d Js]
MAGER911: bets $3
Kosova1968: calls $3
*** TURN *** [5s 5d Js] [3c]
MAGER911: bets $6
Kosova1968: folds
Uncalled bet ($6) returned to MAGER911
MAGER911 collected $23.52 from pot
MAGER911: doesn't show hand
*** SUMMARY ***
Total pot $24 | Rake $0.48
Board [5s 5d Js 3c]
Seat 1: MAGER911 (big blind) collected ($23.52)
Seat 2: Kosova1968 (button) (small blind) folded on the Turn


PokerStars Hand #144250009374:  Hold'em Limit ($3/$6 USD) - 2015/11/23 1:24:34 ET
Table 'Aase' 2-max Seat #1 is the button
Seat 1: MAGER911 ($103.02 in chips)
Seat 2: Kosova1968 ($61.50 in chips)
MAGER911: posts small blind $1
Kosova1968: posts big blind $3
*** HOLE CARDS ***
MAGER911: raises $3 to $6
Kosova1968: calls $3
*** FLOP *** [4s Js Ad]
Kosova1968: checks
MAGER911: bets $3
Kosova1968: calls $3
*** TURN *** [4s Js Ad] [Td]
Kosova1968: checks
MAGER911: checks
*** RIVER *** [4s Js Ad Td] [9d]
Kosova1968: bets $6
MAGER911: calls $6
*** SHOW DOWN ***
Kosova1968: shows [Ac 2h] (a pair of Aces)
MAGER911: mucks hand
Kosova1968 collected $29.50 from pot
*** SUMMARY ***
Total pot $30 | Rake $0.50
Board [4s Js Ad Td 9d]
Seat 1: MAGER911 (button) (small blind) mucked
Seat 2: Kosova1968 (big blind) showed [Ac 2h] and won ($29.50) with a pair of Aces


PokerStars Hand #144250020790:  Hold'em Limit ($3/$6 USD) - 2015/11/23 1:25:23 ET
Table 'Aase' 2-max Seat #1 is the button
Seat 1: MAGER911 ($87.77 in chips)
Seat 2: Kosova1968 ($75.75 in chips)
MAGER911: posts small blind $1
Kosova1968: posts big blind $3
*** HOLE CARDS ***
MAGER911: folds
Uncalled bet ($2) returned to Kosova1968
Kosova1968 collected $2 from pot
*** SUMMARY ***
Total pot $2 | Rake $0
Seat 1: MAGER911 (button) (small blind) folded before Flop
Seat 2: Kosova1968 (big blind) collected ($2)


PokerStars Hand #144250022898:  Hold'em Limit ($3/$6 USD) - 2015/11/23 1:25:32 ET
Table 'Aase' 2-max Seat #1 is the button
Seat 1: MAGER911 ($87.77 in chips)
Seat 2: Kosova1968 ($75.75 in chips)
MAGER911: posts small blind $1
Kosova1968: posts big blind $3
*** HOLE CARDS ***
MAGER911: raises $3 to $6
Kosova1968: calls $3
*** FLOP *** [5h Ks 2s]
Kosova1968: checks
MAGER911: bets $3
Kosova1968: raises $3 to $6
MAGER911: calls $3
*** TURN *** [5h Ks 2s] [4s]
Kosova1968: checks
MAGER911: checks
*** RIVER *** [5h Ks 2s 4s] [9h]
Kosova1968: bets $6
MAGER911: folds
Uncalled bet ($6) returned to Kosova1968
Kosova1968 collected $23.52 from pot
*** SUMMARY ***
Total pot $24 | Rake $0.48
Board [5h Ks 2s 4s 9h]
Seat 1: MAGER911 (button) (small blind) folded on the River
Seat 2: Kosova1968 (big blind) collected ($23.52)


PokerStars Hand #144250014377:  Hold'em Limit ($3/$6 USD) - 2015/11/23 1:24:55 ET
Table 'Aase' 2-max Seat #2 is the button
Seat 1: MAGER911 ($88.02 in chips)
Seat 2: Kosova1968 ($76 in chips)
Kosova1968: posts small blind $1
MAGER911: posts big blind $3
*** HOLE CARDS ***
Kosova1968: raises $3 to $6
MAGER911: calls $3
*** FLOP *** [2d Th 9h]
MAGER911: bets $3
Kosova1968: raises $3 to $6
MAGER911: calls $3
*** TURN *** [2d Th 9h] [7h]
MAGER911: checks
Kosova1968: checks
*** RIVER *** [2d Th 9h 7h] [4d]
MAGER911: bets $6
Kosova1968: raises $6 to $12
MAGER911: calls $6
*** SHOW DOWN ***
Kosova1968: shows [9d 7d] (two pair, Nines and Sevens)
MAGER911: shows [7c 9c] (two pair, Nines and Sevens)
MAGER911 collected $23.75 from pot
Kosova1968 collected $23.75 from pot
*** SUMMARY ***
Total pot $48 | Rake $0.50
Board [2d Th 9h 7h 4d]
Seat 1: MAGER911 (big blind) showed [7c 9c] and won ($23.75) with two pair, Nines and Sevens
Seat 2: Kosova1968 (button) (small blind) showed [9d 7d] and won ($23.75) with two pair, Nines and Sevens


PokerStars Hand #144250030381:  Hold'em Limit ($3/$6 USD) - 2015/11/23 1:26:05 ET
Table 'Aase' 2-max Seat #2 is the button
Seat 1: MAGER911 ($75.77 in chips)
Seat 2: Kosova1968 ($87.27 in chips)
Kosova1968: posts small blind $1
MAGER911: posts big blind $3
*** HOLE CARDS ***
Kosova1968: raises $3 to $6
MAGER911: calls $3
*** FLOP *** [7s 3h 9d]
MAGER911: checks
Kosova1968: bets $3
MAGER911: folds
Uncalled bet ($3) returned to Kosova1968
Kosova1968 collected $11.76 from pot
*** SUMMARY ***
Total pot $12 | Rake $0.24
Board [7s 3h 9d]
Seat 1: MAGER911 (big blind) folded on the Flop
Seat 2: Kosova1968 (button) (small blind) collected ($11.76)


PokerStars Hand #144250217557:  Hold'em Limit ($3/$6 USD) - 2015/11/23 1:39:38 ET
Table 'Aase' 2-max Seat #1 is the button
Seat 1: MAGER911 ($72 in chips)
Seat 2: Kosova1968 ($72 in chips)
MAGER911: posts small blind $1
Kosova1968: posts big blind $3
*** HOLE CARDS ***
MAGER911: folds
Uncalled bet ($2) returned to Kosova1968
Kosova1968 collected $2 from pot
*** SUMMARY ***
Total pot $2 | Rake $0
Seat 1: MAGER911 (button) (small blind) folded before Flop
Seat 2: Kosova1968 (big blind) collected ($2)


PokerStars Hand #144250221931:  Hold'em Limit ($3/$6 USD) - 2015/11/23 1:39:58 ET
Table 'Aase' 2-max Seat #2 is the button
Seat 1: MAGER911 ($72 in chips)
Seat 2: Kosova1968 ($73 in chips)
Kosova1968: posts small blind $1
MAGER911: posts big blind $3
*** HOLE CARDS ***
Kosova1968: raises $3 to $6
MAGER911: raises $3 to $9
Kosova1968: calls $3
*** FLOP *** [Qs 8d 2c]
MAGER911: bets $3
Kosova1968: calls $3
*** TURN *** [Qs 8d 2c] [8c]
MAGER911: bets $6
Kosova1968: calls $6
*** RIVER *** [Qs 8d 2c 8c] [7d]
MAGER911: bets $6
Kosova1968: calls $6
*** SHOW DOWN ***
MAGER911: shows [8h Kc] (three of a kind, Eights)
Kosova1968: shows [Td Ad] (a pair of Eights)
MAGER911 collected $47.50 from pot
*** SUMMARY ***
Total pot $48 | Rake $0.50
Board [Qs 8d 2c 8c 7d]
Seat 1: MAGER911 (big blind) showed [8h Kc] and won ($47.50) with three of a kind, Eights
Seat 2: Kosova1968 (button) (small blind) showed [Td Ad] and lost with a pair of Eights


PokerStars Hand #144250228739:  Hold'em Limit ($3/$6 USD) - 2015/11/23 1:40:28 ET
Table 'Aase' 2-max Seat #1 is the button
Seat 1: MAGER911 ($95.50 in chips)
Seat 2: Kosova1968 ($49 in chips)
MAGER911: posts small blind $1
Kosova1968: posts big blind $3
*** HOLE CARDS ***
MAGER911: raises $3 to $6
Kosova1968: raises $3 to $9
MAGER911: calls $3
*** FLOP *** [Ad Js 5h]
Kosova1968: bets $3
MAGER911: calls $3
*** TURN *** [Ad Js 5h] [9c]
Kosova1968: bets $6
MAGER911: folds
Uncalled bet ($6) returned to Kosova1968
Kosova1968 collected $23.52 from pot
*** SUMMARY ***
Total pot $24 | Rake $0.48
Board [Ad Js 5h 9c]
Seat 1: MAGER911 (button) (small blind) folded on the Turn
Seat 2: Kosova1968 (big blind) collected ($23.52)


PokerStars Hand #144250236456:  Hold'em Limit ($3/$6 USD) - 2015/11/23 1:41:02 ET
Table 'Aase' 2-max Seat #2 is the button
Seat 1: MAGER911 ($83.50 in chips)
Seat 2: Kosova1968 ($60.52 in chips)
Kosova1968: posts small blind $1
MAGER911: posts big blind $3
*** HOLE CARDS ***
Kosova1968: raises $3 to $6
MAGER911: calls $3
*** FLOP *** [3s Tc Ac]
MAGER911: checks
Kosova1968: bets $3
MAGER911: folds
Uncalled bet ($3) returned to Kosova1968
Kosova1968 collected $11.76 from pot
*** SUMMARY ***
Total pot $12 | Rake $0.24
Board [3s Tc Ac]
Seat 1: MAGER911 (big blind) folded on the Flop
Seat 2: Kosova1968 (button) (small blind) collected ($11.76)


PokerStars Hand #144250243621:  Hold'em Limit ($3/$6 USD) - 2015/11/23 1:41:34 ET
Table 'Aase' 2-max Seat #1 is the button
Seat 1: MAGER911 ($77.50 in chips)
Seat 2: Kosova1968 ($66.28 in chips)
MAGER911: posts small blind $1
Kosova1968: posts big blind $3
*** HOLE CARDS ***
MAGER911: raises $3 to $6
Kosova1968 has timed out
Kosova1968: folds
Uncalled bet ($3) returned to MAGER911
MAGER911 collected $6 from pot
MAGER911: doesn't show hand
*** SUMMARY ***
Total pot $6 | Rake $0
Seat 1: MAGER911 (button) (small blind) collected ($6)
Seat 2: Kosova1968 (big blind) folded before Flop


PokerStars Hand #144250279826:  Hold'em Limit ($3/$6 USD) - 2015/11/23 1:44:13 ET
Table 'Aase' 2-max Seat #2 is the button
Seat 1: MAGER911 ($97 in chips)
Seat 2: Kosova1968 ($46.28 in chips)
Kosova1968: posts small blind $1
MAGER911: posts big blind $3
*** HOLE CARDS ***
Kosova1968: raises $3 to $6
MAGER911: calls $3
*** FLOP *** [7d 8h Qs]
MAGER911: checks
Kosova1968: bets $3
MAGER911: folds
Uncalled bet ($3) returned to Kosova1968
Kosova1968 collected $11.76 from pot
*** SUMMARY ***
Total pot $12 | Rake $0.24
Board [7d 8h Qs]
Seat 1: MAGER911 (big blind) folded on the Flop
Seat 2: Kosova1968 (button) (small blind) collected ($11.76)


PokerStars Hand #144250278761:  Hold'em Limit ($3/$6 USD) - 2015/11/23 1:44:08 ET
Table 'Aase' 2-max Seat #1 is the button
Seat 1: MAGER911 ($98 in chips)
Seat 2: Kosova1968 ($45.28 in chips)
MAGER911: posts small blind $1
Kosova1968: posts big blind $3
*** HOLE CARDS ***
MAGER911: folds
Uncalled bet ($2) returned to Kosova1968
Kosova1968 collected $2 from pot
*** SUMMARY ***
Total pot $2 | Rake $0
Seat 1: MAGER911 (button) (small blind) folded before Flop
Seat 2: Kosova1968 (big blind) collected ($2)


