PokerStars Hand #168414215418:  Hold'em Limit ($3/$6 USD) - 2017/04/01 8:27:54 ET
Table 'Abanderada' 6-max Seat #1 is the button
Seat 1: popje2605 ($120 in chips)
Seat 4: Agrotait ($72 in chips)
popje2605: posts small blind $1
Agrotait: posts big blind $3
*** HOLE CARDS ***
Krazy90 joins the table at seat #2
popje2605: calls $2
Agrotait: checks
*** FLOP *** [Th 9d 8h]
Agrotait: bets $3
popje2605: calls $3
*** TURN *** [Th 9d 8h] [Ac]
Agrotait: checks
popje2605: bets $6
Agrotait: folds
Uncalled bet ($6) returned to popje2605
popje2605 collected $11.76 from pot
*** SUMMARY ***
Total pot $12 | Rake $0.24
Board [Th 9d 8h Ac]
Seat 1: popje2605 (button) (small blind) collected ($11.76)
Seat 4: Agrotait (big blind) folded on the Turn


PokerStars Hand #168414226091:  Hold'em Limit ($3/$6 USD) - 2017/04/01 8:28:13 ET
Table 'Abanderada' 6-max Seat #4 is the button
Seat 1: popje2605 ($125.76 in chips)
Seat 4: Agrotait ($66 in chips)
Agrotait: posts small blind $1
popje2605: posts big blind $3
*** HOLE CARDS ***
Agrotait: raises $3 to $6
popje2605: calls $3
*** FLOP *** [2d 5h 6s]
popje2605: bets $3
Agrotait: calls $3
*** TURN *** [2d 5h 6s] [Qc]
popje2605: checks
Agrotait: bets $6
popje2605: calls $6
*** RIVER *** [2d 5h 6s Qc] [7d]
popje2605: checks
Agrotait: bets $6
popje2605: folds
Uncalled bet ($6) returned to Agrotait
Agrotait collected $29.50 from pot
Agrotait: doesn't show hand
NoVebra joins the table at seat #3
*** SUMMARY ***
Total pot $30 | Rake $0.50
Board [2d 5h 6s Qc 7d]
Seat 1: popje2605 (big blind) folded on the River
Seat 4: Agrotait (button) (small blind) collected ($29.50)


PokerStars Hand #168415320432:  Hold'em Limit ($3/$6 USD) - 2017/04/01 9:00:56 ET
Table 'Abanderada' 6-max Seat #3 is the button
Seat 3: NoVebra ($85.04 in chips)
Seat 6: kudongo ($30.88 in chips)
NoVebra: posts small blind $1
kudongo: posts big blind $3
*** HOLE CARDS ***
NoVebra: raises $3 to $6
kudongo: raises $3 to $9
NoVebra: raises $3 to $12
Betting is capped
kudongo: calls $3
*** FLOP *** [9d 2s 4s]
kudongo: checks
NoVebra: bets $3
kudongo: calls $3
*** TURN *** [9d 2s 4s] [8d]
kudongo: checks
NoVebra: bets $6
kudongo: calls $6
*** RIVER *** [9d 2s 4s 8d] [8c]
kudongo: checks
NoVebra: bets $6
kudongo: calls $6
*** SHOW DOWN ***
NoVebra: shows [Jc Js] (two pair, Jacks and Eights)
kudongo: mucks hand
NoVebra collected $53.50 from pot
*** SUMMARY ***
Total pot $54 | Rake $0.50
Board [9d 2s 4s 8d 8c]
Seat 3: NoVebra (button) (small blind) showed [Jc Js] and won ($53.50) with two pair, Jacks and Eights
Seat 6: kudongo (big blind) mucked


PokerStars Hand #168415317381:  Hold'em Limit ($3/$6 USD) - 2017/04/01 9:00:50 ET
Table 'Abanderada' 6-max Seat #6 is the button
Seat 3: NoVebra ($84.04 in chips)
Seat 6: kudongo ($31.88 in chips)
kudongo: posts small blind $1
NoVebra: posts big blind $3
*** HOLE CARDS ***
kudongo: folds
Uncalled bet ($2) returned to NoVebra
NoVebra collected $2 from pot
NoVebra: doesn't show hand
*** SUMMARY ***
Total pot $2 | Rake $0
Seat 3: NoVebra (big blind) collected ($2)
Seat 6: kudongo (button) (small blind) folded before Flop


PokerStars Hand #168415354515:  Hold'em Limit ($3/$6 USD) - 2017/04/01 9:01:57 ET
Table 'Abanderada' 6-max Seat #6 is the button
Seat 3: NoVebra ($110.66 in chips)
Seat 6: kudongo ($4.60 in chips)
kudongo: posts small blind $1
NoVebra: posts big blind $3
*** HOLE CARDS ***
kudongo: calls $2
NoVebra: raises $3 to $6
kudongo: calls $1.60 and is all-in
Uncalled bet ($1.40) returned to NoVebra
*** FLOP *** [9c 9h Ad]
*** TURN *** [9c 9h Ad] [2s]
*** RIVER *** [9c 9h Ad 2s] [Th]
*** SHOW DOWN ***
NoVebra: shows [As Js] (two pair, Aces and Nines)
kudongo: shows [8c 4c] (a pair of Nines)
NoVebra collected $9.02 from pot
*** SUMMARY ***
Total pot $9.20 | Rake $0.18
Board [9c 9h Ad 2s Th]
Seat 3: NoVebra (big blind) showed [As Js] and won ($9.02) with two pair, Aces and Nines
Seat 6: kudongo (button) (small blind) showed [8c 4c] and lost with a pair of Nines


PokerStars Hand #168415350976:  Hold'em Limit ($3/$6 USD) - 2017/04/01 9:01:50 ET
Table 'Abanderada' 6-max Seat #3 is the button
Seat 3: NoVebra ($107.66 in chips)
Seat 6: kudongo ($7.60 in chips)
NoVebra: posts small blind $1
kudongo: posts big blind $3
*** HOLE CARDS ***
NoVebra: raises $3 to $6
kudongo: folds
Uncalled bet ($3) returned to NoVebra
NoVebra collected $6 from pot
NoVebra: doesn't show hand
*** SUMMARY ***
Total pot $6 | Rake $0
Seat 3: NoVebra (button) (small blind) collected ($6)
Seat 6: kudongo (big blind) folded before Flop


PokerStars Hand #168415348403:  Hold'em Limit ($3/$6 USD) - 2017/04/01 9:01:46 ET
Table 'Abanderada' 6-max Seat #6 is the button
Seat 3: NoVebra ($106.66 in chips)
Seat 6: kudongo ($8.60 in chips)
kudongo: posts small blind $1
NoVebra: posts big blind $3
*** HOLE CARDS ***
kudongo: folds
Uncalled bet ($2) returned to NoVebra
NoVebra collected $2 from pot
NoVebra: doesn't show hand
*** SUMMARY ***
Total pot $2 | Rake $0
Seat 3: NoVebra (big blind) collected ($2)
Seat 6: kudongo (button) (small blind) folded before Flop


PokerStars Hand #168415344933:  Hold'em Limit ($3/$6 USD) - 2017/04/01 9:01:40 ET
Table 'Abanderada' 6-max Seat #3 is the button
Seat 3: NoVebra ($107.66 in chips)
Seat 6: kudongo ($7.60 in chips)
NoVebra: posts small blind $1
kudongo: posts big blind $3
*** HOLE CARDS ***
NoVebra: folds
Uncalled bet ($2) returned to kudongo
kudongo collected $2 from pot
kudongo: doesn't show hand
*** SUMMARY ***
Total pot $2 | Rake $0
Seat 3: NoVebra (button) (small blind) folded before Flop
Seat 6: kudongo (big blind) collected ($2)


PokerStars Hand #168415338028:  Hold'em Limit ($3/$6 USD) - 2017/04/01 9:01:27 ET
Table 'Abanderada' 6-max Seat #6 is the button
Seat 3: NoVebra ($111.54 in chips)
Seat 6: kudongo ($3.88 in chips)
kudongo: posts small blind $1
NoVebra: posts big blind $3
*** HOLE CARDS ***
kudongo: raises $0.88 to $3.88 and is all-in
NoVebra: calls $0.88
*** FLOP *** [5s 8d 4c]
*** TURN *** [5s 8d 4c] [2s]
*** RIVER *** [5s 8d 4c 2s] [4h]
*** SHOW DOWN ***
NoVebra: shows [7h 9h] (a pair of Fours)
kudongo: shows [Kc Ac] (a pair of Fours - Ace kicker)
kudongo collected $7.60 from pot
*** SUMMARY ***
Total pot $7.76 | Rake $0.16
Board [5s 8d 4c 2s 4h]
Seat 3: NoVebra (big blind) showed [7h 9h] and lost with a pair of Fours
Seat 6: kudongo (button) (small blind) showed [Kc Ac] and won ($7.60) with a pair of Fours


