PokerStars Hand #165612630052:  Hold'em Limit ($3/$6 USD) - 2017/02/03 10:31:41 ET
Table 'Abanderada II' 6-max Seat #4 is the button
Seat 1: zarazzzza ($41.56 in chips)
Seat 4: Agrotait ($66 in chips)
Agrotait: posts small blind $1
zarazzzza: posts big blind $3
*** HOLE CARDS ***
Agrotait: raises $3 to $6
zarazzzza: folds
Uncalled bet ($3) returned to Agrotait
Agrotait collected $6 from pot
Agrotait: doesn't show hand
*** SUMMARY ***
Total pot $6 | Rake $0
Seat 1: zarazzzza (big blind) folded before Flop
Seat 4: Agrotait (button) (small blind) collected ($6)


PokerStars Hand #165612610450:  Hold'em Limit ($3/$6 USD) - 2017/02/03 10:31:14 ET
Table 'Abanderada II' 6-max Seat #1 is the button
Seat 1: zarazzzza ($35.80 in chips)
Seat 4: Agrotait ($72 in chips)
zarazzzza: posts small blind $1
Agrotait: posts big blind $3
*** HOLE CARDS ***
zarazzzza: raises $3 to $6
Agrotait: calls $3
*** FLOP *** [Js 8h 8c]
Agrotait: checks
zarazzzza: bets $3
Agrotait: folds
Uncalled bet ($3) returned to zarazzzza
zarazzzza collected $11.76 from pot
zarazzzza: doesn't show hand
*** SUMMARY ***
Total pot $12 | Rake $0.24
Board [Js 8h 8c]
Seat 1: zarazzzza (button) (small blind) collected ($11.76)
Seat 4: Agrotait (big blind) folded on the Flop


PokerStars Hand #165612634606:  Hold'em Limit ($3/$6 USD) - 2017/02/03 10:31:47 ET
Table 'Abanderada II' 6-max Seat #1 is the button
Seat 1: zarazzzza ($38.56 in chips)
Seat 4: Agrotait ($69 in chips)
zarazzzza: posts small blind $1
Agrotait: posts big blind $3
*** HOLE CARDS ***
zarazzzza: raises $3 to $6
Agrotait: calls $3
*** FLOP *** [5d 3h Kc]
Agrotait: checks
zarazzzza: bets $3
Agrotait: folds
Uncalled bet ($3) returned to zarazzzza
zarazzzza collected $11.76 from pot
zarazzzza: doesn't show hand
*** SUMMARY ***
Total pot $12 | Rake $0.24
Board [5d 3h Kc]
Seat 1: zarazzzza (button) (small blind) collected ($11.76)
Seat 4: Agrotait (big blind) folded on the Flop


PokerStars Hand #165612707300:  Hold'em Limit ($3/$6 USD) - 2017/02/03 10:33:24 ET
Table 'Abanderada II' 6-max Seat #4 is the button
Seat 1: zarazzzza ($26.08 in chips)
Seat 4: Agrotait ($80.50 in chips)
ragz2riche5 joins the table at seat #5
Agrotait: posts small blind $1
zarazzzza: posts big blind $3
*** HOLE CARDS ***
Agrotait: raises $3 to $6
zarazzzza: calls $3
*** FLOP *** [Qc Qs 7h]
zarazzzza: checks
Agrotait: bets $3
zarazzzza: folds
Uncalled bet ($3) returned to Agrotait
Agrotait collected $11.76 from pot
Agrotait: doesn't show hand
*** SUMMARY ***
Total pot $12 | Rake $0.24
Board [Qc Qs 7h]
Seat 1: zarazzzza (big blind) folded on the Flop
Seat 4: Agrotait (button) (small blind) collected ($11.76)


PokerStars Hand #165612680034:  Hold'em Limit ($3/$6 USD) - 2017/02/03 10:32:47 ET
Table 'Abanderada II' 6-max Seat #1 is the button
Seat 1: zarazzzza ($20.32 in chips)
Seat 4: Agrotait ($86.50 in chips)
zarazzzza: posts small blind $1
Agrotait: posts big blind $3
*** HOLE CARDS ***
zarazzzza: raises $3 to $6
Agrotait: calls $3
*** FLOP *** [Qs 8c 2h]
Agrotait: checks
zarazzzza: bets $3
RockKillerTY joins the table at seat #2
Agrotait: folds
Uncalled bet ($3) returned to zarazzzza
zarazzzza collected $11.76 from pot
zarazzzza: doesn't show hand
*** SUMMARY ***
Total pot $12 | Rake $0.24
Board [Qs 8c 2h]
Seat 1: zarazzzza (button) (small blind) collected ($11.76)
Seat 4: Agrotait (big blind) folded on the Flop


PokerStars Hand #165612651617:  Hold'em Limit ($3/$6 USD) - 2017/02/03 10:32:09 ET
Table 'Abanderada II' 6-max Seat #4 is the button
Seat 1: zarazzzza ($44.32 in chips)
Seat 4: Agrotait ($63 in chips)
Agrotait: posts small blind $1
zarazzzza: posts big blind $3
*** HOLE CARDS ***
Agrotait: raises $3 to $6
zarazzzza: raises $3 to $9
Agrotait: calls $3
*** FLOP *** [3h 5h Qd]
zarazzzza: bets $3
Agrotait: calls $3
*** TURN *** [3h 5h Qd] [6c]
zarazzzza: bets $6
Agrotait: calls $6
*** RIVER *** [3h 5h Qd 6c] [7c]
zarazzzza: bets $6
Agrotait: calls $6
*** SHOW DOWN ***
zarazzzza: shows [Jh Js] (a pair of Jacks)
Agrotait: shows [9d Qc] (a pair of Queens)
Agrotait collected $47.50 from pot
*** SUMMARY ***
Total pot $48 | Rake $0.50
Board [3h 5h Qd 6c 7c]
Seat 1: zarazzzza (big blind) showed [Jh Js] and lost with a pair of Jacks
Seat 4: Agrotait (button) (small blind) showed [9d Qc] and won ($47.50) with a pair of Queens


PokerStars Hand #165615391540:  Hold'em Limit ($3/$6 USD) - 2017/02/03 11:31:57 ET
Table 'Abanderada II' 6-max Seat #4 is the button
Seat 4: jackRizzar ($193.87 in chips)
Seat 5: vestimokrec ($150.92 in chips)
jackRizzar: posts small blind $1
vestimokrec: posts big blind $3
*** HOLE CARDS ***
jackRizzar: raises $3 to $6
vestimokrec: calls $3
*** FLOP *** [2s 4d 2c]
vestimokrec: checks
jackRizzar: bets $3
vestimokrec: calls $3
*** TURN *** [2s 4d 2c] [8s]
vestimokrec: checks
jackRizzar: checks
*** RIVER *** [2s 4d 2c 8s] [3s]
vestimokrec: bets $6
jackRizzar: folds
Uncalled bet ($6) returned to vestimokrec
vestimokrec collected $17.64 from pot
vestimokrec: doesn't show hand
*** SUMMARY ***
Total pot $18 | Rake $0.36
Board [2s 4d 2c 8s 3s]
Seat 4: jackRizzar (button) (small blind) folded on the River
Seat 5: vestimokrec (big blind) collected ($17.64)


PokerStars Hand #165615384561:  Hold'em Limit ($3/$6 USD) - 2017/02/03 11:31:49 ET
Table 'Abanderada II' 6-max Seat #5 is the button
Seat 4: jackRizzar ($192.87 in chips)
Seat 5: vestimokrec ($151.92 in chips)
vestimokrec: posts small blind $1
craaa: is sitting out
OnFire35: is sitting out
jackRizzar: posts big blind $3
*** HOLE CARDS ***
vestimokrec: folds
Uncalled bet ($2) returned to jackRizzar
jackRizzar collected $2 from pot
jackRizzar: doesn't show hand
*** SUMMARY ***
Total pot $2 | Rake $0
Seat 4: jackRizzar (big blind) collected ($2)
Seat 5: vestimokrec (button) (small blind) folded before Flop


PokerStars Hand #165615732748:  Hold'em Limit ($3/$6 USD) - 2017/02/03 11:39:05 ET
Table 'Abanderada II' 6-max Seat #4 is the button
Seat 1: DePokeraap ($99.39 in chips)
Seat 4: jackRizzar ($168.50 in chips)
jackRizzar: posts small blind $1
vestimokrec: is sitting out
DePokeraap: posts big blind $3
*** HOLE CARDS ***
tamnt10549 joins the table at seat #2
jackRizzar: folds
Uncalled bet ($2) returned to DePokeraap
DePokeraap collected $2 from pot
*** SUMMARY ***
Total pot $2 | Rake $0
Seat 1: DePokeraap (big blind) collected ($2)
Seat 4: jackRizzar (button) (small blind) folded before Flop


PokerStars Hand #165615773322:  Hold'em Limit ($3/$6 USD) - 2017/02/03 11:39:55 ET
Table 'Abanderada II' 6-max Seat #4 is the button
Seat 2: tamnt10549 ($80.49 in chips)
Seat 4: jackRizzar ($171.11 in chips)
jackRizzar: posts small blind $1
craaa was removed from the table for failing to post
DePokeraap: is sitting out
tamnt10549: posts big blind $3
*** HOLE CARDS ***
jackRizzar: raises $3 to $6
tamnt10549: folds
Uncalled bet ($3) returned to jackRizzar
jackRizzar collected $6 from pot
jackRizzar: doesn't show hand
*** SUMMARY ***
Total pot $6 | Rake $0
Seat 2: tamnt10549 (big blind) folded before Flop
Seat 4: jackRizzar (button) (small blind) collected ($6)


