PokerStars Hand #149160027195:  Hold'em Limit ($3/$6 USD) - 2016/02/21 2:26:05 ET
Table 'Abastumani' 6-max Seat #3 is the button
Seat 3: xcgxcg2005 ($120 in chips)
Seat 4: Agrotait ($72 in chips)
xcgxcg2005: posts small blind $1
Agrotait: posts big blind $3
*** HOLE CARDS ***
xcgxcg2005: raises $3 to $6
Agrotait: calls $3
*** FLOP *** [8s 9c 3s]
Agrotait: checks
xcgxcg2005: bets $3
Agrotait: calls $3
*** TURN *** [8s 9c 3s] [Ad]
Agrotait: checks
xcgxcg2005: bets $6
Agrotait: folds
Uncalled bet ($6) returned to xcgxcg2005
xcgxcg2005 collected $17.64 from pot
xcgxcg2005: doesn't show hand
*** SUMMARY ***
Total pot $18 | Rake $0.36
Board [8s 9c 3s Ad]
Seat 3: xcgxcg2005 (button) (small blind) collected ($17.64)
Seat 4: Agrotait (big blind) folded on the Turn


PokerStars Hand #149160049586:  Hold'em Limit ($3/$6 USD) - 2016/02/21 2:27:08 ET
Table 'Abastumani' 6-max Seat #4 is the button
Seat 3: xcgxcg2005 ($128.64 in chips)
Seat 4: Agrotait ($63 in chips)
Agrotait: posts small blind $1
xcgxcg2005: posts big blind $3
*** HOLE CARDS ***
Agrotait: raises $3 to $6
xcgxcg2005: calls $3
*** FLOP *** [6c Ah Ac]
xcgxcg2005: checks
Agrotait: bets $3
xcgxcg2005: folds
Uncalled bet ($3) returned to Agrotait
Agrotait collected $11.76 from pot
Agrotait: doesn't show hand
*** SUMMARY ***
Total pot $12 | Rake $0.24
Board [6c Ah Ac]
Seat 3: xcgxcg2005 (big blind) folded on the Flop
Seat 4: Agrotait (button) (small blind) collected ($11.76)


PokerStars Hand #149160055322:  Hold'em Limit ($3/$6 USD) - 2016/02/21 2:27:25 ET
Table 'Abastumani' 6-max Seat #3 is the button
Seat 3: xcgxcg2005 ($122.64 in chips)
Seat 4: Agrotait ($68.76 in chips)
xcgxcg2005: posts small blind $1
Agrotait: posts big blind $3
*** HOLE CARDS ***
xcgxcg2005: raises $3 to $6
Agrotait: raises $3 to $9
xcgxcg2005: calls $3
*** FLOP *** [Qh 4c 8h]
Agrotait: bets $3
xcgxcg2005: calls $3
*** TURN *** [Qh 4c 8h] [As]
Agrotait: checks
xcgxcg2005: bets $6
Agrotait: calls $6
*** RIVER *** [Qh 4c 8h As] [Ah]
Agrotait: bets $6
xcgxcg2005: calls $6
*** SHOW DOWN ***
Agrotait: shows [2c Ac] (three of a kind, Aces)
xcgxcg2005: mucks hand
Agrotait collected $47.50 from pot
*** SUMMARY ***
Total pot $48 | Rake $0.50
Board [Qh 4c 8h As Ah]
Seat 3: xcgxcg2005 (button) (small blind) mucked
Seat 4: Agrotait (big blind) showed [2c Ac] and won ($47.50) with three of a kind, Aces


PokerStars Hand #149160069211:  Hold'em Limit ($3/$6 USD) - 2016/02/21 2:28:04 ET
Table 'Abastumani' 6-max Seat #4 is the button
Seat 3: xcgxcg2005 ($98.64 in chips)
Seat 4: Agrotait ($92.26 in chips)
Agrotait: posts small blind $1
xcgxcg2005: posts big blind $3
*** HOLE CARDS ***
Agrotait: raises $3 to $6
xcgxcg2005: raises $3 to $9
Agrotait: calls $3
*** FLOP *** [Ad Qd Ah]
xcgxcg2005: bets $3
Agrotait: folds
Uncalled bet ($3) returned to xcgxcg2005
xcgxcg2005 collected $17.64 from pot
xcgxcg2005: doesn't show hand
*** SUMMARY ***
Total pot $18 | Rake $0.36
Board [Ad Qd Ah]
Seat 3: xcgxcg2005 (big blind) collected ($17.64)
Seat 4: Agrotait (button) (small blind) folded on the Flop


PokerStars Hand #149160078345:  Hold'em Limit ($3/$6 USD) - 2016/02/21 2:28:30 ET
Table 'Abastumani' 6-max Seat #3 is the button
Seat 3: xcgxcg2005 ($107.28 in chips)
Seat 4: Agrotait ($83.26 in chips)
xcgxcg2005: posts small blind $1
Agrotait: posts big blind $3
*** HOLE CARDS ***
xcgxcg2005: folds
Uncalled bet ($2) returned to Agrotait
Agrotait collected $2 from pot
Agrotait: doesn't show hand
*** SUMMARY ***
Total pot $2 | Rake $0
Seat 3: xcgxcg2005 (button) (small blind) folded before Flop
Seat 4: Agrotait (big blind) collected ($2)


PokerStars Hand #149160079982:  Hold'em Limit ($3/$6 USD) - 2016/02/21 2:28:35 ET
Table 'Abastumani' 6-max Seat #4 is the button
Seat 3: xcgxcg2005 ($106.28 in chips)
Seat 4: Agrotait ($84.26 in chips)
Agrotait: posts small blind $1
xcgxcg2005: posts big blind $3
*** HOLE CARDS ***
Agrotait: raises $3 to $6
xcgxcg2005: raises $3 to $9
Agrotait: calls $3
*** FLOP *** [8h 6c 9d]
xcgxcg2005: bets $3
Agrotait: calls $3
*** TURN *** [8h 6c 9d] [Js]
xcgxcg2005: bets $6
Agrotait: raises $6 to $12
xcgxcg2005: raises $6 to $18
Agrotait: calls $6
*** RIVER *** [8h 6c 9d Js] [Qc]
xcgxcg2005: checks
Agrotait: bets $6
xcgxcg2005: calls $6
*** SHOW DOWN ***
Agrotait: shows [Th Jd] (a straight, Eight to Queen)
xcgxcg2005: mucks hand
Agrotait collected $71.50 from pot
*** SUMMARY ***
Total pot $72 | Rake $0.50
Board [8h 6c 9d Js Qc]
Seat 3: xcgxcg2005 (big blind) mucked
Seat 4: Agrotait (button) (small blind) showed [Th Jd] and won ($71.50) with a straight, Eight to Queen


PokerStars Hand #149160100838:  Hold'em Limit ($3/$6 USD) - 2016/02/21 2:29:35 ET
Table 'Abastumani' 6-max Seat #4 is the button
Seat 3: xcgxcg2005 ($69.28 in chips)
Seat 4: Agrotait ($120.76 in chips)
Agrotait: posts small blind $1
xcgxcg2005: posts big blind $3
*** HOLE CARDS ***
Agrotait: folds
Uncalled bet ($2) returned to xcgxcg2005
xcgxcg2005 collected $2 from pot
xcgxcg2005: doesn't show hand
*** SUMMARY ***
Total pot $2 | Rake $0
Seat 3: xcgxcg2005 (big blind) collected ($2)
Seat 4: Agrotait (button) (small blind) folded before Flop


PokerStars Hand #149160099209:  Hold'em Limit ($3/$6 USD) - 2016/02/21 2:29:30 ET
Table 'Abastumani' 6-max Seat #3 is the button
Seat 3: xcgxcg2005 ($70.28 in chips)
Seat 4: Agrotait ($119.76 in chips)
xcgxcg2005: posts small blind $1
Agrotait: posts big blind $3
*** HOLE CARDS ***
xcgxcg2005: folds
Uncalled bet ($2) returned to Agrotait
Agrotait collected $2 from pot
Agrotait: doesn't show hand
*** SUMMARY ***
Total pot $2 | Rake $0
Seat 3: xcgxcg2005 (button) (small blind) folded before Flop
Seat 4: Agrotait (big blind) collected ($2)


PokerStars Hand #149160102560:  Hold'em Limit ($3/$6 USD) - 2016/02/21 2:29:39 ET
Table 'Abastumani' 6-max Seat #3 is the button
Seat 3: xcgxcg2005 ($70.28 in chips)
Seat 4: Agrotait ($119.76 in chips)
xcgxcg2005: posts small blind $1
Agrotait: posts big blind $3
*** HOLE CARDS ***
xcgxcg2005: raises $3 to $6
Agrotait: folds
Uncalled bet ($3) returned to xcgxcg2005
xcgxcg2005 collected $6 from pot
xcgxcg2005: doesn't show hand
*** SUMMARY ***
Total pot $6 | Rake $0
Seat 3: xcgxcg2005 (button) (small blind) collected ($6)
Seat 4: Agrotait (big blind) folded before Flop


PokerStars Hand #149160122057:  Hold'em Limit ($3/$6 USD) - 2016/02/21 2:30:35 ET
Table 'Abastumani' 6-max Seat #3 is the button
Seat 3: xcgxcg2005 ($28.28 in chips)
Seat 4: Agrotait ($161.26 in chips)
xcgxcg2005: posts small blind $1
Agrotait: posts big blind $3
*** HOLE CARDS ***
xcgxcg2005: folds
Uncalled bet ($2) returned to Agrotait
xcgxcg2005 leaves the table
Agrotait collected $2 from pot
Agrotait: doesn't show hand
*** SUMMARY ***
Total pot $2 | Rake $0
Seat 3: xcgxcg2005 (button) (small blind) folded before Flop
Seat 4: Agrotait (big blind) collected ($2)


PokerStars Hand #149160105711:  Hold'em Limit ($3/$6 USD) - 2016/02/21 2:29:48 ET
Table 'Abastumani' 6-max Seat #4 is the button
Seat 3: xcgxcg2005 ($73.28 in chips)
Seat 4: Agrotait ($116.76 in chips)
Agrotait: posts small blind $1
xcgxcg2005: posts big blind $3
*** HOLE CARDS ***
Agrotait: raises $3 to $6
xcgxcg2005: raises $3 to $9
Agrotait: calls $3
*** FLOP *** [5h 7h 4s]
xcgxcg2005: bets $3
Agrotait: raises $3 to $6
xcgxcg2005: raises $3 to $9
Agrotait: raises $3 to $12
Betting is capped
xcgxcg2005: calls $3
*** TURN *** [5h 7h 4s] [Ks]
xcgxcg2005: checks
Agrotait: bets $6
xcgxcg2005: raises $6 to $12
Agrotait: raises $6 to $18
xcgxcg2005: calls $6
*** RIVER *** [5h 7h 4s Ks] [2s]
xcgxcg2005: checks
Agrotait: bets $6
xcgxcg2005: calls $6
*** SHOW DOWN ***
Agrotait: shows [6s 3s] (a flush, King high)
xcgxcg2005: mucks hand
Agrotait collected $89.50 from pot
*** SUMMARY ***
Total pot $90 | Rake $0.50
Board [5h 7h 4s Ks 2s]
Seat 3: xcgxcg2005 (big blind) mucked
Seat 4: Agrotait (button) (small blind) showed [6s 3s] and won ($89.50) with a flush, King high


