PokerStars Hand #150695390602:  Hold'em Limit ($3/$6 USD) - 2016/03/21 6:10:17 ET
Table 'Abastumani II' 6-max Seat #3 is the button
Seat 3: nedo1414 ($141.50 in chips)
Seat 4: TbIP-TbIP 88 ($72 in chips)
nedo1414: posts small blind $1
TbIP-TbIP 88: posts big blind $3
*** HOLE CARDS ***
nedo1414: raises $3 to $6
TbIP-TbIP 88: calls $3
*** FLOP *** [Kh 4s 5h]
TbIP-TbIP 88: checks
nedo1414: bets $3
TbIP-TbIP 88: folds
Uncalled bet ($3) returned to nedo1414
nedo1414 collected $11.76 from pot
nedo1414: doesn't show hand
*** SUMMARY ***
Total pot $12 | Rake $0.24
Board [Kh 4s 5h]
Seat 3: nedo1414 (button) (small blind) collected ($11.76)
Seat 4: TbIP-TbIP 88 (big blind) folded on the Flop


PokerStars Hand #150695388314:  Hold'em Limit ($3/$6 USD) - 2016/03/21 6:10:12 ET
Table 'Abastumani II' 6-max Seat #4 is the button
Seat 3: nedo1414 ($140.50 in chips)
Seat 4: TbIP-TbIP 88 ($72 in chips)
TbIP-TbIP 88: posts small blind $1
nedo1414: posts big blind $3
*** HOLE CARDS ***
TbIP-TbIP 88: folds
Uncalled bet ($2) returned to nedo1414
nedo1414 collected $2 from pot
nedo1414: doesn't show hand
*** SUMMARY ***
Total pot $2 | Rake $0
Seat 3: nedo1414 (big blind) collected ($2)
Seat 4: TbIP-TbIP 88 (button) (small blind) folded before Flop


PokerStars Hand #150695370952:  Hold'em Limit ($3/$6 USD) - 2016/03/21 6:09:29 ET
Table 'Abastumani II' 6-max Seat #3 is the button
Seat 3: nedo1414 ($120 in chips)
Seat 4: TbIP-TbIP 88 ($72 in chips)
nedo1414: posts small blind $1
TbIP-TbIP 88: posts big blind $3
*** HOLE CARDS ***
nedo1414: raises $3 to $6
TbIP-TbIP 88: calls $3
*** FLOP *** [2d Qs Ah]
TbIP-TbIP 88: checks
nedo1414: bets $3
TbIP-TbIP 88: calls $3
*** TURN *** [2d Qs Ah] [Jc]
TbIP-TbIP 88: checks
nedo1414: bets $6
TbIP-TbIP 88: calls $6
*** RIVER *** [2d Qs Ah Jc] [3c]
TbIP-TbIP 88: checks
nedo1414: bets $6
TbIP-TbIP 88: calls $6
*** SHOW DOWN ***
nedo1414: shows [2c 2h] (three of a kind, Deuces)
TbIP-TbIP 88: mucks hand
nedo1414 collected $41.50 from pot
*** SUMMARY ***
Total pot $42 | Rake $0.50
Board [2d Qs Ah Jc 3c]
Seat 3: nedo1414 (button) (small blind) showed [2c 2h] and won ($41.50) with three of a kind, Deuces
Seat 4: TbIP-TbIP 88 (big blind) mucked


PokerStars Hand #150695399226:  Hold'em Limit ($3/$6 USD) - 2016/03/21 6:10:39 ET
Table 'Abastumani II' 6-max Seat #4 is the button
Seat 3: nedo1414 ($147.26 in chips)
Seat 4: TbIP-TbIP 88 ($72 in chips)
TbIP-TbIP 88: posts small blind $1
nedo1414: posts big blind $3
*** HOLE CARDS ***
TbIP-TbIP 88: calls $2
nedo1414: checks
*** FLOP *** [7d Qc Th]
nedo1414: checks
TbIP-TbIP 88: bets $3
nedo1414: calls $3
*** TURN *** [7d Qc Th] [As]
nedo1414: checks
Agniosius joins the table at seat #2
TbIP-TbIP 88: checks
*** RIVER *** [7d Qc Th As] [5c]
nedo1414: checks
TbIP-TbIP 88: checks
*** SHOW DOWN ***
nedo1414: shows [3h 3d] (a pair of Threes)
TbIP-TbIP 88: mucks hand
nedo1414 collected $11.76 from pot
*** SUMMARY ***
Total pot $12 | Rake $0.24
Board [7d Qc Th As 5c]
Seat 3: nedo1414 (big blind) showed [3h 3d] and won ($11.76) with a pair of Threes
Seat 4: TbIP-TbIP 88 (button) (small blind) mucked


PokerStars Hand #150695421250:  Hold'em Limit ($3/$6 USD) - 2016/03/21 6:11:33 ET
Table 'Abastumani II' 6-max Seat #3 is the button
Seat 3: nedo1414 ($153.02 in chips)
Seat 4: TbIP-TbIP 88 ($72 in chips)
nedo1414: posts small blind $1
TbIP-TbIP 88: posts big blind $3
*** HOLE CARDS ***
nedo1414: raises $3 to $6
TbIP-TbIP 88: calls $3
*** FLOP *** [As Js Jd]
TbIP-TbIP 88: checks
nedo1414: bets $3
TbIP-TbIP 88: folds
Uncalled bet ($3) returned to nedo1414
nedo1414 collected $11.76 from pot
*** SUMMARY ***
Total pot $12 | Rake $0.24
Board [As Js Jd]
Seat 3: nedo1414 (button) (small blind) collected ($11.76)
Seat 4: TbIP-TbIP 88 (big blind) folded on the Flop


PokerStars Hand #150696105004:  Hold'em Limit ($3/$6 USD) - 2016/03/21 6:37:51 ET
Table 'Abastumani II' 6-max Seat #5 is the button
Seat 2: Zeeon ($118.22 in chips)
Seat 5: Evgenia56 ($103.70 in chips)
Evgenia56: posts small blind $1
HAL9QQQ: is sitting out
Zeeon: posts big blind $3
*** HOLE CARDS ***
Evgenia56: raises $3 to $6
Zeeon: calls $3
*** FLOP *** [Js Qd As]
Zeeon: checks
Evgenia56: bets $3
Zeeon: folds
Uncalled bet ($3) returned to Evgenia56
Evgenia56 collected $11.76 from pot
*** SUMMARY ***
Total pot $12 | Rake $0.24
Board [Js Qd As]
Seat 2: Zeeon (big blind) folded on the Flop
Seat 5: Evgenia56 (button) (small blind) collected ($11.76)


