PokerStars Hand #151293715368:  Hold'em Limit ($3/$6 USD) - 2016/04/01 20:02:55 ET
Table 'Abastumani' 10-max Seat #6 is the button
Seat 6: Mackeral ($52.90 in chips)
Seat 8: Pandakey ($120 in chips)
Mackeral: posts small blind $1
Pandakey: posts big blind $3
*** HOLE CARDS ***
Mackeral: raises $3 to $6
Pandakey: calls $3
*** FLOP *** [Kd 8s 2s]
Pandakey: checks
Mackeral: bets $3
Pandakey: raises $3 to $6
Mackeral: calls $3
*** TURN *** [Kd 8s 2s] [Jh]
Pandakey: bets $6
Mackeral: calls $6
*** RIVER *** [Kd 8s 2s Jh] [7d]
Pandakey: bets $6
Mackeral: calls $6
*** SHOW DOWN ***
Pandakey: shows [Kh 6s] (a pair of Kings)
Mackeral: mucks hand
Pandakey collected $47.50 from pot
*** SUMMARY ***
Total pot $48 | Rake $0.50
Board [Kd 8s 2s Jh 7d]
Seat 6: Mackeral (button) (small blind) mucked
Seat 8: Pandakey (big blind) showed [Kh 6s] and won ($47.50) with a pair of Kings


PokerStars Hand #151293758655:  Hold'em Limit ($3/$6 USD) - 2016/04/01 20:04:07 ET
Table 'Abastumani' 10-max Seat #6 is the button
Seat 6: Mackeral ($22.90 in chips)
Seat 8: Pandakey ($149.26 in chips)
Mackeral: posts small blind $1
Pandakey: posts big blind $3
*** HOLE CARDS ***
Mackeral: folds
Uncalled bet ($2) returned to Pandakey
Pandakey collected $2 from pot
Pandakey: doesn't show hand
*** SUMMARY ***
Total pot $2 | Rake $0
Seat 6: Mackeral (button) (small blind) folded before Flop
Seat 8: Pandakey (big blind) collected ($2)


PokerStars Hand #151293754885:  Hold'em Limit ($3/$6 USD) - 2016/04/01 20:04:01 ET
Table 'Abastumani' 10-max Seat #8 is the button
Seat 6: Mackeral ($21.90 in chips)
Seat 8: Pandakey ($150.26 in chips)
Pandakey: posts small blind $1
Mackeral: posts big blind $3
*** HOLE CARDS ***
Pandakey: folds
Uncalled bet ($2) returned to Mackeral
Mackeral collected $2 from pot
Mackeral: doesn't show hand
*** SUMMARY ***
Total pot $2 | Rake $0
Seat 6: Mackeral (big blind) collected ($2)
Seat 8: Pandakey (button) (small blind) folded before Flop


PokerStars Hand #151293750075:  Hold'em Limit ($3/$6 USD) - 2016/04/01 20:03:53 ET
Table 'Abastumani' 10-max Seat #6 is the button
Seat 6: Mackeral ($22.90 in chips)
Seat 8: Pandakey ($149.26 in chips)
Mackeral: posts small blind $1
Pandakey: posts big blind $3
*** HOLE CARDS ***
Mackeral: folds
Uncalled bet ($2) returned to Pandakey
Pandakey collected $2 from pot
Pandakey: doesn't show hand
*** SUMMARY ***
Total pot $2 | Rake $0
Seat 6: Mackeral (button) (small blind) folded before Flop
Seat 8: Pandakey (big blind) collected ($2)


PokerStars Hand #151293739740:  Hold'em Limit ($3/$6 USD) - 2016/04/01 20:03:36 ET
Table 'Abastumani' 10-max Seat #8 is the button
Seat 6: Mackeral ($28.90 in chips)
Seat 8: Pandakey ($143.50 in chips)
Pandakey: posts small blind $1
Mackeral: posts big blind $3
*** HOLE CARDS ***
Pandakey: raises $3 to $6
Mackeral: calls $3
*** FLOP *** [Ks 3s Ah]
Mackeral: checks
Pandakey: bets $3
Mackeral: folds
Uncalled bet ($3) returned to Pandakey
Pandakey collected $11.76 from pot
Pandakey: doesn't show hand
*** SUMMARY ***
Total pot $12 | Rake $0.24
Board [Ks 3s Ah]
Seat 6: Mackeral (big blind) folded on the Flop
Seat 8: Pandakey (button) (small blind) collected ($11.76)


PokerStars Hand #151293799641:  Hold'em Limit ($3/$6 USD) - 2016/04/01 20:05:15 ET
Table 'Abastumani' 10-max Seat #8 is the button
Seat 6: Mackeral ($39.18 in chips)
Seat 8: Pandakey ($132.26 in chips)
Pandakey: posts small blind $1
Mackeral: posts big blind $3
*** HOLE CARDS ***
Pandakey: raises $3 to $6
Mackeral: calls $3
*** FLOP *** [Tc 2s Th]
Mackeral: checks
Pandakey: bets $3
Mackeral: folds
Uncalled bet ($3) returned to Pandakey
Pandakey collected $11.76 from pot
Pandakey: doesn't show hand
*** SUMMARY ***
Total pot $12 | Rake $0.24
Board [Tc 2s Th]
Seat 6: Mackeral (big blind) folded on the Flop
Seat 8: Pandakey (button) (small blind) collected ($11.76)


PokerStars Hand #151293790948:  Hold'em Limit ($3/$6 USD) - 2016/04/01 20:05:01 ET
Table 'Abastumani' 10-max Seat #6 is the button
Seat 6: Mackeral ($33.42 in chips)
Seat 8: Pandakey ($138.26 in chips)
Mackeral: posts small blind $1
Pandakey: posts big blind $3
*** HOLE CARDS ***
Mackeral: raises $3 to $6
Pandakey: calls $3
*** FLOP *** [8c 3s Jc]
Pandakey: checks
Mackeral: bets $3
Pandakey: folds
Uncalled bet ($3) returned to Mackeral
Mackeral collected $11.76 from pot
Mackeral: doesn't show hand
*** SUMMARY ***
Total pot $12 | Rake $0.24
Board [8c 3s Jc]
Seat 6: Mackeral (button) (small blind) collected ($11.76)
Seat 8: Pandakey (big blind) folded on the Flop


PokerStars Hand #151293761580:  Hold'em Limit ($3/$6 USD) - 2016/04/01 20:04:12 ET
Table 'Abastumani' 10-max Seat #8 is the button
Seat 6: Mackeral ($21.90 in chips)
Seat 8: Pandakey ($150.26 in chips)
Pandakey: posts small blind $1
Mackeral: posts big blind $3
*** HOLE CARDS ***
Pandakey: raises $3 to $6
Mackeral: calls $3
*** FLOP *** [3d 4h Jc]
Mackeral: checks
Pandakey: bets $3
Mackeral: raises $3 to $6
Pandakey: calls $3
*** TURN *** [3d 4h Jc] [2d]
Mackeral: bets $6
Pandakey: folds
Uncalled bet ($6) returned to Mackeral
Mackeral collected $23.52 from pot
Mackeral: doesn't show hand
*** SUMMARY ***
Total pot $24 | Rake $0.48
Board [3d 4h Jc 2d]
Seat 6: Mackeral (big blind) collected ($23.52)
Seat 8: Pandakey (button) (small blind) folded on the Turn


PokerStars Hand #151293837707:  Hold'em Limit ($3/$6 USD) - 2016/04/01 20:06:19 ET
Table 'Abastumani' 10-max Seat #8 is the button
Seat 6: Mackeral ($56.68 in chips)
Seat 8: Pandakey ($114.02 in chips)
Pandakey: posts small blind $1
Mackeral: posts big blind $3
*** HOLE CARDS ***
Pandakey: raises $3 to $6
Mackeral: calls $3
*** FLOP *** [Kc 5c 7h]
Mackeral: bets $3
Pandakey: calls $3
*** TURN *** [Kc 5c 7h] [2d]
Mackeral: bets $6
Pandakey: calls $6
*** RIVER *** [Kc 5c 7h 2d] [Ad]
Mackeral: checks
Pandakey: checks
*** SHOW DOWN ***
Mackeral: shows [4d 7d] (a pair of Sevens)
Pandakey: mucks hand
Mackeral collected $29.50 from pot
*** SUMMARY ***
Total pot $30 | Rake $0.50
Board [Kc 5c 7h 2d Ad]
Seat 6: Mackeral (big blind) showed [4d 7d] and won ($29.50) with a pair of Sevens
Seat 8: Pandakey (button) (small blind) mucked


PokerStars Hand #151293829042:  Hold'em Limit ($3/$6 USD) - 2016/04/01 20:06:04 ET
Table 'Abastumani' 10-max Seat #6 is the button
Seat 6: Mackeral ($57.68 in chips)
Seat 8: Pandakey ($113.02 in chips)
Chessnok joins the table at seat #7
Mackeral: posts small blind $1
Pandakey: posts big blind $3
*** HOLE CARDS ***
Mackeral: folds
Uncalled bet ($2) returned to Pandakey
Pandakey collected $2 from pot
Pandakey: doesn't show hand
*** SUMMARY ***
Total pot $2 | Rake $0
Seat 6: Mackeral (button) (small blind) folded before Flop
Seat 8: Pandakey (big blind) collected ($2)


PokerStars Hand #151293825971:  Hold'em Limit ($3/$6 USD) - 2016/04/01 20:05:59 ET
Table 'Abastumani' 10-max Seat #8 is the button
Seat 6: Mackeral ($56.68 in chips)
Seat 8: Pandakey ($114.02 in chips)
Pandakey: posts small blind $1
Mackeral: posts big blind $3
*** HOLE CARDS ***
Pandakey: folds
Uncalled bet ($2) returned to Mackeral
Mackeral collected $2 from pot
Mackeral: doesn't show hand
*** SUMMARY ***
Total pot $2 | Rake $0
Seat 6: Mackeral (big blind) collected ($2)
Seat 8: Pandakey (button) (small blind) folded before Flop


PokerStars Hand #151293807950:  Hold'em Limit ($3/$6 USD) - 2016/04/01 20:05:29 ET
Table 'Abastumani' 10-max Seat #6 is the button
Seat 6: Mackeral ($33.18 in chips)
Seat 8: Pandakey ($138.02 in chips)
Mackeral: posts small blind $1
Pandakey: posts big blind $3
*** HOLE CARDS ***
Mackeral: raises $3 to $6
Pandakey: raises $3 to $9
Mackeral: calls $3
*** FLOP *** [Kh As Qc]
Pandakey: bets $3
Mackeral: calls $3
*** TURN *** [Kh As Qc] [Ks]
Pandakey: bets $6
Mackeral: raises $6 to $12
Pandakey: calls $6
*** RIVER *** [Kh As Qc Ks] [Ac]
Pandakey: checks
Mackeral: bets $6
Pandakey: folds
Uncalled bet ($6) returned to Mackeral
Mackeral collected $47.50 from pot
Mackeral: doesn't show hand
*** SUMMARY ***
Total pot $48 | Rake $0.50
Board [Kh As Qc Ks Ac]
Seat 6: Mackeral (button) (small blind) collected ($47.50)
Seat 8: Pandakey (big blind) folded on the River


PokerStars Hand #151293904088:  Hold'em Limit ($3/$6 USD) - 2016/04/01 20:08:10 ET
Table 'Abastumani' 10-max Seat #6 is the button
Seat 6: Mackeral ($46.18 in chips)
Seat 7: Chessnok ($108.52 in chips)
Mackeral: posts small blind $1
Chessnok: posts big blind $3
*** HOLE CARDS ***
Mackeral: raises $3 to $6
Chessnok: calls $3
*** FLOP *** [3c 2h 5d]
Chessnok: checks
Mackeral: bets $3
Chessnok: calls $3
*** TURN *** [3c 2h 5d] [Ts]
Chessnok: checks
Mackeral: bets $6
Chessnok: folds
Uncalled bet ($6) returned to Mackeral
Mackeral collected $17.64 from pot
Mackeral: doesn't show hand
*** SUMMARY ***
Total pot $18 | Rake $0.36
Board [3c 2h 5d Ts]
Seat 6: Mackeral (button) (small blind) collected ($17.64)
Seat 7: Chessnok (big blind) folded on the Turn


PokerStars Hand #151293897448:  Hold'em Limit ($3/$6 USD) - 2016/04/01 20:07:59 ET
Table 'Abastumani' 10-max Seat #7 is the button
Seat 6: Mackeral ($52.18 in chips)
Seat 7: Chessnok ($102.76 in chips)
Chessnok: posts small blind $1
Mackeral: posts big blind $3
*** HOLE CARDS ***
Pandakey leaves the table
Chessnok: raises $3 to $6
Mackeral: calls $3
*** FLOP *** [Js Ah Qh]
Mackeral: folds
Chessnok collected $11.76 from pot
Chessnok: doesn't show hand
*** SUMMARY ***
Total pot $12 | Rake $0.24
Board [Js Ah Qh]
Seat 6: Mackeral (big blind) folded on the Flop
Seat 7: Chessnok (button) (small blind) collected ($11.76)


PokerStars Hand #151293894111:  Hold'em Limit ($3/$6 USD) - 2016/04/01 20:07:53 ET
Table 'Abastumani' 10-max Seat #6 is the button
Seat 6: Mackeral ($53.18 in chips)
Seat 7: Chessnok ($101.76 in chips)
Mackeral: posts small blind $1
Chessnok: posts big blind $3
*** HOLE CARDS ***
Mackeral: folds
Uncalled bet ($2) returned to Chessnok
Chessnok collected $2 from pot
Chessnok: doesn't show hand
*** SUMMARY ***
Total pot $2 | Rake $0
Seat 6: Mackeral (button) (small blind) folded before Flop
Seat 7: Chessnok (big blind) collected ($2)


PokerStars Hand #151293886683:  Hold'em Limit ($3/$6 USD) - 2016/04/01 20:07:41 ET
Table 'Abastumani' 10-max Seat #7 is the button
Seat 6: Mackeral ($59.18 in chips)
Seat 7: Chessnok ($96 in chips)
Chessnok: posts small blind $1
Pandakey: is sitting out
Mackeral: posts big blind $3
*** HOLE CARDS ***
Chessnok: raises $3 to $6
Mackeral: calls $3
*** FLOP *** [2c 2h Kd]
Mackeral: checks
Chessnok: bets $3
Mackeral: folds
Uncalled bet ($3) returned to Chessnok
Chessnok collected $11.76 from pot
Chessnok: doesn't show hand
*** SUMMARY ***
Total pot $12 | Rake $0.24
Board [2c 2h Kd]
Seat 6: Mackeral (big blind) folded on the Flop
Seat 7: Chessnok (button) (small blind) collected ($11.76)


PokerStars Hand #151293949538:  Hold'em Limit ($3/$6 USD) - 2016/04/01 20:09:28 ET
Table 'Abastumani' 10-max Seat #6 is the button
Seat 6: Mackeral ($41.46 in chips)
Seat 7: Chessnok ($112.02 in chips)
Mackeral: posts small blind $1
Chessnok: posts big blind $3
*** HOLE CARDS ***
Mackeral: raises $3 to $6
Chessnok: folds
Uncalled bet ($3) returned to Mackeral
Mackeral collected $6 from pot
Mackeral: doesn't show hand
*** SUMMARY ***
Total pot $6 | Rake $0
Seat 6: Mackeral (button) (small blind) collected ($6)
Seat 7: Chessnok (big blind) folded before Flop


PokerStars Hand #151293935538:  Hold'em Limit ($3/$6 USD) - 2016/04/01 20:09:04 ET
Table 'Abastumani' 10-max Seat #7 is the button
Seat 6: Mackeral ($32.82 in chips)
Seat 7: Chessnok ($121.02 in chips)
Chessnok: posts small blind $1
Mackeral: posts big blind $3
*** HOLE CARDS ***
Chessnok: raises $3 to $6
Mackeral: calls $3
*** FLOP *** [Ts 4d Jh]
Mackeral: checks
PeteSvensson joins the table at seat #10
Chessnok: bets $3
Mackeral: raises $3 to $6
Chessnok: folds
Uncalled bet ($3) returned to Mackeral
Mackeral collected $17.64 from pot
Mackeral: doesn't show hand
*** SUMMARY ***
Total pot $18 | Rake $0.36
Board [Ts 4d Jh]
Seat 6: Mackeral (big blind) collected ($17.64)
Seat 7: Chessnok (button) (small blind) folded on the Flop


PokerStars Hand #151293932251:  Hold'em Limit ($3/$6 USD) - 2016/04/01 20:08:58 ET
Table 'Abastumani' 10-max Seat #6 is the button
Seat 6: Mackeral ($33.82 in chips)
Seat 7: Chessnok ($120.02 in chips)
Mackeral: posts small blind $1
Chessnok: posts big blind $3
*** HOLE CARDS ***
Mackeral: folds
Uncalled bet ($2) returned to Chessnok
Chessnok collected $2 from pot
Chessnok: doesn't show hand
*** SUMMARY ***
Total pot $2 | Rake $0
Seat 6: Mackeral (button) (small blind) folded before Flop
Seat 7: Chessnok (big blind) collected ($2)


PokerStars Hand #151293919633:  Hold'em Limit ($3/$6 USD) - 2016/04/01 20:08:37 ET
Table 'Abastumani' 10-max Seat #7 is the button
Seat 6: Mackeral ($54.82 in chips)
Seat 7: Chessnok ($99.52 in chips)
Chessnok: posts small blind $1
Mackeral: posts big blind $3
*** HOLE CARDS ***
Chessnok: raises $3 to $6
Mackeral: raises $3 to $9
Chessnok: calls $3
*** FLOP *** [7h Ah 4h]
Mackeral: bets $3
Chessnok: raises $3 to $6
Mackeral: calls $3
*** TURN *** [7h Ah 4h] [3c]
Mackeral: checks
Chessnok: checks
*** RIVER *** [7h Ah 4h 3c] [Kd]
Mackeral: checks
Chessnok: bets $6
Mackeral: calls $6
*** SHOW DOWN ***
Chessnok: shows [Kh 4s] (two pair, Kings and Fours)
Mackeral: mucks hand
Chessnok collected $41.50 from pot
*** SUMMARY ***
Total pot $42 | Rake $0.50
Board [7h Ah 4h 3c Kd]
Seat 6: Mackeral (big blind) mucked
Seat 7: Chessnok (button) (small blind) showed [Kh 4s] and won ($41.50) with two pair, Kings and Fours


PokerStars Hand #151294019566:  Hold'em Limit ($3/$6 USD) - 2016/04/01 20:11:27 ET
Table 'Abastumani' 10-max Seat #7 is the button
Seat 6: Mackeral ($20.38 in chips)
Seat 7: Chessnok ($159.63 in chips)
Chessnok: posts small blind $1
Mackeral: posts big blind $3
*** HOLE CARDS ***
Chessnok: raises $3 to $6
Mrsg124 joins the table at seat #5
Mackeral: raises $3 to $9
Chessnok: calls $3
*** FLOP *** [Kh Ts Tc]
Mackeral: bets $3
Chessnok: calls $3
*** TURN *** [Kh Ts Tc] [4s]
Mackeral: bets $6
Chessnok: folds
Uncalled bet ($6) returned to Mackeral
Mackeral collected $23.52 from pot
Mackeral: doesn't show hand
*** SUMMARY ***
Total pot $24 | Rake $0.48
Board [Kh Ts Tc 4s]
Seat 6: Mackeral (big blind) collected ($23.52)
Seat 7: Chessnok (button) (small blind) folded on the Turn


PokerStars Hand #151294014612:  Hold'em Limit ($3/$6 USD) - 2016/04/01 20:11:19 ET
Table 'Abastumani' 10-max Seat #6 is the button
Seat 6: Mackeral ($17.38 in chips)
Seat 7: Chessnok ($162.63 in chips)
Mackeral: posts small blind $1
Chessnok: posts big blind $3
*** HOLE CARDS ***
Mackeral: raises $3 to $6
Chessnok: folds
Uncalled bet ($3) returned to Mackeral
Mackeral collected $6 from pot
Mackeral: doesn't show hand
*** SUMMARY ***
Total pot $6 | Rake $0
Seat 6: Mackeral (button) (small blind) collected ($6)
Seat 7: Chessnok (big blind) folded before Flop


PokerStars Hand #151293997112:  Hold'em Limit ($3/$6 USD) - 2016/04/01 20:10:49 ET
Table 'Abastumani' 10-max Seat #7 is the button
Seat 6: Mackeral ($38.38 in chips)
Seat 7: Chessnok ($142.13 in chips)
Chessnok: posts small blind $1
Mackeral: posts big blind $3
*** HOLE CARDS ***
Chessnok: raises $3 to $6
Mackeral: calls $3
*** FLOP *** [Kh 2h 7h]
Mackeral: bets $3
Chessnok: calls $3
*** TURN *** [Kh 2h 7h] [Ah]
Mackeral: checks
Chessnok: bets $6
Mackeral: calls $6
*** RIVER *** [Kh 2h 7h Ah] [As]
Mackeral: checks
Chessnok: bets $6
Mackeral: calls $6
*** SHOW DOWN ***
Chessnok: shows [Jc Qh] (a flush, Ace high)
Mackeral: mucks hand
Chessnok collected $41.50 from pot
*** SUMMARY ***
Total pot $42 | Rake $0.50
Board [Kh 2h 7h Ah As]
Seat 6: Mackeral (big blind) mucked
Seat 7: Chessnok (button) (small blind) showed [Jc Qh] and won ($41.50) with a flush, Ace high


PokerStars Hand #151294029212:  Hold'em Limit ($3/$6 USD) - 2016/04/01 20:11:44 ET
Table 'Abastumani' 10-max Seat #6 is the button
Seat 6: Mackeral ($31.90 in chips)
Seat 7: Chessnok ($147.63 in chips)
Mackeral: posts small blind $1
Chessnok: posts big blind $3
*** HOLE CARDS ***
gracetime joins the table at seat #8
Mackeral: folds
Uncalled bet ($2) returned to Chessnok
Chessnok collected $2 from pot
Chessnok: doesn't show hand
*** SUMMARY ***
Total pot $2 | Rake $0
Seat 6: Mackeral (button) (small blind) folded before Flop
Seat 7: Chessnok (big blind) collected ($2)


PokerStars Hand #151294184574:  Hold'em Limit ($3/$6 USD) - 2016/04/01 20:16:15 ET
Table 'Abastumani' 10-max Seat #7 is the button
Seat 5: Mrsg124 ($57.64 in chips)
Seat 7: Chessnok ($121.18 in chips)
Chessnok: posts small blind $1
GoliafUa: is sitting out
Mrsg124: posts big blind $3
*** HOLE CARDS ***
Chessnok: raises $3 to $6
Mrsg124: folds
Uncalled bet ($3) returned to Chessnok
Chessnok collected $6 from pot
Chessnok: doesn't show hand
*** SUMMARY ***
Total pot $6 | Rake $0
Seat 5: Mrsg124 (big blind) folded before Flop
Seat 7: Chessnok (button) (small blind) collected ($6)


PokerStars Hand #151294188509:  Hold'em Limit ($3/$6 USD) - 2016/04/01 20:16:22 ET
Table 'Abastumani' 10-max Seat #5 is the button
Seat 5: Mrsg124 ($54.64 in chips)
Seat 7: Chessnok ($124.18 in chips)
Mrsg124: posts small blind $1
Chessnok: posts big blind $3
*** HOLE CARDS ***
Mrsg124: raises $3 to $6
Chessnok: folds
Uncalled bet ($3) returned to Mrsg124
Mrsg124 collected $6 from pot
Mrsg124: doesn't show hand
*** SUMMARY ***
Total pot $6 | Rake $0
Seat 5: Mrsg124 (button) (small blind) collected ($6)
Seat 7: Chessnok (big blind) folded before Flop


PokerStars Hand #151294192587:  Hold'em Limit ($3/$6 USD) - 2016/04/01 20:16:29 ET
Table 'Abastumani' 10-max Seat #7 is the button
Seat 5: Mrsg124 ($57.64 in chips)
Seat 7: Chessnok ($121.18 in chips)
Chessnok: posts small blind $1
Mrsg124: posts big blind $3
*** HOLE CARDS ***
Chessnok: raises $3 to $6
Mrsg124: calls $3
*** FLOP *** [4s Th 9h]
Mrsg124: checks
Chessnok: bets $3
Mrsg124: calls $3
*** TURN *** [4s Th 9h] [2h]
Mrsg124: checks
Chessnok: bets $6
Mrsg124: folds
Uncalled bet ($6) returned to Chessnok
Chessnok collected $17.64 from pot
Chessnok: doesn't show hand
*** SUMMARY ***
Total pot $18 | Rake $0.36
Board [4s Th 9h 2h]
Seat 5: Mrsg124 (big blind) folded on the Turn
Seat 7: Chessnok (button) (small blind) collected ($17.64)


PokerStars Hand #151294974527:  Hold'em Limit ($3/$6 USD) - 2016/04/01 20:39:58 ET
Table 'Abastumani' 10-max Seat #9 is the button
Seat 7: Chessnok ($129.82 in chips)
Seat 9: ZOGI ($114.29 in chips)
ZOGI: posts small blind $1
Chessnok: posts big blind $3
*** HOLE CARDS ***
ZOGI: calls $2
Chessnok: raises $3 to $6
ZOGI: calls $3
*** FLOP *** [Qs 5d 7c]
Chessnok: checks
ZOGI: bets $3
Chessnok: calls $3
*** TURN *** [Qs 5d 7c] [Jc]
Chessnok: checks
ZOGI: checks
*** RIVER *** [Qs 5d 7c Jc] [3h]
Chessnok: checks
ZOGI: checks
*** SHOW DOWN ***
Chessnok: shows [2s 2c] (a pair of Deuces)
ZOGI: shows [5h 9s] (a pair of Fives)
ZOGI collected $17.64 from pot
*** SUMMARY ***
Total pot $18 | Rake $0.36
Board [Qs 5d 7c Jc 3h]
Seat 7: Chessnok (big blind) showed [2s 2c] and lost with a pair of Deuces
Seat 9: ZOGI (button) (small blind) showed [5h 9s] and won ($17.64) with a pair of Fives


PokerStars Hand #151295014057:  Hold'em Limit ($3/$6 USD) - 2016/04/01 20:41:14 ET
Table 'Abastumani' 10-max Seat #9 is the button
Seat 7: Chessnok ($105.82 in chips)
Seat 9: ZOGI ($137.43 in chips)
ZOGI: posts small blind $1
Chessnok: posts big blind $3
*** HOLE CARDS ***
ZOGI: raises $3 to $6
Chessnok: calls $3
*** FLOP *** [8h 2h 5c]
Chessnok: checks
ZOGI: bets $3
Chessnok: calls $3
*** TURN *** [8h 2h 5c] [Td]
Chessnok: checks
ZOGI: bets $6
Chessnok: calls $6
*** RIVER *** [8h 2h 5c Td] [As]
Chessnok: bets $6
ZOGI: calls $6
*** SHOW DOWN ***
Chessnok: shows [7h Ad] (a pair of Aces)
ZOGI: mucks hand
Chessnok collected $41.50 from pot
*** SUMMARY ***
Total pot $42 | Rake $0.50
Board [8h 2h 5c Td As]
Seat 7: Chessnok (big blind) showed [7h Ad] and won ($41.50) with a pair of Aces
Seat 9: ZOGI (button) (small blind) mucked


PokerStars Hand #151294997666:  Hold'em Limit ($3/$6 USD) - 2016/04/01 20:40:42 ET
Table 'Abastumani' 10-max Seat #7 is the button
Seat 7: Chessnok ($120.82 in chips)
Seat 9: ZOGI ($122.93 in chips)
Chessnok: posts small blind $1
ZOGI: posts big blind $3
*** HOLE CARDS ***
Chessnok: raises $3 to $6
ZOGI: calls $3
*** FLOP *** [9c 9d Ah]
ZOGI: bets $3
Chessnok: calls $3
*** TURN *** [9c 9d Ah] [2s]
ZOGI: checks
Chessnok: bets $6
ZOGI: calls $6
*** RIVER *** [9c 9d Ah 2s] [Qh]
ZOGI: checks
Chessnok: checks
*** SHOW DOWN ***
ZOGI: shows [3s 3c] (two pair, Nines and Threes)
Chessnok: mucks hand
ZOGI collected $29.50 from pot
*** SUMMARY ***
Total pot $30 | Rake $0.50
Board [9c 9d Ah 2s Qh]
Seat 7: Chessnok (button) (small blind) mucked
Seat 9: ZOGI (big blind) showed [3s 3c] and won ($29.50) with two pair, Nines and Threes


PokerStars Hand #151295059415:  Hold'em Limit ($3/$6 USD) - 2016/04/01 20:42:42 ET
Table 'Abastumani' 10-max Seat #9 is the button
Seat 7: Chessnok ($130.82 in chips)
Seat 9: ZOGI ($110.93 in chips)
ZOGI: posts small blind $1
Chessnok: posts big blind $3
*** HOLE CARDS ***
ZOGI: folds
Uncalled bet ($2) returned to Chessnok
Chessnok collected $2 from pot
Chessnok: doesn't show hand
*** SUMMARY ***
Total pot $2 | Rake $0
Seat 7: Chessnok (big blind) collected ($2)
Seat 9: ZOGI (button) (small blind) folded before Flop


PokerStars Hand #151295057107:  Hold'em Limit ($3/$6 USD) - 2016/04/01 20:42:37 ET
Table 'Abastumani' 10-max Seat #7 is the button
Seat 7: Chessnok ($131.82 in chips)
Seat 9: ZOGI ($109.93 in chips)
Chessnok: posts small blind $1
ZOGI: posts big blind $3
*** HOLE CARDS ***
Chessnok: folds
Uncalled bet ($2) returned to ZOGI
ZOGI collected $2 from pot
*** SUMMARY ***
Total pot $2 | Rake $0
Seat 7: Chessnok (button) (small blind) folded before Flop
Seat 9: ZOGI (big blind) collected ($2)


PokerStars Hand #151295054335:  Hold'em Limit ($3/$6 USD) - 2016/04/01 20:42:32 ET
Table 'Abastumani' 10-max Seat #9 is the button
Seat 7: Chessnok ($130.82 in chips)
Seat 9: ZOGI ($110.93 in chips)
ZOGI: posts small blind $1
Chessnok: posts big blind $3
*** HOLE CARDS ***
ZOGI: folds
Uncalled bet ($2) returned to Chessnok
Chessnok collected $2 from pot
Chessnok: doesn't show hand
*** SUMMARY ***
Total pot $2 | Rake $0
Seat 7: Chessnok (big blind) collected ($2)
Seat 9: ZOGI (button) (small blind) folded before Flop


PokerStars Hand #151295051845:  Hold'em Limit ($3/$6 USD) - 2016/04/01 20:42:27 ET
Table 'Abastumani' 10-max Seat #7 is the button
Seat 7: Chessnok ($131.82 in chips)
Seat 9: ZOGI ($109.93 in chips)
Chessnok: posts small blind $1
ZOGI: posts big blind $3
*** HOLE CARDS ***
Chessnok: folds
Uncalled bet ($2) returned to ZOGI
ZOGI collected $2 from pot
*** SUMMARY ***
Total pot $2 | Rake $0
Seat 7: Chessnok (button) (small blind) folded before Flop
Seat 9: ZOGI (big blind) collected ($2)


PokerStars Hand #151295040624:  Hold'em Limit ($3/$6 USD) - 2016/04/01 20:42:05 ET
Table 'Abastumani' 10-max Seat #9 is the button
Seat 7: Chessnok ($155.82 in chips)
Seat 9: ZOGI ($86.43 in chips)
ZOGI: posts small blind $1
Chessnok: posts big blind $3
*** HOLE CARDS ***
ZOGI: raises $3 to $6
Chessnok: calls $3
*** FLOP *** [3c 6d 2d]
Chessnok: checks
ZOGI: bets $3
Chessnok: raises $3 to $6
ZOGI: calls $3
*** TURN *** [3c 6d 2d] [Qs]
Chessnok: bets $6
ZOGI: calls $6
*** RIVER *** [3c 6d 2d Qs] [4d]
Chessnok: bets $6
ZOGI: raises $6 to $12
Chessnok: folds
Uncalled bet ($6) returned to ZOGI
ZOGI collected $47.50 from pot
*** SUMMARY ***
Total pot $48 | Rake $0.50
Board [3c 6d 2d Qs 4d]
Seat 7: Chessnok (big blind) folded on the River
Seat 9: ZOGI (button) (small blind) collected ($47.50)


PokerStars Hand #151295030044:  Hold'em Limit ($3/$6 USD) - 2016/04/01 20:41:45 ET
Table 'Abastumani' 10-max Seat #7 is the button
Seat 7: Chessnok ($126.32 in chips)
Seat 9: ZOGI ($116.43 in chips)
Chessnok: posts small blind $1
ZOGI: posts big blind $3
*** HOLE CARDS ***
Chessnok: raises $3 to $6
ZOGI: raises $3 to $9
Chessnok: calls $3
*** FLOP *** [6c 4s Qd]
ZOGI: bets $3
Chessnok: calls $3
*** TURN *** [6c 4s Qd] [Tc]
ZOGI: bets $6
Chessnok: calls $6
*** RIVER *** [6c 4s Qd Tc] [4c]
ZOGI: bets $6
Chessnok: raises $6 to $12
ZOGI: calls $6
*** SHOW DOWN ***
Chessnok: shows [4h 5d] (three of a kind, Fours)
ZOGI: mucks hand
Chessnok collected $59.50 from pot
*** SUMMARY ***
Total pot $60 | Rake $0.50
Board [6c 4s Qd Tc 4c]
Seat 7: Chessnok (button) (small blind) showed [4h 5d] and won ($59.50) with three of a kind, Fours
Seat 9: ZOGI (big blind) mucked


PokerStars Hand #151295090253:  Hold'em Limit ($3/$6 USD) - 2016/04/01 20:43:41 ET
Table 'Abastumani' 10-max Seat #9 is the button
Seat 7: Chessnok ($94.82 in chips)
Seat 9: ZOGI ($145.93 in chips)
ZOGI: posts small blind $1
Chessnok: posts big blind $3
*** HOLE CARDS ***
ZOGI: calls $2
Chessnok: raises $3 to $6
ZOGI: calls $3
*** FLOP *** [5h 5c Ks]
Chessnok: bets $3
ZOGI: calls $3
*** TURN *** [5h 5c Ks] [6c]
Chessnok: bets $6
ZOGI: folds
Uncalled bet ($6) returned to Chessnok
Chessnok collected $17.64 from pot
Chessnok: doesn't show hand
*** SUMMARY ***
Total pot $18 | Rake $0.36
Board [5h 5c Ks 6c]
Seat 7: Chessnok (big blind) collected ($17.64)
Seat 9: ZOGI (button) (small blind) folded on the Turn


PokerStars Hand #151295086362:  Hold'em Limit ($3/$6 USD) - 2016/04/01 20:43:34 ET
Table 'Abastumani' 10-max Seat #7 is the button
Seat 7: Chessnok ($95.82 in chips)
Seat 9: ZOGI ($144.93 in chips)
Chessnok: posts small blind $1
ZOGI: posts big blind $3
*** HOLE CARDS ***
Chessnok: folds
Uncalled bet ($2) returned to ZOGI
ZOGI collected $2 from pot
*** SUMMARY ***
Total pot $2 | Rake $0
Seat 7: Chessnok (button) (small blind) folded before Flop
Seat 9: ZOGI (big blind) collected ($2)


PokerStars Hand #151295074912:  Hold'em Limit ($3/$6 USD) - 2016/04/01 20:43:12 ET
Table 'Abastumani' 10-max Seat #9 is the button
Seat 7: Chessnok ($110.82 in chips)
Seat 9: ZOGI ($130.43 in chips)
ZOGI: posts small blind $1
Chessnok: posts big blind $3
*** HOLE CARDS ***
ZOGI: raises $3 to $6
Chessnok: calls $3
*** FLOP *** [5h Jc 8h]
Chessnok: checks
ZOGI: bets $3
Chessnok: calls $3
*** TURN *** [5h Jc 8h] [5d]
Chessnok: checks
ZOGI: bets $6
Chessnok: calls $6
*** RIVER *** [5h Jc 8h 5d] [6s]
Chessnok: checks
ZOGI: bets $6
Chessnok: folds
Uncalled bet ($6) returned to ZOGI
ZOGI collected $29.50 from pot
*** SUMMARY ***
Total pot $30 | Rake $0.50
Board [5h Jc 8h 5d 6s]
Seat 7: Chessnok (big blind) folded on the River
Seat 9: ZOGI (button) (small blind) collected ($29.50)


PokerStars Hand #151295062636:  Hold'em Limit ($3/$6 USD) - 2016/04/01 20:42:48 ET
Table 'Abastumani' 10-max Seat #7 is the button
Seat 7: Chessnok ($131.82 in chips)
Seat 9: ZOGI ($109.93 in chips)
Chessnok: posts small blind $1
ZOGI: posts big blind $3
*** HOLE CARDS ***
Chessnok: raises $3 to $6
ZOGI: calls $3
*** FLOP *** [Ts 9c 8d]
ZOGI: checks
Chessnok: bets $3
ZOGI: calls $3
*** TURN *** [Ts 9c 8d] [Jd]
ZOGI: bets $6
Chessnok: calls $6
*** RIVER *** [Ts 9c 8d Jd] [6d]
ZOGI: bets $6
Chessnok: calls $6
*** SHOW DOWN ***
ZOGI: shows [Jh Qs] (a straight, Eight to Queen)
Chessnok: mucks hand
ZOGI collected $41.50 from pot
*** SUMMARY ***
Total pot $42 | Rake $0.50
Board [Ts 9c 8d Jd 6d]
Seat 7: Chessnok (button) (small blind) mucked
Seat 9: ZOGI (big blind) showed [Jh Qs] and won ($41.50) with a straight, Eight to Queen


PokerStars Hand #151295097827:  Hold'em Limit ($3/$6 USD) - 2016/04/01 20:43:56 ET
Table 'Abastumani' 10-max Seat #7 is the button
Seat 7: Chessnok ($103.46 in chips)
Seat 9: ZOGI ($136.93 in chips)
Chessnok: posts small blind $1
ZOGI: posts big blind $3
*** HOLE CARDS ***
Chessnok: raises $3 to $6
ZOGI: calls $3
*** FLOP *** [4d 3h 6h]
ZOGI: checks
Chessnok: bets $3
ZOGI: calls $3
*** TURN *** [4d 3h 6h] [Jd]
ZOGI: checks
Chessnok: bets $6
ZOGI: folds
Uncalled bet ($6) returned to Chessnok
Chessnok collected $17.64 from pot
Chessnok: doesn't show hand
*** SUMMARY ***
Total pot $18 | Rake $0.36
Board [4d 3h 6h Jd]
Seat 7: Chessnok (button) (small blind) collected ($17.64)
Seat 9: ZOGI (big blind) folded on the Turn


PokerStars Hand #151299945181:  Hold'em Limit ($3/$6 USD) - 2016/04/02 0:09:40 ET
Table 'Abastumani' 10-max Seat #6 is the button
Seat 6: anetkaapro ($72 in chips)
Seat 7: Mudager ($120 in chips)
anetkaapro: posts small blind $1
Mudager: posts big blind $3
*** HOLE CARDS ***
anetkaapro: raises $3 to $6
Mudager: calls $3
*** FLOP *** [5s 4s 3h]
Mudager: checks
anetkaapro: bets $3
Mudager: raises $3 to $6
anetkaapro: calls $3
*** TURN *** [5s 4s 3h] [7s]
Mudager: bets $6
anetkaapro: calls $6
*** RIVER *** [5s 4s 3h 7s] [Jd]
Mudager: bets $6
anetkaapro: calls $6
*** SHOW DOWN ***
Mudager: shows [Qc 6h] (a straight, Three to Seven)
anetkaapro: mucks hand
Mudager collected $47.50 from pot
*** SUMMARY ***
Total pot $48 | Rake $0.50
Board [5s 4s 3h 7s Jd]
Seat 6: anetkaapro (button) (small blind) mucked
Seat 7: Mudager (big blind) showed [Qc 6h] and won ($47.50) with a straight, Three to Seven


PokerStars Hand #151299955858:  Hold'em Limit ($3/$6 USD) - 2016/04/02 0:10:15 ET
Table 'Abastumani' 10-max Seat #7 is the button
Seat 6: anetkaapro ($72 in chips)
Seat 7: Mudager ($143.50 in chips)
Mudager: posts small blind $1
anetkaapro: posts big blind $3
*** HOLE CARDS ***
Mudager: raises $3 to $6
anetkaapro: calls $3
*** FLOP *** [2c 4d Kh]
anetkaapro: checks
Mudager: bets $3
anetkaapro: folds
Uncalled bet ($3) returned to Mudager
Mudager collected $11.76 from pot
Mudager: doesn't show hand
*** SUMMARY ***
Total pot $12 | Rake $0.24
Board [2c 4d Kh]
Seat 6: anetkaapro (big blind) folded on the Flop
Seat 7: Mudager (button) (small blind) collected ($11.76)


