PokerStars Hand #149435456157:  Hold'em Limit ($3/$6 USD) - 2016/02/26 6:50:15 ET
Table 'Abastumani II' 6-max Seat #5 is the button
Seat 4: Agrotait ($72.82 in chips)
Seat 5: B_loJkl ($168.95 in chips)
B_loJkl: posts small blind $1
Agrotait: posts big blind $3
*** HOLE CARDS ***
B_loJkl: folds
Uncalled bet ($2) returned to Agrotait
Agrotait collected $2 from pot
alingi77 leaves the table
Agrotait: doesn't show hand
*** SUMMARY ***
Total pot $2 | Rake $0
Seat 4: Agrotait (big blind) collected ($2)
Seat 5: B_loJkl (button) (small blind) folded before Flop


PokerStars Hand #149435459889:  Hold'em Limit ($3/$6 USD) - 2016/02/26 6:50:21 ET
Table 'Abastumani II' 6-max Seat #4 is the button
Seat 4: Agrotait ($73.82 in chips)
Seat 5: B_loJkl ($167.95 in chips)
Agrotait: posts small blind $1
B_loJkl: posts big blind $3
*** HOLE CARDS ***
Agrotait: raises $3 to $6
B_loJkl: folds
Uncalled bet ($3) returned to Agrotait
Agrotait collected $6 from pot
Agrotait: doesn't show hand
*** SUMMARY ***
Total pot $6 | Rake $0
Seat 4: Agrotait (button) (small blind) collected ($6)
Seat 5: B_loJkl (big blind) folded before Flop


