PokerStars Hand #146270350396:  Hold'em Limit ($3/$6 USD) - 2016/01/01 9:32:26 ET
Table 'Abetti II' 2-max Seat #1 is the button
Seat 1: joha74 ($87 in chips)
Seat 2: dragon1893 ($182.26 in chips)
joha74: posts small blind $1
dragon1893: posts big blind $3
*** HOLE CARDS ***
joha74: raises $3 to $6
dragon1893: folds
Uncalled bet ($3) returned to joha74
joha74 collected $6 from pot
joha74: doesn't show hand
*** SUMMARY ***
Total pot $6 | Rake $0
Seat 1: joha74 (button) (small blind) collected ($6)
Seat 2: dragon1893 (big blind) folded before Flop


PokerStars Hand #146270346162:  Hold'em Limit ($3/$6 USD) - 2016/01/01 9:32:20 ET
Table 'Abetti II' 2-max Seat #2 is the button
Seat 1: joha74 ($90 in chips)
Seat 2: dragon1893 ($179.26 in chips)
dragon1893: posts small blind $1
joha74: posts big blind $3
*** HOLE CARDS ***
dragon1893: raises $3 to $6
joha74: folds
Uncalled bet ($3) returned to dragon1893
dragon1893 collected $6 from pot
dragon1893: doesn't show hand
*** SUMMARY ***
Total pot $6 | Rake $0
Seat 1: joha74 (big blind) folded before Flop
Seat 2: dragon1893 (button) (small blind) collected ($6)


PokerStars Hand #146270334049:  Hold'em Limit ($3/$6 USD) - 2016/01/01 9:32:02 ET
Table 'Abetti II' 2-max Seat #1 is the button
Seat 1: joha74 ($114 in chips)
Seat 2: dragon1893 ($155.76 in chips)
joha74: posts small blind $1
dragon1893: posts big blind $3
*** HOLE CARDS ***
joha74: raises $3 to $6
dragon1893: calls $3
*** FLOP *** [8s Jd 2h]
dragon1893: checks
joha74: bets $3
dragon1893: raises $3 to $6
joha74: calls $3
*** TURN *** [8s Jd 2h] [5d]
dragon1893: bets $6
joha74: calls $6
*** RIVER *** [8s Jd 2h 5d] [7d]
dragon1893: bets $6
joha74: calls $6
*** SHOW DOWN ***
dragon1893: shows [Jc 9s] (a pair of Jacks)
joha74: mucks hand
dragon1893 collected $47.50 from pot
*** SUMMARY ***
Total pot $48 | Rake $0.50
Board [8s Jd 2h 5d 7d]
Seat 1: joha74 (button) (small blind) mucked
Seat 2: dragon1893 (big blind) showed [Jc 9s] and won ($47.50) with a pair of Jacks


PokerStars Hand #146270401394:  Hold'em Limit ($3/$6 USD) - 2016/01/01 9:33:41 ET
Table 'Abetti II' 2-max Seat #2 is the button
Seat 1: joha74 ($134.28 in chips)
Seat 2: dragon1893 ($222.90 in chips)
dragon1893: posts small blind $1
joha74: posts big blind $3
*** HOLE CARDS ***
dragon1893: raises $3 to $6
joha74: calls $3
*** FLOP *** [Jc 7d 7s]
joha74: checks
dragon1893: bets $3
joha74: folds
Uncalled bet ($3) returned to dragon1893
dragon1893 collected $11.76 from pot
dragon1893: doesn't show hand
*** SUMMARY ***
Total pot $12 | Rake $0.24
Board [Jc 7d 7s]
Seat 1: joha74 (big blind) folded on the Flop
Seat 2: dragon1893 (button) (small blind) collected ($11.76)


PokerStars Hand #146270391751:  Hold'em Limit ($3/$6 USD) - 2016/01/01 9:33:27 ET
Table 'Abetti II' 2-max Seat #1 is the button
Seat 1: joha74 ($53.76 in chips)
Seat 2: dragon1893 ($214.26 in chips)
joha74: posts small blind $1
dragon1893: posts big blind $3
*** HOLE CARDS ***
joha74: raises $3 to $6
dragon1893: calls $3
*** FLOP *** [8h 2s 7s]
dragon1893: checks
joha74: bets $3
dragon1893: calls $3
*** TURN *** [8h 2s 7s] [2c]
dragon1893: checks
joha74: checks
*** RIVER *** [8h 2s 7s 2c] [Jd]
dragon1893: bets $6
joha74: folds
Uncalled bet ($6) returned to dragon1893
dragon1893 collected $17.64 from pot
dragon1893: doesn't show hand
*** SUMMARY ***
Total pot $18 | Rake $0.36
Board [8h 2s 7s 2c Jd]
Seat 1: joha74 (button) (small blind) folded on the River
Seat 2: dragon1893 (big blind) collected ($17.64)


PokerStars Hand #146270379462:  Hold'em Limit ($3/$6 USD) - 2016/01/01 9:33:09 ET
Table 'Abetti II' 2-max Seat #2 is the button
Seat 1: joha74 ($71.76 in chips)
Seat 2: dragon1893 ($196.76 in chips)
dragon1893: posts small blind $1
joha74: posts big blind $3
*** HOLE CARDS ***
dragon1893: raises $3 to $6
joha74: calls $3
*** FLOP *** [2d 7c Qh]
joha74: checks
dragon1893: bets $3
joha74: raises $3 to $6
dragon1893: calls $3
*** TURN *** [2d 7c Qh] [9d]
joha74: bets $6
dragon1893: raises $6 to $12
joha74: folds
Uncalled bet ($6) returned to dragon1893
dragon1893 collected $35.50 from pot
dragon1893: doesn't show hand
*** SUMMARY ***
Total pot $36 | Rake $0.50
Board [2d 7c Qh 9d]
Seat 1: joha74 (big blind) folded on the Turn
Seat 2: dragon1893 (button) (small blind) collected ($35.50)


PokerStars Hand #146270356068:  Hold'em Limit ($3/$6 USD) - 2016/01/01 9:32:34 ET
Table 'Abetti II' 2-max Seat #2 is the button
Seat 1: joha74 ($90 in chips)
Seat 2: dragon1893 ($179.26 in chips)
dragon1893: posts small blind $1
joha74: posts big blind $3
*** HOLE CARDS ***
dragon1893: raises $3 to $6
joha74: raises $3 to $9
dragon1893: calls $3
*** FLOP *** [3s 4h Ts]
joha74: bets $3
dragon1893: calls $3
*** TURN *** [3s 4h Ts] [5d]
joha74: bets $6
dragon1893: calls $6
*** RIVER *** [3s 4h Ts 5d] [Qh]
joha74: bets $6
dragon1893: calls $6
*** SHOW DOWN ***
joha74: shows [8c 9d] (high card Queen)
dragon1893: shows [Jd 5h] (a pair of Fives)
dragon1893 collected $47.50 from pot
*** SUMMARY ***
Total pot $48 | Rake $0.50
Board [3s 4h Ts 5d Qh]
Seat 1: joha74 (big blind) showed [8c 9d] and lost with high card Queen
Seat 2: dragon1893 (button) (small blind) showed [Jd 5h] and won ($47.50) with a pair of Fives


PokerStars Hand #146270372870:  Hold'em Limit ($3/$6 USD) - 2016/01/01 9:32:59 ET
Table 'Abetti II' 2-max Seat #1 is the button
Seat 1: joha74 ($66 in chips)
Seat 2: dragon1893 ($202.76 in chips)
joha74: posts small blind $1
dragon1893: posts big blind $3
*** HOLE CARDS ***
joha74: raises $3 to $6
dragon1893: calls $3
*** FLOP *** [5s 9s Td]
dragon1893: checks
joha74: bets $3
dragon1893: folds
Uncalled bet ($3) returned to joha74
joha74 collected $11.76 from pot
joha74: doesn't show hand
*** SUMMARY ***
Total pot $12 | Rake $0.24
Board [5s 9s Td]
Seat 1: joha74 (button) (small blind) collected ($11.76)
Seat 2: dragon1893 (big blind) folded on the Flop


PokerStars Hand #146270432912:  Hold'em Limit ($3/$6 USD) - 2016/01/01 9:34:27 ET
Table 'Abetti II' 2-max Seat #1 is the button
Seat 1: joha74 ($136.67 in chips)
Seat 2: dragon1893 ($219.41 in chips)
joha74: posts small blind $1
dragon1893: posts big blind $3
*** HOLE CARDS ***
joha74: raises $3 to $6
dragon1893: raises $3 to $9
joha74: calls $3
*** FLOP *** [6h 2c Th]
dragon1893: bets $3
joha74: calls $3
*** TURN *** [6h 2c Th] [8h]
dragon1893: bets $6
joha74: folds
Uncalled bet ($6) returned to dragon1893
dragon1893 collected $23.52 from pot
dragon1893: doesn't show hand
*** SUMMARY ***
Total pot $24 | Rake $0.48
Board [6h 2c Th 8h]
Seat 1: joha74 (button) (small blind) folded on the Turn
Seat 2: dragon1893 (big blind) collected ($23.52)


PokerStars Hand #146270441220:  Hold'em Limit ($3/$6 USD) - 2016/01/01 9:34:40 ET
Table 'Abetti II' 2-max Seat #2 is the button
Seat 1: joha74 ($124.67 in chips)
Seat 2: dragon1893 ($230.93 in chips)
dragon1893: posts small blind $1
joha74: posts big blind $3
*** HOLE CARDS ***
dragon1893: raises $3 to $6
joha74: calls $3
*** FLOP *** [Jc 2h Jh]
joha74: checks
dragon1893: bets $3
joha74: folds
Uncalled bet ($3) returned to dragon1893
dragon1893 collected $11.76 from pot
dragon1893: doesn't show hand
*** SUMMARY ***
Total pot $12 | Rake $0.24
Board [Jc 2h Jh]
Seat 1: joha74 (big blind) folded on the Flop
Seat 2: dragon1893 (button) (small blind) collected ($11.76)


PokerStars Hand #146270419466:  Hold'em Limit ($3/$6 USD) - 2016/01/01 9:34:08 ET
Table 'Abetti II' 2-max Seat #2 is the button
Seat 1: joha74 ($128.03 in chips)
Seat 2: dragon1893 ($228.41 in chips)
dragon1893: posts small blind $1
joha74: posts big blind $3
*** HOLE CARDS ***
dragon1893: raises $3 to $6
joha74: calls $3
*** FLOP *** [Kc 7h 9d]
joha74: checks
dragon1893: bets $3
joha74: raises $3 to $6
dragon1893: folds
Uncalled bet ($3) returned to joha74
joha74 collected $17.64 from pot
joha74: doesn't show hand
*** SUMMARY ***
Total pot $18 | Rake $0.36
Board [Kc 7h 9d]
Seat 1: joha74 (big blind) collected ($17.64)
Seat 2: dragon1893 (button) (small blind) folded on the Flop


PokerStars Hand #146270408340:  Hold'em Limit ($3/$6 USD) - 2016/01/01 9:33:51 ET
Table 'Abetti II' 2-max Seat #1 is the button
Seat 1: joha74 ($128.28 in chips)
Seat 2: dragon1893 ($228.66 in chips)
joha74: posts small blind $1
dragon1893: posts big blind $3
*** HOLE CARDS ***
joha74: raises $3 to $6
dragon1893: calls $3
*** FLOP *** [4c Ks Ts]
dragon1893: checks
joha74: bets $3
dragon1893: calls $3
*** TURN *** [4c Ks Ts] [7c]
dragon1893: checks
joha74: bets $6
dragon1893: calls $6
*** RIVER *** [4c Ks Ts 7c] [Qd]
dragon1893: checks
joha74: checks
*** SHOW DOWN ***
dragon1893: shows [8h 4d] (a pair of Fours)
joha74: shows [5s 4h] (a pair of Fours)
dragon1893 collected $14.75 from pot
joha74 collected $14.75 from pot
*** SUMMARY ***
Total pot $30 | Rake $0.50
Board [4c Ks Ts 7c Qd]
Seat 1: joha74 (button) (small blind) showed [5s 4h] and won ($14.75) with a pair of Fours
Seat 2: dragon1893 (big blind) showed [8h 4d] and won ($14.75) with a pair of Fours


PokerStars Hand #146270460763:  Hold'em Limit ($3/$6 USD) - 2016/01/01 9:35:09 ET
Table 'Abetti II' 2-max Seat #2 is the button
Seat 1: joha74 ($139.17 in chips)
Seat 2: dragon1893 ($215.69 in chips)
dragon1893: posts small blind $1
joha74: posts big blind $3
*** HOLE CARDS ***
dragon1893: raises $3 to $6
joha74: calls $3
*** FLOP *** [8s Ah 8c]
joha74: checks
dragon1893: bets $3
joha74: folds
Uncalled bet ($3) returned to dragon1893
dragon1893 collected $11.76 from pot
dragon1893: doesn't show hand
*** SUMMARY ***
Total pot $12 | Rake $0.24
Board [8s Ah 8c]
Seat 1: joha74 (big blind) folded on the Flop
Seat 2: dragon1893 (button) (small blind) collected ($11.76)


PokerStars Hand #146270449321:  Hold'em Limit ($3/$6 USD) - 2016/01/01 9:34:52 ET
Table 'Abetti II' 2-max Seat #1 is the button
Seat 1: joha74 ($118.67 in chips)
Seat 2: dragon1893 ($236.69 in chips)
joha74: posts small blind $1
dragon1893: posts big blind $3
*** HOLE CARDS ***
joha74: raises $3 to $6
dragon1893: calls $3
*** FLOP *** [9d 9h 4c]
dragon1893: checks
joha74: bets $3
dragon1893: calls $3
*** TURN *** [9d 9h 4c] [Kd]
dragon1893: checks
joha74: bets $6
dragon1893: calls $6
*** RIVER *** [9d 9h 4c Kd] [4d]
dragon1893: checks
joha74: bets $6
dragon1893: calls $6
*** SHOW DOWN ***
joha74: shows [Ks 8c] (two pair, Kings and Nines)
dragon1893: mucks hand
joha74 collected $41.50 from pot
*** SUMMARY ***
Total pot $42 | Rake $0.50
Board [9d 9h 4c Kd 4d]
Seat 1: joha74 (button) (small blind) showed [Ks 8c] and won ($41.50) with two pair, Kings and Nines
Seat 2: dragon1893 (big blind) mucked


