PokerStars Hand #164970595327:  Hold'em Limit ($3/$6 USD) - 2017/01/22 1:04:08 ET
Table 'Abetti' 6-max Seat #3 is the button
Seat 3: rttattar ($120 in chips)
Seat 4: Agrotait ($72 in chips)
rttattar: posts small blind $1
Agrotait: posts big blind $3
*** HOLE CARDS ***
rttattar: raises $3 to $6
Agrotait: calls $3
*** FLOP *** [5s 2s Kd]
Agrotait: checks
rttattar: bets $3
Agrotait: folds
Uncalled bet ($3) returned to rttattar
rttattar collected $11.76 from pot
rttattar: doesn't show hand
*** SUMMARY ***
Total pot $12 | Rake $0.24
Board [5s 2s Kd]
Seat 3: rttattar (button) (small blind) collected ($11.76)
Seat 4: Agrotait (big blind) folded on the Flop


PokerStars Hand #164970602581:  Hold'em Limit ($3/$6 USD) - 2017/01/22 1:04:35 ET
Table 'Abetti' 6-max Seat #4 is the button
Seat 3: rttattar ($125.76 in chips)
Seat 4: Agrotait ($66 in chips)
Agrotait: posts small blind $1
rttattar: posts big blind $3
*** HOLE CARDS ***
Agrotait: raises $3 to $6
rttattar: folds
Uncalled bet ($3) returned to Agrotait
Agrotait collected $6 from pot
Agrotait: doesn't show hand
*** SUMMARY ***
Total pot $6 | Rake $0
Seat 3: rttattar (big blind) folded before Flop
Seat 4: Agrotait (button) (small blind) collected ($6)


PokerStars Hand #164970612877:  Hold'em Limit ($3/$6 USD) - 2017/01/22 1:05:10 ET
Table 'Abetti' 6-max Seat #3 is the button
Seat 3: rttattar ($130.40 in chips)
Seat 4: Agrotait ($61 in chips)
rttattar: posts small blind $1
Agrotait: posts big blind $3
*** HOLE CARDS ***
rttattar: raises $3 to $6
Agrotait: calls $3
*** FLOP *** [8h 2h 4c]
Agrotait: checks
rttattar: bets $3
Agrotait: calls $3
*** TURN *** [8h 2h 4c] [2s]
Agrotait: checks
rttattar: bets $6
Agrotait: folds
Uncalled bet ($6) returned to rttattar
rttattar collected $17.64 from pot
rttattar: doesn't show hand
*** SUMMARY ***
Total pot $18 | Rake $0.36
Board [8h 2h 4c 2s]
Seat 3: rttattar (button) (small blind) collected ($17.64)
Seat 4: Agrotait (big blind) folded on the Turn


PokerStars Hand #164970606092:  Hold'em Limit ($3/$6 USD) - 2017/01/22 1:04:47 ET
Table 'Abetti' 6-max Seat #4 is the button
Seat 3: rttattar ($121.76 in chips)
Seat 4: Agrotait ($70 in chips)
Agrotait: posts small blind $1
rttattar: posts big blind $3
*** HOLE CARDS ***
Agrotait: raises $3 to $6
rttattar: raises $3 to $9
Agrotait: calls $3
*** FLOP *** [Ah Jd Ad]
rttattar: bets $3
Agrotait: folds
Uncalled bet ($3) returned to rttattar
rttattar collected $17.64 from pot
rttattar: doesn't show hand
*** SUMMARY ***
Total pot $18 | Rake $0.36
Board [Ah Jd Ad]
Seat 3: rttattar (big blind) collected ($17.64)
Seat 4: Agrotait (button) (small blind) folded on the Flop


PokerStars Hand #164970617659:  Hold'em Limit ($3/$6 USD) - 2017/01/22 1:05:27 ET
Table 'Abetti' 6-max Seat #4 is the button
Seat 3: rttattar ($139.04 in chips)
Seat 4: Agrotait ($72 in chips)
Agrotait: posts small blind $1
rttattar: posts big blind $3
*** HOLE CARDS ***
Agrotait: raises $3 to $6
rttattar: folds
Uncalled bet ($3) returned to Agrotait
Agrotait collected $6 from pot
Agrotait: doesn't show hand
*** SUMMARY ***
Total pot $6 | Rake $0
Seat 3: rttattar (big blind) folded before Flop
Seat 4: Agrotait (button) (small blind) collected ($6)


PokerStars Hand #164970604572:  Hold'em Limit ($3/$6 USD) - 2017/01/22 1:04:42 ET
Table 'Abetti' 6-max Seat #3 is the button
Seat 3: rttattar ($122.76 in chips)
Seat 4: Agrotait ($69 in chips)
rttattar: posts small blind $1
Agrotait: posts big blind $3
*** HOLE CARDS ***
rttattar: folds
Uncalled bet ($2) returned to Agrotait
Agrotait collected $2 from pot
Agrotait: doesn't show hand
*** SUMMARY ***
Total pot $2 | Rake $0
Seat 3: rttattar (button) (small blind) folded before Flop
Seat 4: Agrotait (big blind) collected ($2)


PokerStars Hand #164970619350:  Hold'em Limit ($3/$6 USD) - 2017/01/22 1:05:33 ET
Table 'Abetti' 6-max Seat #3 is the button
Seat 3: rttattar ($136.04 in chips)
Seat 4: Agrotait ($75 in chips)
rttattar: posts small blind $1
Agrotait: posts big blind $3
*** HOLE CARDS ***
rttattar: raises $3 to $6
Agrotait: calls $3
*** FLOP *** [Jd 5c Ad]
Agrotait: checks
jackdog joins the table at seat #6
rttattar: bets $3
Agrotait: calls $3
*** TURN *** [Jd 5c Ad] [4d]
Agrotait: checks
rttattar: bets $6
Agrotait: folds
Uncalled bet ($6) returned to rttattar
rttattar collected $17.64 from pot
rttattar: doesn't show hand
*** SUMMARY ***
Total pot $18 | Rake $0.36
Board [Jd 5c Ad 4d]
Seat 3: rttattar (button) (small blind) collected ($17.64)
Seat 4: Agrotait (big blind) folded on the Turn


PokerStars Hand #164971136124:  Hold'em Limit ($3/$6 USD) - 2017/01/22 1:35:11 ET
Table 'Abetti' 6-max Seat #4 is the button
Seat 1: manly70 ($103.88 in chips)
Seat 4: AzureCaper ($72 in chips)
AzureCaper: posts small blind $1
manly70: posts big blind $3
*** HOLE CARDS ***
AzureCaper: raises $3 to $6
manly70: folds
Uncalled bet ($3) returned to AzureCaper
AzureCaper collected $6 from pot
AzureCaper: doesn't show hand
*** SUMMARY ***
Total pot $6 | Rake $0
Seat 1: manly70 (big blind) folded before Flop
Seat 4: AzureCaper (button) (small blind) collected ($6)


PokerStars Hand #164971126505:  Hold'em Limit ($3/$6 USD) - 2017/01/22 1:34:37 ET
Table 'Abetti' 6-max Seat #1 is the button
Seat 1: manly70 ($93.24 in chips)
Seat 4: AzureCaper ($72 in chips)
manly70: posts small blind $1
AzureCaper: posts big blind $3
*** HOLE CARDS ***
manly70: folds
Uncalled bet ($2) returned to AzureCaper
AzureCaper collected $2 from pot
AzureCaper: doesn't show hand
*** SUMMARY ***
Total pot $2 | Rake $0
Seat 1: manly70 (button) (small blind) folded before Flop
Seat 4: AzureCaper (big blind) collected ($2)


PokerStars Hand #164971124187:  Hold'em Limit ($3/$6 USD) - 2017/01/22 1:34:28 ET
Table 'Abetti' 6-max Seat #4 is the button
Seat 1: manly70 ($92.24 in chips)
Seat 4: AzureCaper ($73 in chips)
AzureCaper: posts small blind $1
manly70: posts big blind $3
*** HOLE CARDS ***
AzureCaper: folds
Uncalled bet ($2) returned to manly70
manly70 collected $2 from pot
manly70: doesn't show hand
*** SUMMARY ***
Total pot $2 | Rake $0
Seat 1: manly70 (big blind) collected ($2)
Seat 4: AzureCaper (button) (small blind) folded before Flop


PokerStars Hand #164971138134:  Hold'em Limit ($3/$6 USD) - 2017/01/22 1:35:18 ET
Table 'Abetti' 6-max Seat #1 is the button
Seat 1: manly70 ($100.88 in chips)
Seat 4: AzureCaper ($75 in chips)
manly70: posts small blind $1
AzureCaper: posts big blind $3
*** HOLE CARDS ***
manly70: raises $3 to $6
AzureCaper: raises $3 to $9
manly70: calls $3
*** FLOP *** [6h As Qc]
AzureCaper: bets $3
manly70: folds
Uncalled bet ($3) returned to AzureCaper
AzureCaper collected $17.64 from pot
AzureCaper: doesn't show hand
*** SUMMARY ***
Total pot $18 | Rake $0.36
Board [6h As Qc]
Seat 1: manly70 (button) (small blind) folded on the Flop
Seat 4: AzureCaper (big blind) collected ($17.64)


PokerStars Hand #164971128303:  Hold'em Limit ($3/$6 USD) - 2017/01/22 1:34:43 ET
Table 'Abetti' 6-max Seat #4 is the button
Seat 1: manly70 ($92.24 in chips)
Seat 4: AzureCaper ($73 in chips)
AzureCaper: posts small blind $1
manly70: posts big blind $3
*** HOLE CARDS ***
AzureCaper: raises $3 to $6
manly70: calls $3
*** FLOP *** [8d Ah Js]
manly70: checks
AzureCaper: bets $3
manly70: calls $3
*** TURN *** [8d Ah Js] [8h]
manly70: checks
AzureCaper: checks
*** RIVER *** [8d Ah Js 8h] [3c]
manly70: checks
AzureCaper: checks
*** SHOW DOWN ***
manly70: shows [Ks Qd] (a pair of Eights)
AzureCaper: mucks hand
manly70 collected $17.64 from pot
*** SUMMARY ***
Total pot $18 | Rake $0.36
Board [8d Ah Js 8h 3c]
Seat 1: manly70 (big blind) showed [Ks Qd] and won ($17.64) with a pair of Eights
Seat 4: AzureCaper (button) (small blind) mucked


PokerStars Hand #164971152052:  Hold'em Limit ($3/$6 USD) - 2017/01/22 1:36:08 ET
Table 'Abetti' 6-max Seat #4 is the button
Seat 1: manly70 ($94.40 in chips)
Seat 4: AzureCaper ($80.28 in chips)
AzureCaper: posts small blind $1
manly70: posts big blind $3
*** HOLE CARDS ***
AzureCaper: raises $3 to $6
manly70: folds
Uncalled bet ($3) returned to AzureCaper
AzureCaper collected $6 from pot
AzureCaper: doesn't show hand
*** SUMMARY ***
Total pot $6 | Rake $0
Seat 1: manly70 (big blind) folded before Flop
Seat 4: AzureCaper (button) (small blind) collected ($6)


PokerStars Hand #164971146336:  Hold'em Limit ($3/$6 USD) - 2017/01/22 1:35:48 ET
Table 'Abetti' 6-max Seat #1 is the button
Seat 1: manly70 ($82.88 in chips)
Seat 4: AzureCaper ($92.28 in chips)
manly70: posts small blind $1
AzureCaper: posts big blind $3
*** HOLE CARDS ***
manly70: raises $3 to $6
AzureCaper: raises $3 to $9
manly70: calls $3
*** FLOP *** [Jd 7s Qc]
AzureCaper: bets $3
manly70: calls $3
*** TURN *** [Jd 7s Qc] [5d]
AzureCaper: checks
manly70: bets $6
AzureCaper: folds
Uncalled bet ($6) returned to manly70
manly70 collected $23.52 from pot
manly70: doesn't show hand
*** SUMMARY ***
Total pot $24 | Rake $0.48
Board [Jd 7s Qc 5d]
Seat 1: manly70 (button) (small blind) collected ($23.52)
Seat 4: AzureCaper (big blind) folded on the Turn


PokerStars Hand #164971141437:  Hold'em Limit ($3/$6 USD) - 2017/01/22 1:35:30 ET
Table 'Abetti' 6-max Seat #4 is the button
Seat 1: manly70 ($91.88 in chips)
Seat 4: AzureCaper ($83.64 in chips)
AzureCaper: posts small blind $1
manly70: posts big blind $3
*** HOLE CARDS ***
AzureCaper: raises $3 to $6
manly70: calls $3
*** FLOP *** [6c 2h 2s]
manly70: checks
AzureCaper: bets $3
manly70: calls $3
*** TURN *** [6c 2h 2s] [Ks]
manly70: checks
AzureCaper: bets $6
manly70: folds
Uncalled bet ($6) returned to AzureCaper
AzureCaper collected $17.64 from pot
AzureCaper: doesn't show hand
*** SUMMARY ***
Total pot $18 | Rake $0.36
Board [6c 2h 2s Ks]
Seat 1: manly70 (big blind) folded on the Turn
Seat 4: AzureCaper (button) (small blind) collected ($17.64)


PokerStars Hand #164971153836:  Hold'em Limit ($3/$6 USD) - 2017/01/22 1:36:14 ET
Table 'Abetti' 6-max Seat #1 is the button
Seat 1: manly70 ($91.40 in chips)
Seat 4: AzureCaper ($83.28 in chips)
manly70: posts small blind $1
AzureCaper: posts big blind $3
*** HOLE CARDS ***
manly70: calls $2
AzureCaper: raises $3 to $6
manly70: calls $3
*** FLOP *** [6h 2h Jc]
AzureCaper: bets $3
manly70: calls $3
*** TURN *** [6h 2h Jc] [3d]
AzureCaper: checks
manly70: bets $6
AzureCaper: calls $6
*** RIVER *** [6h 2h Jc 3d] [9h]
AzureCaper: checks
manly70: bets $6
AzureCaper: calls $6
*** SHOW DOWN ***
manly70: shows [5h 8h] (a flush, Nine high)
AzureCaper: mucks hand
manly70 collected $41.50 from pot
*** SUMMARY ***
Total pot $42 | Rake $0.50
Board [6h 2h Jc 3d 9h]
Seat 1: manly70 (button) (small blind) showed [5h 8h] and won ($41.50) with a flush, Nine high
Seat 4: AzureCaper (big blind) mucked


PokerStars Hand #164971166410:  Hold'em Limit ($3/$6 USD) - 2017/01/22 1:36:59 ET
Table 'Abetti' 6-max Seat #4 is the button
Seat 1: manly70 ($101.90 in chips)
Seat 4: AzureCaper ($81.64 in chips)
AzureCaper: posts small blind $1
manly70: posts big blind $3
*** HOLE CARDS ***
AzureCaper: raises $3 to $6
manly70: calls $3
*** FLOP *** [3s 5d 3c]
manly70: checks
AzureCaper: bets $3
manly70: calls $3
*** TURN *** [3s 5d 3c] [2c]
manly70: checks
AzureCaper: bets $6
manly70: calls $6
*** RIVER *** [3s 5d 3c 2c] [3h]
manly70: checks
AzureCaper: bets $6
manly70: calls $6
*** SHOW DOWN ***
AzureCaper: shows [4h 4c] (a full house, Threes full of Fours)
manly70: mucks hand
AzureCaper collected $41.50 from pot
*** SUMMARY ***
Total pot $42 | Rake $0.50
Board [3s 5d 3c 2c 3h]
Seat 1: manly70 (big blind) mucked
Seat 4: AzureCaper (button) (small blind) showed [4h 4c] and won ($41.50) with a full house, Threes full of Fours


PokerStars Hand #164971160251:  Hold'em Limit ($3/$6 USD) - 2017/01/22 1:36:37 ET
Table 'Abetti' 6-max Seat #4 is the button
Seat 1: manly70 ($111.90 in chips)
Seat 4: AzureCaper ($72 in chips)
AzureCaper: posts small blind $1
manly70: posts big blind $3
*** HOLE CARDS ***
AzureCaper: raises $3 to $6
manly70: calls $3
*** FLOP *** [3h Kd Qc]
manly70: checks
AzureCaper: bets $3
manly70: calls $3
*** TURN *** [3h Kd Qc] [Jc]
manly70: checks
AzureCaper: bets $6
manly70: folds
Uncalled bet ($6) returned to AzureCaper
AzureCaper collected $17.64 from pot
AzureCaper: doesn't show hand
*** SUMMARY ***
Total pot $18 | Rake $0.36
Board [3h Kd Qc Jc]
Seat 1: manly70 (big blind) folded on the Turn
Seat 4: AzureCaper (button) (small blind) collected ($17.64)


PokerStars Hand #164971164649:  Hold'em Limit ($3/$6 USD) - 2017/01/22 1:36:53 ET
Table 'Abetti' 6-max Seat #1 is the button
Seat 1: manly70 ($102.90 in chips)
Seat 4: AzureCaper ($80.64 in chips)
manly70: posts small blind $1
AzureCaper: posts big blind $3
*** HOLE CARDS ***
manly70: folds
Uncalled bet ($2) returned to AzureCaper
AzureCaper collected $2 from pot
AzureCaper: doesn't show hand
*** SUMMARY ***
Total pot $2 | Rake $0
Seat 1: manly70 (button) (small blind) folded before Flop
Seat 4: AzureCaper (big blind) collected ($2)


PokerStars Hand #164971181691:  Hold'em Limit ($3/$6 USD) - 2017/01/22 1:37:54 ET
Table 'Abetti' 6-max Seat #4 is the button
Seat 1: manly70 ($62.90 in chips)
Seat 4: AzureCaper ($119.64 in chips)
AzureCaper: posts small blind $1
manly70: posts big blind $3
*** HOLE CARDS ***
AzureCaper: folds
Uncalled bet ($2) returned to manly70
manly70 collected $2 from pot
manly70: doesn't show hand
*** SUMMARY ***
Total pot $2 | Rake $0
Seat 1: manly70 (big blind) collected ($2)
Seat 4: AzureCaper (button) (small blind) folded before Flop


PokerStars Hand #164971180022:  Hold'em Limit ($3/$6 USD) - 2017/01/22 1:37:48 ET
Table 'Abetti' 6-max Seat #1 is the button
Seat 1: manly70 ($63.90 in chips)
Seat 4: AzureCaper ($118.64 in chips)
manly70: posts small blind $1
AzureCaper: posts big blind $3
*** HOLE CARDS ***
manly70: folds
Uncalled bet ($2) returned to AzureCaper
AzureCaper collected $2 from pot
AzureCaper: doesn't show hand
*** SUMMARY ***
Total pot $2 | Rake $0
Seat 1: manly70 (button) (small blind) folded before Flop
Seat 4: AzureCaper (big blind) collected ($2)


PokerStars Hand #164971178522:  Hold'em Limit ($3/$6 USD) - 2017/01/22 1:37:43 ET
Table 'Abetti' 6-max Seat #4 is the button
Seat 1: manly70 ($62.90 in chips)
Seat 4: AzureCaper ($119.64 in chips)
AzureCaper: posts small blind $1
manly70: posts big blind $3
*** HOLE CARDS ***
AzureCaper: folds
Uncalled bet ($2) returned to manly70
manly70 collected $2 from pot
manly70: doesn't show hand
*** SUMMARY ***
Total pot $2 | Rake $0
Seat 1: manly70 (big blind) collected ($2)
Seat 4: AzureCaper (button) (small blind) folded before Flop


PokerStars Hand #164971173108:  Hold'em Limit ($3/$6 USD) - 2017/01/22 1:37:23 ET
Table 'Abetti' 6-max Seat #1 is the button
Seat 1: manly70 ($80.90 in chips)
Seat 4: AzureCaper ($102.14 in chips)
manly70: posts small blind $1
AzureCaper: posts big blind $3
*** HOLE CARDS ***
manly70: raises $3 to $6
AzureCaper: calls $3
*** FLOP *** [8c 3s 6c]
AzureCaper: checks
manly70: bets $3
AzureCaper: raises $3 to $6
manly70: calls $3
*** TURN *** [8c 3s 6c] [2d]
AzureCaper: bets $6
manly70: calls $6
*** RIVER *** [8c 3s 6c 2d] [7h]
AzureCaper: bets $6
manly70: folds
Uncalled bet ($6) returned to AzureCaper
AzureCaper collected $35.50 from pot
AzureCaper: doesn't show hand
*** SUMMARY ***
Total pot $36 | Rake $0.50
Board [8c 3s 6c 2d 7h]
Seat 1: manly70 (button) (small blind) folded on the River
Seat 4: AzureCaper (big blind) collected ($35.50)


PokerStars Hand #164971185600:  Hold'em Limit ($3/$6 USD) - 2017/01/22 1:38:08 ET
Table 'Abetti' 6-max Seat #4 is the button
Seat 1: manly70 ($62.90 in chips)
Seat 4: AzureCaper ($119.64 in chips)
AzureCaper: posts small blind $1
manly70: posts big blind $3
*** HOLE CARDS ***
AzureCaper: folds
Uncalled bet ($2) returned to manly70
manly70 collected $2 from pot
manly70: doesn't show hand
*** SUMMARY ***
Total pot $2 | Rake $0
Seat 1: manly70 (big blind) collected ($2)
Seat 4: AzureCaper (button) (small blind) folded before Flop


PokerStars Hand #164971183804:  Hold'em Limit ($3/$6 USD) - 2017/01/22 1:38:02 ET
Table 'Abetti' 6-max Seat #1 is the button
Seat 1: manly70 ($63.90 in chips)
Seat 4: AzureCaper ($118.64 in chips)
manly70: posts small blind $1
AzureCaper: posts big blind $3
*** HOLE CARDS ***
manly70: folds
Uncalled bet ($2) returned to AzureCaper
AzureCaper collected $2 from pot
AzureCaper: doesn't show hand
*** SUMMARY ***
Total pot $2 | Rake $0
Seat 1: manly70 (button) (small blind) folded before Flop
Seat 4: AzureCaper (big blind) collected ($2)


PokerStars Hand #164971187540:  Hold'em Limit ($3/$6 USD) - 2017/01/22 1:38:15 ET
Table 'Abetti' 6-max Seat #1 is the button
Seat 1: manly70 ($63.90 in chips)
Seat 4: AzureCaper ($118.64 in chips)
manly70: posts small blind $1
AzureCaper: posts big blind $3
*** HOLE CARDS ***
manly70: raises $3 to $6
AzureCaper: calls $3
*** FLOP *** [Ah 2s 3s]
AzureCaper: bets $3
manly70: calls $3
*** TURN *** [Ah 2s 3s] [5d]
AzureCaper: checks
manly70: bets $6
AzureCaper: folds
Uncalled bet ($6) returned to manly70
manly70 collected $17.64 from pot
manly70: doesn't show hand
*** SUMMARY ***
Total pot $18 | Rake $0.36
Board [Ah 2s 3s 5d]
Seat 1: manly70 (button) (small blind) collected ($17.64)
Seat 4: AzureCaper (big blind) folded on the Turn


PokerStars Hand #164971196400:  Hold'em Limit ($3/$6 USD) - 2017/01/22 1:38:46 ET
Table 'Abetti' 6-max Seat #4 is the button
Seat 1: manly70 ($72.54 in chips)
Seat 4: AzureCaper ($109.64 in chips)
AzureCaper: posts small blind $1
manly70: posts big blind $3
*** HOLE CARDS ***
AzureCaper: raises $3 to $6
manly70: calls $3
*** FLOP *** [Jh Qs 8h]
manly70: checks
AzureCaper: bets $3
manly70: calls $3
*** TURN *** [Jh Qs 8h] [7d]
manly70: checks
AzureCaper: bets $6
manly70: calls $6
*** RIVER *** [Jh Qs 8h 7d] [4c]
manly70: checks
AzureCaper: bets $6
manly70: calls $6
*** SHOW DOWN ***
AzureCaper: shows [3c Qd] (a pair of Queens)
manly70: mucks hand
AzureCaper collected $41.50 from pot
*** SUMMARY ***
Total pot $42 | Rake $0.50
Board [Jh Qs 8h 7d 4c]
Seat 1: manly70 (big blind) mucked
Seat 4: AzureCaper (button) (small blind) showed [3c Qd] and won ($41.50) with a pair of Queens


PokerStars Hand #164971201781:  Hold'em Limit ($3/$6 USD) - 2017/01/22 1:39:06 ET
Table 'Abetti' 6-max Seat #1 is the button
Seat 1: manly70 ($51.54 in chips)
Seat 4: AzureCaper ($130.14 in chips)
manly70: posts small blind $1
AzureCaper: posts big blind $3
*** HOLE CARDS ***
manly70: raises $3 to $6
AzureCaper: raises $3 to $9
manly70: calls $3
*** FLOP *** [5h 7h 9s]
AzureCaper: bets $3
manly70: calls $3
*** TURN *** [5h 7h 9s] [8h]
AzureCaper: checks
manly70: bets $6
AzureCaper: calls $6
*** RIVER *** [5h 7h 9s 8h] [2d]
AzureCaper: checks
manly70: bets $6
AzureCaper: calls $6
*** SHOW DOWN ***
manly70: shows [Kc 8c] (a pair of Eights)
AzureCaper: mucks hand
manly70 collected $47.50 from pot
*** SUMMARY ***
Total pot $48 | Rake $0.50
Board [5h 7h 9s 8h 2d]
Seat 1: manly70 (button) (small blind) showed [Kc 8c] and won ($47.50) with a pair of Eights
Seat 4: AzureCaper (big blind) mucked


PokerStars Hand #164971213393:  Hold'em Limit ($3/$6 USD) - 2017/01/22 1:39:47 ET
Table 'Abetti' 6-max Seat #1 is the button
Seat 1: manly70 ($98.54 in chips)
Seat 4: AzureCaper ($82.14 in chips)
manly70: posts small blind $1
AzureCaper: posts big blind $3
*** HOLE CARDS ***
manly70: raises $3 to $6
AzureCaper: folds
Uncalled bet ($3) returned to manly70
manly70 collected $6 from pot
manly70: doesn't show hand
*** SUMMARY ***
Total pot $6 | Rake $0
Seat 1: manly70 (button) (small blind) collected ($6)
Seat 4: AzureCaper (big blind) folded before Flop


PokerStars Hand #164971222193:  Hold'em Limit ($3/$6 USD) - 2017/01/22 1:40:19 ET
Table 'Abetti' 6-max Seat #1 is the button
Seat 1: manly70 ($86.54 in chips)
Seat 4: AzureCaper ($93.64 in chips)
manly70: posts small blind $1
AzureCaper: posts big blind $3
*** HOLE CARDS ***
manly70: raises $3 to $6
AzureCaper: folds
Uncalled bet ($3) returned to manly70
manly70 collected $6 from pot
manly70: doesn't show hand
*** SUMMARY ***
Total pot $6 | Rake $0
Seat 1: manly70 (button) (small blind) collected ($6)
Seat 4: AzureCaper (big blind) folded before Flop


PokerStars Hand #164971216974:  Hold'em Limit ($3/$6 USD) - 2017/01/22 1:40:00 ET
Table 'Abetti' 6-max Seat #4 is the button
Seat 1: manly70 ($101.54 in chips)
Seat 4: AzureCaper ($79.14 in chips)
AzureCaper: posts small blind $1
manly70: posts big blind $3
*** HOLE CARDS ***
AzureCaper: raises $3 to $6
manly70: calls $3
*** FLOP *** [Qd As 3c]
manly70: checks
AzureCaper: bets $3
manly70: calls $3
*** TURN *** [Qd As 3c] [2h]
manly70: checks
AzureCaper: bets $6
manly70: calls $6
*** RIVER *** [Qd As 3c 2h] [Kc]
manly70: checks
AzureCaper: checks
*** SHOW DOWN ***
manly70: shows [6h 6d] (a pair of Sixes)
AzureCaper: shows [8c Qc] (a pair of Queens)
AzureCaper collected $29.50 from pot
*** SUMMARY ***
Total pot $30 | Rake $0.50
Board [Qd As 3c 2h Kc]
Seat 1: manly70 (big blind) showed [6h 6d] and lost with a pair of Sixes
Seat 4: AzureCaper (button) (small blind) showed [8c Qc] and won ($29.50) with a pair of Queens


PokerStars Hand #164971207287:  Hold'em Limit ($3/$6 USD) - 2017/01/22 1:39:25 ET
Table 'Abetti' 6-max Seat #4 is the button
Seat 1: manly70 ($75.04 in chips)
Seat 4: AzureCaper ($106.14 in chips)
AzureCaper: posts small blind $1
manly70: posts big blind $3
*** HOLE CARDS ***
AzureCaper: raises $3 to $6
manly70: calls $3
*** FLOP *** [8d 9h 8c]
manly70: checks
AzureCaper: bets $3
manly70: raises $3 to $6
AzureCaper: calls $3
*** TURN *** [8d 9h 8c] [3s]
manly70: bets $6
AzureCaper: raises $6 to $12
manly70: calls $6
*** RIVER *** [8d 9h 8c 3s] [6d]
manly70: checks
AzureCaper: checks
*** SHOW DOWN ***
manly70: shows [6c 7h] (two pair, Eights and Sixes)
AzureCaper: mucks hand
manly70 collected $47.50 from pot
*** SUMMARY ***
Total pot $48 | Rake $0.50
Board [8d 9h 8c 3s 6d]
Seat 1: manly70 (big blind) showed [6c 7h] and won ($47.50) with two pair, Eights and Sixes
Seat 4: AzureCaper (button) (small blind) mucked


PokerStars Hand #164971234432:  Hold'em Limit ($3/$6 USD) - 2017/01/22 1:41:02 ET
Table 'Abetti' 6-max Seat #4 is the button
Seat 1: manly70 ($77.54 in chips)
Seat 4: AzureCaper ($102.16 in chips)
AzureCaper: posts small blind $1
manly70: posts big blind $3
*** HOLE CARDS ***
AzureCaper: raises $3 to $6
manly70: calls $3
*** FLOP *** [3c Jc 3s]
manly70: checks
AzureCaper: bets $3
manly70: calls $3
*** TURN *** [3c Jc 3s] [5s]
manly70: checks
AzureCaper: checks
*** RIVER *** [3c Jc 3s 5s] [3h]
manly70: checks
AzureCaper: bets $6
manly70: calls $6
*** SHOW DOWN ***
AzureCaper: shows [8c 7h] (three of a kind, Threes)
manly70: shows [7c Qs] (three of a kind, Threes - Queen kicker)
manly70 collected $29.50 from pot
*** SUMMARY ***
Total pot $30 | Rake $0.50
Board [3c Jc 3s 5s 3h]
Seat 1: manly70 (big blind) showed [7c Qs] and won ($29.50) with three of a kind, Threes
Seat 4: AzureCaper (button) (small blind) showed [8c 7h] and lost with three of a kind, Threes


PokerStars Hand #164971224024:  Hold'em Limit ($3/$6 USD) - 2017/01/22 1:40:25 ET
Table 'Abetti' 6-max Seat #4 is the button
Seat 1: manly70 ($89.54 in chips)
Seat 4: AzureCaper ($90.64 in chips)
AzureCaper: posts small blind $1
manly70: posts big blind $3
*** HOLE CARDS ***
AzureCaper: raises $3 to $6
manly70: calls $3
*** FLOP *** [9c Kc Kh]
manly70: checks
AzureCaper: bets $3
manly70: folds
Uncalled bet ($3) returned to AzureCaper
AzureCaper collected $11.76 from pot
AzureCaper: doesn't show hand
*** SUMMARY ***
Total pot $12 | Rake $0.24
Board [9c Kc Kh]
Seat 1: manly70 (big blind) folded on the Flop
Seat 4: AzureCaper (button) (small blind) collected ($11.76)


PokerStars Hand #164971228171:  Hold'em Limit ($3/$6 USD) - 2017/01/22 1:40:40 ET
Table 'Abetti' 6-max Seat #1 is the button
Seat 1: manly70 ($83.54 in chips)
Seat 4: AzureCaper ($96.40 in chips)
manly70: posts small blind $1
AzureCaper: posts big blind $3
*** HOLE CARDS ***
manly70: raises $3 to $6
AzureCaper: calls $3
*** FLOP *** [7h 2d 3h]
AzureCaper: checks
manly70: checks
*** TURN *** [7h 2d 3h] [2c]
AzureCaper: checks
manly70: checks
*** RIVER *** [7h 2d 3h 2c] [Th]
AzureCaper: bets $6
manly70: folds
Uncalled bet ($6) returned to AzureCaper
AzureCaper collected $11.76 from pot
AzureCaper: doesn't show hand
*** SUMMARY ***
Total pot $12 | Rake $0.24
Board [7h 2d 3h 2c Th]
Seat 1: manly70 (button) (small blind) folded on the River
Seat 4: AzureCaper (big blind) collected ($11.76)


PokerStars Hand #164971241603:  Hold'em Limit ($3/$6 USD) - 2017/01/22 1:41:27 ET
Table 'Abetti' 6-max Seat #1 is the button
Seat 1: manly70 ($92.04 in chips)
Seat 4: AzureCaper ($87.16 in chips)
manly70: posts small blind $1
Speed2008 joins the table at seat #5
AzureCaper: posts big blind $3
*** HOLE CARDS ***
manly70: raises $3 to $6
AzureCaper: calls $3
*** FLOP *** [Jd Qh 4c]
AzureCaper: checks
manly70: bets $3
AzureCaper: folds
Uncalled bet ($3) returned to manly70
manly70 collected $11.76 from pot
manly70: doesn't show hand
*** SUMMARY ***
Total pot $12 | Rake $0.24
Board [Jd Qh 4c]
Seat 1: manly70 (button) (small blind) collected ($11.76)
Seat 4: AzureCaper (big blind) folded on the Flop


