PokerStars Hand #152259947688:  Hold'em Limit ($3/$6 USD) - 2016/04/21 19:58:47 ET
Table 'Abetti III' 6-max Seat #1 is the button
Seat 1: Chessnok ($179.74 in chips)
Seat 6: sienvan ($25.10 in chips)
Chessnok: posts small blind $1
sienvan: posts big blind $3
*** HOLE CARDS ***
Chessnok: raises $3 to $6
sienvan: calls $3
*** FLOP *** [7s 6s 7c]
sienvan: checks
Chessnok: bets $3
sienvan: calls $3
*** TURN *** [7s 6s 7c] [Kh]
sienvan: checks
Chessnok: bets $6
sienvan: folds
Uncalled bet ($6) returned to Chessnok
Chessnok collected $17.64 from pot
Chessnok: doesn't show hand
*** SUMMARY ***
Total pot $18 | Rake $0.36
Board [7s 6s 7c Kh]
Seat 1: Chessnok (button) (small blind) collected ($17.64)
Seat 6: sienvan (big blind) folded on the Turn


PokerStars Hand #152259953548:  Hold'em Limit ($3/$6 USD) - 2016/04/21 19:59:00 ET
Table 'Abetti III' 6-max Seat #6 is the button
Seat 1: Chessnok ($188.38 in chips)
Seat 6: sienvan ($16.10 in chips)
sienvan: posts small blind $1
Chessnok: posts big blind $3
*** HOLE CARDS ***
sienvan: calls $2
Chessnok: checks
*** FLOP *** [8s 2s Ac]
Chessnok: checks
sienvan: bets $3
Chessnok: folds
Uncalled bet ($3) returned to sienvan
sienvan collected $5.88 from pot
sienvan: doesn't show hand
*** SUMMARY ***
Total pot $6 | Rake $0.12
Board [8s 2s Ac]
Seat 1: Chessnok (big blind) folded on the Flop
Seat 6: sienvan (button) (small blind) collected ($5.88)


PokerStars Hand #152259968232:  Hold'em Limit ($3/$6 USD) - 2016/04/21 19:59:34 ET
Table 'Abetti III' 6-max Seat #6 is the button
Seat 1: Chessnok ($185.13 in chips)
Seat 6: sienvan ($18.73 in chips)
sienvan: posts small blind $1
Chessnok: posts big blind $3
*** HOLE CARDS ***
sienvan: raises $3 to $6
Chessnok: folds
Uncalled bet ($3) returned to sienvan
sienvan collected $6 from pot
sienvan: doesn't show hand
*** SUMMARY ***
Total pot $6 | Rake $0
Seat 1: Chessnok (big blind) folded before Flop
Seat 6: sienvan (button) (small blind) collected ($6)


PokerStars Hand #152259958121:  Hold'em Limit ($3/$6 USD) - 2016/04/21 19:59:11 ET
Table 'Abetti III' 6-max Seat #1 is the button
Seat 1: Chessnok ($185.38 in chips)
Seat 6: sienvan ($18.98 in chips)
Chessnok: posts small blind $1
sienvan: posts big blind $3
*** HOLE CARDS ***
Chessnok: raises $3 to $6
sienvan: raises $3 to $9
Chessnok: calls $3
*** FLOP *** [7c 3d 5s]
sienvan: bets $3
Chessnok: calls $3
*** TURN *** [7c 3d 5s] [4h]
sienvan: bets $6
Chessnok: calls $6
*** RIVER *** [7c 3d 5s 4h] [6h]
sienvan: bets $0.98 and is all-in
Chessnok: calls $0.98
*** SHOW DOWN ***
sienvan: shows [Qs Qd] (a straight, Three to Seven)
Chessnok: shows [2h Td] (a straight, Three to Seven)
sienvan collected $18.73 from pot
Chessnok collected $18.73 from pot
*** SUMMARY ***
Total pot $37.96 | Rake $0.50
Board [7c 3d 5s 4h 6h]
Seat 1: Chessnok (button) (small blind) showed [2h Td] and won ($18.73) with a straight, Three to Seven
Seat 6: sienvan (big blind) showed [Qs Qd] and won ($18.73) with a straight, Three to Seven


PokerStars Hand #152259945958:  Hold'em Limit ($3/$6 USD) - 2016/04/21 19:58:43 ET
Table 'Abetti III' 6-max Seat #6 is the button
Seat 1: Chessnok ($178.74 in chips)
Seat 6: sienvan ($26.10 in chips)
sienvan: posts small blind $1
Chessnok: posts big blind $3
*** HOLE CARDS ***
sienvan: folds
Uncalled bet ($2) returned to Chessnok
Chessnok collected $2 from pot
Chessnok: doesn't show hand
*** SUMMARY ***
Total pot $2 | Rake $0
Seat 1: Chessnok (big blind) collected ($2)
Seat 6: sienvan (button) (small blind) folded before Flop


PokerStars Hand #152259971287:  Hold'em Limit ($3/$6 USD) - 2016/04/21 19:59:42 ET
Table 'Abetti III' 6-max Seat #1 is the button
Seat 1: Chessnok ($182.13 in chips)
Seat 6: sienvan ($21.73 in chips)
Chessnok: posts small blind $1
sienvan: posts big blind $3
*** HOLE CARDS ***
Chessnok: raises $3 to $6
sienvan: raises $3 to $9
Chessnok: calls $3
*** FLOP *** [8d 7d 5s]
sienvan: bets $3
Chessnok: calls $3
*** TURN *** [8d 7d 5s] [Jh]
sienvan: bets $6
Chessnok: raises $6 to $12
sienvan: calls $3.73 and is all-in
Uncalled bet ($2.27) returned to Chessnok
*** RIVER *** [8d 7d 5s Jh] [3d]
*** SHOW DOWN ***
sienvan: shows [As 6h] (high card Ace)
Chessnok: shows [Kc 8h] (a pair of Eights)
Chessnok collected $42.96 from pot
*** SUMMARY ***
Total pot $43.46 | Rake $0.50
Board [8d 7d 5s Jh 3d]
Seat 1: Chessnok (button) (small blind) showed [Kc 8h] and won ($42.96) with a pair of Eights
Seat 6: sienvan (big blind) showed [As 6h] and lost with high card Ace


PokerStars Hand #152259999024:  Hold'em Limit ($3/$6 USD) - 2016/04/21 20:00:45 ET
Table 'Abetti III' 6-max Seat #1 is the button
Seat 1: Chessnok ($173.36 in chips)
Seat 6: sienvan ($59.50 in chips)
Chessnok: posts small blind $1
sienvan: posts big blind $3
*** HOLE CARDS ***
Chessnok: raises $3 to $6
sienvan: folds
Uncalled bet ($3) returned to Chessnok
Chessnok collected $6 from pot
Chessnok: doesn't show hand
*** SUMMARY ***
Total pot $6 | Rake $0
Seat 1: Chessnok (button) (small blind) collected ($6)
Seat 6: sienvan (big blind) folded before Flop


PokerStars Hand #152259986176:  Hold'em Limit ($3/$6 USD) - 2016/04/21 20:00:16 ET
Table 'Abetti III' 6-max Seat #6 is the button
Seat 1: Chessnok ($203.36 in chips)
Seat 6: sienvan ($30 in chips)
sienvan: posts small blind $1
Chessnok: posts big blind $3
*** HOLE CARDS ***
sienvan: raises $3 to $6
Chessnok: calls $3
*** FLOP *** [8c 8d 4s]
Chessnok: checks
sienvan: bets $3
Chessnok: raises $3 to $6
sienvan: calls $3
*** TURN *** [8c 8d 4s] [Td]
Chessnok: bets $6
sienvan: raises $6 to $12
Chessnok: calls $6
*** RIVER *** [8c 8d 4s Td] [7c]
Chessnok: checks
sienvan: bets $6 and is all-in
Chessnok: calls $6
*** SHOW DOWN ***
sienvan: shows [8h 7h] (a full house, Eights full of Sevens)
Chessnok: shows [Qc 4d] (two pair, Eights and Fours)
sienvan collected $59.50 from pot
*** SUMMARY ***
Total pot $60 | Rake $0.50
Board [8c 8d 4s Td 7c]
Seat 1: Chessnok (big blind) showed [Qc 4d] and lost with two pair, Eights and Fours
Seat 6: sienvan (button) (small blind) showed [8h 7h] and won ($59.50) with a full house, Eights full of Sevens


PokerStars Hand #152260001784:  Hold'em Limit ($3/$6 USD) - 2016/04/21 20:00:50 ET
Table 'Abetti III' 6-max Seat #6 is the button
Seat 1: Chessnok ($176.36 in chips)
Seat 6: sienvan ($56.50 in chips)
sienvan: posts small blind $1
Chessnok: posts big blind $3
*** HOLE CARDS ***
sienvan: raises $3 to $6
Chessnok: calls $3
*** FLOP *** [5c Qd Qs]
Chessnok: checks
sienvan: bets $3
Chessnok: calls $3
*** TURN *** [5c Qd Qs] [Js]
Chessnok: checks
sienvan: checks
*** RIVER *** [5c Qd Qs Js] [9h]
Chessnok: bets $6
sienvan: folds
Uncalled bet ($6) returned to Chessnok
Chessnok collected $17.64 from pot
Chessnok: doesn't show hand
*** SUMMARY ***
Total pot $18 | Rake $0.36
Board [5c Qd Qs Js 9h]
Seat 1: Chessnok (big blind) collected ($17.64)
Seat 6: sienvan (button) (small blind) folded on the River


PokerStars Hand #152260014996:  Hold'em Limit ($3/$6 USD) - 2016/04/21 20:01:18 ET
Table 'Abetti III' 6-max Seat #6 is the button
Seat 1: Chessnok ($188 in chips)
Seat 6: sienvan ($44.50 in chips)
sienvan: posts small blind $1
Chessnok: posts big blind $3
*** HOLE CARDS ***
sienvan: folds
Uncalled bet ($2) returned to Chessnok
Chessnok collected $2 from pot
Chessnok: doesn't show hand
*** SUMMARY ***
Total pot $2 | Rake $0
Seat 1: Chessnok (big blind) collected ($2)
Seat 6: sienvan (button) (small blind) folded before Flop


PokerStars Hand #152260012237:  Hold'em Limit ($3/$6 USD) - 2016/04/21 20:01:12 ET
Table 'Abetti III' 6-max Seat #1 is the button
Seat 1: Chessnok ($185 in chips)
Seat 6: sienvan ($47.50 in chips)
Chessnok: posts small blind $1
sienvan: posts big blind $3
*** HOLE CARDS ***
Chessnok: raises $3 to $6
sienvan: folds
Uncalled bet ($3) returned to Chessnok
Chessnok collected $6 from pot
Chessnok: doesn't show hand
*** SUMMARY ***
Total pot $6 | Rake $0
Seat 1: Chessnok (button) (small blind) collected ($6)
Seat 6: sienvan (big blind) folded before Flop


PokerStars Hand #152260019611:  Hold'em Limit ($3/$6 USD) - 2016/04/21 20:01:28 ET
Table 'Abetti III' 6-max Seat #6 is the button
Seat 1: Chessnok ($192 in chips)
Seat 6: sienvan ($40.50 in chips)
sienvan: posts small blind $1
Chessnok: posts big blind $3
*** HOLE CARDS ***
sienvan: folds
Uncalled bet ($2) returned to Chessnok
Chessnok collected $2 from pot
Chessnok: doesn't show hand
*** SUMMARY ***
Total pot $2 | Rake $0
Seat 1: Chessnok (big blind) collected ($2)
Seat 6: sienvan (button) (small blind) folded before Flop


PokerStars Hand #152260017239:  Hold'em Limit ($3/$6 USD) - 2016/04/21 20:01:23 ET
Table 'Abetti III' 6-max Seat #1 is the button
Seat 1: Chessnok ($189 in chips)
Seat 6: sienvan ($43.50 in chips)
Chessnok: posts small blind $1
sienvan: posts big blind $3
*** HOLE CARDS ***
Chessnok: raises $3 to $6
sienvan: folds
Uncalled bet ($3) returned to Chessnok
Chessnok collected $6 from pot
Chessnok: doesn't show hand
*** SUMMARY ***
Total pot $6 | Rake $0
Seat 1: Chessnok (button) (small blind) collected ($6)
Seat 6: sienvan (big blind) folded before Flop


PokerStars Hand #152260021610:  Hold'em Limit ($3/$6 USD) - 2016/04/21 20:01:32 ET
Table 'Abetti III' 6-max Seat #1 is the button
Seat 1: Chessnok ($193 in chips)
Seat 6: sienvan ($39.50 in chips)
Chessnok: posts small blind $1
sienvan: posts big blind $3
*** HOLE CARDS ***
Chessnok: raises $3 to $6
sienvan: calls $3
*** FLOP *** [5c 9c 9h]
sienvan: checks
Chessnok: bets $3
sienvan: calls $3
*** TURN *** [5c 9c 9h] [7h]
sienvan: checks
Chessnok: checks
*** RIVER *** [5c 9c 9h 7h] [Qd]
sienvan: bets $6
Chessnok: calls $6
*** SHOW DOWN ***
sienvan: shows [7c Kc] (two pair, Nines and Sevens)
Chessnok: mucks hand
sienvan collected $29.50 from pot
*** SUMMARY ***
Total pot $30 | Rake $0.50
Board [5c 9c 9h 7h Qd]
Seat 1: Chessnok (button) (small blind) mucked
Seat 6: sienvan (big blind) showed [7c Kc] and won ($29.50) with two pair, Nines and Sevens


PokerStars Hand #152260031217:  Hold'em Limit ($3/$6 USD) - 2016/04/21 20:01:51 ET
Table 'Abetti III' 6-max Seat #6 is the button
Seat 1: Chessnok ($178 in chips)
Seat 6: sienvan ($54 in chips)
sienvan: posts small blind $1
Chessnok: posts big blind $3
*** HOLE CARDS ***
sienvan: folds
Uncalled bet ($2) returned to Chessnok
Chessnok collected $2 from pot
Chessnok: doesn't show hand
*** SUMMARY ***
Total pot $2 | Rake $0
Seat 1: Chessnok (big blind) collected ($2)
Seat 6: sienvan (button) (small blind) folded before Flop


PokerStars Hand #152260045092:  Hold'em Limit ($3/$6 USD) - 2016/04/21 20:02:19 ET
Table 'Abetti III' 6-max Seat #1 is the button
Seat 1: Chessnok ($206.50 in chips)
Seat 6: sienvan ($25 in chips)
Chessnok: posts small blind $1
sienvan: posts big blind $3
*** HOLE CARDS ***
Chessnok: folds
Uncalled bet ($2) returned to sienvan
sienvan collected $2 from pot
sienvan: doesn't show hand
*** SUMMARY ***
Total pot $2 | Rake $0
Seat 1: Chessnok (button) (small blind) folded before Flop
Seat 6: sienvan (big blind) collected ($2)


PokerStars Hand #152260042457:  Hold'em Limit ($3/$6 USD) - 2016/04/21 20:02:14 ET
Table 'Abetti III' 6-max Seat #6 is the button
Seat 1: Chessnok ($205.50 in chips)
Seat 6: sienvan ($26 in chips)
sienvan: posts small blind $1
Chessnok: posts big blind $3
*** HOLE CARDS ***
sienvan: folds
Uncalled bet ($2) returned to Chessnok
Chessnok collected $2 from pot
Chessnok: doesn't show hand
*** SUMMARY ***
Total pot $2 | Rake $0
Seat 1: Chessnok (big blind) collected ($2)
Seat 6: sienvan (button) (small blind) folded before Flop


PokerStars Hand #152260033579:  Hold'em Limit ($3/$6 USD) - 2016/04/21 20:01:55 ET
Table 'Abetti III' 6-max Seat #1 is the button
Seat 1: Chessnok ($179 in chips)
Seat 6: sienvan ($53 in chips)
Chessnok: posts small blind $1
sienvan: posts big blind $3
*** HOLE CARDS ***
Chessnok: raises $3 to $6
sienvan: calls $3
*** FLOP *** [6h 7c 8h]
sienvan: checks
Chessnok: bets $3
sienvan: raises $3 to $6
Chessnok: raises $3 to $9
sienvan: calls $3
*** TURN *** [6h 7c 8h] [4c]
sienvan: checks
Chessnok: bets $6
sienvan: calls $6
*** RIVER *** [6h 7c 8h 4c] [6c]
sienvan: checks
Chessnok: bets $6
sienvan: calls $6
*** SHOW DOWN ***
Chessnok: shows [5d Qh] (a straight, Four to Eight)
sienvan: mucks hand
Chessnok collected $53.50 from pot
*** SUMMARY ***
Total pot $54 | Rake $0.50
Board [6h 7c 8h 4c 6c]
Seat 1: Chessnok (button) (small blind) showed [5d Qh] and won ($53.50) with a straight, Four to Eight
Seat 6: sienvan (big blind) mucked


PokerStars Hand #152260050195:  Hold'em Limit ($3/$6 USD) - 2016/04/21 20:02:29 ET
Table 'Abetti III' 6-max Seat #1 is the button
Seat 1: Chessnok ($202.50 in chips)
Seat 6: sienvan ($29 in chips)
Chessnok: posts small blind $1
sienvan: posts big blind $3
*** HOLE CARDS ***
Chessnok: raises $3 to $6
sienvan: folds
Uncalled bet ($3) returned to Chessnok
Chessnok collected $6 from pot
Chessnok: doesn't show hand
*** SUMMARY ***
Total pot $6 | Rake $0
Seat 1: Chessnok (button) (small blind) collected ($6)
Seat 6: sienvan (big blind) folded before Flop


PokerStars Hand #152260047104:  Hold'em Limit ($3/$6 USD) - 2016/04/21 20:02:23 ET
Table 'Abetti III' 6-max Seat #6 is the button
Seat 1: Chessnok ($205.50 in chips)
Seat 6: sienvan ($26 in chips)
sienvan: posts small blind $1
Chessnok: posts big blind $3
*** HOLE CARDS ***
sienvan: raises $3 to $6
Chessnok: folds
Uncalled bet ($3) returned to sienvan
sienvan collected $6 from pot
sienvan: doesn't show hand
*** SUMMARY ***
Total pot $6 | Rake $0
Seat 1: Chessnok (big blind) folded before Flop
Seat 6: sienvan (button) (small blind) collected ($6)


PokerStars Hand #152260060946:  Hold'em Limit ($3/$6 USD) - 2016/04/21 20:02:51 ET
Table 'Abetti III' 6-max Seat #1 is the button
Seat 1: Chessnok ($181.50 in chips)
Seat 6: sienvan ($49.50 in chips)
Chessnok: posts small blind $1
sienvan: posts big blind $3
*** HOLE CARDS ***
Chessnok: folds
Uncalled bet ($2) returned to sienvan
sienvan collected $2 from pot
sienvan: doesn't show hand
*** SUMMARY ***
Total pot $2 | Rake $0
Seat 1: Chessnok (button) (small blind) folded before Flop
Seat 6: sienvan (big blind) collected ($2)


PokerStars Hand #152260069634:  Hold'em Limit ($3/$6 USD) - 2016/04/21 20:03:08 ET
Table 'Abetti III' 6-max Seat #1 is the button
Seat 1: Chessnok ($189.14 in chips)
Seat 6: sienvan ($41.50 in chips)
Chessnok: posts small blind $1
sienvan: posts big blind $3
*** HOLE CARDS ***
Chessnok: raises $3 to $6
sienvan: folds
Uncalled bet ($3) returned to Chessnok
Chessnok collected $6 from pot
Chessnok: doesn't show hand
*** SUMMARY ***
Total pot $6 | Rake $0
Seat 1: Chessnok (button) (small blind) collected ($6)
Seat 6: sienvan (big blind) folded before Flop


PokerStars Hand #152260063011:  Hold'em Limit ($3/$6 USD) - 2016/04/21 20:02:55 ET
Table 'Abetti III' 6-max Seat #6 is the button
Seat 1: Chessnok ($180.50 in chips)
Seat 6: sienvan ($50.50 in chips)
sienvan: posts small blind $1
Chessnok: posts big blind $3
*** HOLE CARDS ***
sienvan: calls $2
Chessnok: raises $3 to $6
sienvan: calls $3
*** FLOP *** [Ad 4h Qd]
Chessnok: bets $3
sienvan: calls $3
*** TURN *** [Ad 4h Qd] [7c]
Chessnok: bets $6
sienvan: folds
Uncalled bet ($6) returned to Chessnok
Chessnok collected $17.64 from pot
Chessnok: doesn't show hand
*** SUMMARY ***
Total pot $18 | Rake $0.36
Board [Ad 4h Qd 7c]
Seat 1: Chessnok (big blind) collected ($17.64)
Seat 6: sienvan (button) (small blind) folded on the Turn


PokerStars Hand #152260072012:  Hold'em Limit ($3/$6 USD) - 2016/04/21 20:03:12 ET
Table 'Abetti III' 6-max Seat #6 is the button
Seat 1: Chessnok ($192.14 in chips)
Seat 6: sienvan ($38.50 in chips)
sienvan: posts small blind $1
Chessnok: posts big blind $3
*** HOLE CARDS ***
sienvan: raises $3 to $6
Chessnok: calls $3
*** FLOP *** [6h 2d Jh]
Chessnok: checks
sienvan: bets $3
Chessnok: raises $3 to $6
sienvan: calls $3
*** TURN *** [6h 2d Jh] [9s]
Chessnok: bets $6
sienvan: calls $6
*** RIVER *** [6h 2d Jh 9s] [7s]
Chessnok: bets $6
sienvan: calls $6
*** SHOW DOWN ***
Chessnok: shows [3s Js] (a pair of Jacks)
sienvan: mucks hand
Chessnok collected $47.50 from pot
*** SUMMARY ***
Total pot $48 | Rake $0.50
Board [6h 2d Jh 9s 7s]
Seat 1: Chessnok (big blind) showed [3s Js] and won ($47.50) with a pair of Jacks
Seat 6: sienvan (button) (small blind) mucked


PokerStars Hand #152260052993:  Hold'em Limit ($3/$6 USD) - 2016/04/21 20:02:35 ET
Table 'Abetti III' 6-max Seat #6 is the button
Seat 1: Chessnok ($205.50 in chips)
Seat 6: sienvan ($26 in chips)
sienvan: posts small blind $1
Chessnok: posts big blind $3
*** HOLE CARDS ***
sienvan: raises $3 to $6
Chessnok: calls $3
*** FLOP *** [3d 9c Tc]
Chessnok: checks
sienvan: checks
*** TURN *** [3d 9c Tc] [6h]
Chessnok: bets $6
sienvan: calls $6
*** RIVER *** [3d 9c Tc 6h] [Kh]
Chessnok: bets $6
sienvan: raises $6 to $12
Chessnok: calls $6
*** SHOW DOWN ***
sienvan: shows [Kd 6d] (two pair, Kings and Sixes)
Chessnok: mucks hand
sienvan collected $47.50 from pot
*** SUMMARY ***
Total pot $48 | Rake $0.50
Board [3d 9c Tc 6h Kh]
Seat 1: Chessnok (big blind) mucked
Seat 6: sienvan (button) (small blind) showed [Kd 6d] and won ($47.50) with two pair, Kings and Sixes


PokerStars Hand #152260083390:  Hold'em Limit ($3/$6 USD) - 2016/04/21 20:03:35 ET
Table 'Abetti III' 6-max Seat #6 is the button
Seat 1: Chessnok ($218.64 in chips)
Seat 6: sienvan ($11.50 in chips)
sienvan: posts small blind $1
Chessnok: posts big blind $3
*** HOLE CARDS ***
sienvan: folds
Uncalled bet ($2) returned to Chessnok
Chessnok collected $2 from pot
Chessnok: doesn't show hand
*** SUMMARY ***
Total pot $2 | Rake $0
Seat 1: Chessnok (big blind) collected ($2)
Seat 6: sienvan (button) (small blind) folded before Flop


PokerStars Hand #152260080538:  Hold'em Limit ($3/$6 USD) - 2016/04/21 20:03:30 ET
Table 'Abetti III' 6-max Seat #1 is the button
Seat 1: Chessnok ($215.64 in chips)
Seat 6: sienvan ($14.50 in chips)
Chessnok: posts small blind $1
sienvan: posts big blind $3
*** HOLE CARDS ***
Chessnok: raises $3 to $6
sienvan: folds
Uncalled bet ($3) returned to Chessnok
Chessnok collected $6 from pot
Chessnok: doesn't show hand
*** SUMMARY ***
Total pot $6 | Rake $0
Seat 1: Chessnok (button) (small blind) collected ($6)
Seat 6: sienvan (big blind) folded before Flop


PokerStars Hand #152260085650:  Hold'em Limit ($3/$6 USD) - 2016/04/21 20:03:39 ET
Table 'Abetti III' 6-max Seat #1 is the button
Seat 1: Chessnok ($219.64 in chips)
Seat 6: sienvan ($10.50 in chips)
Chessnok: posts small blind $1
sienvan: posts big blind $3
*** HOLE CARDS ***
Chessnok: raises $3 to $6
sienvan: calls $3
*** FLOP *** [3d Ts 5d]
sienvan: bets $3
Chessnok: calls $3
*** TURN *** [3d Ts 5d] [6s]
sienvan: bets $1.50 and is all-in
Chessnok: calls $1.50
*** RIVER *** [3d Ts 5d 6s] [2d]
*** SHOW DOWN ***
sienvan: shows [5h 6h] (two pair, Sixes and Fives)
Chessnok: shows [Th 4c] (a straight, Deuce to Six)
Chessnok collected $20.58 from pot
*** SUMMARY ***
Total pot $21 | Rake $0.42
Board [3d Ts 5d 6s 2d]
Seat 1: Chessnok (button) (small blind) showed [Th 4c] and won ($20.58) with a straight, Deuce to Six
Seat 6: sienvan (big blind) showed [5h 6h] and lost with two pair, Sixes and Fives


