PokerStars Hand #152245430326:  Hold'em Limit ($3/$6 USD) - 2016/04/21 14:48:40 ET
Table 'Abetti III' 6-max Seat #1 is the button
Seat 1: Headgtboy ($31.76 in chips)
Seat 3: GoliafUa ($137.50 in chips)
Headgtboy: posts small blind $1
GoliafUa: posts big blind $3
*** HOLE CARDS ***
Headgtboy: raises $3 to $6
GoliafUa: raises $3 to $9
Headgtboy: calls $3
*** FLOP *** [Th 2h Tc]
GoliafUa: bets $3
Headgtboy: raises $3 to $6
GoliafUa: calls $3
*** TURN *** [Th 2h Tc] [8s]
GoliafUa: checks
Headgtboy: bets $6
GoliafUa: calls $6
*** RIVER *** [Th 2h Tc 8s] [Kc]
GoliafUa: checks
Headgtboy: checks
*** SHOW DOWN ***
GoliafUa: shows [5s Ac] (a pair of Tens)
Headgtboy: shows [Ah 5h] (a pair of Tens)
GoliafUa collected $20.75 from pot
Headgtboy collected $20.75 from pot
*** SUMMARY ***
Total pot $42 | Rake $0.50
Board [Th 2h Tc 8s Kc]
Seat 1: Headgtboy (button) (small blind) showed [Ah 5h] and won ($20.75) with a pair of Tens
Seat 3: GoliafUa (big blind) showed [5s Ac] and won ($20.75) with a pair of Tens


PokerStars Hand #152245422119:  Hold'em Limit ($3/$6 USD) - 2016/04/21 14:48:30 ET
Table 'Abetti III' 6-max Seat #3 is the button
Seat 1: Headgtboy ($26 in chips)
Seat 3: GoliafUa ($143.50 in chips)
GoliafUa: posts small blind $1
Headgtboy: posts big blind $3
*** HOLE CARDS ***
GoliafUa: raises $3 to $6
Headgtboy: calls $3
*** FLOP *** [Js Ah 7s]
Headgtboy: bets $3
GoliafUa: folds
Uncalled bet ($3) returned to Headgtboy
Headgtboy collected $11.76 from pot
*** SUMMARY ***
Total pot $12 | Rake $0.24
Board [Js Ah 7s]
Seat 1: Headgtboy (big blind) collected ($11.76)
Seat 3: GoliafUa (button) (small blind) folded on the Flop


PokerStars Hand #152245464942:  Hold'em Limit ($3/$6 USD) - 2016/04/21 14:49:19 ET
Table 'Abetti III' 6-max Seat #3 is the button
Seat 1: Headgtboy ($39.15 in chips)
Seat 3: GoliafUa ($129.25 in chips)
GoliafUa: posts small blind $1
Headgtboy: posts big blind $3
*** HOLE CARDS ***
GoliafUa: raises $3 to $6
Headgtboy: calls $3
*** FLOP *** [4d Jh 6c]
Headgtboy: checks
GoliafUa: bets $3
Headgtboy: raises $3 to $6
GoliafUa: calls $3
*** TURN *** [4d Jh 6c] [9c]
Makomar joins the table at seat #2
Headgtboy: bets $6
GoliafUa: folds
Uncalled bet ($6) returned to Headgtboy
Headgtboy collected $23.52 from pot
Headgtboy: doesn't show hand
*** SUMMARY ***
Total pot $24 | Rake $0.48
Board [4d Jh 6c 9c]
Seat 1: Headgtboy (big blind) collected ($23.52)
Seat 3: GoliafUa (button) (small blind) folded on the Turn


PokerStars Hand #152245460126:  Hold'em Limit ($3/$6 USD) - 2016/04/21 14:49:13 ET
Table 'Abetti III' 6-max Seat #1 is the button
Seat 1: Headgtboy ($40.15 in chips)
Seat 3: GoliafUa ($128.25 in chips)
Headgtboy: posts small blind $1
GoliafUa: posts big blind $3
*** HOLE CARDS ***
Headgtboy: folds
Uncalled bet ($2) returned to GoliafUa
GoliafUa collected $2 from pot
*** SUMMARY ***
Total pot $2 | Rake $0
Seat 1: Headgtboy (button) (small blind) folded before Flop
Seat 3: GoliafUa (big blind) collected ($2)


PokerStars Hand #152259540061:  Hold'em Limit ($3/$6 USD) - 2016/04/21 19:45:19 ET
Table 'Abetti III' 6-max Seat #4 is the button
Seat 1: Chessnok ($163.16 in chips)
Seat 4: Yuriy Ceza11 ($22.88 in chips)
Yuriy Ceza11: posts small blind $1
Chessnok: posts big blind $3
*** HOLE CARDS ***
Yuriy Ceza11: folds
Uncalled bet ($2) returned to Chessnok
Chessnok collected $2 from pot
Chessnok: doesn't show hand
*** SUMMARY ***
Total pot $2 | Rake $0
Seat 1: Chessnok (big blind) collected ($2)
Seat 4: Yuriy Ceza11 (button) (small blind) folded before Flop


PokerStars Hand #152259536434:  Hold'em Limit ($3/$6 USD) - 2016/04/21 19:45:13 ET
Table 'Abetti III' 6-max Seat #1 is the button
Seat 1: Chessnok ($160.16 in chips)
Seat 4: Yuriy Ceza11 ($25.88 in chips)
Chessnok: posts small blind $1
Yuriy Ceza11: posts big blind $3
*** HOLE CARDS ***
Chessnok: raises $3 to $6
Yuriy Ceza11: folds
Uncalled bet ($3) returned to Chessnok
Chessnok collected $6 from pot
Chessnok: doesn't show hand
*** SUMMARY ***
Total pot $6 | Rake $0
Seat 1: Chessnok (button) (small blind) collected ($6)
Seat 4: Yuriy Ceza11 (big blind) folded before Flop


PokerStars Hand #152259528904:  Hold'em Limit ($3/$6 USD) - 2016/04/21 19:44:59 ET
Table 'Abetti III' 6-max Seat #4 is the button
Seat 1: Chessnok ($166.16 in chips)
Seat 4: Yuriy Ceza11 ($20.12 in chips)
Yuriy Ceza11: posts small blind $1
Chessnok: posts big blind $3
*** HOLE CARDS ***
Yuriy Ceza11: raises $3 to $6
Chessnok: calls $3
*** FLOP *** [Qh Kc 6h]
Chessnok: checks
Yuriy Ceza11: bets $3
Chessnok: folds
Uncalled bet ($3) returned to Yuriy Ceza11
Yuriy Ceza11 collected $11.76 from pot
*** SUMMARY ***
Total pot $12 | Rake $0.24
Board [Qh Kc 6h]
Seat 1: Chessnok (big blind) folded on the Flop
Seat 4: Yuriy Ceza11 (button) (small blind) collected ($11.76)


PokerStars Hand #152259543242:  Hold'em Limit ($3/$6 USD) - 2016/04/21 19:45:25 ET
Table 'Abetti III' 6-max Seat #1 is the button
Seat 1: Chessnok ($164.16 in chips)
Seat 4: Yuriy Ceza11 ($21.88 in chips)
Chessnok: posts small blind $1
Yuriy Ceza11: posts big blind $3
*** HOLE CARDS ***
Chessnok: raises $3 to $6
Yuriy Ceza11: calls $3
*** FLOP *** [7s 3d Qh]
Yuriy Ceza11: bets $3
Chessnok: calls $3
*** TURN *** [7s 3d Qh] [Ac]
Yuriy Ceza11: bets $6
Chessnok: calls $6
*** RIVER *** [7s 3d Qh Ac] [6h]
Yuriy Ceza11: bets $6
Chessnok: raises $6 to $12
Yuriy Ceza11: calls $0.88 and is all-in
Uncalled bet ($5.12) returned to Chessnok
*** SHOW DOWN ***
Chessnok: shows [Ah 4d] (a pair of Aces)
Yuriy Ceza11: shows [Js 6s] (a pair of Sixes)
Chessnok collected $43.26 from pot
*** SUMMARY ***
Total pot $43.76 | Rake $0.50
Board [7s 3d Qh Ac 6h]
Seat 1: Chessnok (button) (small blind) showed [Ah 4d] and won ($43.26) with a pair of Aces
Seat 4: Yuriy Ceza11 (big blind) showed [Js 6s] and lost with a pair of Sixes


PokerStars Hand #152259612153:  Hold'em Limit ($3/$6 USD) - 2016/04/21 19:47:36 ET
Table 'Abetti III' 6-max Seat #1 is the button
Seat 1: Chessnok ($186.54 in chips)
Seat 6: sienvan ($29 in chips)
Chessnok: posts small blind $1
sienvan: posts big blind $3
*** HOLE CARDS ***
Chessnok: raises $3 to $6
sienvan: calls $3
*** FLOP *** [4c 2s 7d]
sienvan: checks
Chessnok: bets $3
sienvan: calls $3
*** TURN *** [4c 2s 7d] [6d]
sienvan: checks
Chessnok: checks
*** RIVER *** [4c 2s 7d 6d] [7c]
sienvan: checks
Chessnok: bets $6
sienvan: folds
Uncalled bet ($6) returned to Chessnok
Chessnok collected $17.64 from pot
Chessnok: doesn't show hand
*** SUMMARY ***
Total pot $18 | Rake $0.36
Board [4c 2s 7d 6d 7c]
Seat 1: Chessnok (button) (small blind) collected ($17.64)
Seat 6: sienvan (big blind) folded on the River


PokerStars Hand #152259625400:  Hold'em Limit ($3/$6 USD) - 2016/04/21 19:48:01 ET
Table 'Abetti III' 6-max Seat #6 is the button
Seat 1: Chessnok ($195.18 in chips)
Seat 6: sienvan ($20 in chips)
sienvan: posts small blind $1
Chessnok: posts big blind $3
*** HOLE CARDS ***
sienvan: raises $3 to $6
Chessnok: raises $3 to $9
sienvan: raises $3 to $12
Betting is capped
Chessnok: calls $3
*** FLOP *** [2s Jd 6h]
Chessnok: checks
sienvan: bets $3
Chessnok: raises $3 to $6
sienvan: raises $2 to $8 and is all-in
Chessnok: calls $2
*** TURN *** [2s Jd 6h] [Ac]
*** RIVER *** [2s Jd 6h Ac] [Th]
*** SHOW DOWN ***
Chessnok: shows [Qh Jh] (a pair of Jacks)
sienvan: shows [Ks Ad] (a pair of Aces)
sienvan collected $39.50 from pot
*** SUMMARY ***
Total pot $40 | Rake $0.50
Board [2s Jd 6h Ac Th]
Seat 1: Chessnok (big blind) showed [Qh Jh] and lost with a pair of Jacks
Seat 6: sienvan (button) (small blind) showed [Ks Ad] and won ($39.50) with a pair of Aces


PokerStars Hand #152259668790:  Hold'em Limit ($3/$6 USD) - 2016/04/21 19:49:24 ET
Table 'Abetti III' 6-max Seat #1 is the button
Seat 1: Chessnok ($148.94 in chips)
Seat 6: sienvan ($65 in chips)
Chessnok: posts small blind $1
sienvan: posts big blind $3
*** HOLE CARDS ***
Chessnok: raises $3 to $6
sienvan: folds
Uncalled bet ($3) returned to Chessnok
Chessnok collected $6 from pot
Chessnok: doesn't show hand
*** SUMMARY ***
Total pot $6 | Rake $0
Seat 1: Chessnok (button) (small blind) collected ($6)
Seat 6: sienvan (big blind) folded before Flop


PokerStars Hand #152259661563:  Hold'em Limit ($3/$6 USD) - 2016/04/21 19:49:10 ET
Table 'Abetti III' 6-max Seat #6 is the button
Seat 1: Chessnok ($143.18 in chips)
Seat 6: sienvan ($71 in chips)
sienvan: posts small blind $1
Chessnok: posts big blind $3
*** HOLE CARDS ***
sienvan: calls $2
Chessnok: checks
*** FLOP *** [Jd 2c 3c]
Chessnok: bets $3
sienvan: calls $3
*** TURN *** [Jd 2c 3c] [6d]
Chessnok: bets $6
sienvan: folds
Uncalled bet ($6) returned to Chessnok
Chessnok collected $11.76 from pot
Chessnok: doesn't show hand
*** SUMMARY ***
Total pot $12 | Rake $0.24
Board [Jd 2c 3c 6d]
Seat 1: Chessnok (big blind) collected ($11.76)
Seat 6: sienvan (button) (small blind) folded on the Turn


PokerStars Hand #152259658314:  Hold'em Limit ($3/$6 USD) - 2016/04/21 19:49:04 ET
Table 'Abetti III' 6-max Seat #1 is the button
Seat 1: Chessnok ($140.18 in chips)
Seat 6: sienvan ($74 in chips)
Chessnok: posts small blind $1
sienvan: posts big blind $3
*** HOLE CARDS ***
Chessnok: raises $3 to $6
sienvan: folds
Uncalled bet ($3) returned to Chessnok
Chessnok collected $6 from pot
Chessnok: doesn't show hand
*** SUMMARY ***
Total pot $6 | Rake $0
Seat 1: Chessnok (button) (small blind) collected ($6)
Seat 6: sienvan (big blind) folded before Flop


PokerStars Hand #152259641500:  Hold'em Limit ($3/$6 USD) - 2016/04/21 19:48:32 ET
Table 'Abetti III' 6-max Seat #1 is the button
Seat 1: Chessnok ($175.18 in chips)
Seat 6: sienvan ($39.50 in chips)
Chessnok: posts small blind $1
sienvan: posts big blind $3
*** HOLE CARDS ***
Chessnok: raises $3 to $6
sienvan: raises $3 to $9
Chessnok: calls $3
*** FLOP *** [6s Kd Qd]
sienvan: checks
Chessnok: bets $3
sienvan: calls $3
*** TURN *** [6s Kd Qd] [Jc]
sienvan: bets $6
Chessnok: raises $6 to $12
sienvan: raises $6 to $18
Chessnok: calls $6
*** RIVER *** [6s Kd Qd Jc] [8c]
sienvan: bets $6
Chessnok: calls $6
*** SHOW DOWN ***
sienvan: shows [Qc Qh] (three of a kind, Queens)
Chessnok: mucks hand
sienvan collected $71.50 from pot
*** SUMMARY ***
Total pot $72 | Rake $0.50
Board [6s Kd Qd Jc 8c]
Seat 1: Chessnok (button) (small blind) mucked
Seat 6: sienvan (big blind) showed [Qc Qh] and won ($71.50) with three of a kind, Queens


PokerStars Hand #152259701756:  Hold'em Limit ($3/$6 USD) - 2016/04/21 19:50:26 ET
Table 'Abetti III' 6-max Seat #6 is the button
Seat 1: Chessnok ($142.70 in chips)
Seat 6: sienvan ($70.50 in chips)
sienvan: posts small blind $1
Chessnok: posts big blind $3
*** HOLE CARDS ***
sienvan: folds
Uncalled bet ($2) returned to Chessnok
Chessnok collected $2 from pot
Chessnok: doesn't show hand
*** SUMMARY ***
Total pot $2 | Rake $0
Seat 1: Chessnok (big blind) collected ($2)
Seat 6: sienvan (button) (small blind) folded before Flop


PokerStars Hand #152259698333:  Hold'em Limit ($3/$6 USD) - 2016/04/21 19:50:20 ET
Table 'Abetti III' 6-max Seat #1 is the button
Seat 1: Chessnok ($139.70 in chips)
Seat 6: sienvan ($73.50 in chips)
Chessnok: posts small blind $1
sienvan: posts big blind $3
*** HOLE CARDS ***
Chessnok: raises $3 to $6
sienvan: folds
Uncalled bet ($3) returned to Chessnok
Chessnok collected $6 from pot
Chessnok: doesn't show hand
*** SUMMARY ***
Total pot $6 | Rake $0
Seat 1: Chessnok (button) (small blind) collected ($6)
Seat 6: sienvan (big blind) folded before Flop


PokerStars Hand #152259690051:  Hold'em Limit ($3/$6 USD) - 2016/04/21 19:50:04 ET
Table 'Abetti III' 6-max Seat #6 is the button
Seat 1: Chessnok ($133.94 in chips)
Seat 6: sienvan ($79.50 in chips)
sienvan: posts small blind $1
Chessnok: posts big blind $3
*** HOLE CARDS ***
sienvan: calls $2
Chessnok: raises $3 to $6
sienvan: calls $3
*** FLOP *** [4d 5h Qs]
Chessnok: bets $3
sienvan: folds
Uncalled bet ($3) returned to Chessnok
Chessnok collected $11.76 from pot
Chessnok: doesn't show hand
*** SUMMARY ***
Total pot $12 | Rake $0.24
Board [4d 5h Qs]
Seat 1: Chessnok (big blind) collected ($11.76)
Seat 6: sienvan (button) (small blind) folded on the Flop


PokerStars Hand #152259683749:  Hold'em Limit ($3/$6 USD) - 2016/04/21 19:49:52 ET
Table 'Abetti III' 6-max Seat #6 is the button
Seat 1: Chessnok ($133.94 in chips)
Seat 6: sienvan ($79.50 in chips)
sienvan: posts small blind $1
Chessnok: posts big blind $3
*** HOLE CARDS ***
sienvan: folds
Uncalled bet ($2) returned to Chessnok
Chessnok collected $2 from pot
Chessnok: doesn't show hand
*** SUMMARY ***
Total pot $2 | Rake $0
Seat 1: Chessnok (big blind) collected ($2)
Seat 6: sienvan (button) (small blind) folded before Flop


PokerStars Hand #152259681127:  Hold'em Limit ($3/$6 USD) - 2016/04/21 19:49:47 ET
Table 'Abetti III' 6-max Seat #1 is the button
Seat 1: Chessnok ($130.94 in chips)
Seat 6: sienvan ($82.50 in chips)
Chessnok: posts small blind $1
sienvan: posts big blind $3
*** HOLE CARDS ***
Chessnok: raises $3 to $6
sienvan: folds
Uncalled bet ($3) returned to Chessnok
Chessnok collected $6 from pot
Chessnok: doesn't show hand
*** SUMMARY ***
Total pot $6 | Rake $0
Seat 1: Chessnok (button) (small blind) collected ($6)
Seat 6: sienvan (big blind) folded before Flop


PokerStars Hand #152259671465:  Hold'em Limit ($3/$6 USD) - 2016/04/21 19:49:29 ET
Table 'Abetti III' 6-max Seat #6 is the button
Seat 1: Chessnok ($151.94 in chips)
Seat 6: sienvan ($62 in chips)
sienvan: posts small blind $1
Chessnok: posts big blind $3
*** HOLE CARDS ***
sienvan: raises $3 to $6
Chessnok: calls $3
*** FLOP *** [4c Qc 8d]
Chessnok: checks
sienvan: bets $3
Chessnok: calls $3
*** TURN *** [4c Qc 8d] [6c]
Chessnok: checks
sienvan: bets $6
Chessnok: calls $6
*** RIVER *** [4c Qc 8d 6c] [Tc]
Chessnok: bets $6
sienvan: calls $6
*** SHOW DOWN ***
Chessnok: shows [3c Kh] (a flush, Queen high)
sienvan: shows [As 8c] (a flush, Queen high - Eight higher)
sienvan collected $41.50 from pot
*** SUMMARY ***
Total pot $42 | Rake $0.50
Board [4c Qc 8d 6c Tc]
Seat 1: Chessnok (big blind) showed [3c Kh] and lost with a flush, Queen high
Seat 6: sienvan (button) (small blind) showed [As 8c] and won ($41.50) with a flush, Queen high


PokerStars Hand #152259716129:  Hold'em Limit ($3/$6 USD) - 2016/04/21 19:50:54 ET
Table 'Abetti III' 6-max Seat #6 is the button
Seat 1: Chessnok ($134.70 in chips)
Seat 6: sienvan ($78.14 in chips)
sienvan: posts small blind $1
Chessnok: posts big blind $3
*** HOLE CARDS ***
sienvan: folds
Uncalled bet ($2) returned to Chessnok
Chessnok collected $2 from pot
Chessnok: doesn't show hand
*** SUMMARY ***
Total pot $2 | Rake $0
Seat 1: Chessnok (big blind) collected ($2)
Seat 6: sienvan (button) (small blind) folded before Flop


PokerStars Hand #152259704085:  Hold'em Limit ($3/$6 USD) - 2016/04/21 19:50:31 ET
Table 'Abetti III' 6-max Seat #1 is the button
Seat 1: Chessnok ($143.70 in chips)
Seat 6: sienvan ($69.50 in chips)
Chessnok: posts small blind $1
sienvan: posts big blind $3
*** HOLE CARDS ***
Chessnok: raises $3 to $6
sienvan: raises $3 to $9
Chessnok: calls $3
*** FLOP *** [2h Kh 6d]
sienvan: bets $3
Chessnok: folds
Uncalled bet ($3) returned to sienvan
sienvan collected $17.64 from pot
sienvan: doesn't show hand
*** SUMMARY ***
Total pot $18 | Rake $0.36
Board [2h Kh 6d]
Seat 1: Chessnok (button) (small blind) folded on the Flop
Seat 6: sienvan (big blind) collected ($17.64)


PokerStars Hand #152259731644:  Hold'em Limit ($3/$6 USD) - 2016/04/21 19:51:23 ET
Table 'Abetti III' 6-max Seat #6 is the button
Seat 1: Chessnok ($138.70 in chips)
Seat 6: sienvan ($74.14 in chips)
sienvan: posts small blind $1
Chessnok: posts big blind $3
*** HOLE CARDS ***
sienvan: folds
Uncalled bet ($2) returned to Chessnok
Chessnok collected $2 from pot
Chessnok: doesn't show hand
*** SUMMARY ***
Total pot $2 | Rake $0
Seat 1: Chessnok (big blind) collected ($2)
Seat 6: sienvan (button) (small blind) folded before Flop


PokerStars Hand #152259726069:  Hold'em Limit ($3/$6 USD) - 2016/04/21 19:51:13 ET
Table 'Abetti III' 6-max Seat #1 is the button
Seat 1: Chessnok ($135.70 in chips)
Seat 6: sienvan ($77.14 in chips)
Chessnok: posts small blind $1
sienvan: posts big blind $3
*** HOLE CARDS ***
Chessnok: raises $3 to $6
sienvan: folds
Uncalled bet ($3) returned to Chessnok
Chessnok collected $6 from pot
Chessnok: doesn't show hand
*** SUMMARY ***
Total pot $6 | Rake $0
Seat 1: Chessnok (button) (small blind) collected ($6)
Seat 6: sienvan (big blind) folded before Flop


PokerStars Hand #152259723187:  Hold'em Limit ($3/$6 USD) - 2016/04/21 19:51:07 ET
Table 'Abetti III' 6-max Seat #6 is the button
Seat 1: Chessnok ($134.70 in chips)
Seat 6: sienvan ($78.14 in chips)
sienvan: posts small blind $1
Chessnok: posts big blind $3
*** HOLE CARDS ***
sienvan: folds
Uncalled bet ($2) returned to Chessnok
Chessnok collected $2 from pot
Chessnok: doesn't show hand
*** SUMMARY ***
Total pot $2 | Rake $0
Seat 1: Chessnok (big blind) collected ($2)
Seat 6: sienvan (button) (small blind) folded before Flop


PokerStars Hand #152259738040:  Hold'em Limit ($3/$6 USD) - 2016/04/21 19:51:35 ET
Table 'Abetti III' 6-max Seat #6 is the button
Seat 1: Chessnok ($138.70 in chips)
Seat 6: sienvan ($74.14 in chips)
sienvan: posts small blind $1
Chessnok: posts big blind $3
*** HOLE CARDS ***
sienvan: folds
Uncalled bet ($2) returned to Chessnok
Chessnok collected $2 from pot
Chessnok: doesn't show hand
*** SUMMARY ***
Total pot $2 | Rake $0
Seat 1: Chessnok (big blind) collected ($2)
Seat 6: sienvan (button) (small blind) folded before Flop


PokerStars Hand #152259733936:  Hold'em Limit ($3/$6 USD) - 2016/04/21 19:51:27 ET
Table 'Abetti III' 6-max Seat #1 is the button
Seat 1: Chessnok ($139.70 in chips)
Seat 6: sienvan ($73.14 in chips)
Chessnok: posts small blind $1
sienvan: posts big blind $3
*** HOLE CARDS ***
Chessnok: folds
Uncalled bet ($2) returned to sienvan
sienvan collected $2 from pot
sienvan: doesn't show hand
*** SUMMARY ***
Total pot $2 | Rake $0
Seat 1: Chessnok (button) (small blind) folded before Flop
Seat 6: sienvan (big blind) collected ($2)


PokerStars Hand #152259740602:  Hold'em Limit ($3/$6 USD) - 2016/04/21 19:51:40 ET
Table 'Abetti III' 6-max Seat #1 is the button
Seat 1: Chessnok ($139.70 in chips)
Seat 6: sienvan ($73.14 in chips)
Chessnok: posts small blind $1
sienvan: posts big blind $3
*** HOLE CARDS ***
Chessnok: raises $3 to $6
sienvan: calls $3
*** FLOP *** [4d 4h 6h]
sienvan: checks
Chessnok: bets $3
sienvan: raises $3 to $6
Chessnok: calls $3
*** TURN *** [4d 4h 6h] [Ts]
sienvan: bets $6
Chessnok: calls $6
*** RIVER *** [4d 4h 6h Ts] [7h]
sienvan: bets $6
Chessnok: folds
Uncalled bet ($6) returned to sienvan
sienvan collected $35.50 from pot
sienvan: doesn't show hand
*** SUMMARY ***
Total pot $36 | Rake $0.50
Board [4d 4h 6h Ts 7h]
Seat 1: Chessnok (button) (small blind) folded on the River
Seat 6: sienvan (big blind) collected ($35.50)


PokerStars Hand #152259757765:  Hold'em Limit ($3/$6 USD) - 2016/04/21 19:52:13 ET
Table 'Abetti III' 6-max Seat #6 is the button
Seat 1: Chessnok ($121.70 in chips)
Seat 6: sienvan ($90.64 in chips)
sienvan: posts small blind $1
Chessnok: posts big blind $3
*** HOLE CARDS ***
sienvan: raises $3 to $6
Chessnok: raises $3 to $9
sienvan: calls $3
*** FLOP *** [Ts 4h 2d]
Chessnok: bets $3
sienvan: calls $3
*** TURN *** [Ts 4h 2d] [Qh]
Chessnok: bets $6
sienvan: raises $6 to $12
Chessnok: calls $6
*** RIVER *** [Ts 4h 2d Qh] [5s]
Chessnok: checks
sienvan: bets $6
Chessnok: calls $6
*** SHOW DOWN ***
sienvan: shows [Qs Kd] (a pair of Queens)
Chessnok: mucks hand
sienvan collected $59.50 from pot
*** SUMMARY ***
Total pot $60 | Rake $0.50
Board [Ts 4h 2d Qh 5s]
Seat 1: Chessnok (big blind) mucked
Seat 6: sienvan (button) (small blind) showed [Qs Kd] and won ($59.50) with a pair of Queens


PokerStars Hand #152259791391:  Hold'em Limit ($3/$6 USD) - 2016/04/21 19:53:18 ET
Table 'Abetti III' 6-max Seat #1 is the button
Seat 1: Chessnok ($76.46 in chips)
Seat 6: sienvan ($134.64 in chips)
Chessnok: posts small blind $1
sienvan: posts big blind $3
*** HOLE CARDS ***
Chessnok: raises $3 to $6
sienvan: calls $3
*** FLOP *** [2d Ks Th]
sienvan: checks
Chessnok: bets $3
sienvan: calls $3
*** TURN *** [2d Ks Th] [4c]
sienvan: checks
Chessnok: bets $6
sienvan: folds
Uncalled bet ($6) returned to Chessnok
Chessnok collected $17.64 from pot
Chessnok: doesn't show hand
*** SUMMARY ***
Total pot $18 | Rake $0.36
Board [2d Ks Th 4c]
Seat 1: Chessnok (button) (small blind) collected ($17.64)
Seat 6: sienvan (big blind) folded on the Turn


PokerStars Hand #152259780980:  Hold'em Limit ($3/$6 USD) - 2016/04/21 19:52:58 ET
Table 'Abetti III' 6-max Seat #6 is the button
Seat 1: Chessnok ($97.46 in chips)
Seat 6: sienvan ($114.14 in chips)
sienvan: posts small blind $1
Chessnok: posts big blind $3
*** HOLE CARDS ***
sienvan: raises $3 to $6
Chessnok: calls $3
*** FLOP *** [2s 3h Jh]
Chessnok: checks
sienvan: bets $3
Chessnok: calls $3
*** TURN *** [2s 3h Jh] [Qd]
Chessnok: checks
sienvan: checks
*** RIVER *** [2s 3h Jh Qd] [Ks]
Chessnok: bets $6
sienvan: raises $6 to $12
Chessnok: calls $6
*** SHOW DOWN ***
sienvan: shows [2h 2c] (three of a kind, Deuces)
Chessnok: mucks hand
sienvan collected $41.50 from pot
*** SUMMARY ***
Total pot $42 | Rake $0.50
Board [2s 3h Jh Qd Ks]
Seat 1: Chessnok (big blind) mucked
Seat 6: sienvan (button) (small blind) showed [2h 2c] and won ($41.50) with three of a kind, Deuces


PokerStars Hand #152259776020:  Hold'em Limit ($3/$6 USD) - 2016/04/21 19:52:48 ET
Table 'Abetti III' 6-max Seat #1 is the button
Seat 1: Chessnok ($91.70 in chips)
Seat 6: sienvan ($120.14 in chips)
Chessnok: posts small blind $1
sienvan: posts big blind $3
*** HOLE CARDS ***
Chessnok: raises $3 to $6
sienvan: calls $3
*** FLOP *** [Th 2d Jd]
sienvan: checks
Chessnok: bets $3
sienvan: folds
Uncalled bet ($3) returned to Chessnok
Chessnok collected $11.76 from pot
Chessnok: doesn't show hand
*** SUMMARY ***
Total pot $12 | Rake $0.24
Board [Th 2d Jd]
Seat 1: Chessnok (button) (small blind) collected ($11.76)
Seat 6: sienvan (big blind) folded on the Flop


PokerStars Hand #152259806092:  Hold'em Limit ($3/$6 USD) - 2016/04/21 19:53:36 ET
Table 'Abetti III' 6-max Seat #1 is the button
Seat 1: Chessnok ($86.10 in chips)
Seat 6: sienvan ($124.64 in chips)
Chessnok: posts small blind $1
sienvan: posts big blind $3
*** HOLE CARDS ***
Chessnok: folds
Uncalled bet ($2) returned to sienvan
sienvan collected $2 from pot
sienvan: doesn't show hand
*** SUMMARY ***
Total pot $2 | Rake $0
Seat 1: Chessnok (button) (small blind) folded before Flop
Seat 6: sienvan (big blind) collected ($2)


PokerStars Hand #152259803812:  Hold'em Limit ($3/$6 USD) - 2016/04/21 19:53:31 ET
Table 'Abetti III' 6-max Seat #6 is the button
Seat 1: Chessnok ($85.10 in chips)
Seat 6: sienvan ($125.64 in chips)
sienvan: posts small blind $1
Chessnok: posts big blind $3
*** HOLE CARDS ***
sienvan: folds
Uncalled bet ($2) returned to Chessnok
Chessnok collected $2 from pot
Chessnok: doesn't show hand
*** SUMMARY ***
Total pot $2 | Rake $0
Seat 1: Chessnok (big blind) collected ($2)
Seat 6: sienvan (button) (small blind) folded before Flop


PokerStars Hand #152259808920:  Hold'em Limit ($3/$6 USD) - 2016/04/21 19:53:41 ET
Table 'Abetti III' 6-max Seat #6 is the button
Seat 1: Chessnok ($85.10 in chips)
Seat 6: sienvan ($125.64 in chips)
sienvan: posts small blind $1
Chessnok: posts big blind $3
*** HOLE CARDS ***
sienvan: folds
Uncalled bet ($2) returned to Chessnok
Chessnok collected $2 from pot
Chessnok: doesn't show hand
*** SUMMARY ***
Total pot $2 | Rake $0
Seat 1: Chessnok (big blind) collected ($2)
Seat 6: sienvan (button) (small blind) folded before Flop


PokerStars Hand #152259828371:  Hold'em Limit ($3/$6 USD) - 2016/04/21 19:54:19 ET
Table 'Abetti III' 6-max Seat #1 is the button
Seat 1: Chessnok ($72.10 in chips)
Seat 6: sienvan ($138.14 in chips)
Chessnok: posts small blind $1
sienvan: posts big blind $3
*** HOLE CARDS ***
Chessnok: folds
Uncalled bet ($2) returned to sienvan
sienvan collected $2 from pot
sienvan: doesn't show hand
*** SUMMARY ***
Total pot $2 | Rake $0
Seat 1: Chessnok (button) (small blind) folded before Flop
Seat 6: sienvan (big blind) collected ($2)


PokerStars Hand #152259825937:  Hold'em Limit ($3/$6 USD) - 2016/04/21 19:54:14 ET
Table 'Abetti III' 6-max Seat #6 is the button
Seat 1: Chessnok ($71.10 in chips)
Seat 6: sienvan ($139.14 in chips)
sienvan: posts small blind $1
Chessnok: posts big blind $3
*** HOLE CARDS ***
sienvan: folds
Uncalled bet ($2) returned to Chessnok
Chessnok collected $2 from pot
Chessnok: doesn't show hand
*** SUMMARY ***
Total pot $2 | Rake $0
Seat 1: Chessnok (big blind) collected ($2)
Seat 6: sienvan (button) (small blind) folded before Flop


PokerStars Hand #152259823480:  Hold'em Limit ($3/$6 USD) - 2016/04/21 19:54:10 ET
Table 'Abetti III' 6-max Seat #1 is the button
Seat 1: Chessnok ($72.10 in chips)
Seat 6: sienvan ($138.14 in chips)
Chessnok: posts small blind $1
sienvan: posts big blind $3
*** HOLE CARDS ***
Chessnok: folds
Uncalled bet ($2) returned to sienvan
sienvan collected $2 from pot
sienvan: doesn't show hand
*** SUMMARY ***
Total pot $2 | Rake $0
Seat 1: Chessnok (button) (small blind) folded before Flop
Seat 6: sienvan (big blind) collected ($2)


PokerStars Hand #152259821148:  Hold'em Limit ($3/$6 USD) - 2016/04/21 19:54:05 ET
Table 'Abetti III' 6-max Seat #6 is the button
Seat 1: Chessnok ($71.10 in chips)
Seat 6: sienvan ($139.14 in chips)
sienvan: posts small blind $1
Chessnok: posts big blind $3
*** HOLE CARDS ***
sienvan: folds
Uncalled bet ($2) returned to Chessnok
Chessnok collected $2 from pot
Chessnok: doesn't show hand
*** SUMMARY ***
Total pot $2 | Rake $0
Seat 1: Chessnok (big blind) collected ($2)
Seat 6: sienvan (button) (small blind) folded before Flop


PokerStars Hand #152259811113:  Hold'em Limit ($3/$6 USD) - 2016/04/21 19:53:46 ET
Table 'Abetti III' 6-max Seat #1 is the button
Seat 1: Chessnok ($86.10 in chips)
Seat 6: sienvan ($124.64 in chips)
Chessnok: posts small blind $1
sienvan: posts big blind $3
*** HOLE CARDS ***
Chessnok: raises $3 to $6
sienvan: calls $3
*** FLOP *** [Jd 7d 9c]
sienvan: checks
Chessnok: bets $3
sienvan: calls $3
*** TURN *** [Jd 7d 9c] [6h]
sienvan: checks
Chessnok: bets $6
sienvan: calls $6
*** RIVER *** [Jd 7d 9c 6h] [Td]
sienvan: checks
Chessnok: checks
*** SHOW DOWN ***
sienvan: shows [Th 9h] (two pair, Tens and Nines)
Chessnok: mucks hand
sienvan collected $29.50 from pot
*** SUMMARY ***
Total pot $30 | Rake $0.50
Board [Jd 7d 9c 6h Td]
Seat 1: Chessnok (button) (small blind) mucked
Seat 6: sienvan (big blind) showed [Th 9h] and won ($29.50) with two pair, Tens and Nines


PokerStars Hand #152259855896:  Hold'em Limit ($3/$6 USD) - 2016/04/21 19:55:12 ET
Table 'Abetti III' 6-max Seat #6 is the button
Seat 1: Chessnok ($98.36 in chips)
Seat 6: sienvan ($110.66 in chips)
sienvan: posts small blind $1
Chessnok: posts big blind $3
*** HOLE CARDS ***
sienvan: raises $3 to $6
Chessnok: raises $3 to $9
sienvan: calls $3
*** FLOP *** [Kd 6c Td]
Chessnok: bets $3
sienvan: raises $3 to $6
Chessnok: calls $3
*** TURN *** [Kd 6c Td] [9s]
Chessnok: bets $6
sienvan: calls $6
*** RIVER *** [Kd 6c Td 9s] [Kh]
Chessnok: bets $6
sienvan: folds
Uncalled bet ($6) returned to Chessnok
Chessnok collected $41.50 from pot
Chessnok: doesn't show hand
*** SUMMARY ***
Total pot $42 | Rake $0.50
Board [Kd 6c Td 9s Kh]
Seat 1: Chessnok (big blind) collected ($41.50)
Seat 6: sienvan (button) (small blind) folded on the River


PokerStars Hand #152259832212:  Hold'em Limit ($3/$6 USD) - 2016/04/21 19:54:26 ET
Table 'Abetti III' 6-max Seat #6 is the button
Seat 1: Chessnok ($71.10 in chips)
Seat 6: sienvan ($139.14 in chips)
sienvan: posts small blind $1
Chessnok: posts big blind $3
*** HOLE CARDS ***
sienvan: calls $2
Chessnok: raises $3 to $6
sienvan: calls $3
*** FLOP *** [Js 6d 8s]
Chessnok: bets $3
sienvan: calls $3
*** TURN *** [Js 6d 8s] [Qh]
Chessnok: bets $6
sienvan: calls $6
*** RIVER *** [Js 6d 8s Qh] [Th]
Chessnok: bets $6
sienvan: raises $6 to $12
Chessnok: raises $6 to $18
sienvan: calls $6
*** SHOW DOWN ***
Chessnok: shows [Kd Ad] (a straight, Ten to Ace)
sienvan: mucks hand
Chessnok collected $65.50 from pot
*** SUMMARY ***
Total pot $66 | Rake $0.50
Board [Js 6d 8s Qh Th]
Seat 1: Chessnok (big blind) showed [Kd Ad] and won ($65.50) with a straight, Ten to Ace
Seat 6: sienvan (button) (small blind) mucked


PokerStars Hand #152259849342:  Hold'em Limit ($3/$6 USD) - 2016/04/21 19:54:59 ET
Table 'Abetti III' 6-max Seat #1 is the button
Seat 1: Chessnok ($110.36 in chips)
Seat 6: sienvan ($99.14 in chips)
Chessnok: posts small blind $1
sienvan: posts big blind $3
*** HOLE CARDS ***
Chessnok: raises $3 to $6
sienvan: raises $3 to $9
Chessnok: calls $3
*** FLOP *** [9c 2c Ts]
sienvan: bets $3
Chessnok: calls $3
*** TURN *** [9c 2c Ts] [3h]
sienvan: bets $6
Chessnok: folds
Uncalled bet ($6) returned to sienvan
sienvan collected $23.52 from pot
sienvan: doesn't show hand
*** SUMMARY ***
Total pot $24 | Rake $0.48
Board [9c 2c Ts 3h]
Seat 1: Chessnok (button) (small blind) folded on the Turn
Seat 6: sienvan (big blind) collected ($23.52)


PokerStars Hand #152259847093:  Hold'em Limit ($3/$6 USD) - 2016/04/21 19:54:55 ET
Table 'Abetti III' 6-max Seat #6 is the button
Seat 1: Chessnok ($109.36 in chips)
Seat 6: sienvan ($100.14 in chips)
sienvan: posts small blind $1
Chessnok: posts big blind $3
*** HOLE CARDS ***
sienvan: folds
Uncalled bet ($2) returned to Chessnok
Chessnok collected $2 from pot
Chessnok: doesn't show hand
*** SUMMARY ***
Total pot $2 | Rake $0
Seat 1: Chessnok (big blind) collected ($2)
Seat 6: sienvan (button) (small blind) folded before Flop


PokerStars Hand #152259842113:  Hold'em Limit ($3/$6 USD) - 2016/04/21 19:54:45 ET
Table 'Abetti III' 6-max Seat #1 is the button
Seat 1: Chessnok ($103.60 in chips)
Seat 6: sienvan ($106.14 in chips)
Chessnok: posts small blind $1
sienvan: posts big blind $3
*** HOLE CARDS ***
Chessnok: raises $3 to $6
sienvan: calls $3
*** FLOP *** [2s Qs 2d]
sienvan: checks
Chessnok: bets $3
sienvan: folds
Uncalled bet ($3) returned to Chessnok
Chessnok collected $11.76 from pot
Chessnok: doesn't show hand
*** SUMMARY ***
Total pot $12 | Rake $0.24
Board [2s Qs 2d]
Seat 1: Chessnok (button) (small blind) collected ($11.76)
Seat 6: sienvan (big blind) folded on the Flop


PokerStars Hand #152259886410:  Hold'em Limit ($3/$6 USD) - 2016/04/21 19:56:24 ET
Table 'Abetti III' 6-max Seat #6 is the button
Seat 1: Chessnok ($171.38 in chips)
Seat 6: sienvan ($35.66 in chips)
sienvan: posts small blind $1
Chessnok: posts big blind $3
*** HOLE CARDS ***
sienvan: calls $2
Chessnok: checks
*** FLOP *** [Qs 4s 9h]
Chessnok: bets $3
sienvan: calls $3
*** TURN *** [Qs 4s 9h] [5h]
Chessnok: bets $6
sienvan: calls $6
*** RIVER *** [Qs 4s 9h 5h] [Ah]
Chessnok: bets $6
sienvan: folds
Uncalled bet ($6) returned to Chessnok
Chessnok collected $23.52 from pot
Chessnok: doesn't show hand
*** SUMMARY ***
Total pot $24 | Rake $0.48
Board [Qs 4s 9h 5h Ah]
Seat 1: Chessnok (big blind) collected ($23.52)
Seat 6: sienvan (button) (small blind) folded on the River


PokerStars Hand #152259880468:  Hold'em Limit ($3/$6 USD) - 2016/04/21 19:56:10 ET
Table 'Abetti III' 6-max Seat #1 is the button
Seat 1: Chessnok ($150.88 in chips)
Seat 6: sienvan ($56.66 in chips)
Chessnok: posts small blind $1
sienvan: posts big blind $3
*** HOLE CARDS ***
Chessnok: raises $3 to $6
sienvan: calls $3
*** FLOP *** [6h 3s Qc]
sienvan: checks
Chessnok: bets $3
sienvan: calls $3
*** TURN *** [6h 3s Qc] [5d]
sienvan: checks
Chessnok: bets $6
sienvan: calls $6
*** RIVER *** [6h 3s Qc 5d] [6s]
sienvan: bets $6
Chessnok: raises $6 to $12
sienvan: folds
Uncalled bet ($6) returned to Chessnok
Chessnok collected $41.50 from pot
Chessnok: doesn't show hand
*** SUMMARY ***
Total pot $42 | Rake $0.50
Board [6h 3s Qc 5d 6s]
Seat 1: Chessnok (button) (small blind) collected ($41.50)
Seat 6: sienvan (big blind) folded on the River


PokerStars Hand #152259873821:  Hold'em Limit ($3/$6 USD) - 2016/04/21 19:55:54 ET
Table 'Abetti III' 6-max Seat #6 is the button
Seat 1: Chessnok ($139.36 in chips)
Seat 6: sienvan ($68.66 in chips)
sienvan: posts small blind $1
Chessnok: posts big blind $3
*** HOLE CARDS ***
sienvan: raises $3 to $6
Chessnok: calls $3
*** FLOP *** [5d Jc 6h]
Chessnok: checks
sienvan: checks
*** TURN *** [5d Jc 6h] [Jd]
Chessnok: bets $6
sienvan: calls $6
*** RIVER *** [5d Jc 6h Jd] [Kc]
Chessnok: checks
sienvan: checks
*** SHOW DOWN ***
Chessnok: shows [As 4h] (a pair of Jacks)
sienvan: mucks hand
Chessnok collected $23.52 from pot
*** SUMMARY ***
Total pot $24 | Rake $0.48
Board [5d Jc 6h Jd Kc]
Seat 1: Chessnok (big blind) showed [As 4h] and won ($23.52) with a pair of Jacks
Seat 6: sienvan (button) (small blind) mucked


PokerStars Hand #152259867065:  Hold'em Limit ($3/$6 USD) - 2016/04/21 19:55:38 ET
Table 'Abetti III' 6-max Seat #1 is the button
Seat 1: Chessnok ($118.86 in chips)
Seat 6: sienvan ($89.66 in chips)
Chessnok: posts small blind $1
sienvan: posts big blind $3
*** HOLE CARDS ***
Chessnok: raises $3 to $6
sienvan: calls $3
*** FLOP *** [8c 5s 8h]
sienvan: checks
Chessnok: bets $3
sienvan: calls $3
*** TURN *** [8c 5s 8h] [4c]
sienvan: checks
Chessnok: bets $6
sienvan: calls $6
*** RIVER *** [8c 5s 8h 4c] [8s]
sienvan: checks
Chessnok: bets $6
sienvan: calls $6
*** SHOW DOWN ***
Chessnok: shows [3d 3s] (a full house, Eights full of Threes)
sienvan: mucks hand
Chessnok collected $41.50 from pot
*** SUMMARY ***
Total pot $42 | Rake $0.50
Board [8c 5s 8h 4c 8s]
Seat 1: Chessnok (button) (small blind) showed [3d 3s] and won ($41.50) with a full house, Eights full of Threes
Seat 6: sienvan (big blind) mucked


PokerStars Hand #152259905270:  Hold'em Limit ($3/$6 USD) - 2016/04/21 19:57:08 ET
Table 'Abetti III' 6-max Seat #6 is the button
Seat 1: Chessnok ($188.66 in chips)
Seat 6: sienvan ($17.66 in chips)
sienvan: posts small blind $1
Chessnok: posts big blind $3
*** HOLE CARDS ***
sienvan: raises $3 to $6
Chessnok: calls $3
*** FLOP *** [3c Jh Qd]
Chessnok: checks
sienvan: bets $3
Chessnok: folds
Uncalled bet ($3) returned to sienvan
sienvan collected $11.76 from pot
sienvan: doesn't show hand
*** SUMMARY ***
Total pot $12 | Rake $0.24
Board [3c Jh Qd]
Seat 1: Chessnok (big blind) folded on the Flop
Seat 6: sienvan (button) (small blind) collected ($11.76)


PokerStars Hand #152259899678:  Hold'em Limit ($3/$6 USD) - 2016/04/21 19:56:55 ET
Table 'Abetti III' 6-max Seat #1 is the button
Seat 1: Chessnok ($182.90 in chips)
Seat 6: sienvan ($23.66 in chips)
Chessnok: posts small blind $1
sienvan: posts big blind $3
*** HOLE CARDS ***
Chessnok: raises $3 to $6
sienvan: calls $3
*** FLOP *** [8d 8c 6c]
sienvan: checks
Chessnok: bets $3
sienvan: folds
Uncalled bet ($3) returned to Chessnok
Chessnok collected $11.76 from pot
Chessnok: doesn't show hand
*** SUMMARY ***
Total pot $12 | Rake $0.24
Board [8d 8c 6c]
Seat 1: Chessnok (button) (small blind) collected ($11.76)
Seat 6: sienvan (big blind) folded on the Flop


PokerStars Hand #152259895025:  Hold'em Limit ($3/$6 USD) - 2016/04/21 19:56:44 ET
Table 'Abetti III' 6-max Seat #6 is the button
Seat 1: Chessnok ($185.90 in chips)
Seat 6: sienvan ($20.66 in chips)
sienvan: posts small blind $1
Chessnok: posts big blind $3
*** HOLE CARDS ***
sienvan: raises $3 to $6
Chessnok: folds
Uncalled bet ($3) returned to sienvan
sienvan collected $6 from pot
sienvan: doesn't show hand
*** SUMMARY ***
Total pot $6 | Rake $0
Seat 1: Chessnok (big blind) folded before Flop
Seat 6: sienvan (button) (small blind) collected ($6)


PokerStars Hand #152259892510:  Hold'em Limit ($3/$6 USD) - 2016/04/21 19:56:38 ET
Table 'Abetti III' 6-max Seat #1 is the button
Seat 1: Chessnok ($182.90 in chips)
Seat 6: sienvan ($23.66 in chips)
Chessnok: posts small blind $1
sienvan: posts big blind $3
*** HOLE CARDS ***
Chessnok: raises $3 to $6
sienvan: folds
Uncalled bet ($3) returned to Chessnok
Chessnok collected $6 from pot
Chessnok: doesn't show hand
*** SUMMARY ***
Total pot $6 | Rake $0
Seat 1: Chessnok (button) (small blind) collected ($6)
Seat 6: sienvan (big blind) folded before Flop


PokerStars Hand #152259925114:  Hold'em Limit ($3/$6 USD) - 2016/04/21 19:57:54 ET
Table 'Abetti III' 6-max Seat #1 is the button
Seat 1: Chessnok ($156.24 in chips)
Seat 6: sienvan ($49.34 in chips)
Chessnok: posts small blind $1
sienvan: posts big blind $3
*** HOLE CARDS ***
Chessnok: raises $3 to $6
sienvan: folds
Uncalled bet ($3) returned to Chessnok
Chessnok collected $6 from pot
Chessnok: doesn't show hand
*** SUMMARY ***
Total pot $6 | Rake $0
Seat 1: Chessnok (button) (small blind) collected ($6)
Seat 6: sienvan (big blind) folded before Flop


PokerStars Hand #152259920399:  Hold'em Limit ($3/$6 USD) - 2016/04/21 19:57:43 ET
Table 'Abetti III' 6-max Seat #6 is the button
Seat 1: Chessnok ($159.24 in chips)
Seat 6: sienvan ($46.34 in chips)
sienvan: posts small blind $1
Chessnok: posts big blind $3
*** HOLE CARDS ***
sienvan: raises $3 to $6
Chessnok: folds
Uncalled bet ($3) returned to sienvan
sienvan collected $6 from pot
sienvan: doesn't show hand
*** SUMMARY ***
Total pot $6 | Rake $0
Seat 1: Chessnok (big blind) folded before Flop
Seat 6: sienvan (button) (small blind) collected ($6)


PokerStars Hand #152259927443:  Hold'em Limit ($3/$6 USD) - 2016/04/21 19:57:59 ET
Table 'Abetti III' 6-max Seat #6 is the button
Seat 1: Chessnok ($159.24 in chips)
Seat 6: sienvan ($46.34 in chips)
sienvan: posts small blind $1
Chessnok: posts big blind $3
*** HOLE CARDS ***
sienvan: folds
Uncalled bet ($2) returned to Chessnok
Chessnok collected $2 from pot
Chessnok: doesn't show hand
*** SUMMARY ***
Total pot $2 | Rake $0
Seat 1: Chessnok (big blind) collected ($2)
Seat 6: sienvan (button) (small blind) folded before Flop


PokerStars Hand #152259929392:  Hold'em Limit ($3/$6 USD) - 2016/04/21 19:58:04 ET
Table 'Abetti III' 6-max Seat #1 is the button
Seat 1: Chessnok ($160.24 in chips)
Seat 6: sienvan ($45.34 in chips)
Chessnok: posts small blind $1
sienvan: posts big blind $3
*** HOLE CARDS ***
Chessnok: raises $3 to $6
sienvan: raises $3 to $9
Chessnok: calls $3
*** FLOP *** [8d As 9d]
sienvan: bets $3
Chessnok: calls $3
*** TURN *** [8d As 9d] [6d]
sienvan: bets $6
Chessnok: calls $6
*** RIVER *** [8d As 9d 6d] [3s]
sienvan: checks
Chessnok: bets $6
sienvan: folds
Uncalled bet ($6) returned to Chessnok
Chessnok collected $35.50 from pot
Chessnok: doesn't show hand
*** SUMMARY ***
Total pot $36 | Rake $0.50
Board [8d As 9d 6d 3s]
Seat 1: Chessnok (button) (small blind) collected ($35.50)
Seat 6: sienvan (big blind) folded on the River


PokerStars Hand #152259935518:  Hold'em Limit ($3/$6 USD) - 2016/04/21 19:58:18 ET
Table 'Abetti III' 6-max Seat #6 is the button
Seat 1: Chessnok ($177.74 in chips)
Seat 6: sienvan ($27.34 in chips)
sienvan: posts small blind $1
Chessnok: posts big blind $3
*** HOLE CARDS ***
sienvan: raises $3 to $6
Chessnok: calls $3
*** FLOP *** [Th Ts 4c]
Chessnok: checks
sienvan: bets $3
Chessnok: folds
Uncalled bet ($3) returned to sienvan
sienvan collected $11.76 from pot
sienvan: doesn't show hand
*** SUMMARY ***
Total pot $12 | Rake $0.24
Board [Th Ts 4c]
Seat 1: Chessnok (big blind) folded on the Flop
Seat 6: sienvan (button) (small blind) collected ($11.76)


PokerStars Hand #152259943771:  Hold'em Limit ($3/$6 USD) - 2016/04/21 19:58:37 ET
Table 'Abetti III' 6-max Seat #1 is the button
Seat 1: Chessnok ($175.74 in chips)
Seat 6: sienvan ($29.10 in chips)
Chessnok: posts small blind $1
sienvan: posts big blind $3
*** HOLE CARDS ***
Chessnok: raises $3 to $6
sienvan: folds
Uncalled bet ($3) returned to Chessnok
Chessnok collected $6 from pot
Chessnok: doesn't show hand
*** SUMMARY ***
Total pot $6 | Rake $0
Seat 1: Chessnok (button) (small blind) collected ($6)
Seat 6: sienvan (big blind) folded before Flop


PokerStars Hand #152259941973:  Hold'em Limit ($3/$6 USD) - 2016/04/21 19:58:33 ET
Table 'Abetti III' 6-max Seat #6 is the button
Seat 1: Chessnok ($174.74 in chips)
Seat 6: sienvan ($30.10 in chips)
sienvan: posts small blind $1
Chessnok: posts big blind $3
*** HOLE CARDS ***
sienvan: folds
Uncalled bet ($2) returned to Chessnok
Chessnok collected $2 from pot
Chessnok: doesn't show hand
*** SUMMARY ***
Total pot $2 | Rake $0
Seat 1: Chessnok (big blind) collected ($2)
Seat 6: sienvan (button) (small blind) folded before Flop


PokerStars Hand #152259939031:  Hold'em Limit ($3/$6 USD) - 2016/04/21 19:58:26 ET
Table 'Abetti III' 6-max Seat #1 is the button
Seat 1: Chessnok ($171.74 in chips)
Seat 6: sienvan ($33.10 in chips)
Chessnok: posts small blind $1
sienvan: posts big blind $3
*** HOLE CARDS ***
Chessnok: raises $3 to $6
sienvan: folds
Uncalled bet ($3) returned to Chessnok
Chessnok collected $6 from pot
Chessnok: doesn't show hand
*** SUMMARY ***
Total pot $6 | Rake $0
Seat 1: Chessnok (button) (small blind) collected ($6)
Seat 6: sienvan (big blind) folded before Flop


