PokerStars Hand #170253219024:  Hold'em Limit ($3/$6 USD) - 2017/05/11 1:24:48 ET
Table 'Abnoba' 6-max Seat #1 is the button
Seat 1: LifeisagameX ($84 in chips)
Seat 3: artecris ($161.54 in chips)
LifeisagameX: posts small blind $1
artecris: posts big blind $3
*** HOLE CARDS ***
LifeisagameX: raises $3 to $6
artecris: folds
Uncalled bet ($3) returned to LifeisagameX
LifeisagameX collected $6 from pot
LifeisagameX: doesn't show hand
*** SUMMARY ***
Total pot $6 | Rake $0
Seat 1: LifeisagameX (button) (small blind) collected ($6)
Seat 3: artecris (big blind) folded before Flop


PokerStars Hand #170253225419:  Hold'em Limit ($3/$6 USD) - 2017/05/11 1:25:13 ET
Table 'Abnoba' 6-max Seat #3 is the button
Seat 1: LifeisagameX ($87 in chips)
Seat 3: artecris ($158.54 in chips)
artecris: posts small blind $1
LifeisagameX: posts big blind $3
*** HOLE CARDS ***
artecris: raises $3 to $6
LifeisagameX: calls $3
*** FLOP *** [Ts 3s 6s]
LifeisagameX: checks
artecris: bets $3
LifeisagameX: raises $3 to $6
artecris: calls $3
*** TURN *** [Ts 3s 6s] [4d]
LifeisagameX: bets $6
artecris: calls $6
*** RIVER *** [Ts 3s 6s 4d] [5c]
LifeisagameX: bets $6
artecris: calls $6
*** SHOW DOWN ***
LifeisagameX: shows [6d Th] (two pair, Tens and Sixes)
artecris: mucks hand
LifeisagameX collected $47.50 from pot
*** SUMMARY ***
Total pot $48 | Rake $0.50
Board [Ts 3s 6s 4d 5c]
Seat 1: LifeisagameX (big blind) showed [6d Th] and won ($47.50) with two pair, Tens and Sixes
Seat 3: artecris (button) (small blind) mucked


PokerStars Hand #170253250049:  Hold'em Limit ($3/$6 USD) - 2017/05/11 1:26:47 ET
Table 'Abnoba' 6-max Seat #1 is the button
Seat 1: LifeisagameX ($110.50 in chips)
Seat 3: artecris ($134.54 in chips)
LifeisagameX: posts small blind $1
artecris: posts big blind $3
*** HOLE CARDS ***
LifeisagameX: folds
Uncalled bet ($2) returned to artecris
LifeisagameX leaves the table
artecris collected $2 from pot
artecris: doesn't show hand
*** SUMMARY ***
Total pot $2 | Rake $0
Seat 1: LifeisagameX (button) (small blind) folded before Flop
Seat 3: artecris (big blind) collected ($2)


PokerStars Hand #170253489989:  Hold'em Limit ($3/$6 USD) - 2017/05/11 1:42:19 ET
Table 'Abnoba' 6-max Seat #4 is the button
Seat 2: artecris ($106.80 in chips)
Seat 4: Agrotait ($82.68 in chips)
Agrotait: posts small blind $1
artecris: posts big blind $3
*** HOLE CARDS ***
Agrotait: raises $3 to $6
artecris: calls $3
*** FLOP *** [5s 2d 9s]
artecris: checks
Agrotait: bets $3
artecris: calls $3
*** TURN *** [5s 2d 9s] [7d]
artecris: checks
Agrotait: checks
*** RIVER *** [5s 2d 9s 7d] [Ac]
artecris: bets $6
Agrotait: folds
Uncalled bet ($6) returned to artecris
artecris collected $17.64 from pot
artecris: doesn't show hand
*** SUMMARY ***
Total pot $18 | Rake $0.36
Board [5s 2d 9s 7d Ac]
Seat 2: artecris (big blind) collected ($17.64)
Seat 4: Agrotait (button) (small blind) folded on the River


PokerStars Hand #170253595705:  Hold'em Limit ($3/$6 USD) - 2017/05/11 1:48:52 ET
Table 'Abnoba' 6-max Seat #3 is the button
Seat 3: tttzzz ($67.52 in chips)
Seat 5: Koraseg ($109.43 in chips)
tttzzz: posts small blind $1
Koraseg: posts big blind $3
*** HOLE CARDS ***
tttzzz: folds
Uncalled bet ($2) returned to Koraseg
Koraseg collected $2 from pot
Koraseg: doesn't show hand
*** SUMMARY ***
Total pot $2 | Rake $0
Seat 3: tttzzz (button) (small blind) folded before Flop
Seat 5: Koraseg (big blind) collected ($2)


PokerStars Hand #170253590869:  Hold'em Limit ($3/$6 USD) - 2017/05/11 1:48:33 ET
Table 'Abnoba' 6-max Seat #5 is the button
Seat 3: tttzzz ($56 in chips)
Seat 5: Koraseg ($121.43 in chips)
Koraseg: posts small blind $1
tttzzz: posts big blind $3
*** HOLE CARDS ***
Koraseg: raises $3 to $6
tttzzz: calls $3
*** FLOP *** [Td 7d 7c]
Agrotait leaves the table
tttzzz: checks
Koraseg: bets $3
tttzzz: raises $3 to $6
Koraseg: calls $3
*** TURN *** [Td 7d 7c] [9d]
tttzzz: bets $6
Koraseg: folds
Uncalled bet ($6) returned to tttzzz
tttzzz collected $23.52 from pot
tttzzz: doesn't show hand
*** SUMMARY ***
Total pot $24 | Rake $0.48
Board [Td 7d 7c 9d]
Seat 3: tttzzz (big blind) collected ($23.52)
Seat 5: Koraseg (button) (small blind) folded on the Turn


