PokerStars Hand #149315127404:  Hold'em Limit ($3/$6 USD) - 2016/02/23 19:44:33 ET
Table 'Abnoba' 6-max Seat #3 is the button
Seat 3: xcgxcg2005 ($117 in chips)
Seat 6: anetkaapro ($75 in chips)
xcgxcg2005: posts small blind $1
anetkaapro: posts big blind $3
*** HOLE CARDS ***
xcgxcg2005: raises $3 to $6
anetkaapro: calls $3
*** FLOP *** [Qd Qh 6h]
anetkaapro: checks
xcgxcg2005: bets $3
anetkaapro: folds
Uncalled bet ($3) returned to xcgxcg2005
xcgxcg2005 collected $11.76 from pot
xcgxcg2005: doesn't show hand
*** SUMMARY ***
Total pot $12 | Rake $0.24
Board [Qd Qh 6h]
Seat 3: xcgxcg2005 (button) (small blind) collected ($11.76)
Seat 6: anetkaapro (big blind) folded on the Flop


PokerStars Hand #149315165071:  Hold'em Limit ($3/$6 USD) - 2016/02/23 19:45:35 ET
Table 'Abnoba' 6-max Seat #6 is the button
Seat 3: xcgxcg2005 ($124.16 in chips)
Seat 6: anetkaapro ($73 in chips)
anetkaapro: posts small blind $1
xcgxcg2005: posts big blind $3
*** HOLE CARDS ***
anetkaapro: raises $3 to $6
xcgxcg2005: raises $3 to $9
anetkaapro: calls $3
*** FLOP *** [5d 3c 9h]
xcgxcg2005: bets $3
anetkaapro: calls $3
*** TURN *** [5d 3c 9h] [Qs]
xcgxcg2005: bets $6
anetkaapro: calls $6
*** RIVER *** [5d 3c 9h Qs] [Qd]
xcgxcg2005: checks
anetkaapro: checks
*** SHOW DOWN ***
xcgxcg2005: shows [As 2s] (a pair of Queens)
anetkaapro: shows [4s Ah] (a pair of Queens)
xcgxcg2005 collected $17.75 from pot
anetkaapro collected $17.75 from pot
*** SUMMARY ***
Total pot $36 | Rake $0.50
Board [5d 3c 9h Qs Qd]
Seat 3: xcgxcg2005 (big blind) showed [As 2s] and won ($17.75) with a pair of Queens
Seat 6: anetkaapro (button) (small blind) showed [4s Ah] and won ($17.75) with a pair of Queens


PokerStars Hand #149315161924:  Hold'em Limit ($3/$6 USD) - 2016/02/23 19:45:30 ET
Table 'Abnoba' 6-max Seat #3 is the button
Seat 3: xcgxcg2005 ($125.16 in chips)
Seat 6: anetkaapro ($72 in chips)
xcgxcg2005: posts small blind $1
anetkaapro: posts big blind $3
*** HOLE CARDS ***
xcgxcg2005: folds
Uncalled bet ($2) returned to anetkaapro
anetkaapro collected $2 from pot
anetkaapro: doesn't show hand
*** SUMMARY ***
Total pot $2 | Rake $0
Seat 3: xcgxcg2005 (button) (small blind) folded before Flop
Seat 6: anetkaapro (big blind) collected ($2)


PokerStars Hand #149315153557:  Hold'em Limit ($3/$6 USD) - 2016/02/23 19:45:16 ET
Table 'Abnoba' 6-max Seat #6 is the button
Seat 3: xcgxcg2005 ($116.52 in chips)
Seat 6: anetkaapro ($77.52 in chips)
anetkaapro: posts small blind $1
xcgxcg2005: posts big blind $3
*** HOLE CARDS ***
anetkaapro: raises $3 to $6
xcgxcg2005: calls $3
*** FLOP *** [5d 3s 4d]
xcgxcg2005: checks
anetkaapro: bets $3
xcgxcg2005: calls $3
*** TURN *** [5d 3s 4d] [6s]
xcgxcg2005: checks
anetkaapro: checks
*** RIVER *** [5d 3s 4d 6s] [9d]
xcgxcg2005: checks
anetkaapro: checks
*** SHOW DOWN ***
xcgxcg2005: shows [As Th] (high card Ace)
anetkaapro: mucks hand
xcgxcg2005 collected $17.64 from pot
*** SUMMARY ***
Total pot $18 | Rake $0.36
Board [5d 3s 4d 6s 9d]
Seat 3: xcgxcg2005 (big blind) showed [As Th] and won ($17.64) with high card Ace
Seat 6: anetkaapro (button) (small blind) mucked


PokerStars Hand #149315147929:  Hold'em Limit ($3/$6 USD) - 2016/02/23 19:45:07 ET
Table 'Abnoba' 6-max Seat #3 is the button
Seat 3: xcgxcg2005 ($110.76 in chips)
Seat 6: anetkaapro ($83.52 in chips)
xcgxcg2005: posts small blind $1
anetkaapro: posts big blind $3
*** HOLE CARDS ***
xcgxcg2005: raises $3 to $6
anetkaapro: calls $3
*** FLOP *** [6s Td Tc]
anetkaapro: checks
xcgxcg2005: bets $3
anetkaapro: folds
Uncalled bet ($3) returned to xcgxcg2005
xcgxcg2005 collected $11.76 from pot
xcgxcg2005: doesn't show hand
*** SUMMARY ***
Total pot $12 | Rake $0.24
Board [6s Td Tc]
Seat 3: xcgxcg2005 (button) (small blind) collected ($11.76)
Seat 6: anetkaapro (big blind) folded on the Flop


PokerStars Hand #149315191194:  Hold'em Limit ($3/$6 USD) - 2016/02/23 19:46:18 ET
Table 'Abnoba' 6-max Seat #3 is the button
Seat 3: xcgxcg2005 ($153.17 in chips)
Seat 6: anetkaapro ($72 in chips)
xcgxcg2005: posts small blind $1
anetkaapro: posts big blind $3
*** HOLE CARDS ***
xcgxcg2005: folds
Uncalled bet ($2) returned to anetkaapro
anetkaapro collected $2 from pot
anetkaapro: doesn't show hand
*** SUMMARY ***
Total pot $2 | Rake $0
Seat 3: xcgxcg2005 (button) (small blind) folded before Flop
Seat 6: anetkaapro (big blind) collected ($2)


PokerStars Hand #149315175254:  Hold'em Limit ($3/$6 USD) - 2016/02/23 19:45:52 ET
Table 'Abnoba' 6-max Seat #3 is the button
Seat 3: xcgxcg2005 ($123.91 in chips)
Seat 6: anetkaapro ($72.75 in chips)
xcgxcg2005: posts small blind $1
anetkaapro: posts big blind $3
*** HOLE CARDS ***
xcgxcg2005: raises $3 to $6
anetkaapro: calls $3
*** FLOP *** [9s 8h 9c]
anetkaapro: checks
xcgxcg2005: bets $3
anetkaapro: folds
Uncalled bet ($3) returned to xcgxcg2005
xcgxcg2005 collected $11.76 from pot
xcgxcg2005: doesn't show hand
*** SUMMARY ***
Total pot $12 | Rake $0.24
Board [9s 8h 9c]
Seat 3: xcgxcg2005 (button) (small blind) collected ($11.76)
Seat 6: anetkaapro (big blind) folded on the Flop


PokerStars Hand #149315634015:  Hold'em Limit ($3/$6 USD) - 2016/02/23 19:59:28 ET
Table 'Abnoba' 6-max Seat #6 is the button
Seat 2: ajmaster333 ($47.02 in chips)
Seat 6: Chessnok ($110 in chips)
Chessnok: posts small blind $1
ajmaster333: posts big blind $3
*** HOLE CARDS ***
Chessnok: raises $3 to $6
ajmaster333: calls $3
*** FLOP *** [2d 9c 6h]
ajmaster333: checks
Chessnok: bets $3
DePokeraap leaves the table
ajmaster333: calls $3
*** TURN *** [2d 9c 6h] [7c]
ajmaster333: checks
Chessnok: checks
*** RIVER *** [2d 9c 6h 7c] [4s]
ajmaster333: bets $6
Chessnok: calls $6
*** SHOW DOWN ***
ajmaster333: shows [5h 8s] (a straight, Five to Nine)
Chessnok: mucks hand
ajmaster333 collected $29.50 from pot
*** SUMMARY ***
Total pot $30 | Rake $0.50
Board [2d 9c 6h 7c 4s]
Seat 2: ajmaster333 (big blind) showed [5h 8s] and won ($29.50) with a straight, Five to Nine
Seat 6: Chessnok (button) (small blind) mucked


PokerStars Hand #149315628705:  Hold'em Limit ($3/$6 USD) - 2016/02/23 19:59:18 ET
Table 'Abnoba' 6-max Seat #6 is the button
Seat 2: ajmaster333 ($47.02 in chips)
Seat 6: Chessnok ($110 in chips)
Chessnok: posts small blind $1
ajmaster333: posts big blind $3
*** HOLE CARDS ***
Chessnok: folds
Uncalled bet ($2) returned to ajmaster333
ajmaster333 collected $2 from pot
ajmaster333: doesn't show hand
*** SUMMARY ***
Total pot $2 | Rake $0
Seat 2: ajmaster333 (big blind) collected ($2)
Seat 6: Chessnok (button) (small blind) folded before Flop


PokerStars Hand #149315624515:  Hold'em Limit ($3/$6 USD) - 2016/02/23 19:59:09 ET
Table 'Abnoba' 6-max Seat #2 is the button
Seat 2: ajmaster333 ($44.02 in chips)
Seat 6: Chessnok ($113 in chips)
ajmaster333: posts small blind $1
DePokeraap: is sitting out
Chessnok: posts big blind $3
*** HOLE CARDS ***
ajmaster333: raises $3 to $6
Chessnok: folds
Uncalled bet ($3) returned to ajmaster333
ajmaster333 collected $6 from pot
ajmaster333: doesn't show hand
*** SUMMARY ***
Total pot $6 | Rake $0
Seat 2: ajmaster333 (button) (small blind) collected ($6)
Seat 6: Chessnok (big blind) folded before Flop


PokerStars Hand #149315631056:  Hold'em Limit ($3/$6 USD) - 2016/02/23 19:59:22 ET
Table 'Abnoba' 6-max Seat #2 is the button
Seat 2: ajmaster333 ($48.02 in chips)
Seat 6: Chessnok ($109 in chips)
ajmaster333: posts small blind $1
Chessnok: posts big blind $3
*** HOLE CARDS ***
ajmaster333: folds
Uncalled bet ($2) returned to Chessnok
Chessnok collected $2 from pot
Chessnok: doesn't show hand
*** SUMMARY ***
Total pot $2 | Rake $0
Seat 2: ajmaster333 (button) (small blind) folded before Flop
Seat 6: Chessnok (big blind) collected ($2)


PokerStars Hand #149315647373:  Hold'em Limit ($3/$6 USD) - 2016/02/23 19:59:56 ET
Table 'Abnoba' 6-max Seat #2 is the button
Seat 2: ajmaster333 ($61.52 in chips)
Seat 6: Chessnok ($95 in chips)
ajmaster333: posts small blind $1
Chessnok: posts big blind $3
*** HOLE CARDS ***
ajmaster333: raises $3 to $6
Chessnok: calls $3
*** FLOP *** [Ac 6c Qh]
Chessnok: checks
ajmaster333: bets $3
Chessnok: calls $3
*** TURN *** [Ac 6c Qh] [2d]
Chessnok: checks
ajmaster333: bets $6
Chessnok: raises $6 to $12
ajmaster333: calls $6
*** RIVER *** [Ac 6c Qh 2d] [4h]
Chessnok: bets $6
ajmaster333: calls $6
*** SHOW DOWN ***
Chessnok: shows [Ah 3h] (a pair of Aces)
ajmaster333: mucks hand
Chessnok collected $53.50 from pot
*** SUMMARY ***
Total pot $54 | Rake $0.50
Board [Ac 6c Qh 2d 4h]
Seat 2: ajmaster333 (button) (small blind) mucked
Seat 6: Chessnok (big blind) showed [Ah 3h] and won ($53.50) with a pair of Aces


PokerStars Hand #149315660539:  Hold'em Limit ($3/$6 USD) - 2016/02/23 20:00:21 ET
Table 'Abnoba' 6-max Seat #6 is the button
Seat 2: ajmaster333 ($34.52 in chips)
Seat 6: Chessnok ($121.50 in chips)
Chessnok: posts small blind $1
anetkaapro was removed from the table for failing to post
ajmaster333: posts big blind $3
*** HOLE CARDS ***
Chessnok: raises $3 to $6
ajmaster333: raises $3 to $9
Chessnok: calls $3
*** FLOP *** [3h 3s 2h]
ajmaster333: bets $3
Chessnok: calls $3
*** TURN *** [3h 3s 2h] [4c]
ajmaster333: bets $6
Chessnok: calls $6
*** RIVER *** [3h 3s 2h 4c] [7s]
ajmaster333: bets $6
Chessnok: folds
Uncalled bet ($6) returned to ajmaster333
ajmaster333 collected $35.50 from pot
ajmaster333: doesn't show hand
*** SUMMARY ***
Total pot $36 | Rake $0.50
Board [3h 3s 2h 4c 7s]
Seat 2: ajmaster333 (big blind) collected ($35.50)
Seat 6: Chessnok (button) (small blind) folded on the River


PokerStars Hand #149315671903:  Hold'em Limit ($3/$6 USD) - 2016/02/23 20:00:43 ET
Table 'Abnoba' 6-max Seat #2 is the button
Seat 2: ajmaster333 ($52.02 in chips)
Seat 6: Chessnok ($103.50 in chips)
ajmaster333: posts small blind $1
Chessnok: posts big blind $3
*** HOLE CARDS ***
ajmaster333: raises $3 to $6
Chessnok: calls $3
*** FLOP *** [5s 9s 4d]
Chessnok: checks
ajmaster333: bets $3
Chessnok: raises $3 to $6
ajmaster333: calls $3
*** TURN *** [5s 9s 4d] [Kc]
Chessnok: bets $6
ajmaster333: raises $6 to $12
Chessnok: calls $6
*** RIVER *** [5s 9s 4d Kc] [6c]
Chessnok: checks
ajmaster333: bets $6
Chessnok: calls $6
*** SHOW DOWN ***
ajmaster333: shows [Qs Jc] (high card King)
Chessnok: shows [Js 9h] (a pair of Nines)
Chessnok collected $59.50 from pot
*** SUMMARY ***
Total pot $60 | Rake $0.50
Board [5s 9s 4d Kc 6c]
Seat 2: ajmaster333 (button) (small blind) showed [Qs Jc] and lost with high card King
Seat 6: Chessnok (big blind) showed [Js 9h] and won ($59.50) with a pair of Nines


PokerStars Hand #149315699442:  Hold'em Limit ($3/$6 USD) - 2016/02/23 20:01:32 ET
Table 'Abnoba' 6-max Seat #2 is the button
Seat 2: ajmaster333 ($16.02 in chips)
Seat 6: Chessnok ($138.76 in chips)
ajmaster333: posts small blind $1
Chessnok: posts big blind $3
*** HOLE CARDS ***
ajmaster333: folds
Uncalled bet ($2) returned to Chessnok
Chessnok collected $2 from pot
Chessnok: doesn't show hand
*** SUMMARY ***
Total pot $2 | Rake $0
Seat 2: ajmaster333 (button) (small blind) folded before Flop
Seat 6: Chessnok (big blind) collected ($2)


PokerStars Hand #149315692642:  Hold'em Limit ($3/$6 USD) - 2016/02/23 20:01:20 ET
Table 'Abnoba' 6-max Seat #6 is the button
Seat 2: ajmaster333 ($22.02 in chips)
Seat 6: Chessnok ($133 in chips)
Chessnok: posts small blind $1
ajmaster333: posts big blind $3
*** HOLE CARDS ***
Chessnok: raises $3 to $6
ajmaster333: calls $3
*** FLOP *** [Ad Ks 9h]
ajmaster333: checks
Chessnok: bets $3
ajmaster333: folds
Uncalled bet ($3) returned to Chessnok
Chessnok collected $11.76 from pot
Chessnok: doesn't show hand
*** SUMMARY ***
Total pot $12 | Rake $0.24
Board [Ad Ks 9h]
Seat 2: ajmaster333 (big blind) folded on the Flop
Seat 6: Chessnok (button) (small blind) collected ($11.76)


PokerStars Hand #149315714505:  Hold'em Limit ($3/$6 USD) - 2016/02/23 20:01:59 ET
Table 'Abnoba' 6-max Seat #2 is the button
Seat 2: ajmaster333 ($29.54 in chips)
Seat 6: Chessnok ($124.74 in chips)
ajmaster333: posts small blind $1
Chessnok: posts big blind $3
*** HOLE CARDS ***
ajmaster333: folds
Uncalled bet ($2) returned to Chessnok
Chessnok collected $2 from pot
Chessnok: doesn't show hand
*** SUMMARY ***
Total pot $2 | Rake $0
Seat 2: ajmaster333 (button) (small blind) folded before Flop
Seat 6: Chessnok (big blind) collected ($2)


PokerStars Hand #149315702363:  Hold'em Limit ($3/$6 USD) - 2016/02/23 20:01:38 ET
Table 'Abnoba' 6-max Seat #6 is the button
Seat 2: ajmaster333 ($15.02 in chips)
Seat 6: Chessnok ($139.76 in chips)
Chessnok: posts small blind $1
ajmaster333: posts big blind $3
*** HOLE CARDS ***
Chessnok: raises $3 to $6
ajmaster333: raises $3 to $9
Chessnok: calls $3
*** FLOP *** [Jd 8h Ts]
ajmaster333: bets $3
Chessnok: raises $3 to $6
ajmaster333: raises $0.02 to $6.02 and is all-in
Chessnok: calls $0.02
*** TURN *** [Jd 8h Ts] [Tc]
*** RIVER *** [Jd 8h Ts Tc] [Qh]
*** SHOW DOWN ***
ajmaster333: shows [5s 5d] (two pair, Tens and Fives)
Chessnok: shows [Kh 7h] (a pair of Tens)
ajmaster333 collected $29.54 from pot
*** SUMMARY ***
Total pot $30.04 | Rake $0.50
Board [Jd 8h Ts Tc Qh]
Seat 2: ajmaster333 (big blind) showed [5s 5d] and won ($29.54) with two pair, Tens and Fives
Seat 6: Chessnok (button) (small blind) showed [Kh 7h] and lost with a pair of Tens


PokerStars Hand #149315717379:  Hold'em Limit ($3/$6 USD) - 2016/02/23 20:02:04 ET
Table 'Abnoba' 6-max Seat #6 is the button
Seat 2: ajmaster333 ($28.54 in chips)
Seat 6: Chessnok ($125.74 in chips)
Chessnok: posts small blind $1
ajmaster333: posts big blind $3
*** HOLE CARDS ***
Chessnok: raises $3 to $6
ajmaster333: calls $3
*** FLOP *** [5h 7s Ac]
ajmaster333: checks
Chessnok: bets $3
ajmaster333: calls $3
*** TURN *** [5h 7s Ac] [Qc]
ajmaster333: checks
Chessnok: bets $6
ajmaster333: calls $6
*** RIVER *** [5h 7s Ac Qc] [Ts]
ajmaster333: checks
Chessnok: bets $6
ajmaster333: calls $6
*** SHOW DOWN ***
Chessnok: shows [5s 7h] (two pair, Sevens and Fives)
ajmaster333: mucks hand
Chessnok collected $41.50 from pot
*** SUMMARY ***
Total pot $42 | Rake $0.50
Board [5h 7s Ac Qc Ts]
Seat 2: ajmaster333 (big blind) mucked
Seat 6: Chessnok (button) (small blind) showed [5s 7h] and won ($41.50) with two pair, Sevens and Fives


PokerStars Hand #149315736379:  Hold'em Limit ($3/$6 USD) - 2016/02/23 20:02:38 ET
Table 'Abnoba' 6-max Seat #2 is the button
Seat 2: ajmaster333 ($7.54 in chips)
Seat 6: Chessnok ($146.24 in chips)
ajmaster333: posts small blind $1
Chessnok: posts big blind $3
*** HOLE CARDS ***
ajmaster333: folds
Uncalled bet ($2) returned to Chessnok
Chessnok collected $2 from pot
Chessnok: doesn't show hand
*** SUMMARY ***
Total pot $2 | Rake $0
Seat 2: ajmaster333 (button) (small blind) folded before Flop
Seat 6: Chessnok (big blind) collected ($2)


PokerStars Hand #149315739429:  Hold'em Limit ($3/$6 USD) - 2016/02/23 20:02:43 ET
Table 'Abnoba' 6-max Seat #6 is the button
Seat 2: ajmaster333 ($6.54 in chips)
Seat 6: Chessnok ($147.24 in chips)
Chessnok: posts small blind $1
ajmaster333: posts big blind $3
*** HOLE CARDS ***
Chessnok: raises $3 to $6
ajmaster333: raises $0.54 to $6.54 and is all-in
Chessnok: calls $0.54
*** FLOP *** [As 5s Td]
*** TURN *** [As 5s Td] [6h]
*** RIVER *** [As 5s Td 6h] [6d]
*** SHOW DOWN ***
ajmaster333: shows [Tc Ah] (two pair, Aces and Tens)
Chessnok: shows [Qd 9c] (a pair of Sixes)
ajmaster333 collected $12.82 from pot
*** SUMMARY ***
Total pot $13.08 | Rake $0.26
Board [As 5s Td 6h 6d]
Seat 2: ajmaster333 (big blind) showed [Tc Ah] and won ($12.82) with two pair, Aces and Tens
Seat 6: Chessnok (button) (small blind) showed [Qd 9c] and lost with a pair of Sixes


PokerStars Hand #149315750351:  Hold'em Limit ($3/$6 USD) - 2016/02/23 20:03:02 ET
Table 'Abnoba' 6-max Seat #2 is the button
Seat 2: ajmaster333 ($12.82 in chips)
Seat 6: Chessnok ($140.70 in chips)
ajmaster333: posts small blind $1
Chessnok: posts big blind $3
*** HOLE CARDS ***
ajmaster333: raises $3 to $6
Chessnok: raises $3 to $9
ajmaster333: raises $3 to $12
Betting is capped
Chessnok: calls $3
*** FLOP *** [7s 9c 2c]
Chessnok: checks
ajmaster333: bets $0.82 and is all-in
Chessnok: calls $0.82
*** TURN *** [7s 9c 2c] [5s]
*** RIVER *** [7s 9c 2c 5s] [7c]
*** SHOW DOWN ***
Chessnok: shows [5d 5h] (a full house, Fives full of Sevens)
ajmaster333: shows [8h 8c] (two pair, Eights and Sevens)
Chessnok collected $25.14 from pot
*** SUMMARY ***
Total pot $25.64 | Rake $0.50
Board [7s 9c 2c 5s 7c]
Seat 2: ajmaster333 (button) (small blind) showed [8h 8c] and lost with two pair, Eights and Sevens
Seat 6: Chessnok (big blind) showed [5d 5h] and won ($25.14) with a full house, Fives full of Sevens


PokerStars Hand #149315969259:  Hold'em Limit ($3/$6 USD) - 2016/02/23 20:09:29 ET
Table 'Abnoba' 6-max Seat #6 is the button
Seat 4: anetkaapro ($112.54 in chips)
Seat 6: Chessnok ($93.02 in chips)
Chessnok: posts small blind $1
anetkaapro: posts big blind $3
*** HOLE CARDS ***
Chessnok: raises $3 to $6
anetkaapro: folds
Uncalled bet ($3) returned to Chessnok
Chessnok collected $6 from pot
Chessnok: doesn't show hand
*** SUMMARY ***
Total pot $6 | Rake $0
Seat 4: anetkaapro (big blind) folded before Flop
Seat 6: Chessnok (button) (small blind) collected ($6)


