PokerStars Hand #168831886014:  Hold'em Limit ($3/$6 USD) - 2017/04/10 3:44:38 ET
Table 'Abnoba' 6-max Seat #4 is the button
Seat 4: MTails ($114 in chips)
Seat 6: jackdog ($35.76 in chips)
MTails: posts small blind $1
jackdog: posts big blind $3
*** HOLE CARDS ***
MTails: raises $3 to $6
jackdog: folds
Uncalled bet ($3) returned to MTails
MTails collected $6 from pot
MTails: doesn't show hand
*** SUMMARY ***
Total pot $6 | Rake $0
Seat 4: MTails (button) (small blind) collected ($6)
Seat 6: jackdog (big blind) folded before Flop


PokerStars Hand #168831881306:  Hold'em Limit ($3/$6 USD) - 2017/04/10 3:44:22 ET
Table 'Abnoba' 6-max Seat #6 is the button
Seat 4: MTails ($120 in chips)
Seat 6: jackdog ($30 in chips)
jackdog: posts small blind $1
DismasX joins the table at seat #1
MTails: posts big blind $3
*** HOLE CARDS ***
jackdog: raises $3 to $6
MTails: calls $3
*** FLOP *** [Jc 7h Qh]
MTails: checks
jackdog: checks
*** TURN *** [Jc 7h Qh] [Ad]
MTails: checks
jackdog: bets $6
MTails: folds
Uncalled bet ($6) returned to jackdog
jackdog collected $11.76 from pot
jackdog: doesn't show hand
*** SUMMARY ***
Total pot $12 | Rake $0.24
Board [Jc 7h Qh Ad]
Seat 4: MTails (big blind) folded on the Turn
Seat 6: jackdog (button) (small blind) collected ($11.76)


