PokerStars Hand #148568762879:  Hold'em Limit ($3/$6 USD) - 2016/02/10 12:58:24 ET
Table 'Abnoba III' 6-max Seat #1 is the button
Seat 1: AzureCaper ($85.89 in chips)
Seat 5: Silverfox247 ($62.27 in chips)
AzureCaper: posts small blind $1
Ale4o: is sitting out
Silverfox247: posts big blind $3
*** HOLE CARDS ***
Airbag999 joins the table at seat #6
AzureCaper: raises $3 to $6
Ale4o leaves the table
Silverfox247: calls $3
*** FLOP *** [6d 7c 9d]
Silverfox247: checks
AzureCaper: bets $3
Silverfox247: calls $3
*** TURN *** [6d 7c 9d] [Th]
Silverfox247: checks
AzureCaper: bets $6
Silverfox247: raises $6 to $12
AzureCaper: calls $6
*** RIVER *** [6d 7c 9d Th] [Kc]
Silverfox247: bets $6
AzureCaper: folds
Uncalled bet ($6) returned to Silverfox247
Silverfox247 collected $41.50 from pot
Silverfox247: doesn't show hand
*** SUMMARY ***
Total pot $42 | Rake $0.50
Board [6d 7c 9d Th Kc]
Seat 1: AzureCaper (button) (small blind) folded on the River
Seat 5: Silverfox247 (big blind) collected ($41.50)


