PokerStars Hand #172911530036:  Hold'em Limit ($3/$6 USD) - 2017/07/11 17:46:34 ET
Table 'Abnoba II' 6-max Seat #1 is the button
Seat 1: Zubasa07 ($293.88 in chips)
Seat 2: ManuelSikora ($53.64 in chips)
Zubasa07: posts small blind $1
ManuelSikora: posts big blind $3
*** HOLE CARDS ***
Zubasa07: raises $3 to $6
ManuelSikora: calls $3
*** FLOP *** [7s 8h 8c]
ManuelSikora: checks
Zubasa07: bets $3
ManuelSikora: calls $3
*** TURN *** [7s 8h 8c] [Ts]
ManuelSikora: checks
Zubasa07: checks
*** RIVER *** [7s 8h 8c Ts] [3s]
ManuelSikora: checks
Zubasa07: bets $6
ManuelSikora: folds
Uncalled bet ($6) returned to Zubasa07
AzureCaper joins the table at seat #3
Zubasa07 collected $17.64 from pot
Zubasa07: doesn't show hand
*** SUMMARY ***
Total pot $18 | Rake $0.36
Board [7s 8h 8c Ts 3s]
Seat 1: Zubasa07 (button) (small blind) collected ($17.64)
Seat 2: ManuelSikora (big blind) folded on the River


PokerStars Hand #172911784632:  Hold'em Limit ($3/$6 USD) - 2017/07/11 17:52:12 ET
Table 'Abnoba II' 6-max Seat #2 is the button
Seat 2: ManuelSikora ($76.67 in chips)
Seat 3: AzureCaper ($74.07 in chips)
ManuelSikora: posts small blind $1
AzureCaper: posts big blind $3
*** HOLE CARDS ***
ManuelSikora: folds
Uncalled bet ($2) returned to AzureCaper
Zubasa07 leaves the table
AzureCaper collected $2 from pot
AzureCaper: doesn't show hand
*** SUMMARY ***
Total pot $2 | Rake $0
Seat 2: ManuelSikora (button) (small blind) folded before Flop
Seat 3: AzureCaper (big blind) collected ($2)


PokerStars Hand #172911780745:  Hold'em Limit ($3/$6 USD) - 2017/07/11 17:52:07 ET
Table 'Abnoba II' 6-max Seat #3 is the button
Seat 2: ManuelSikora ($75.67 in chips)
Seat 3: AzureCaper ($75.07 in chips)
AzureCaper: posts small blind $1
Zubasa07: is sitting out
ManuelSikora: posts big blind $3
*** HOLE CARDS ***
AzureCaper: folds
Uncalled bet ($2) returned to ManuelSikora
ManuelSikora collected $2 from pot
ManuelSikora: doesn't show hand
*** SUMMARY ***
Total pot $2 | Rake $0
Seat 2: ManuelSikora (big blind) collected ($2)
Seat 3: AzureCaper (button) (small blind) folded before Flop


PokerStars Hand #172911802845:  Hold'em Limit ($3/$6 USD) - 2017/07/11 17:52:37 ET
Table 'Abnoba II' 6-max Seat #2 is the button
Seat 2: ManuelSikora ($87.19 in chips)
Seat 3: AzureCaper ($72 in chips)
ManuelSikora: posts small blind $1
AzureCaper: posts big blind $3
*** HOLE CARDS ***
ManuelSikora: calls $2
AzureCaper: checks
*** FLOP *** [6s 2c 3d]
Zubasa07 joins the table at seat #4
AzureCaper: checks
ManuelSikora: bets $3
AzureCaper: raises $3 to $6
ManuelSikora: raises $3 to $9
AzureCaper: raises $3 to $12
Betting is capped
ManuelSikora: calls $3
*** TURN *** [6s 2c 3d] [Kc]
AzureCaper: bets $6
ManuelSikora: calls $6
*** RIVER *** [6s 2c 3d Kc] [9d]
AzureCaper: bets $6
ManuelSikora: calls $6
*** SHOW DOWN ***
AzureCaper: shows [6d 3s] (two pair, Sixes and Threes)
ManuelSikora: mucks hand
AzureCaper collected $53.50 from pot
*** SUMMARY ***
Total pot $54 | Rake $0.50
Board [6s 2c 3d Kc 9d]
Seat 2: ManuelSikora (button) (small blind) mucked
Seat 3: AzureCaper (big blind) showed [6d 3s] and won ($53.50) with two pair, Sixes and Threes


PokerStars Hand #172911789336:  Hold'em Limit ($3/$6 USD) - 2017/07/11 17:52:19 ET
Table 'Abnoba II' 6-max Seat #3 is the button
Seat 2: ManuelSikora ($75.67 in chips)
Seat 3: AzureCaper ($75.07 in chips)
AzureCaper: posts small blind $1
ManuelSikora: posts big blind $3
*** HOLE CARDS ***
AzureCaper: raises $3 to $6
ManuelSikora: calls $3
*** FLOP *** [4c Jh As]
ManuelSikora: bets $3
AzureCaper: raises $3 to $6
ManuelSikora: raises $3 to $9
AzureCaper: folds
Uncalled bet ($3) returned to ManuelSikora
ManuelSikora collected $23.52 from pot
ManuelSikora: doesn't show hand
*** SUMMARY ***
Total pot $24 | Rake $0.48
Board [4c Jh As]
Seat 2: ManuelSikora (big blind) collected ($23.52)
Seat 3: AzureCaper (button) (small blind) folded on the Flop


PokerStars Hand #172912052914:  Hold'em Limit ($3/$6 USD) - 2017/07/11 17:58:53 ET
Table 'Abnoba II' 6-max Seat #3 is the button
Seat 3: AzureCaper ($94.83 in chips)
Seat 5: pompier40 ($150 in chips)
AzureCaper: posts small blind $1
pompier40: posts big blind $3
*** HOLE CARDS ***
AzureCaper: raises $3 to $6
pompier40: calls $3
*** FLOP *** [9h 2d Th]
pompier40: checks
AzureCaper: bets $3
pompier40: calls $3
*** TURN *** [9h 2d Th] [Qc]
pompier40: bets $6
AzureCaper: folds
Uncalled bet ($6) returned to pompier40
pompier40 collected $17.64 from pot
*** SUMMARY ***
Total pot $18 | Rake $0.36
Board [9h 2d Th Qc]
Seat 3: AzureCaper (button) (small blind) folded on the Turn
Seat 5: pompier40 (big blind) collected ($17.64)


PokerStars Hand #172912073593:  Hold'em Limit ($3/$6 USD) - 2017/07/11 17:59:26 ET
Table 'Abnoba II' 6-max Seat #5 is the button
Seat 3: AzureCaper ($85.83 in chips)
Seat 5: pompier40 ($158.64 in chips)
pompier40: posts small blind $1
AzureCaper: posts big blind $3
*** HOLE CARDS ***
Zubasa07 leaves the table
pompier40: raises $3 to $6
AzureCaper: calls $3
*** FLOP *** [8c Kc Js]
AzureCaper: checks
pompier40: bets $3
AzureCaper: folds
Uncalled bet ($3) returned to pompier40
pompier40 collected $11.76 from pot
*** SUMMARY ***
Total pot $12 | Rake $0.24
Board [8c Kc Js]
Seat 3: AzureCaper (big blind) folded on the Flop
Seat 5: pompier40 (button) (small blind) collected ($11.76)


PokerStars Hand #172912095597:  Hold'em Limit ($3/$6 USD) - 2017/07/11 18:00:02 ET
Table 'Abnoba II' 6-max Seat #5 is the button
Seat 3: AzureCaper ($78.83 in chips)
Seat 5: pompier40 ($165.40 in chips)
pompier40: posts small blind $1
AzureCaper: posts big blind $3
*** HOLE CARDS ***
pompier40: folds
Uncalled bet ($2) returned to AzureCaper
AzureCaper collected $2 from pot
AzureCaper: doesn't show hand
*** SUMMARY ***
Total pot $2 | Rake $0
Seat 3: AzureCaper (big blind) collected ($2)
Seat 5: pompier40 (button) (small blind) folded before Flop


PokerStars Hand #172912089868:  Hold'em Limit ($3/$6 USD) - 2017/07/11 17:59:53 ET
Table 'Abnoba II' 6-max Seat #3 is the button
Seat 3: AzureCaper ($75.83 in chips)
Seat 5: pompier40 ($168.40 in chips)
AzureCaper: posts small blind $1
pompier40: posts big blind $3
*** HOLE CARDS ***
AzureCaper: raises $3 to $6
pompier40: folds
Uncalled bet ($3) returned to AzureCaper
AzureCaper collected $6 from pot
AzureCaper: doesn't show hand
*** SUMMARY ***
Total pot $6 | Rake $0
Seat 3: AzureCaper (button) (small blind) collected ($6)
Seat 5: pompier40 (big blind) folded before Flop


PokerStars Hand #172912083625:  Hold'em Limit ($3/$6 USD) - 2017/07/11 17:59:42 ET
Table 'Abnoba II' 6-max Seat #3 is the button
Seat 3: AzureCaper ($79.83 in chips)
Seat 5: pompier40 ($164.40 in chips)
AzureCaper: posts small blind $1
pompier40: posts big blind $3
*** HOLE CARDS ***
AzureCaper: folds
Uncalled bet ($2) returned to pompier40
pompier40 collected $2 from pot
*** SUMMARY ***
Total pot $2 | Rake $0
Seat 3: AzureCaper (button) (small blind) folded before Flop
Seat 5: pompier40 (big blind) collected ($2)


PokerStars Hand #172912086674:  Hold'em Limit ($3/$6 USD) - 2017/07/11 17:59:47 ET
Table 'Abnoba II' 6-max Seat #5 is the button
Seat 3: AzureCaper ($78.83 in chips)
Seat 5: pompier40 ($165.40 in chips)
pompier40: posts small blind $1
AzureCaper: posts big blind $3
*** HOLE CARDS ***
pompier40: raises $3 to $6
AzureCaper: folds
Uncalled bet ($3) returned to pompier40
pompier40 collected $6 from pot
*** SUMMARY ***
Total pot $6 | Rake $0
Seat 3: AzureCaper (big blind) folded before Flop
Seat 5: pompier40 (button) (small blind) collected ($6)


