PokerStars Hand #168835252080:  Hold'em Limit ($3/$6 USD) - 2017/04/10 6:31:27 ET
Table 'Acamar II' 6-max Seat #3 is the button
Seat 3: hairy1961 ($47.26 in chips)
Seat 4: MTails ($121.50 in chips)
hairy1961: posts small blind $1
MTails: posts big blind $3
*** HOLE CARDS ***
hairy1961: folds
Uncalled bet ($2) returned to MTails
MTails collected $2 from pot
MTails: doesn't show hand
*** SUMMARY ***
Total pot $2 | Rake $0
Seat 3: hairy1961 (button) (small blind) folded before Flop
Seat 4: MTails (big blind) collected ($2)


PokerStars Hand #168835242569:  Hold'em Limit ($3/$6 USD) - 2017/04/10 6:31:04 ET
Table 'Acamar II' 6-max Seat #4 is the button
Seat 3: hairy1961 ($26.76 in chips)
Seat 4: MTails ($142.50 in chips)
MTails: posts small blind $1
hairy1961: posts big blind $3
*** HOLE CARDS ***
MTails: raises $3 to $6
hairy1961: calls $3
*** FLOP *** [6h 8d 7c]
hairy1961: checks
MTails: bets $3
hairy1961: calls $3
*** TURN *** [6h 8d 7c] [Kd]
hairy1961: checks
MTails: bets $6
hairy1961: raises $6 to $12
MTails: calls $6
*** RIVER *** [6h 8d 7c Kd] [Jh]
hairy1961: bets $5.76 and is all-in
MTails: folds
Uncalled bet ($5.76) returned to hairy1961
hairy1961 collected $41.50 from pot
*** SUMMARY ***
Total pot $42 | Rake $0.50
Board [6h 8d 7c Kd Jh]
Seat 3: hairy1961 (big blind) collected ($41.50)
Seat 4: MTails (button) (small blind) folded on the River


PokerStars Hand #168835238110:  Hold'em Limit ($3/$6 USD) - 2017/04/10 6:30:53 ET
Table 'Acamar II' 6-max Seat #3 is the button
Seat 3: hairy1961 ($21 in chips)
Seat 4: MTails ($148.50 in chips)
hairy1961: posts small blind $1
MTails: posts big blind $3
*** HOLE CARDS ***
hairy1961: raises $3 to $6
MTails: calls $3
*** FLOP *** [As Kd Ad]
MTails: checks
hairy1961: bets $3
MTails: folds
Uncalled bet ($3) returned to hairy1961
hairy1961 collected $11.76 from pot
*** SUMMARY ***
Total pot $12 | Rake $0.24
Board [As Kd Ad]
Seat 3: hairy1961 (button) (small blind) collected ($11.76)
Seat 4: MTails (big blind) folded on the Flop


PokerStars Hand #168835229935:  Hold'em Limit ($3/$6 USD) - 2017/04/10 6:30:33 ET
Table 'Acamar II' 6-max Seat #4 is the button
Seat 3: hairy1961 ($45 in chips)
Seat 4: MTails ($125 in chips)
MTails: posts small blind $1
hairy1961: posts big blind $3
*** HOLE CARDS ***
MTails: raises $3 to $6
hairy1961: raises $3 to $9
MTails: calls $3
*** FLOP *** [Kh 6d Kd]
hairy1961: bets $3
MTails: calls $3
*** TURN *** [Kh 6d Kd] [Jd]
hairy1961: bets $6
MTails: calls $6
*** RIVER *** [Kh 6d Kd Jd] [4h]
hairy1961: bets $6
MTails: calls $6
*** SHOW DOWN ***
hairy1961: shows [9d Ah] (a pair of Kings)
MTails: shows [Th Ad] (a pair of Kings - Ace+Jack+Ten kicker)
MTails collected $47.50 from pot
*** SUMMARY ***
Total pot $48 | Rake $0.50
Board [Kh 6d Kd Jd 4h]
Seat 3: hairy1961 (big blind) showed [9d Ah] and lost with a pair of Kings
Seat 4: MTails (button) (small blind) showed [Th Ad] and won ($47.50) with a pair of Kings


PokerStars Hand #168835275247:  Hold'em Limit ($3/$6 USD) - 2017/04/10 6:32:24 ET
Table 'Acamar II' 6-max Seat #3 is the button
Seat 3: hairy1961 ($12.26 in chips)
Seat 4: MTails ($155.64 in chips)
hairy1961: posts small blind $1
MTails: posts big blind $3
*** HOLE CARDS ***
hairy1961: raises $3 to $6
MTails: calls $3
*** FLOP *** [5h 3c 6s]
MTails: checks
hairy1961: bets $3
MTails: raises $3 to $6
hairy1961: raises $0.26 to $6.26 and is all-in
MTails: calls $0.26
*** TURN *** [5h 3c 6s] [8c]
*** RIVER *** [5h 3c 6s 8c] [Qd]
*** SHOW DOWN ***
MTails: shows [Tc 4d] (high card Queen)
hairy1961: shows [Kc Kh] (a pair of Kings)
hairy1961 collected $24.03 from pot
*** SUMMARY ***
Total pot $24.52 | Rake $0.49
Board [5h 3c 6s 8c Qd]
Seat 3: hairy1961 (button) (small blind) showed [Kc Kh] and won ($24.03) with a pair of Kings
Seat 4: MTails (big blind) showed [Tc 4d] and lost with high card Queen


PokerStars Hand #168835265937:  Hold'em Limit ($3/$6 USD) - 2017/04/10 6:32:02 ET
Table 'Acamar II' 6-max Seat #4 is the button
Seat 3: hairy1961 ($36.26 in chips)
Seat 4: MTails ($132.14 in chips)
MTails: posts small blind $1
hairy1961: posts big blind $3
*** HOLE CARDS ***
MTails: raises $3 to $6
hairy1961: calls $3
*** FLOP *** [As 5c Ah]
hairy1961: checks
MTails: bets $3
hairy1961: raises $3 to $6
MTails: calls $3
*** TURN *** [As 5c Ah] [5h]
hairy1961: bets $6
MTails: calls $6
*** RIVER *** [As 5c Ah 5h] [6h]
hairy1961: bets $6
MTails: calls $6
*** SHOW DOWN ***
hairy1961: shows [Th 8s] (two pair, Aces and Fives)
MTails: shows [6c 5s] (a full house, Fives full of Aces)
MTails collected $47.50 from pot
*** SUMMARY ***
Total pot $48 | Rake $0.50
Board [As 5c Ah 5h 6h]
Seat 3: hairy1961 (big blind) showed [Th 8s] and lost with two pair, Aces and Fives
Seat 4: MTails (button) (small blind) showed [6c 5s] and won ($47.50) with a full house, Fives full of Aces


PokerStars Hand #168835263685:  Hold'em Limit ($3/$6 USD) - 2017/04/10 6:31:56 ET
Table 'Acamar II' 6-max Seat #3 is the button
Seat 3: hairy1961 ($37.26 in chips)
Seat 4: MTails ($131.14 in chips)
hairy1961: posts small blind $1
MTails: posts big blind $3
*** HOLE CARDS ***
hairy1961: folds
Uncalled bet ($2) returned to MTails
MTails collected $2 from pot
*** SUMMARY ***
Total pot $2 | Rake $0
Seat 3: hairy1961 (button) (small blind) folded before Flop
Seat 4: MTails (big blind) collected ($2)


PokerStars Hand #168835254242:  Hold'em Limit ($3/$6 USD) - 2017/04/10 6:31:33 ET
Table 'Acamar II' 6-max Seat #4 is the button
Seat 3: hairy1961 ($46.26 in chips)
Seat 4: MTails ($122.50 in chips)
MTails: posts small blind $1
hairy1961: posts big blind $3
*** HOLE CARDS ***
MTails: raises $3 to $6
hairy1961: calls $3
*** FLOP *** [Ks 6c 2d]
hairy1961: checks
MTails: bets $3
hairy1961: calls $3
*** TURN *** [Ks 6c 2d] [8d]
hairy1961: checks
MTails: bets $6
hairy1961: folds
Uncalled bet ($6) returned to MTails
MTails collected $17.64 from pot
*** SUMMARY ***
Total pot $18 | Rake $0.36
Board [Ks 6c 2d 8d]
Seat 3: hairy1961 (big blind) folded on the Turn
Seat 4: MTails (button) (small blind) collected ($17.64)


PokerStars Hand #168835294891:  Hold'em Limit ($3/$6 USD) - 2017/04/10 6:33:12 ET
Table 'Acamar II' 6-max Seat #4 is the button
Seat 3: hairy1961 ($22.78 in chips)
Seat 4: MTails ($144.13 in chips)
MTails: posts small blind $1
hairy1961: posts big blind $3
*** HOLE CARDS ***
MTails: raises $3 to $6
hairy1961: calls $3
*** FLOP *** [5d Ts Ks]
hairy1961: checks
MTails: bets $3
hairy1961: calls $3
*** TURN *** [5d Ts Ks] [8c]
hairy1961: checks
MTails: bets $6
hairy1961: calls $6
*** RIVER *** [5d Ts Ks 8c] [Ad]
hairy1961: bets $6
MTails: folds
Uncalled bet ($6) returned to hairy1961
hairy1961 collected $29.50 from pot
*** SUMMARY ***
Total pot $30 | Rake $0.50
Board [5d Ts Ks 8c Ad]
Seat 3: hairy1961 (big blind) collected ($29.50)
Seat 4: MTails (button) (small blind) folded on the River


PokerStars Hand #168835292678:  Hold'em Limit ($3/$6 USD) - 2017/04/10 6:33:07 ET
Table 'Acamar II' 6-max Seat #3 is the button
Seat 3: hairy1961 ($23.78 in chips)
Seat 4: MTails ($143.13 in chips)
hairy1961: posts small blind $1
MTails: posts big blind $3
*** HOLE CARDS ***
hairy1961: folds
Uncalled bet ($2) returned to MTails
MTails collected $2 from pot
*** SUMMARY ***
Total pot $2 | Rake $0
Seat 3: hairy1961 (button) (small blind) folded before Flop
Seat 4: MTails (big blind) collected ($2)


PokerStars Hand #168835281907:  Hold'em Limit ($3/$6 USD) - 2017/04/10 6:32:41 ET
Table 'Acamar II' 6-max Seat #4 is the button
Seat 3: hairy1961 ($24.03 in chips)
Seat 4: MTails ($143.38 in chips)
MTails: posts small blind $1
hairy1961: posts big blind $3
*** HOLE CARDS ***
MTails: raises $3 to $6
hairy1961: raises $3 to $9
MTails: calls $3
*** FLOP *** [8d 7c 8c]
hairy1961: bets $3
MTails: calls $3
*** TURN *** [8d 7c 8c] [9d]
hairy1961: checks
MTails: bets $6
hairy1961: calls $6
*** RIVER *** [8d 7c 8c 9d] [9s]
hairy1961: bets $6
MTails: calls $6
*** SHOW DOWN ***
hairy1961: shows [5s Jd] (two pair, Nines and Eights)
MTails: shows [Jc 7s] (two pair, Nines and Eights)
hairy1961 collected $23.75 from pot
MTails collected $23.75 from pot
*** SUMMARY ***
Total pot $48 | Rake $0.50
Board [8d 7c 8c 9d 9s]
Seat 3: hairy1961 (big blind) showed [5s Jd] and won ($23.75) with two pair, Nines and Eights
Seat 4: MTails (button) (small blind) showed [Jc 7s] and won ($23.75) with two pair, Nines and Eights


PokerStars Hand #168835328265:  Hold'em Limit ($3/$6 USD) - 2017/04/10 6:34:34 ET
Table 'Acamar II' 6-max Seat #4 is the button
Seat 3: hairy1961 ($6.92 in chips)
Seat 4: MTails ($158.13 in chips)
MTails: posts small blind $1
hairy1961: posts big blind $3
*** HOLE CARDS ***
MTails: raises $3 to $6
hairy1961: raises $0.92 to $6.92 and is all-in
MTails: calls $0.92
*** FLOP *** [8c Qh 4s]
*** TURN *** [8c Qh 4s] [7c]
*** RIVER *** [8c Qh 4s 7c] [4d]
*** SHOW DOWN ***
hairy1961: shows [Qc 5s] (two pair, Queens and Fours)
MTails: shows [5c 7h] (two pair, Sevens and Fours)
hairy1961 collected $13.56 from pot
*** SUMMARY ***
Total pot $13.84 | Rake $0.28
Board [8c Qh 4s 7c 4d]
Seat 3: hairy1961 (big blind) showed [Qc 5s] and won ($13.56) with two pair, Queens and Fours
Seat 4: MTails (button) (small blind) showed [5c 7h] and lost with two pair, Sevens and Fours


PokerStars Hand #168835320442:  Hold'em Limit ($3/$6 USD) - 2017/04/10 6:34:15 ET
Table 'Acamar II' 6-max Seat #3 is the button
Seat 3: hairy1961 ($24.92 in chips)
Seat 4: MTails ($140.63 in chips)
hairy1961: posts small blind $1
MTails: posts big blind $3
*** HOLE CARDS ***
hairy1961: raises $3 to $6
MTails: calls $3
*** FLOP *** [3d 2c 8s]
MTails: checks
hairy1961: checks
*** TURN *** [3d 2c 8s] [5c]
MTails: bets $6
hairy1961: raises $6 to $12
MTails: calls $6
*** RIVER *** [3d 2c 8s 5c] [7d]
MTails: checks
hairy1961: checks
*** SHOW DOWN ***
MTails: shows [Td 3h] (a pair of Threes)
hairy1961: mucks hand
MTails collected $35.50 from pot
*** SUMMARY ***
Total pot $36 | Rake $0.50
Board [3d 2c 8s 5c 7d]
Seat 3: hairy1961 (button) (small blind) mucked
Seat 4: MTails (big blind) showed [Td 3h] and won ($35.50) with a pair of Threes


PokerStars Hand #168835312508:  Hold'em Limit ($3/$6 USD) - 2017/04/10 6:33:56 ET
Table 'Acamar II' 6-max Seat #4 is the button
Seat 3: hairy1961 ($45.92 in chips)
Seat 4: MTails ($120.13 in chips)
MTails: posts small blind $1
hairy1961: posts big blind $3
*** HOLE CARDS ***
MTails: raises $3 to $6
hairy1961: calls $3
*** FLOP *** [Qs 3c Kc]
hairy1961: bets $3
MTails: calls $3
*** TURN *** [Qs 3c Kc] [6s]
hairy1961: bets $6
MTails: calls $6
*** RIVER *** [Qs 3c Kc 6s] [4d]
hairy1961: bets $6
MTails: calls $6
*** SHOW DOWN ***
hairy1961: shows [8h 8d] (a pair of Eights)
MTails: shows [9c 9s] (a pair of Nines)
MTails collected $41.50 from pot
*** SUMMARY ***
Total pot $42 | Rake $0.50
Board [Qs 3c Kc 6s 4d]
Seat 3: hairy1961 (big blind) showed [8h 8d] and lost with a pair of Eights
Seat 4: MTails (button) (small blind) showed [9c 9s] and won ($41.50) with a pair of Nines


PokerStars Hand #168835305839:  Hold'em Limit ($3/$6 USD) - 2017/04/10 6:33:39 ET
Table 'Acamar II' 6-max Seat #3 is the button
Seat 3: hairy1961 ($37.28 in chips)
Seat 4: MTails ($129.13 in chips)
hairy1961: posts small blind $1
MTails: posts big blind $3
*** HOLE CARDS ***
hairy1961: raises $3 to $6
MTails: calls $3
*** FLOP *** [Qs 8d 2h]
MTails: checks
hairy1961: bets $3
MTails: calls $3
*** TURN *** [Qs 8d 2h] [As]
MTails: checks
hairy1961: bets $6
MTails: folds
Uncalled bet ($6) returned to hairy1961
hairy1961 collected $17.64 from pot
*** SUMMARY ***
Total pot $18 | Rake $0.36
Board [Qs 8d 2h As]
Seat 3: hairy1961 (button) (small blind) collected ($17.64)
Seat 4: MTails (big blind) folded on the Turn


