PokerStars Hand #161432591101:  Hold'em Limit ($3/$6 USD) - 2016/11/15 6:53:02 ET
Table 'Acamar II' 6-max Seat #3 is the button
Seat 3: gabiruboy ($30.05 in chips)
Seat 4: Agrotait ($72 in chips)
gabiruboy: posts small blind $1
Agrotait: posts big blind $3
*** HOLE CARDS ***
gabiruboy: raises $3 to $6
Agrotait: calls $3
*** FLOP *** [2s 6c Jh]
bcarolgees joins the table at seat #2
Luanto 14 joins the table at seat #5
Agrotait: bets $3
gabiruboy: calls $3
*** TURN *** [2s 6c Jh] [8d]
Agrotait: bets $6
gabiruboy: folds
Uncalled bet ($6) returned to Agrotait
Agrotait collected $17.64 from pot
Agrotait: doesn't show hand
*** SUMMARY ***
Total pot $18 | Rake $0.36
Board [2s 6c Jh 8d]
Seat 3: gabiruboy (button) (small blind) folded on the Turn
Seat 4: Agrotait (big blind) collected ($17.64)


PokerStars Hand #161432756848:  Hold'em Limit ($3/$6 USD) - 2016/11/15 6:59:06 ET
Table 'Acamar II' 6-max Seat #4 is the button
Seat 2: bcarolgees ($217.09 in chips)
Seat 4: Agrotait ($139.45 in chips)
Agrotait: posts small blind $1
bcarolgees: posts big blind $3
*** HOLE CARDS ***
Luanto 14 leaves the table
Agrotait: raises $3 to $6
bcarolgees: calls $3
*** FLOP *** [6d 4c 8c]
bcarolgees: checks
Agrotait: bets $3
bcarolgees: calls $3
*** TURN *** [6d 4c 8c] [8s]
bcarolgees: bets $6
Agrotait: calls $6
*** RIVER *** [6d 4c 8c 8s] [Ac]
bcarolgees: bets $6
Agrotait: calls $6
*** SHOW DOWN ***
bcarolgees: shows [Qh Js] (a pair of Eights)
Agrotait: shows [5s 5c] (two pair, Eights and Fives)
Agrotait collected $41.50 from pot
*** SUMMARY ***
Total pot $42 | Rake $0.50
Board [6d 4c 8c 8s Ac]
Seat 2: bcarolgees (big blind) showed [Qh Js] and lost with a pair of Eights
Seat 4: Agrotait (button) (small blind) showed [5s 5c] and won ($41.50) with two pair, Eights and Fives


PokerStars Hand #161432776671:  Hold'em Limit ($3/$6 USD) - 2016/11/15 6:59:51 ET
Table 'Acamar II' 6-max Seat #2 is the button
Seat 2: bcarolgees ($196.09 in chips)
Seat 4: Agrotait ($159.95 in chips)
bcarolgees: posts small blind $1
Agrotait: posts big blind $3
*** HOLE CARDS ***
bcarolgees: folds
Uncalled bet ($2) returned to Agrotait
bcarolgees leaves the table
Agrotait collected $2 from pot
Agrotait: doesn't show hand
*** SUMMARY ***
Total pot $2 | Rake $0
Seat 2: bcarolgees (button) (small blind) folded before Flop
Seat 4: Agrotait (big blind) collected ($2)


