PokerStars Hand #164144432763:  Hold'em Limit ($3/$6 USD) - 2017/01/06 15:27:21 ET
Table 'Acamar' 6-max Seat #1 is the button
Seat 1: andyrr ($214.51 in chips)
Seat 6: Jigorek1989 ($117 in chips)
andyrr: posts small blind $1
Homasapien: is sitting out
MellivoraSto: is sitting out
Jigorek1989: posts big blind $3
*** HOLE CARDS ***
andyrr: raises $3 to $6
Jigorek1989: calls $3
*** FLOP *** [4s 9c Kd]
MellivoraSto leaves the table
Jigorek1989: bets $3
andyrr: calls $3
*** TURN *** [4s 9c Kd] [Qd]
Jigorek1989: bets $6
andyrr: calls $6
*** RIVER *** [4s 9c Kd Qd] [2h]
Jigorek1989: bets $6
andyrr: calls $6
*** SHOW DOWN ***
Jigorek1989: shows [Jd 8s] (high card King)
andyrr: shows [As Qh] (a pair of Queens)
andyrr collected $41.50 from pot
*** SUMMARY ***
Total pot $42 | Rake $0.50
Board [4s 9c Kd Qd 2h]
Seat 1: andyrr (button) (small blind) showed [As Qh] and won ($41.50) with a pair of Queens
Seat 6: Jigorek1989 (big blind) showed [Jd 8s] and lost with high card King


PokerStars Hand #164144454717:  Hold'em Limit ($3/$6 USD) - 2017/01/06 15:27:43 ET
Table 'Acamar' 6-max Seat #6 is the button
Seat 1: andyrr ($235.01 in chips)
Seat 6: Jigorek1989 ($96 in chips)
Jigorek1989: posts small blind $1
andyrr: posts big blind $3
*** HOLE CARDS ***
Jigorek1989: calls $2
andyrr: checks
*** FLOP *** [4c 9d As]
andyrr: checks
Jigorek1989: bets $3
andyrr: folds
Uncalled bet ($3) returned to Jigorek1989
Jigorek1989 collected $5.88 from pot
*** SUMMARY ***
Total pot $6 | Rake $0.12
Board [4c 9d As]
Seat 1: andyrr (big blind) folded on the Flop
Seat 6: Jigorek1989 (button) (small blind) collected ($5.88)


PokerStars Hand #164144546887:  Hold'em Limit ($3/$6 USD) - 2017/01/06 15:29:16 ET
Table 'Acamar' 6-max Seat #4 is the button
Seat 1: andyrr ($235.01 in chips)
Seat 4: Jigorek1989 ($117 in chips)
Jigorek1989: posts small blind $1
andyrr: posts big blind $3
*** HOLE CARDS ***
Jigorek1989: raises $3 to $6
andyrr: calls $3
*** FLOP *** [Ts 4s 5c]
andyrr: checks
Jigorek1989: bets $3
andyrr: folds
Uncalled bet ($3) returned to Jigorek1989
Jigorek1989 collected $11.76 from pot
*** SUMMARY ***
Total pot $12 | Rake $0.24
Board [Ts 4s 5c]
Seat 1: andyrr (big blind) folded on the Flop
Seat 4: Jigorek1989 (button) (small blind) collected ($11.76)


PokerStars Hand #164144539061:  Hold'em Limit ($3/$6 USD) - 2017/01/06 15:29:08 ET
Table 'Acamar' 6-max Seat #1 is the button
Seat 1: andyrr ($232.01 in chips)
Seat 4: Jigorek1989 ($120 in chips)
andyrr: posts small blind $1
Jigorek1989: posts big blind $3
*** HOLE CARDS ***
andyrr: raises $3 to $6
Jigorek1989: folds
Uncalled bet ($3) returned to andyrr
andyrr collected $6 from pot
andyrr: doesn't show hand
*** SUMMARY ***
Total pot $6 | Rake $0
Seat 1: andyrr (button) (small blind) collected ($6)
Seat 4: Jigorek1989 (big blind) folded before Flop


PokerStars Hand #164144557406:  Hold'em Limit ($3/$6 USD) - 2017/01/06 15:29:26 ET
Table 'Acamar' 6-max Seat #1 is the button
Seat 1: andyrr ($229.01 in chips)
Seat 4: Jigorek1989 ($122.76 in chips)
andyrr: posts small blind $1
Jigorek1989: posts big blind $3
*** HOLE CARDS ***
andyrr: raises $3 to $6
Jigorek1989: calls $3
*** FLOP *** [8d 3h 9s]
Jigorek1989: checks
andyrr: bets $3
Jigorek1989: raises $3 to $6
andyrr: raises $3 to $9
Jigorek1989: calls $3
*** TURN *** [8d 3h 9s] [2c]
Jigorek1989: checks
andyrr: bets $6
Jigorek1989: calls $6
*** RIVER *** [8d 3h 9s 2c] [4h]
Jigorek1989: checks
andyrr: checks
*** SHOW DOWN ***
Jigorek1989: shows [3c Tc] (a pair of Threes)
andyrr: shows [9c Qh] (a pair of Nines)
andyrr collected $41.50 from pot
*** SUMMARY ***
Total pot $42 | Rake $0.50
Board [8d 3h 9s 2c 4h]
Seat 1: andyrr (button) (small blind) showed [9c Qh] and won ($41.50) with a pair of Nines
Seat 4: Jigorek1989 (big blind) showed [3c Tc] and lost with a pair of Threes


PokerStars Hand #164144625242:  Hold'em Limit ($3/$6 USD) - 2017/01/06 15:30:34 ET
Table 'Acamar' 6-max Seat #1 is the button
Seat 1: andyrr ($267.01 in chips)
Seat 4: Jigorek1989 ($83.76 in chips)
andyrr: posts small blind $1
Jigorek1989: posts big blind $3
*** HOLE CARDS ***
andyrr: raises $3 to $6
Jigorek1989: calls $3
*** FLOP *** [5s 7d 6s]
Jigorek1989: checks
andyrr: checks
*** TURN *** [5s 7d 6s] [Td]
Jigorek1989: bets $6
andyrr: folds
Uncalled bet ($6) returned to Jigorek1989
Jigorek1989 collected $11.76 from pot
*** SUMMARY ***
Total pot $12 | Rake $0.24
Board [5s 7d 6s Td]
Seat 1: andyrr (button) (small blind) folded on the Turn
Seat 4: Jigorek1989 (big blind) collected ($11.76)


PokerStars Hand #164144619223:  Hold'em Limit ($3/$6 USD) - 2017/01/06 15:30:28 ET
Table 'Acamar' 6-max Seat #4 is the button
Seat 1: andyrr ($270.01 in chips)
Seat 4: Jigorek1989 ($80.76 in chips)
Jigorek1989: posts small blind $1
andyrr: posts big blind $3
*** HOLE CARDS ***
Jigorek1989: raises $3 to $6
andyrr: folds
Uncalled bet ($3) returned to Jigorek1989
Jigorek1989 collected $6 from pot
*** SUMMARY ***
Total pot $6 | Rake $0
Seat 1: andyrr (big blind) folded before Flop
Seat 4: Jigorek1989 (button) (small blind) collected ($6)


PokerStars Hand #164144613798:  Hold'em Limit ($3/$6 USD) - 2017/01/06 15:30:23 ET
Table 'Acamar' 6-max Seat #1 is the button
Seat 1: andyrr ($267.01 in chips)
Seat 4: Jigorek1989 ($83.76 in chips)
andyrr: posts small blind $1
Jigorek1989: posts big blind $3
*** HOLE CARDS ***
andyrr: raises $3 to $6
Jigorek1989: folds
Uncalled bet ($3) returned to andyrr
andyrr collected $6 from pot
andyrr: doesn't show hand
*** SUMMARY ***
Total pot $6 | Rake $0
Seat 1: andyrr (button) (small blind) collected ($6)
Seat 4: Jigorek1989 (big blind) folded before Flop


PokerStars Hand #164144594213:  Hold'em Limit ($3/$6 USD) - 2017/01/06 15:30:03 ET
Table 'Acamar' 6-max Seat #4 is the button
Seat 1: andyrr ($249.51 in chips)
Seat 4: Jigorek1989 ($101.76 in chips)
Jigorek1989: posts small blind $1
andyrr: posts big blind $3
*** HOLE CARDS ***
Jigorek1989: raises $3 to $6
andyrr: calls $3
*** FLOP *** [Td 4h 9d]
andyrr: checks
Jigorek1989: checks
*** TURN *** [Td 4h 9d] [Ad]
andyrr: bets $6
Jigorek1989: calls $6
*** RIVER *** [Td 4h 9d Ad] [Kc]
andyrr: bets $6
Jigorek1989: calls $6
*** SHOW DOWN ***
andyrr: shows [As 5d] (a pair of Aces)
Jigorek1989: mucks hand
andyrr collected $35.50 from pot
*** SUMMARY ***
Total pot $36 | Rake $0.50
Board [Td 4h 9d Ad Kc]
Seat 1: andyrr (big blind) showed [As 5d] and won ($35.50) with a pair of Aces
Seat 4: Jigorek1989 (button) (small blind) mucked


PokerStars Hand #164144692831:  Hold'em Limit ($3/$6 USD) - 2017/01/06 15:31:42 ET
Table 'Acamar' 6-max Seat #4 is the button
Seat 1: andyrr ($231.76 in chips)
Seat 4: Jigorek1989 ($117.77 in chips)
Jigorek1989: posts small blind $1
andyrr: posts big blind $3
*** HOLE CARDS ***
Jigorek1989: folds
Uncalled bet ($2) returned to andyrr
andyrr collected $2 from pot
andyrr: doesn't show hand
*** SUMMARY ***
Total pot $2 | Rake $0
Seat 1: andyrr (big blind) collected ($2)
Seat 4: Jigorek1989 (button) (small blind) folded before Flop


PokerStars Hand #164144688163:  Hold'em Limit ($3/$6 USD) - 2017/01/06 15:31:38 ET
Table 'Acamar' 6-max Seat #1 is the button
Seat 1: andyrr ($232.76 in chips)
Seat 4: Jigorek1989 ($116.77 in chips)
andyrr: posts small blind $1
Jigorek1989: posts big blind $3
*** HOLE CARDS ***
andyrr: folds
Uncalled bet ($2) returned to Jigorek1989
Jigorek1989 collected $2 from pot
*** SUMMARY ***
Total pot $2 | Rake $0
Seat 1: andyrr (button) (small blind) folded before Flop
Seat 4: Jigorek1989 (big blind) collected ($2)


PokerStars Hand #164144665238:  Hold'em Limit ($3/$6 USD) - 2017/01/06 15:31:14 ET
Table 'Acamar' 6-max Seat #4 is the button
Seat 1: andyrr ($259.76 in chips)
Seat 4: Jigorek1989 ($90.27 in chips)
Jigorek1989: posts small blind $1
andyrr: posts big blind $3
*** HOLE CARDS ***
Jigorek1989: raises $3 to $6
andyrr: raises $3 to $9
Jigorek1989: raises $3 to $12
Betting is capped
andyrr: calls $3
*** FLOP *** [8s Td Ts]
andyrr: checks
Jigorek1989: bets $3
andyrr: calls $3
*** TURN *** [8s Td Ts] [2c]
andyrr: checks
Jigorek1989: bets $6
andyrr: calls $6
*** RIVER *** [8s Td Ts 2c] [9d]
andyrr: checks
Jigorek1989: bets $6
andyrr: calls $6
*** SHOW DOWN ***
Jigorek1989: shows [Qh Qs] (two pair, Queens and Tens)
andyrr: mucks hand
Jigorek1989 collected $53.50 from pot
*** SUMMARY ***
Total pot $54 | Rake $0.50
Board [8s Td Ts 2c 9d]
Seat 1: andyrr (big blind) mucked
Seat 4: Jigorek1989 (button) (small blind) showed [Qh Qs] and won ($53.50) with two pair, Queens and Tens


PokerStars Hand #164144660567:  Hold'em Limit ($3/$6 USD) - 2017/01/06 15:31:10 ET
Table 'Acamar' 6-max Seat #1 is the button
Seat 1: andyrr ($260.76 in chips)
Seat 4: Jigorek1989 ($89.27 in chips)
andyrr: posts small blind $1
Jigorek1989: posts big blind $3
*** HOLE CARDS ***
andyrr: folds
Uncalled bet ($2) returned to Jigorek1989
Jigorek1989 collected $2 from pot
*** SUMMARY ***
Total pot $2 | Rake $0
Seat 1: andyrr (button) (small blind) folded before Flop
Seat 4: Jigorek1989 (big blind) collected ($2)


PokerStars Hand #164144637757:  Hold'em Limit ($3/$6 USD) - 2017/01/06 15:30:47 ET
Table 'Acamar' 6-max Seat #4 is the button
Seat 1: andyrr ($261.01 in chips)
Seat 4: Jigorek1989 ($89.52 in chips)
Jigorek1989: posts small blind $1
andyrr: posts big blind $3
*** HOLE CARDS ***
Jigorek1989: raises $3 to $6
andyrr: raises $3 to $9
Jigorek1989: calls $3
*** FLOP *** [6d 6c 6s]
andyrr: bets $3
Jigorek1989: calls $3
*** TURN *** [6d 6c 6s] [5c]
andyrr: checks
Jigorek1989: bets $6
andyrr: calls $6
*** RIVER *** [6d 6c 6s 5c] [2s]
andyrr: checks
Jigorek1989: bets $6
andyrr: calls $6
*** SHOW DOWN ***
Jigorek1989: shows [Ac 3h] (three of a kind, Sixes)
andyrr: shows [4d As] (three of a kind, Sixes)
andyrr collected $23.75 from pot
Jigorek1989 collected $23.75 from pot
*** SUMMARY ***
Total pot $48 | Rake $0.50
Board [6d 6c 6s 5c 2s]
Seat 1: andyrr (big blind) showed [4d As] and won ($23.75) with three of a kind, Sixes
Seat 4: Jigorek1989 (button) (small blind) showed [Ac 3h] and won ($23.75) with three of a kind, Sixes


PokerStars Hand #164144718144:  Hold'em Limit ($3/$6 USD) - 2017/01/06 15:32:08 ET
Table 'Acamar' 6-max Seat #4 is the button
Seat 1: andyrr ($214.76 in chips)
Seat 4: Jigorek1989 ($134.27 in chips)
Jigorek1989: posts small blind $1
andyrr: posts big blind $3
*** HOLE CARDS ***
Jigorek1989: folds
Uncalled bet ($2) returned to andyrr
andyrr collected $2 from pot
andyrr: doesn't show hand
*** SUMMARY ***
Total pot $2 | Rake $0
Seat 1: andyrr (big blind) collected ($2)
Seat 4: Jigorek1989 (button) (small blind) folded before Flop


PokerStars Hand #164144698457:  Hold'em Limit ($3/$6 USD) - 2017/01/06 15:31:48 ET
Table 'Acamar' 6-max Seat #1 is the button
Seat 1: andyrr ($232.76 in chips)
Seat 4: Jigorek1989 ($116.77 in chips)
andyrr: posts small blind $1
Jigorek1989: posts big blind $3
*** HOLE CARDS ***
andyrr: raises $3 to $6
Jigorek1989: calls $3
*** FLOP *** [7h 3c 5h]
Jigorek1989: bets $3
andyrr: raises $3 to $6
Jigorek1989: calls $3
*** TURN *** [7h 3c 5h] [8h]
Jigorek1989: checks
andyrr: bets $6
Jigorek1989: calls $6
*** RIVER *** [7h 3c 5h 8h] [Td]
Jigorek1989: checks
andyrr: checks
*** SHOW DOWN ***
Jigorek1989: shows [Qh 8c] (a pair of Eights)
andyrr: mucks hand
Jigorek1989 collected $35.50 from pot
*** SUMMARY ***
Total pot $36 | Rake $0.50
Board [7h 3c 5h 8h Td]
Seat 1: andyrr (button) (small blind) mucked
Seat 4: Jigorek1989 (big blind) showed [Qh 8c] and won ($35.50) with a pair of Eights


PokerStars Hand #164145549943:  Hold'em Limit ($3/$6 USD) - 2017/01/06 15:45:56 ET
Table 'Acamar' 6-max Seat #4 is the button
Seat 2: hairy1961 ($90.60 in chips)
Seat 4: MellivoraSto ($180.16 in chips)
MellivoraSto: posts small blind $1
GRAILKO: is sitting out
cola26licht joins the table at seat #3
hairy1961: posts big blind $3
*** HOLE CARDS ***
MellivoraSto: raises $3 to $6
hairy1961: calls $3
*** FLOP *** [3s 3h Kh]
hairy1961: checks
MellivoraSto: bets $3
hairy1961: raises $3 to $6
MellivoraSto: folds
Uncalled bet ($3) returned to hairy1961
hairy1961 collected $17.64 from pot
hairy1961: doesn't show hand
*** SUMMARY ***
Total pot $18 | Rake $0.36
Board [3s 3h Kh]
Seat 2: hairy1961 (big blind) collected ($17.64)
Seat 4: MellivoraSto (button) (small blind) folded on the Flop


PokerStars Hand #164145625297:  Hold'em Limit ($3/$6 USD) - 2017/01/06 15:47:12 ET
Table 'Acamar' 6-max Seat #2 is the button
Seat 2: hairy1961 ($102.24 in chips)
Seat 3: cola26licht ($55.26 in chips)
napol will be allowed to play after the button
GRAILKO will be allowed to play after the button
hairy1961: posts small blind $1
cola26licht: posts big blind $3
*** HOLE CARDS ***
hairy1961: folds
Uncalled bet ($2) returned to cola26licht
cola26licht collected $2 from pot
cola26licht: doesn't show hand
*** SUMMARY ***
Total pot $2 | Rake $0
Seat 2: hairy1961 (button) (small blind) folded before Flop
Seat 3: cola26licht (big blind) collected ($2)


PokerStars Hand #164145981663:  Hold'em Limit ($3/$6 USD) - 2017/01/06 15:53:12 ET
Table 'Acamar' 6-max Seat #1 is the button
Seat 1: GRAILKO ($131.56 in chips)
Seat 3: cola26licht ($36.66 in chips)
GRAILKO: posts small blind $1
hairy1961: is sitting out
cola26licht: posts big blind $3
*** HOLE CARDS ***
GRAILKO: raises $3 to $6
cola26licht: raises $3 to $9
GRAILKO: calls $3
*** FLOP *** [3s 9h 9c]
cola26licht: bets $3
GRAILKO: folds
Uncalled bet ($3) returned to cola26licht
cola26licht collected $17.64 from pot
cola26licht: doesn't show hand
*** SUMMARY ***
Total pot $18 | Rake $0.36
Board [3s 9h 9c]
Seat 1: GRAILKO (button) (small blind) folded on the Flop
Seat 3: cola26licht (big blind) collected ($17.64)


PokerStars Hand #164145998460:  Hold'em Limit ($3/$6 USD) - 2017/01/06 15:53:29 ET
Table 'Acamar' 6-max Seat #3 is the button
Seat 1: GRAILKO ($122.56 in chips)
Seat 3: cola26licht ($45.30 in chips)
cola26licht: posts small blind $1
GRAILKO: posts big blind $3
*** HOLE CARDS ***
cola26licht: raises $3 to $6
GRAILKO: calls $3
*** FLOP *** [Qc 4d 6s]
GRAILKO: checks
cola26licht: checks
*** TURN *** [Qc 4d 6s] [9d]
GRAILKO: bets $6
cola26licht: folds
Uncalled bet ($6) returned to GRAILKO
GRAILKO collected $11.76 from pot
GRAILKO: doesn't show hand
*** SUMMARY ***
Total pot $12 | Rake $0.24
Board [Qc 4d 6s 9d]
Seat 1: GRAILKO (big blind) collected ($11.76)
Seat 3: cola26licht (button) (small blind) folded on the Turn


PokerStars Hand #164146010385:  Hold'em Limit ($3/$6 USD) - 2017/01/06 15:53:41 ET
Table 'Acamar' 6-max Seat #1 is the button
Seat 1: GRAILKO ($128.32 in chips)
Seat 3: cola26licht ($39.30 in chips)
GRAILKO: posts small blind $1
cola26licht: posts big blind $3
*** HOLE CARDS ***
GRAILKO: raises $3 to $6
cola26licht: calls $3
*** FLOP *** [6h Ks 3d]
cola26licht: checks
GRAILKO: bets $3
cola26licht: calls $3
*** TURN *** [6h Ks 3d] [6d]
FigoMax joins the table at seat #6
cola26licht: checks
GRAILKO: checks
*** RIVER *** [6h Ks 3d 6d] [9d]
cola26licht: bets $6
GRAILKO: calls $6
*** SHOW DOWN ***
cola26licht: shows [2d Ac] (a pair of Sixes)
GRAILKO: shows [8h 8d] (two pair, Eights and Sixes)
GRAILKO collected $29.50 from pot
*** SUMMARY ***
Total pot $30 | Rake $0.50
Board [6h Ks 3d 6d 9d]
Seat 1: GRAILKO (button) (small blind) showed [8h 8d] and won ($29.50) with two pair, Eights and Sixes
Seat 3: cola26licht (big blind) showed [2d Ac] and lost with a pair of Sixes


PokerStars Hand #164149005211:  Hold'em Limit ($3/$6 USD) - 2017/01/06 16:45:11 ET
Table 'Acamar' 6-max Seat #5 is the button
Seat 4: Jigorek1989 ($123.38 in chips)
Seat 5: LordBorzi II ($107.38 in chips)
LordBorzi II: posts small blind $1
GRAILKO: is sitting out
Jigorek1989: posts big blind $3
*** HOLE CARDS ***
LordBorzi II: raises $3 to $6
Jigorek1989: raises $3 to $9
GRAILKO leaves the table
LordBorzi II: calls $3
*** FLOP *** [7c 4s Jc]
Jigorek1989: bets $3
LordBorzi II: raises $3 to $6
Jigorek1989: raises $3 to $9
LordBorzi II: raises $3 to $12
Betting is capped
Jigorek1989: calls $3
*** TURN *** [7c 4s Jc] [Td]
Jigorek1989: bets $6
LordBorzi II: raises $6 to $12
Jigorek1989: raises $6 to $18
LordBorzi II: calls $6
*** RIVER *** [7c 4s Jc Td] [2d]
Jigorek1989: bets $6
LordBorzi II: calls $6
*** SHOW DOWN ***
Jigorek1989: shows [Ad Qh] (high card Ace)
LordBorzi II: shows [Js Ac] (a pair of Jacks)
LordBorzi II collected $89.50 from pot
*** SUMMARY ***
Total pot $90 | Rake $0.50
Board [7c 4s Jc Td 2d]
Seat 4: Jigorek1989 (big blind) showed [Ad Qh] and lost with high card Ace
Seat 5: LordBorzi II (button) (small blind) showed [Js Ac] and won ($89.50) with a pair of Jacks


