PokerStars Hand #160823544477:  Hold'em Limit ($3/$6 USD) - 2016/11/03 1:46:33 ET
Table 'Acamas' 6-max Seat #4 is the button
Seat 4: Agrotait ($72 in chips)
Seat 5: Scheubi88 ($120 in chips)
Agrotait: posts small blind $1
Scheubi88: posts big blind $3
*** HOLE CARDS ***
Agrotait: raises $3 to $6
Scheubi88: calls $3
*** FLOP *** [8d Qs 7h]
Scheubi88: checks
Agrotait: checks
*** TURN *** [8d Qs 7h] [7d]
Scheubi88: checks
Agrotait: bets $6
Scheubi88: folds
Uncalled bet ($6) returned to Agrotait
Agrotait collected $11.76 from pot
Agrotait: doesn't show hand
*** SUMMARY ***
Total pot $12 | Rake $0.24
Board [8d Qs 7h 7d]
Seat 4: Agrotait (button) (small blind) collected ($11.76)
Seat 5: Scheubi88 (big blind) folded on the Turn


PokerStars Hand #160823553678:  Hold'em Limit ($3/$6 USD) - 2016/11/03 1:47:12 ET
Table 'Acamas' 6-max Seat #5 is the button
Seat 4: Agrotait ($77.76 in chips)
Seat 5: Scheubi88 ($114 in chips)
Scheubi88: posts small blind $1
Agrotait: posts big blind $3
*** HOLE CARDS ***
Scheubi88: raises $3 to $6
Agrotait: raises $3 to $9
Scheubi88: calls $3
*** FLOP *** [Kd Ad 7s]
krytalex joins the table at seat #6
Agrotait: bets $3
Scheubi88: raises $3 to $6
Agrotait: calls $3
*** TURN *** [Kd Ad 7s] [Jh]
Agrotait: checks
Scheubi88: bets $6
Agrotait: folds
Uncalled bet ($6) returned to Scheubi88
Scheubi88 collected $29.50 from pot
Scheubi88: doesn't show hand
*** SUMMARY ***
Total pot $30 | Rake $0.50
Board [Kd Ad 7s Jh]
Seat 4: Agrotait (big blind) folded on the Turn
Seat 5: Scheubi88 (button) (small blind) collected ($29.50)


PokerStars Hand #160823565759:  Hold'em Limit ($3/$6 USD) - 2016/11/03 1:48:03 ET
Table 'Acamas' 6-max Seat #4 is the button
Seat 4: Agrotait ($62.76 in chips)
Seat 5: Scheubi88 ($128.50 in chips)
Agrotait: posts small blind $1
Scheubi88: posts big blind $3
*** HOLE CARDS ***
Agrotait: raises $3 to $6
Scheubi88: calls $3
*** FLOP *** [7d Kd 7c]
Scheubi88: checks
Agrotait: bets $3
Scheubi88: folds
Uncalled bet ($3) returned to Agrotait
Agrotait collected $11.76 from pot
Agrotait: doesn't show hand
*** SUMMARY ***
Total pot $12 | Rake $0.24
Board [7d Kd 7c]
Seat 4: Agrotait (button) (small blind) collected ($11.76)
Seat 5: Scheubi88 (big blind) folded on the Flop


PokerStars Hand #160823609226:  Hold'em Limit ($3/$6 USD) - 2016/11/03 1:51:03 ET
Table 'Acamas' 6-max Seat #6 is the button
Seat 5: Scheubi88 ($124.11 in chips)
Seat 6: krytalex ($129.83 in chips)
krytalex: posts small blind $1
Agrotait: is sitting out
Scheubi88: posts big blind $3
*** HOLE CARDS ***
Agrotait leaves the table
krytalex: raises $3 to $6
Scheubi88: calls $3
*** FLOP *** [2d 3c 4d]
Scheubi88: checks
krytalex: bets $3
Scheubi88: raises $3 to $6
krytalex: calls $3
*** TURN *** [2d 3c 4d] [2s]
Scheubi88: bets $6
krytalex: calls $6
*** RIVER *** [2d 3c 4d 2s] [8s]
Scheubi88: checks
krytalex: checks
*** SHOW DOWN ***
Scheubi88: shows [Td 4c] (two pair, Fours and Deuces)
krytalex: mucks hand
Scheubi88 collected $35.50 from pot
*** SUMMARY ***
Total pot $36 | Rake $0.50
Board [2d 3c 4d 2s 8s]
Seat 5: Scheubi88 (big blind) showed [Td 4c] and won ($35.50) with two pair, Fours and Deuces
Seat 6: krytalex (button) (small blind) mucked


PokerStars Hand #160823615215:  Hold'em Limit ($3/$6 USD) - 2016/11/03 1:51:28 ET
Table 'Acamas' 6-max Seat #5 is the button
Seat 5: Scheubi88 ($141.61 in chips)
Seat 6: krytalex ($111.83 in chips)
Scheubi88: posts small blind $1
krytalex: posts big blind $3
*** HOLE CARDS ***
Scheubi88: raises $3 to $6
krytalex: folds
Uncalled bet ($3) returned to Scheubi88
Scheubi88 collected $6 from pot
Scheubi88: doesn't show hand
*** SUMMARY ***
Total pot $6 | Rake $0
Seat 5: Scheubi88 (button) (small blind) collected ($6)
Seat 6: krytalex (big blind) folded before Flop


PokerStars Hand #160823618374:  Hold'em Limit ($3/$6 USD) - 2016/11/03 1:51:41 ET
Table 'Acamas' 6-max Seat #6 is the button
Seat 5: Scheubi88 ($144.61 in chips)
Seat 6: krytalex ($108.83 in chips)
krytalex: posts small blind $1
Scheubi88: posts big blind $3
*** HOLE CARDS ***
krytalex: folds
Uncalled bet ($2) returned to Scheubi88
Scheubi88 collected $2 from pot
Scheubi88: doesn't show hand
*** SUMMARY ***
Total pot $2 | Rake $0
Seat 5: Scheubi88 (big blind) collected ($2)
Seat 6: krytalex (button) (small blind) folded before Flop


PokerStars Hand #160823621346:  Hold'em Limit ($3/$6 USD) - 2016/11/03 1:51:53 ET
Table 'Acamas' 6-max Seat #6 is the button
Seat 5: Scheubi88 ($144.61 in chips)
Seat 6: krytalex ($108.83 in chips)
krytalex: posts small blind $1
Scheubi88: posts big blind $3
*** HOLE CARDS ***
krytalex: raises $3 to $6
Scheubi88: raises $3 to $9
krytalex: calls $3
*** FLOP *** [6c 7s Tc]
Scheubi88: bets $3
krytalex: raises $3 to $6
Scheubi88: folds
Uncalled bet ($3) returned to krytalex
krytalex collected $23.52 from pot
*** SUMMARY ***
Total pot $24 | Rake $0.48
Board [6c 7s Tc]
Seat 5: Scheubi88 (big blind) folded on the Flop
Seat 6: krytalex (button) (small blind) collected ($23.52)


PokerStars Hand #160823629794:  Hold'em Limit ($3/$6 USD) - 2016/11/03 1:52:28 ET
Table 'Acamas' 6-max Seat #5 is the button
Seat 5: Scheubi88 ($132.61 in chips)
Seat 6: krytalex ($120.35 in chips)
Scheubi88: posts small blind $1
krytalex: posts big blind $3
*** HOLE CARDS ***
Scheubi88: raises $3 to $6
krytalex: calls $3
*** FLOP *** [8d 6d Jc]
krytalex: checks
Scheubi88: bets $3
krytalex: calls $3
*** TURN *** [8d 6d Jc] [Qs]
krytalex: checks
Scheubi88: checks
*** RIVER *** [8d 6d Jc Qs] [7d]
krytalex: checks
Scheubi88: bets $6
krytalex: folds
Uncalled bet ($6) returned to Scheubi88
Scheubi88 collected $17.64 from pot
Scheubi88: doesn't show hand
*** SUMMARY ***
Total pot $18 | Rake $0.36
Board [8d 6d Jc Qs 7d]
Seat 5: Scheubi88 (button) (small blind) collected ($17.64)
Seat 6: krytalex (big blind) folded on the River


PokerStars Hand #160823640740:  Hold'em Limit ($3/$6 USD) - 2016/11/03 1:53:12 ET
Table 'Acamas' 6-max Seat #6 is the button
Seat 5: Scheubi88 ($141.25 in chips)
Seat 6: krytalex ($111.35 in chips)
krytalex: posts small blind $1
Scheubi88: posts big blind $3
*** HOLE CARDS ***
krytalex: raises $3 to $6
Scheubi88: calls $3
*** FLOP *** [5h 7c 8c]
Scheubi88: checks
krytalex: bets $3
Scheubi88: raises $3 to $6
krytalex: calls $3
*** TURN *** [5h 7c 8c] [Jh]
Scheubi88: bets $6
krytalex: calls $6
*** RIVER *** [5h 7c 8c Jh] [4c]
Scheubi88: bets $6
krytalex: folds
Uncalled bet ($6) returned to Scheubi88
Scheubi88 collected $35.50 from pot
Scheubi88: doesn't show hand
*** SUMMARY ***
Total pot $36 | Rake $0.50
Board [5h 7c 8c Jh 4c]
Seat 5: Scheubi88 (big blind) collected ($35.50)
Seat 6: krytalex (button) (small blind) folded on the River


PokerStars Hand #160823650306:  Hold'em Limit ($3/$6 USD) - 2016/11/03 1:53:52 ET
Table 'Acamas' 6-max Seat #5 is the button
Seat 5: Scheubi88 ($158.75 in chips)
Seat 6: krytalex ($93.35 in chips)
Scheubi88: posts small blind $1
krytalex: posts big blind $3
*** HOLE CARDS ***
Scheubi88: raises $3 to $6
krytalex: calls $3
*** FLOP *** [3c 5h Jh]
krytalex: checks
Scheubi88: checks
*** TURN *** [3c 5h Jh] [3s]
krytalex: checks
Scheubi88: checks
*** RIVER *** [3c 5h Jh 3s] [Jd]
krytalex: checks
Scheubi88: bets $6
krytalex: folds
Uncalled bet ($6) returned to Scheubi88
Scheubi88 collected $11.76 from pot
Scheubi88: doesn't show hand
*** SUMMARY ***
Total pot $12 | Rake $0.24
Board [3c 5h Jh 3s Jd]
Seat 5: Scheubi88 (button) (small blind) collected ($11.76)
Seat 6: krytalex (big blind) folded on the River


PokerStars Hand #160823658892:  Hold'em Limit ($3/$6 USD) - 2016/11/03 1:54:27 ET
Table 'Acamas' 6-max Seat #6 is the button
Seat 5: Scheubi88 ($164.51 in chips)
Seat 6: krytalex ($87.35 in chips)
krytalex: posts small blind $1
Scheubi88: posts big blind $3
*** HOLE CARDS ***
krytalex: raises $3 to $6
Scheubi88: calls $3
*** FLOP *** [Td Qs 7d]
Scheubi88: checks
krytalex: bets $3
Scheubi88: folds
Uncalled bet ($3) returned to krytalex
krytalex collected $11.76 from pot
*** SUMMARY ***
Total pot $12 | Rake $0.24
Board [Td Qs 7d]
Seat 5: Scheubi88 (big blind) folded on the Flop
Seat 6: krytalex (button) (small blind) collected ($11.76)


PokerStars Hand #160823667769:  Hold'em Limit ($3/$6 USD) - 2016/11/03 1:55:03 ET
Table 'Acamas' 6-max Seat #6 is the button
Seat 5: Scheubi88 ($143.51 in chips)
Seat 6: krytalex ($107.61 in chips)
krytalex: posts small blind $1
Scheubi88: posts big blind $3
*** HOLE CARDS ***
krytalex: folds
Uncalled bet ($2) returned to Scheubi88
Scheubi88 collected $2 from pot
Scheubi88: doesn't show hand
*** SUMMARY ***
Total pot $2 | Rake $0
Seat 5: Scheubi88 (big blind) collected ($2)
Seat 6: krytalex (button) (small blind) folded before Flop


PokerStars Hand #160823662268:  Hold'em Limit ($3/$6 USD) - 2016/11/03 1:54:41 ET
Table 'Acamas' 6-max Seat #5 is the button
Seat 5: Scheubi88 ($158.51 in chips)
Seat 6: krytalex ($93.11 in chips)
Scheubi88: posts small blind $1
krytalex: posts big blind $3
*** HOLE CARDS ***
Scheubi88: raises $3 to $6
krytalex: calls $3
*** FLOP *** [Td 5h 5d]
krytalex: checks
Scheubi88: bets $3
krytalex: calls $3
*** TURN *** [Td 5h 5d] [3d]
krytalex: checks
Scheubi88: checks
*** RIVER *** [Td 5h 5d 3d] [9c]
krytalex: checks
Scheubi88: bets $6
krytalex: calls $6
*** SHOW DOWN ***
Scheubi88: shows [7h 6h] (a pair of Fives)
krytalex: shows [Ad 2s] (a pair of Fives - Ace kicker)
krytalex collected $29.50 from pot
*** SUMMARY ***
Total pot $30 | Rake $0.50
Board [Td 5h 5d 3d 9c]
Seat 5: Scheubi88 (button) (small blind) showed [7h 6h] and lost with a pair of Fives
Seat 6: krytalex (big blind) showed [Ad 2s] and won ($29.50) with a pair of Fives


PokerStars Hand #160823678713:  Hold'em Limit ($3/$6 USD) - 2016/11/03 1:55:53 ET
Table 'Acamas' 6-max Seat #6 is the button
Seat 5: Scheubi88 ($162.01 in chips)
Seat 6: krytalex ($88.61 in chips)
krytalex: posts small blind $1
Scheubi88: posts big blind $3
*** HOLE CARDS ***
krytalex: raises $3 to $6
Scheubi88: calls $3
*** FLOP *** [5c Ah 7h]
Scheubi88: checks
krytalex: bets $3
Scheubi88: calls $3
*** TURN *** [5c Ah 7h] [Kh]
Scheubi88: checks
krytalex: bets $6
Scheubi88: raises $6 to $12
krytalex: calls $6
*** RIVER *** [5c Ah 7h Kh] [Ts]
Scheubi88: bets $6
krytalex: calls $6
*** SHOW DOWN ***
Scheubi88: shows [3h Th] (a flush, Ace high)
krytalex: mucks hand
Scheubi88 collected $53.50 from pot
*** SUMMARY ***
Total pot $54 | Rake $0.50
Board [5c Ah 7h Kh Ts]
Seat 5: Scheubi88 (big blind) showed [3h Th] and won ($53.50) with a flush, Ace high
Seat 6: krytalex (button) (small blind) mucked


PokerStars Hand #160823669259:  Hold'em Limit ($3/$6 USD) - 2016/11/03 1:55:09 ET
Table 'Acamas' 6-max Seat #5 is the button
Seat 5: Scheubi88 ($144.51 in chips)
Seat 6: krytalex ($106.61 in chips)
Scheubi88: posts small blind $1
krytalex: posts big blind $3
*** HOLE CARDS ***
Scheubi88: raises $3 to $6
krytalex: calls $3
*** FLOP *** [2d 8c 5h]
krytalex: checks
Scheubi88: bets $3
krytalex: raises $3 to $6
Scheubi88: calls $3
*** TURN *** [2d 8c 5h] [Ah]
krytalex: bets $6
Scheubi88: calls $6
*** RIVER *** [2d 8c 5h Ah] [6s]
krytalex: checks
Scheubi88: checks
*** SHOW DOWN ***
krytalex: shows [7c 6h] (a pair of Sixes)
Scheubi88: shows [8s Ts] (a pair of Eights)
Scheubi88 collected $35.50 from pot
*** SUMMARY ***
Total pot $36 | Rake $0.50
Board [2d 8c 5h Ah 6s]
Seat 5: Scheubi88 (button) (small blind) showed [8s Ts] and won ($35.50) with a pair of Eights
Seat 6: krytalex (big blind) showed [7c 6h] and lost with a pair of Sixes


PokerStars Hand #160823692076:  Hold'em Limit ($3/$6 USD) - 2016/11/03 1:56:54 ET
Table 'Acamas' 6-max Seat #5 is the button
Seat 5: Scheubi88 ($176.51 in chips)
Seat 6: krytalex ($86.50 in chips)
Scheubi88: posts small blind $1
krytalex: posts big blind $3
*** HOLE CARDS ***
Scheubi88 said, "russians are pieces of sh.it"
Scheubi88: raises $3 to $6
krytalex: calls $3
*** FLOP *** [5s 9c 9h]
krytalex: checks
krytalex said, "IDI NA HUI FASHIST EBANUTYI"
Scheubi88: bets $3
krytalex: folds
Uncalled bet ($3) returned to Scheubi88
Scheubi88 collected $11.76 from pot
Scheubi88: doesn't show hand
*** SUMMARY ***
Total pot $12 | Rake $0.24
Board [5s 9c 9h]
Seat 5: Scheubi88 (button) (small blind) collected ($11.76)
Seat 6: krytalex (big blind) folded on the Flop


PokerStars Hand #160823686155:  Hold'em Limit ($3/$6 USD) - 2016/11/03 1:56:27 ET
Table 'Acamas' 6-max Seat #6 is the button
Seat 5: Scheubi88 ($191.51 in chips)
Seat 6: krytalex ($72 in chips)
krytalex: posts small blind $1
Scheubi88: posts big blind $3
*** HOLE CARDS ***
krytalex said, "FISHARAAAAAAAA"
krytalex: raises $3 to $6
Scheubi88 said, "russian sub human"
Scheubi88 said, "**** russia"
Scheubi88: calls $3
*** FLOP *** [8s Kh Qc]
Scheubi88: checks
krytalex: bets $3
tamnt10549 joins the table at seat #2
Scheubi88: calls $3
*** TURN *** [8s Kh Qc] [Js]
Scheubi88: checks
krytalex: bets $6
Scheubi88: calls $6
*** RIVER *** [8s Kh Qc Js] [7s]
Scheubi88: checks
krytalex: bets $6
Scheubi88: folds
Uncalled bet ($6) returned to krytalex
krytalex collected $29.50 from pot
*** SUMMARY ***
Total pot $30 | Rake $0.50
Board [8s Kh Qc Js 7s]
Seat 5: Scheubi88 (big blind) folded on the River
Seat 6: krytalex (button) (small blind) collected ($29.50)


PokerStars Hand #160825340515:  Hold'em Limit ($3/$6 USD) - 2016/11/03 3:42:50 ET
Table 'Acamas' 6-max Seat #6 is the button
Seat 1: CharginWapos ($158.03 in chips)
Seat 6: krytalex ($74.88 in chips)
krytalex: posts small blind $1
CharginWapos: posts big blind $3
*** HOLE CARDS ***
krytalex: raises $3 to $6
CharginWapos: folds
Uncalled bet ($3) returned to krytalex
krytalex collected $6 from pot
*** SUMMARY ***
Total pot $6 | Rake $0
Seat 1: CharginWapos (big blind) folded before Flop
Seat 6: krytalex (button) (small blind) collected ($6)


PokerStars Hand #160825328592:  Hold'em Limit ($3/$6 USD) - 2016/11/03 3:42:08 ET
Table 'Acamas' 6-max Seat #6 is the button
Seat 1: CharginWapos ($148.53 in chips)
Seat 6: krytalex ($72 in chips)
krytalex: posts small blind $1
CharginWapos: posts big blind $3
*** HOLE CARDS ***
krytalex: folds
Uncalled bet ($2) returned to CharginWapos
CharginWapos collected $2 from pot
CharginWapos: doesn't show hand
*** SUMMARY ***
Total pot $2 | Rake $0
Seat 1: CharginWapos (big blind) collected ($2)
Seat 6: krytalex (button) (small blind) folded before Flop


PokerStars Hand #160825321539:  Hold'em Limit ($3/$6 USD) - 2016/11/03 3:41:44 ET
Table 'Acamas' 6-max Seat #1 is the button
Seat 1: CharginWapos ($125.03 in chips)
Seat 6: krytalex ($83.22 in chips)
CharginWapos: posts small blind $1
Garuda Black: is sitting out
krytalex: posts big blind $3
*** HOLE CARDS ***
Garuda Black leaves the table
CharginWapos: raises $3 to $6
krytalex: calls $3
*** FLOP *** [8c Qs Jh]
krytalex: checks
CharginWapos: bets $3
krytalex: raises $3 to $6
CharginWapos: calls $3
*** TURN *** [8c Qs Jh] [7h]
krytalex: bets $6
CharginWapos: calls $6
*** RIVER *** [8c Qs Jh 7h] [5d]
krytalex: bets $6
CharginWapos: calls $6
*** SHOW DOWN ***
krytalex: shows [Js Th] (a pair of Jacks)
CharginWapos: shows [Kc Qc] (a pair of Queens)
CharginWapos collected $47.50 from pot
*** SUMMARY ***
Total pot $48 | Rake $0.50
Board [8c Qs Jh 7h 5d]
Seat 1: CharginWapos (button) (small blind) showed [Kc Qc] and won ($47.50) with a pair of Queens
Seat 6: krytalex (big blind) showed [Js Th] and lost with a pair of Jacks


PokerStars Hand #160825333520:  Hold'em Limit ($3/$6 USD) - 2016/11/03 3:42:26 ET
Table 'Acamas' 6-max Seat #6 is the button
Seat 1: CharginWapos ($146.53 in chips)
Seat 6: krytalex ($74.88 in chips)
krytalex: posts small blind $1
CharginWapos: posts big blind $3
*** HOLE CARDS ***
krytalex: raises $3 to $6
CharginWapos: calls $3
*** FLOP *** [2s Qc 3h]
CharginWapos: checks
krytalex: bets $3
CharginWapos: calls $3
*** TURN *** [2s Qc 3h] [7s]
CharginWapos: checks
krytalex: bets $6
CharginWapos: raises $6 to $12
krytalex: folds
Uncalled bet ($6) returned to CharginWapos
CharginWapos collected $29.50 from pot
CharginWapos: doesn't show hand
*** SUMMARY ***
Total pot $30 | Rake $0.50
Board [2s Qc 3h 7s]
Seat 1: CharginWapos (big blind) collected ($29.50)
Seat 6: krytalex (button) (small blind) folded on the Turn


PokerStars Hand #160825329984:  Hold'em Limit ($3/$6 USD) - 2016/11/03 3:42:13 ET
Table 'Acamas' 6-max Seat #1 is the button
Seat 1: CharginWapos ($149.53 in chips)
Seat 6: krytalex ($72 in chips)
CharginWapos: posts small blind $1
krytalex: posts big blind $3
*** HOLE CARDS ***
CharginWapos: calls $2
krytalex: checks
*** FLOP *** [Js Ac 6h]
krytalex: bets $3
CharginWapos: folds
Uncalled bet ($3) returned to krytalex
krytalex collected $5.88 from pot
*** SUMMARY ***
Total pot $6 | Rake $0.12
Board [Js Ac 6h]
Seat 1: CharginWapos (button) (small blind) folded on the Flop
Seat 6: krytalex (big blind) collected ($5.88)


PokerStars Hand #160825337901:  Hold'em Limit ($3/$6 USD) - 2016/11/03 3:42:41 ET
Table 'Acamas' 6-max Seat #1 is the button
Seat 1: CharginWapos ($161.03 in chips)
Seat 6: krytalex ($72 in chips)
CharginWapos: posts small blind $1
krytalex: posts big blind $3
*** HOLE CARDS ***
CharginWapos: calls $2
krytalex: checks
*** FLOP *** [Qd Ad 7s]
krytalex: bets $3
CharginWapos: folds
Uncalled bet ($3) returned to krytalex
krytalex collected $5.88 from pot
*** SUMMARY ***
Total pot $6 | Rake $0.12
Board [Qd Ad 7s]
Seat 1: CharginWapos (button) (small blind) folded on the Flop
Seat 6: krytalex (big blind) collected ($5.88)


PokerStars Hand #160825342384:  Hold'em Limit ($3/$6 USD) - 2016/11/03 3:42:57 ET
Table 'Acamas' 6-max Seat #1 is the button
Seat 1: CharginWapos ($155.03 in chips)
Seat 6: krytalex ($77.88 in chips)
CharginWapos: posts small blind $1
tamnt10549 was removed from the table for failing to post
krytalex: posts big blind $3
*** HOLE CARDS ***
CharginWapos: calls $2
krytalex: checks
*** FLOP *** [Kc Kd Td]
krytalex: checks
CharginWapos: bets $3
krytalex: folds
Uncalled bet ($3) returned to CharginWapos
CharginWapos collected $5.88 from pot
CharginWapos: doesn't show hand
*** SUMMARY ***
Total pot $6 | Rake $0.12
Board [Kc Kd Td]
Seat 1: CharginWapos (button) (small blind) collected ($5.88)
Seat 6: krytalex (big blind) folded on the Flop


PokerStars Hand #160825345555:  Hold'em Limit ($3/$6 USD) - 2016/11/03 3:43:08 ET
Table 'Acamas' 6-max Seat #6 is the button
Seat 1: CharginWapos ($157.91 in chips)
Seat 6: krytalex ($74.88 in chips)
krytalex: posts small blind $1
CharginWapos: posts big blind $3
*** HOLE CARDS ***
krytalex: raises $3 to $6
CharginWapos: calls $3
*** FLOP *** [Jc 8s 3s]
CharginWapos: checks
krytalex: bets $3
fsreibnitz joins the table at seat #5
CharginWapos: calls $3
*** TURN *** [Jc 8s 3s] [7h]
CharginWapos: checks
krytalex: checks
*** RIVER *** [Jc 8s 3s 7h] [8c]
CharginWapos: bets $6
krytalex: folds
Uncalled bet ($6) returned to CharginWapos
CharginWapos collected $17.64 from pot
CharginWapos: doesn't show hand
*** SUMMARY ***
Total pot $18 | Rake $0.36
Board [Jc 8s 3s 7h 8c]
Seat 1: CharginWapos (big blind) collected ($17.64)
Seat 6: krytalex (button) (small blind) folded on the River


PokerStars Hand #160826758854:  Hold'em Limit ($3/$6 USD) - 2016/11/03 4:58:17 ET
Table 'Acamas' 6-max Seat #1 is the button
Seat 1: zimin10 ($166.74 in chips)
Seat 4: Bueffel ($53.96 in chips)
sinsadir will be allowed to play after the button
zimin10: posts small blind $1
Bueffel: posts big blind $3
*** HOLE CARDS ***
zimin10: raises $3 to $6
Bueffel: folds
Uncalled bet ($3) returned to zimin10
zimin10 collected $6 from pot
zimin10: doesn't show hand
*** SUMMARY ***
Total pot $6 | Rake $0
Seat 1: zimin10 (button) (small blind) collected ($6)
Seat 4: Bueffel (big blind) folded before Flop


PokerStars Hand #160829754718:  Hold'em Limit ($3/$6 USD) - 2016/11/03 7:07:21 ET
Table 'Acamas' 6-max Seat #5 is the button
Seat 3: VolkovDmitri ($161.47 in chips)
Seat 5: NLXXX1980 ($152.54 in chips)
NLXXX1980: posts small blind $1
sinsadir: is sitting out
VolkovDmitri: posts big blind $3
*** HOLE CARDS ***
sinsadir leaves the table
NLXXX1980: raises $3 to $6
VolkovDmitri: calls $3
*** FLOP *** [Jc 4c 6d]
VolkovDmitri: checks
NLXXX1980: bets $3
VolkovDmitri: calls $3
*** TURN *** [Jc 4c 6d] [Kd]
VolkovDmitri: checks
NLXXX1980: checks
*** RIVER *** [Jc 4c 6d Kd] [Qh]
VolkovDmitri: bets $6
NLXXX1980: calls $6
*** SHOW DOWN ***
VolkovDmitri: shows [Kc 2h] (a pair of Kings)
NLXXX1980: mucks hand
VolkovDmitri collected $29.50 from pot
*** SUMMARY ***
Total pot $30 | Rake $0.50
Board [Jc 4c 6d Kd Qh]
Seat 3: VolkovDmitri (big blind) showed [Kc 2h] and won ($29.50) with a pair of Kings
Seat 5: NLXXX1980 (button) (small blind) mucked


PokerStars Hand #160829774918:  Hold'em Limit ($3/$6 USD) - 2016/11/03 7:08:07 ET
Table 'Acamas' 6-max Seat #3 is the button
Seat 3: VolkovDmitri ($175.97 in chips)
Seat 5: NLXXX1980 ($137.54 in chips)
VolkovDmitri: posts small blind $1
NLXXX1980: posts big blind $3
*** HOLE CARDS ***
VolkovDmitri: folds
Uncalled bet ($2) returned to NLXXX1980
NLXXX1980 collected $2 from pot
*** SUMMARY ***
Total pot $2 | Rake $0
Seat 3: VolkovDmitri (button) (small blind) folded before Flop
Seat 5: NLXXX1980 (big blind) collected ($2)


PokerStars Hand #160829779638:  Hold'em Limit ($3/$6 USD) - 2016/11/03 7:08:18 ET
Table 'Acamas' 6-max Seat #5 is the button
Seat 3: VolkovDmitri ($174.97 in chips)
Seat 5: NLXXX1980 ($138.54 in chips)
NLXXX1980: posts small blind $1
VolkovDmitri: posts big blind $3
*** HOLE CARDS ***
NLXXX1980: raises $3 to $6
VolkovDmitri: raises $3 to $9
NLXXX1980: calls $3
*** FLOP *** [3s Qh 4h]
VolkovDmitri: bets $3
NLXXX1980: raises $3 to $6
VolkovDmitri: calls $3
*** TURN *** [3s Qh 4h] [6s]
VolkovDmitri: checks
NLXXX1980: bets $6
VolkovDmitri: folds
Uncalled bet ($6) returned to NLXXX1980
NLXXX1980 collected $29.50 from pot
*** SUMMARY ***
Total pot $30 | Rake $0.50
Board [3s Qh 4h 6s]
Seat 3: VolkovDmitri (big blind) folded on the Turn
Seat 5: NLXXX1980 (button) (small blind) collected ($29.50)


PokerStars Hand #160829811684:  Hold'em Limit ($3/$6 USD) - 2016/11/03 7:09:31 ET
Table 'Acamas' 6-max Seat #5 is the button
Seat 3: VolkovDmitri ($165.73 in chips)
Seat 5: NLXXX1980 ($147.04 in chips)
NLXXX1980: posts small blind $1
VolkovDmitri: posts big blind $3
*** HOLE CARDS ***
NLXXX1980: calls $2
VolkovDmitri: checks
*** FLOP *** [Qh 2d Qc]
VolkovDmitri: checks
NLXXX1980: checks
*** TURN *** [Qh 2d Qc] [4c]
VolkovDmitri: checks
NLXXX1980: bets $6
VolkovDmitri: folds
Uncalled bet ($6) returned to NLXXX1980
NLXXX1980 collected $5.88 from pot
*** SUMMARY ***
Total pot $6 | Rake $0.12
Board [Qh 2d Qc 4c]
Seat 3: VolkovDmitri (big blind) folded on the Turn
Seat 5: NLXXX1980 (button) (small blind) collected ($5.88)


PokerStars Hand #160829798572:  Hold'em Limit ($3/$6 USD) - 2016/11/03 7:09:01 ET
Table 'Acamas' 6-max Seat #3 is the button
Seat 3: VolkovDmitri ($159.97 in chips)
Seat 5: NLXXX1980 ($153.04 in chips)
VolkovDmitri: posts small blind $1
NLXXX1980: posts big blind $3
*** HOLE CARDS ***
VolkovDmitri: raises $3 to $6
NLXXX1980: calls $3
*** FLOP *** [8c 6c 9h]
NLXXX1980: checks
VolkovDmitri: checks
*** TURN *** [8c 6c 9h] [8h]
hooverr joins the table at seat #4
NLXXX1980: checks
VolkovDmitri: checks
*** RIVER *** [8c 6c 9h 8h] [6s]
NLXXX1980: checks
VolkovDmitri: checks
*** SHOW DOWN ***
NLXXX1980: shows [5h 4h] (two pair, Eights and Sixes)
VolkovDmitri: shows [Tc Qh] (two pair, Eights and Sixes - Queen kicker)
VolkovDmitri collected $11.76 from pot
*** SUMMARY ***
Total pot $12 | Rake $0.24
Board [8c 6c 9h 8h 6s]
Seat 3: VolkovDmitri (button) (small blind) showed [Tc Qh] and won ($11.76) with two pair, Eights and Sixes
Seat 5: NLXXX1980 (big blind) showed [5h 4h] and lost with two pair, Eights and Sixes


PokerStars Hand #160835735608:  Hold'em Limit ($3/$6 USD) - 2016/11/03 10:20:01 ET
Table 'Acamas' 6-max Seat #1 is the button
Seat 1: DonRumato ($180.55 in chips)
Seat 3: B_loJkl ($175.11 in chips)
DonRumato: posts small blind $1
B_loJkl: posts big blind $3
*** HOLE CARDS ***
DonRumato: raises $3 to $6
B_loJkl: calls $3
*** FLOP *** [6s 5d 7c]
B_loJkl: checks
DonRumato: checks
*** TURN *** [6s 5d 7c] [As]
B_loJkl: checks
DonRumato: bets $6
B_loJkl: folds
Uncalled bet ($6) returned to DonRumato
DonRumato collected $11.76 from pot
*** SUMMARY ***
Total pot $12 | Rake $0.24
Board [6s 5d 7c As]
Seat 1: DonRumato (button) (small blind) collected ($11.76)
Seat 3: B_loJkl (big blind) folded on the Turn


PokerStars Hand #160835728887:  Hold'em Limit ($3/$6 USD) - 2016/11/03 10:19:50 ET
Table 'Acamas' 6-max Seat #3 is the button
Seat 1: DonRumato ($183.55 in chips)
Seat 3: B_loJkl ($172.11 in chips)
B_loJkl: posts small blind $1
DonRumato: posts big blind $3
*** HOLE CARDS ***
B_loJkl: raises $3 to $6
gazzzzzza leaves the table
DonRumato: folds
Uncalled bet ($3) returned to B_loJkl
B_loJkl collected $6 from pot
B_loJkl: doesn't show hand
*** SUMMARY ***
Total pot $6 | Rake $0
Seat 1: DonRumato (big blind) folded before Flop
Seat 3: B_loJkl (button) (small blind) collected ($6)


