PokerStars Hand #174355431159:  Hold'em Limit ($3/$6 USD) - 2017/08/15 5:08:46 ET
Table 'Acamas' 10-max Seat #7 is the button
Seat 7: VolkovDmitri ($124 in chips)
Seat 8: Kingpin968 ($135.26 in chips)
VolkovDmitri: posts small blind $1
Kingpin968: posts big blind $3
*** HOLE CARDS ***
VolkovDmitri: raises $3 to $6
Kingpin968: folds
Uncalled bet ($3) returned to VolkovDmitri
VolkovDmitri collected $6 from pot
VolkovDmitri: doesn't show hand
*** SUMMARY ***
Total pot $6 | Rake $0
Seat 7: VolkovDmitri (button) (small blind) collected ($6)
Seat 8: Kingpin968 (big blind) folded before Flop


PokerStars Hand #174355415483:  Hold'em Limit ($3/$6 USD) - 2017/08/15 5:08:01 ET
Table 'Acamas' 10-max Seat #7 is the button
Seat 7: VolkovDmitri ($121 in chips)
Seat 8: Kingpin968 ($118.76 in chips)
VolkovDmitri: posts small blind $1
Kingpin968: posts big blind $3
*** HOLE CARDS ***
VolkovDmitri: raises $3 to $6
Kingpin968: folds
Uncalled bet ($3) returned to VolkovDmitri
VolkovDmitri collected $6 from pot
VolkovDmitri: doesn't show hand
*** SUMMARY ***
Total pot $6 | Rake $0
Seat 7: VolkovDmitri (button) (small blind) collected ($6)
Seat 8: Kingpin968 (big blind) folded before Flop


PokerStars Hand #174355404731:  Hold'em Limit ($3/$6 USD) - 2017/08/15 5:07:31 ET
Table 'Acamas' 10-max Seat #8 is the button
Seat 7: VolkovDmitri ($127 in chips)
Seat 8: Kingpin968 ($113 in chips)
Kingpin968: posts small blind $1
VolkovDmitri: posts big blind $3
*** HOLE CARDS ***
Kingpin968: raises $3 to $6
VolkovDmitri: calls $3
*** FLOP *** [3c 9c 7h]
VolkovDmitri: checks
Kingpin968: checks
*** TURN *** [3c 9c 7h] [Ad]
VolkovDmitri: checks
Kingpin968: checks
*** RIVER *** [3c 9c 7h Ad] [8d]
VolkovDmitri: checks
Kingpin968: checks
*** SHOW DOWN ***
VolkovDmitri: shows [Kc 6d] (high card Ace)
Kingpin968: shows [Jd Kd] (high card Ace - King+Jack kicker)
Kingpin968 collected $11.76 from pot
*** SUMMARY ***
Total pot $12 | Rake $0.24
Board [3c 9c 7h Ad 8d]
Seat 7: VolkovDmitri (big blind) showed [Kc 6d] and lost with high card Ace
Seat 8: Kingpin968 (button) (small blind) showed [Jd Kd] and won ($11.76) with high card Ace


PokerStars Hand #174355427466:  Hold'em Limit ($3/$6 USD) - 2017/08/15 5:08:35 ET
Table 'Acamas' 10-max Seat #7 is the button
Seat 7: VolkovDmitri ($120 in chips)
Seat 8: Kingpin968 ($139.26 in chips)
VolkovDmitri: posts small blind $1
Kingpin968: posts big blind $3
*** HOLE CARDS ***
VolkovDmitri: raises $3 to $6
Kingpin968: folds
Uncalled bet ($3) returned to VolkovDmitri
VolkovDmitri collected $6 from pot
VolkovDmitri: doesn't show hand
*** SUMMARY ***
Total pot $6 | Rake $0
Seat 7: VolkovDmitri (button) (small blind) collected ($6)
Seat 8: Kingpin968 (big blind) folded before Flop


PokerStars Hand #174355419830:  Hold'em Limit ($3/$6 USD) - 2017/08/15 5:08:14 ET
Table 'Acamas' 10-max Seat #8 is the button
Seat 7: VolkovDmitri ($124 in chips)
Seat 8: Kingpin968 ($115.76 in chips)
Kingpin968: posts small blind $1
VolkovDmitri: posts big blind $3
*** HOLE CARDS ***
Kingpin968: raises $3 to $6
VolkovDmitri: raises $3 to $9
Kingpin968: calls $3
*** FLOP *** [9h 2c 7d]
VolkovDmitri: bets $3
Kingpin968: calls $3
*** TURN *** [9h 2c 7d] [2d]
VolkovDmitri: bets $6
Kingpin968: raises $6 to $12
VolkovDmitri: calls $6
*** RIVER *** [9h 2c 7d 2d] [Ac]
VolkovDmitri: checks
Kingpin968: checks
*** SHOW DOWN ***
VolkovDmitri: shows [Kh Qh] (a pair of Deuces)
Kingpin968: shows [9c 8c] (two pair, Nines and Deuces)
Kingpin968 collected $47.50 from pot
*** SUMMARY ***
Total pot $48 | Rake $0.50
Board [9h 2c 7d 2d Ac]
Seat 7: VolkovDmitri (big blind) showed [Kh Qh] and lost with a pair of Deuces
Seat 8: Kingpin968 (button) (small blind) showed [9c 8c] and won ($47.50) with two pair, Nines and Deuces


PokerStars Hand #174355429314:  Hold'em Limit ($3/$6 USD) - 2017/08/15 5:08:41 ET
Table 'Acamas' 10-max Seat #8 is the button
Seat 7: VolkovDmitri ($123 in chips)
Seat 8: Kingpin968 ($136.26 in chips)
Kingpin968: posts small blind $1
VolkovDmitri: posts big blind $3
*** HOLE CARDS ***
Kingpin968: folds
Uncalled bet ($2) returned to VolkovDmitri
VolkovDmitri collected $2 from pot
VolkovDmitri: doesn't show hand
*** SUMMARY ***
Total pot $2 | Rake $0
Seat 7: VolkovDmitri (big blind) collected ($2)
Seat 8: Kingpin968 (button) (small blind) folded before Flop


PokerStars Hand #174355449037:  Hold'em Limit ($3/$6 USD) - 2017/08/15 5:09:37 ET
Table 'Acamas' 10-max Seat #8 is the button
Seat 7: VolkovDmitri ($120 in chips)
Seat 8: Kingpin968 ($158.40 in chips)
Kingpin968: posts small blind $1
VolkovDmitri: posts big blind $3
*** HOLE CARDS ***
Kingpin968: raises $3 to $6
VolkovDmitri: calls $3
*** FLOP *** [7h 4d 5s]
VolkovDmitri: checks
Kingpin968: checks
*** TURN *** [7h 4d 5s] [3h]
VolkovDmitri: bets $6
Kingpin968: calls $6
*** RIVER *** [7h 4d 5s 3h] [Td]
VolkovDmitri: bets $6
Kingpin968: raises $6 to $12
VolkovDmitri: calls $6
*** SHOW DOWN ***
Kingpin968: shows [6h Jh] (a straight, Three to Seven)
VolkovDmitri: mucks hand
Kingpin968 collected $47.50 from pot
*** SUMMARY ***
Total pot $48 | Rake $0.50
Board [7h 4d 5s 3h Td]
Seat 7: VolkovDmitri (big blind) mucked
Seat 8: Kingpin968 (button) (small blind) showed [6h Jh] and won ($47.50) with a straight, Three to Seven


PokerStars Hand #174355433570:  Hold'em Limit ($3/$6 USD) - 2017/08/15 5:08:53 ET
Table 'Acamas' 10-max Seat #8 is the button
Seat 7: VolkovDmitri ($127 in chips)
Seat 8: Kingpin968 ($132.26 in chips)
Kingpin968: posts small blind $1
VolkovDmitri: posts big blind $3
*** HOLE CARDS ***
Kingpin968: raises $3 to $6
VolkovDmitri: calls $3
*** FLOP *** [9s 5c 8d]
VolkovDmitri: checks
Kingpin968: checks
*** TURN *** [9s 5c 8d] [Qs]
VolkovDmitri: bets $6
Kingpin968: calls $6
*** RIVER *** [9s 5c 8d Qs] [2s]
VolkovDmitri: bets $6
Kingpin968: raises $6 to $12
VolkovDmitri: folds
Uncalled bet ($6) returned to Kingpin968
Kingpin968 collected $35.50 from pot
Kingpin968: doesn't show hand
*** SUMMARY ***
Total pot $36 | Rake $0.50
Board [9s 5c 8d Qs 2s]
Seat 7: VolkovDmitri (big blind) folded on the River
Seat 8: Kingpin968 (button) (small blind) collected ($35.50)


PokerStars Hand #174355442568:  Hold'em Limit ($3/$6 USD) - 2017/08/15 5:09:18 ET
Table 'Acamas' 10-max Seat #7 is the button
Seat 7: VolkovDmitri ($120 in chips)
Seat 8: Kingpin968 ($149.76 in chips)
VolkovDmitri: posts small blind $1
Kingpin968: posts big blind $3
*** HOLE CARDS ***
VolkovDmitri: raises $3 to $6
Kingpin968: raises $3 to $9
VolkovDmitri: calls $3
*** FLOP *** [7d 9h 2h]
Kingpin968: bets $3
VolkovDmitri: folds
Uncalled bet ($3) returned to Kingpin968
Kingpin968 collected $17.64 from pot
Kingpin968: doesn't show hand
*** SUMMARY ***
Total pot $18 | Rake $0.36
Board [7d 9h 2h]
Seat 7: VolkovDmitri (button) (small blind) folded on the Flop
Seat 8: Kingpin968 (big blind) collected ($17.64)


PokerStars Hand #174355456605:  Hold'em Limit ($3/$6 USD) - 2017/08/15 5:09:58 ET
Table 'Acamas' 10-max Seat #7 is the button
Seat 7: VolkovDmitri ($120 in chips)
Seat 8: Kingpin968 ($181.90 in chips)
VolkovDmitri: posts small blind $1
Kingpin968: posts big blind $3
*** HOLE CARDS ***
VolkovDmitri: raises $3 to $6
Kingpin968: raises $3 to $9
VolkovDmitri: calls $3
*** FLOP *** [Ad Ts 2s]
Kingpin968: bets $3
VolkovDmitri: folds
Uncalled bet ($3) returned to Kingpin968
Kingpin968 collected $17.64 from pot
Kingpin968: doesn't show hand
*** SUMMARY ***
Total pot $18 | Rake $0.36
Board [Ad Ts 2s]
Seat 7: VolkovDmitri (button) (small blind) folded on the Flop
Seat 8: Kingpin968 (big blind) collected ($17.64)


PokerStars Hand #174355493299:  Hold'em Limit ($3/$6 USD) - 2017/08/15 5:11:42 ET
Table 'Acamas' 10-max Seat #8 is the button
Seat 7: VolkovDmitri ($128.64 in chips)
Seat 8: Kingpin968 ($196.04 in chips)
Kingpin968: posts small blind $1
VolkovDmitri: posts big blind $3
*** HOLE CARDS ***
Kingpin968: folds
Uncalled bet ($2) returned to VolkovDmitri
VolkovDmitri collected $2 from pot
VolkovDmitri: doesn't show hand
*** SUMMARY ***
Total pot $2 | Rake $0
Seat 7: VolkovDmitri (big blind) collected ($2)
Seat 8: Kingpin968 (button) (small blind) folded before Flop


PokerStars Hand #174355482741:  Hold'em Limit ($3/$6 USD) - 2017/08/15 5:11:12 ET
Table 'Acamas' 10-max Seat #7 is the button
Seat 7: VolkovDmitri ($120 in chips)
Seat 8: Kingpin968 ($205.04 in chips)
VolkovDmitri: posts small blind $1
Kingpin968: posts big blind $3
*** HOLE CARDS ***
VolkovDmitri: raises $3 to $6
Kingpin968: calls $3
*** FLOP *** [2h Qd 5h]
Kingpin968: checks
VolkovDmitri: bets $3
Kingpin968: calls $3
*** TURN *** [2h Qd 5h] [5c]
Kingpin968: checks
VolkovDmitri: bets $6
Kingpin968: folds
Uncalled bet ($6) returned to VolkovDmitri
VolkovDmitri collected $17.64 from pot
VolkovDmitri: doesn't show hand
*** SUMMARY ***
Total pot $18 | Rake $0.36
Board [2h Qd 5h 5c]
Seat 7: VolkovDmitri (button) (small blind) collected ($17.64)
Seat 8: Kingpin968 (big blind) folded on the Turn


PokerStars Hand #174355468173:  Hold'em Limit ($3/$6 USD) - 2017/08/15 5:10:31 ET
Table 'Acamas' 10-max Seat #8 is the button
Seat 7: VolkovDmitri ($120 in chips)
Seat 8: Kingpin968 ($190.54 in chips)
Kingpin968: posts small blind $1
VolkovDmitri: posts big blind $3
*** HOLE CARDS ***
Kingpin968: raises $3 to $6
VolkovDmitri: calls $3
*** FLOP *** [Ac 4c 3c]
VolkovDmitri: checks
Kingpin968: bets $3
VolkovDmitri: calls $3
*** TURN *** [Ac 4c 3c] [Kh]
VolkovDmitri: checks
Kingpin968: bets $6
VolkovDmitri: calls $6
*** RIVER *** [Ac 4c 3c Kh] [Jd]
VolkovDmitri: checks
Kingpin968: bets $6
VolkovDmitri: folds
Uncalled bet ($6) returned to Kingpin968
Kingpin968 collected $29.50 from pot
Kingpin968: doesn't show hand
*** SUMMARY ***
Total pot $30 | Rake $0.50
Board [Ac 4c 3c Kh Jd]
Seat 7: VolkovDmitri (big blind) folded on the River
Seat 8: Kingpin968 (button) (small blind) collected ($29.50)


PokerStars Hand #174355495654:  Hold'em Limit ($3/$6 USD) - 2017/08/15 5:11:49 ET
Table 'Acamas' 10-max Seat #7 is the button
Seat 7: VolkovDmitri ($129.64 in chips)
Seat 8: Kingpin968 ($195.04 in chips)
VolkovDmitri: posts small blind $1
Kingpin968: posts big blind $3
*** HOLE CARDS ***
VolkovDmitri: raises $3 to $6
Kingpin968: folds
Uncalled bet ($3) returned to VolkovDmitri
VolkovDmitri collected $6 from pot
VolkovDmitri: doesn't show hand
*** SUMMARY ***
Total pot $6 | Rake $0
Seat 7: VolkovDmitri (button) (small blind) collected ($6)
Seat 8: Kingpin968 (big blind) folded before Flop


PokerStars Hand #174355507274:  Hold'em Limit ($3/$6 USD) - 2017/08/15 5:12:21 ET
Table 'Acamas' 10-max Seat #8 is the button
Seat 7: VolkovDmitri ($129.64 in chips)
Seat 8: Kingpin968 ($194.80 in chips)
Kingpin968: posts small blind $1
VolkovDmitri: posts big blind $3
*** HOLE CARDS ***
Kingpin968: folds
Uncalled bet ($2) returned to VolkovDmitri
VolkovDmitri collected $2 from pot
VolkovDmitri: doesn't show hand
*** SUMMARY ***
Total pot $2 | Rake $0
Seat 7: VolkovDmitri (big blind) collected ($2)
Seat 8: Kingpin968 (button) (small blind) folded before Flop


PokerStars Hand #174355519452:  Hold'em Limit ($3/$6 USD) - 2017/08/15 5:12:56 ET
Table 'Acamas' 10-max Seat #8 is the button
Seat 7: VolkovDmitri ($120 in chips)
Seat 8: Kingpin968 ($205.32 in chips)
Kingpin968: posts small blind $1
VolkovDmitri: posts big blind $3
*** HOLE CARDS ***
Kingpin968: folds
Uncalled bet ($2) returned to VolkovDmitri
VolkovDmitri collected $2 from pot
VolkovDmitri: doesn't show hand
*** SUMMARY ***
Total pot $2 | Rake $0
Seat 7: VolkovDmitri (big blind) collected ($2)
Seat 8: Kingpin968 (button) (small blind) folded before Flop


PokerStars Hand #174355509052:  Hold'em Limit ($3/$6 USD) - 2017/08/15 5:12:26 ET
Table 'Acamas' 10-max Seat #7 is the button
Seat 7: VolkovDmitri ($130.64 in chips)
Seat 8: Kingpin968 ($193.80 in chips)
VolkovDmitri: posts small blind $1
Kingpin968: posts big blind $3
*** HOLE CARDS ***
VolkovDmitri: raises $3 to $6
Kingpin968: raises $3 to $9
VolkovDmitri: calls $3
*** FLOP *** [7s 3c 5c]
Kingpin968: bets $3
VolkovDmitri: calls $3
*** TURN *** [7s 3c 5c] [Ks]
Kingpin968: bets $6
VolkovDmitri: folds
Uncalled bet ($6) returned to Kingpin968
Kingpin968 collected $23.52 from pot
Kingpin968: doesn't show hand
*** SUMMARY ***
Total pot $24 | Rake $0.48
Board [7s 3c 5c Ks]
Seat 7: VolkovDmitri (button) (small blind) folded on the Turn
Seat 8: Kingpin968 (big blind) collected ($23.52)


PokerStars Hand #174355504183:  Hold'em Limit ($3/$6 USD) - 2017/08/15 5:12:13 ET
Table 'Acamas' 10-max Seat #7 is the button
Seat 7: VolkovDmitri ($126.64 in chips)
Seat 8: Kingpin968 ($197.80 in chips)
VolkovDmitri: posts small blind $1
Kingpin968: posts big blind $3
*** HOLE CARDS ***
VolkovDmitri: raises $3 to $6
Kingpin968: folds
Uncalled bet ($3) returned to VolkovDmitri
VolkovDmitri collected $6 from pot
VolkovDmitri: doesn't show hand
*** SUMMARY ***
Total pot $6 | Rake $0
Seat 7: VolkovDmitri (button) (small blind) collected ($6)
Seat 8: Kingpin968 (big blind) folded before Flop


PokerStars Hand #174355498400:  Hold'em Limit ($3/$6 USD) - 2017/08/15 5:11:56 ET
Table 'Acamas' 10-max Seat #8 is the button
Seat 7: VolkovDmitri ($132.64 in chips)
Seat 8: Kingpin968 ($192.04 in chips)
Kingpin968: posts small blind $1
VolkovDmitri: posts big blind $3
*** HOLE CARDS ***
Kingpin968: raises $3 to $6
VolkovDmitri: calls $3
*** FLOP *** [7s 7h 7c]
VolkovDmitri: checks
Kingpin968: bets $3
VolkovDmitri: folds
Uncalled bet ($3) returned to Kingpin968
Kingpin968 collected $11.76 from pot
Kingpin968: doesn't show hand
*** SUMMARY ***
Total pot $12 | Rake $0.24
Board [7s 7h 7c]
Seat 7: VolkovDmitri (big blind) folded on the Flop
Seat 8: Kingpin968 (button) (small blind) collected ($11.76)


PokerStars Hand #174355521529:  Hold'em Limit ($3/$6 USD) - 2017/08/15 5:13:02 ET
Table 'Acamas' 10-max Seat #7 is the button
Seat 7: VolkovDmitri ($121 in chips)
Seat 8: Kingpin968 ($204.32 in chips)
VolkovDmitri: posts small blind $1
Kingpin968: posts big blind $3
*** HOLE CARDS ***
VolkovDmitri: raises $3 to $6
Kingpin968: calls $3
*** FLOP *** [4d Ks Ah]
Kingpin968: checks
VolkovDmitri: bets $3
Kingpin968: calls $3
*** TURN *** [4d Ks Ah] [4s]
Kingpin968: checks
VolkovDmitri: checks
*** RIVER *** [4d Ks Ah 4s] [8s]
Kingpin968: bets $6
VolkovDmitri: calls $6
*** SHOW DOWN ***
Kingpin968: shows [4c 5h] (three of a kind, Fours)
VolkovDmitri: mucks hand
Kingpin968 collected $29.50 from pot
*** SUMMARY ***
Total pot $30 | Rake $0.50
Board [4d Ks Ah 4s 8s]
Seat 7: VolkovDmitri (button) (small blind) mucked
Seat 8: Kingpin968 (big blind) showed [4c 5h] and won ($29.50) with three of a kind, Fours


PokerStars Hand #174355532855:  Hold'em Limit ($3/$6 USD) - 2017/08/15 5:13:34 ET
Table 'Acamas' 10-max Seat #8 is the button
Seat 7: VolkovDmitri ($120 in chips)
Seat 8: Kingpin968 ($218.82 in chips)
Kingpin968: posts small blind $1
VolkovDmitri: posts big blind $3
*** HOLE CARDS ***
Kingpin968: raises $3 to $6
VolkovDmitri: calls $3
*** FLOP *** [Ah 8d 8h]
VolkovDmitri: checks
Kingpin968: bets $3
VolkovDmitri: raises $3 to $6
Kingpin968: raises $3 to $9
VolkovDmitri: raises $3 to $12
Betting is capped
Kingpin968: calls $3
*** TURN *** [Ah 8d 8h] [9d]
VolkovDmitri: checks
Kingpin968: checks
*** RIVER *** [Ah 8d 8h 9d] [5h]
VolkovDmitri: checks
Kingpin968: checks
*** SHOW DOWN ***
VolkovDmitri: shows [7c 9s] (two pair, Nines and Eights)
Kingpin968: mucks hand
VolkovDmitri collected $35.50 from pot
*** SUMMARY ***
Total pot $36 | Rake $0.50
Board [Ah 8d 8h 9d 5h]
Seat 7: VolkovDmitri (big blind) showed [7c 9s] and won ($35.50) with two pair, Nines and Eights
Seat 8: Kingpin968 (button) (small blind) mucked


PokerStars Hand #174355549165:  Hold'em Limit ($3/$6 USD) - 2017/08/15 5:14:19 ET
Table 'Acamas' 10-max Seat #7 is the button
Seat 7: VolkovDmitri ($137.50 in chips)
Seat 8: Kingpin968 ($200.82 in chips)
VolkovDmitri: posts small blind $1
Kingpin968: posts big blind $3
*** HOLE CARDS ***
VolkovDmitri: raises $3 to $6
Kingpin968: raises $3 to $9
VolkovDmitri: calls $3
*** FLOP *** [4h 5h 7h]
Kingpin968: bets $3
VolkovDmitri: raises $3 to $6
Kingpin968: raises $3 to $9
VolkovDmitri: calls $3
*** TURN *** [4h 5h 7h] [Ts]
Kingpin968: bets $6
VolkovDmitri: calls $6
*** RIVER *** [4h 5h 7h Ts] [6h]
Kingpin968: bets $6
VolkovDmitri: raises $6 to $12
Kingpin968: calls $6
*** SHOW DOWN ***
VolkovDmitri: shows [Ah 8c] (a flush, Ace high)
Kingpin968: mucks hand
VolkovDmitri collected $71.50 from pot
*** SUMMARY ***
Total pot $72 | Rake $0.50
Board [4h 5h 7h Ts 6h]
Seat 7: VolkovDmitri (button) (small blind) showed [Ah 8c] and won ($71.50) with a flush, Ace high
Seat 8: Kingpin968 (big blind) mucked


PokerStars Hand #174355572740:  Hold'em Limit ($3/$6 USD) - 2017/08/15 5:15:25 ET
Table 'Acamas' 10-max Seat #7 is the button
Seat 7: VolkovDmitri ($174 in chips)
Seat 8: Kingpin968 ($163.82 in chips)
VolkovDmitri: posts small blind $1
Kingpin968: posts big blind $3
*** HOLE CARDS ***
VolkovDmitri: raises $3 to $6
Kingpin968: raises $3 to $9
VolkovDmitri: calls $3
*** FLOP *** [9s 6s Tc]
Kingpin968: bets $3
VolkovDmitri: calls $3
*** TURN *** [9s 6s Tc] [Th]
Kingpin968: bets $6
VolkovDmitri: calls $6
*** RIVER *** [9s 6s Tc Th] [3c]
Kingpin968: bets $6
VolkovDmitri: calls $6
*** SHOW DOWN ***
Kingpin968: shows [Ac Jh] (a pair of Tens)
VolkovDmitri: shows [4s 9d] (two pair, Tens and Nines)
VolkovDmitri collected $47.50 from pot
*** SUMMARY ***
Total pot $48 | Rake $0.50
Board [9s 6s Tc Th 3c]
Seat 7: VolkovDmitri (button) (small blind) showed [4s 9d] and won ($47.50) with two pair, Tens and Nines
Seat 8: Kingpin968 (big blind) showed [Ac Jh] and lost with a pair of Tens


PokerStars Hand #174355564892:  Hold'em Limit ($3/$6 USD) - 2017/08/15 5:15:03 ET
Table 'Acamas' 10-max Seat #8 is the button
Seat 7: VolkovDmitri ($173 in chips)
Seat 8: Kingpin968 ($164.82 in chips)
Kingpin968: posts small blind $1
VolkovDmitri: posts big blind $3
*** HOLE CARDS ***
Kingpin968: folds
Uncalled bet ($2) returned to VolkovDmitri
VolkovDmitri collected $2 from pot
VolkovDmitri: doesn't show hand
*** SUMMARY ***
Total pot $2 | Rake $0
Seat 7: VolkovDmitri (big blind) collected ($2)
Seat 8: Kingpin968 (button) (small blind) folded before Flop


PokerStars Hand #174355590284:  Hold'em Limit ($3/$6 USD) - 2017/08/15 5:16:14 ET
Table 'Acamas' 10-max Seat #8 is the button
Seat 7: VolkovDmitri ($197.50 in chips)
Seat 8: Kingpin968 ($139.82 in chips)
Kingpin968: posts small blind $1
VolkovDmitri: posts big blind $3
*** HOLE CARDS ***
Kingpin968: folds
Uncalled bet ($2) returned to VolkovDmitri
VolkovDmitri collected $2 from pot
VolkovDmitri: doesn't show hand
*** SUMMARY ***
Total pot $2 | Rake $0
Seat 7: VolkovDmitri (big blind) collected ($2)
Seat 8: Kingpin968 (button) (small blind) folded before Flop


PokerStars Hand #174355587914:  Hold'em Limit ($3/$6 USD) - 2017/08/15 5:16:07 ET
Table 'Acamas' 10-max Seat #7 is the button
Seat 7: VolkovDmitri ($194.50 in chips)
Seat 8: Kingpin968 ($142.82 in chips)
VolkovDmitri: posts small blind $1
Kingpin968: posts big blind $3
*** HOLE CARDS ***
VolkovDmitri: raises $3 to $6
Kingpin968: folds
Uncalled bet ($3) returned to VolkovDmitri
VolkovDmitri collected $6 from pot
VolkovDmitri: doesn't show hand
*** SUMMARY ***
Total pot $6 | Rake $0
Seat 7: VolkovDmitri (button) (small blind) collected ($6)
Seat 8: Kingpin968 (big blind) folded before Flop


PokerStars Hand #174355585396:  Hold'em Limit ($3/$6 USD) - 2017/08/15 5:16:00 ET
Table 'Acamas' 10-max Seat #8 is the button
Seat 7: VolkovDmitri ($197.50 in chips)
Seat 8: Kingpin968 ($139.82 in chips)
Kingpin968: posts small blind $1
VolkovDmitri: posts big blind $3
*** HOLE CARDS ***
Kingpin968: raises $3 to $6
VolkovDmitri: folds
Uncalled bet ($3) returned to Kingpin968
Kingpin968 collected $6 from pot
Kingpin968: doesn't show hand
*** SUMMARY ***
Total pot $6 | Rake $0
Seat 7: VolkovDmitri (big blind) folded before Flop
Seat 8: Kingpin968 (button) (small blind) collected ($6)


