PokerStars Hand #153718871181:  Hold'em Limit ($3/$6 USD) - 2016/05/23 5:02:28 ET
Table 'Acamar' 10-max Seat #6 is the button
Seat 6: tomhradil112 ($23.50 in chips)
Seat 7: liolilove ($118.50 in chips)
tomhradil112: posts small blind $1
liolilove: posts big blind $3
*** HOLE CARDS ***
tomhradil112: folds
Uncalled bet ($2) returned to liolilove
liolilove collected $2 from pot
liolilove: doesn't show hand
*** SUMMARY ***
Total pot $2 | Rake $0
Seat 6: tomhradil112 (button) (small blind) folded before Flop
Seat 7: liolilove (big blind) collected ($2)


PokerStars Hand #153718861409:  Hold'em Limit ($3/$6 USD) - 2016/05/23 5:01:59 ET
Table 'Acamar' 10-max Seat #7 is the button
Seat 6: tomhradil112 ($38.50 in chips)
Seat 7: liolilove ($104 in chips)
liolilove: posts small blind $1
tomhradil112: posts big blind $3
*** HOLE CARDS ***
liolilove: raises $3 to $6
tomhradil112: calls $3
*** FLOP *** [5h 6c Ks]
tomhradil112: checks
liolilove: bets $3
tomhradil112: calls $3
*** TURN *** [5h 6c Ks] [Qc]
tomhradil112: checks
liolilove: bets $6
tomhradil112: calls $6
*** RIVER *** [5h 6c Ks Qc] [3s]
tomhradil112: checks
liolilove: checks
*** SHOW DOWN ***
tomhradil112: shows [8d 4h] (high card King)
liolilove: shows [8c Jc] (high card King - Queen+Jack kicker)
liolilove collected $29.50 from pot
*** SUMMARY ***
Total pot $30 | Rake $0.50
Board [5h 6c Ks Qc 3s]
Seat 6: tomhradil112 (big blind) showed [8d 4h] and lost with high card King
Seat 7: liolilove (button) (small blind) showed [8c Jc] and won ($29.50) with high card King


PokerStars Hand #153718890227:  Hold'em Limit ($3/$6 USD) - 2016/05/23 5:03:24 ET
Table 'Acamar' 10-max Seat #7 is the button
Seat 6: tomhradil112 ($110.94 in chips)
Seat 7: liolilove ($131 in chips)
liolilove: posts small blind $1
tomhradil112: posts big blind $3
*** HOLE CARDS ***
tomhradil112 said, "lol"
liolilove: raises $3 to $6
tomhradil112: folds
Uncalled bet ($3) returned to liolilove
liolilove collected $6 from pot
liolilove: doesn't show hand
*** SUMMARY ***
Total pot $6 | Rake $0
Seat 6: tomhradil112 (big blind) folded before Flop
Seat 7: liolilove (button) (small blind) collected ($6)


PokerStars Hand #153718881370:  Hold'em Limit ($3/$6 USD) - 2016/05/23 5:02:58 ET
Table 'Acamar' 10-max Seat #6 is the button
Seat 6: tomhradil112 ($128.94 in chips)
Seat 7: liolilove ($113.50 in chips)
tomhradil112: posts small blind $1
liolilove: posts big blind $3
*** HOLE CARDS ***
tomhradil112: raises $3 to $6
liolilove: calls $3
*** FLOP *** [6h Ks 8c]
liolilove: checks
tomhradil112: checks
*** TURN *** [6h Ks 8c] [Th]
liolilove: bets $6
tomhradil112: calls $6
*** RIVER *** [6h Ks 8c Th] [Qh]
liolilove: bets $6
tomhradil112: calls $6
*** SHOW DOWN ***
liolilove: shows [Jd 9s] (a straight, Nine to King)
tomhradil112: mucks hand
liolilove collected $35.50 from pot
*** SUMMARY ***
Total pot $36 | Rake $0.50
Board [6h Ks 8c Th Qh]
Seat 6: tomhradil112 (button) (small blind) mucked
Seat 7: liolilove (big blind) showed [Jd 9s] and won ($35.50) with a straight, Nine to King


PokerStars Hand #153718873039:  Hold'em Limit ($3/$6 USD) - 2016/05/23 5:02:33 ET
Table 'Acamar' 10-max Seat #7 is the button
Seat 6: tomhradil112 ($123.18 in chips)
Seat 7: liolilove ($119.50 in chips)
liolilove: posts small blind $1
tomhradil112: posts big blind $3
*** HOLE CARDS ***
liolilove: raises $3 to $6
tomhradil112: calls $3
*** FLOP *** [6s 9d Ts]
tomhradil112: checks
liolilove: checks
*** TURN *** [6s 9d Ts] [Kd]
tomhradil112: bets $6
liolilove: folds
Uncalled bet ($6) returned to tomhradil112
tomhradil112 collected $11.76 from pot
tomhradil112: doesn't show hand
*** SUMMARY ***
Total pot $12 | Rake $0.24
Board [6s 9d Ts Kd]
Seat 6: tomhradil112 (big blind) collected ($11.76)
Seat 7: liolilove (button) (small blind) folded on the Turn


PokerStars Hand #153718900999:  Hold'em Limit ($3/$6 USD) - 2016/05/23 5:03:56 ET
Table 'Acamar' 10-max Seat #7 is the button
Seat 6: tomhradil112 ($113.70 in chips)
Seat 7: liolilove ($128 in chips)
liolilove: posts small blind $1
tomhradil112: posts big blind $3
*** HOLE CARDS ***
liolilove: raises $3 to $6
tomhradil112: calls $3
*** FLOP *** [4c 5h Kd]
tomhradil112: checks
liolilove: bets $3
tomhradil112 said, "zzzzz"
tomhradil112: calls $3
*** TURN *** [4c 5h Kd] [Qh]
tomhradil112: checks
liolilove: bets $6
tomhradil112: raises $6 to $12
liolilove: folds
Uncalled bet ($6) returned to tomhradil112
tomhradil112 collected $29.50 from pot
tomhradil112: doesn't show hand
*** SUMMARY ***
Total pot $30 | Rake $0.50
Board [4c 5h Kd Qh]
Seat 6: tomhradil112 (big blind) collected ($29.50)
Seat 7: liolilove (button) (small blind) folded on the Turn


PokerStars Hand #153718893538:  Hold'em Limit ($3/$6 USD) - 2016/05/23 5:03:34 ET
Table 'Acamar' 10-max Seat #6 is the button
Seat 6: tomhradil112 ($107.94 in chips)
Seat 7: liolilove ($134 in chips)
tomhradil112: posts small blind $1
liolilove: posts big blind $3
*** HOLE CARDS ***
tomhradil112: raises $3 to $6
liolilove: calls $3
*** FLOP *** [6s Js 2d]
katrinSAUFEN was removed from the table for failing to post
liolilove: checks
tomhradil112: bets $3
liolilove: folds
Uncalled bet ($3) returned to tomhradil112
tomhradil112 collected $11.76 from pot
tomhradil112: doesn't show hand
*** SUMMARY ***
Total pot $12 | Rake $0.24
Board [6s Js 2d]
Seat 6: tomhradil112 (button) (small blind) collected ($11.76)
Seat 7: liolilove (big blind) folded on the Flop


PokerStars Hand #153718917732:  Hold'em Limit ($3/$6 USD) - 2016/05/23 5:04:46 ET
Table 'Acamar' 10-max Seat #7 is the button
Seat 6: tomhradil112 ($131.20 in chips)
Seat 7: liolilove ($110 in chips)
liolilove: posts small blind $1
tomhradil112: posts big blind $3
*** HOLE CARDS ***
liolilove: raises $3 to $6
tomhradil112: calls $3
*** FLOP *** [6h Tc As]
tomhradil112: checks
liolilove: bets $3
tomhradil112: calls $3
*** TURN *** [6h Tc As] [Td]
tomhradil112: checks
liolilove: bets $6
tomhradil112: calls $6
*** RIVER *** [6h Tc As Td] [3s]
tomhradil112: checks
liolilove: checks
*** SHOW DOWN ***
tomhradil112: shows [Jc 6d] (two pair, Tens and Sixes)
liolilove: mucks hand
tomhradil112 collected $29.50 from pot
*** SUMMARY ***
Total pot $30 | Rake $0.50
Board [6h Tc As Td 3s]
Seat 6: tomhradil112 (big blind) showed [Jc 6d] and won ($29.50) with two pair, Tens and Sixes
Seat 7: liolilove (button) (small blind) mucked


PokerStars Hand #153718932011:  Hold'em Limit ($3/$6 USD) - 2016/05/23 5:05:27 ET
Table 'Acamar' 10-max Seat #6 is the button
Seat 6: tomhradil112 ($149.70 in chips)
Seat 7: liolilove ($91 in chips)
tomhradil112: posts small blind $1
liolilove: posts big blind $3
*** HOLE CARDS ***
tomhradil112: folds
Uncalled bet ($2) returned to liolilove
liolilove collected $2 from pot
liolilove: doesn't show hand
*** SUMMARY ***
Total pot $2 | Rake $0
Seat 6: tomhradil112 (button) (small blind) folded before Flop
Seat 7: liolilove (big blind) collected ($2)


PokerStars Hand #153718927928:  Hold'em Limit ($3/$6 USD) - 2016/05/23 5:05:14 ET
Table 'Acamar' 10-max Seat #7 is the button
Seat 6: tomhradil112 ($148.70 in chips)
Seat 7: liolilove ($92 in chips)
liolilove: posts small blind $1
tomhradil112: posts big blind $3
*** HOLE CARDS ***
liolilove: folds
Uncalled bet ($2) returned to tomhradil112
tomhradil112 collected $2 from pot
tomhradil112: doesn't show hand
*** SUMMARY ***
Total pot $2 | Rake $0
Seat 6: tomhradil112 (big blind) collected ($2)
Seat 7: liolilove (button) (small blind) folded before Flop


PokerStars Hand #153718911858:  Hold'em Limit ($3/$6 USD) - 2016/05/23 5:04:28 ET
Table 'Acamar' 10-max Seat #6 is the button
Seat 6: tomhradil112 ($128.20 in chips)
Seat 7: liolilove ($113 in chips)
tomhradil112: posts small blind $1
liolilove: posts big blind $3
*** HOLE CARDS ***
tomhradil112: raises $3 to $6
liolilove: folds
Uncalled bet ($3) returned to tomhradil112
tomhradil112 collected $6 from pot
tomhradil112: doesn't show hand
*** SUMMARY ***
Total pot $6 | Rake $0
Seat 6: tomhradil112 (button) (small blind) collected ($6)
Seat 7: liolilove (big blind) folded before Flop


PokerStars Hand #153718923316:  Hold'em Limit ($3/$6 USD) - 2016/05/23 5:05:02 ET
Table 'Acamar' 10-max Seat #6 is the button
Seat 6: tomhradil112 ($145.70 in chips)
Seat 7: liolilove ($95 in chips)
tomhradil112: posts small blind $1
liolilove: posts big blind $3
*** HOLE CARDS ***
tomhradil112: raises $3 to $6
liolilove: folds
Uncalled bet ($3) returned to tomhradil112
tomhradil112 collected $6 from pot
tomhradil112: doesn't show hand
*** SUMMARY ***
Total pot $6 | Rake $0
Seat 6: tomhradil112 (button) (small blind) collected ($6)
Seat 7: liolilove (big blind) folded before Flop


PokerStars Hand #153718947165:  Hold'em Limit ($3/$6 USD) - 2016/05/23 5:06:11 ET
Table 'Acamar' 10-max Seat #6 is the button
Seat 6: tomhradil112 ($121.70 in chips)
Seat 7: liolilove ($118.50 in chips)
tomhradil112: posts small blind $1
liolilove: posts big blind $3
*** HOLE CARDS ***
tomhradil112 said, "zzzzzz lol"
tomhradil112: raises $3 to $6
liolilove: folds
Uncalled bet ($3) returned to tomhradil112
tomhradil112 collected $6 from pot
tomhradil112: doesn't show hand
*** SUMMARY ***
Total pot $6 | Rake $0
Seat 6: tomhradil112 (button) (small blind) collected ($6)
Seat 7: liolilove (big blind) folded before Flop


PokerStars Hand #153718933551:  Hold'em Limit ($3/$6 USD) - 2016/05/23 5:05:31 ET
Table 'Acamar' 10-max Seat #7 is the button
Seat 6: tomhradil112 ($148.70 in chips)
Seat 7: liolilove ($92 in chips)
liolilove: posts small blind $1
tomhradil112: posts big blind $3
*** HOLE CARDS ***
liolilove: raises $3 to $6
tomhradil112: calls $3
*** FLOP *** [Ac Td 6s]
tomhradil112: checks
liolilove: bets $3
tomhradil112: calls $3
*** TURN *** [Ac Td 6s] [Tc]
tomhradil112: checks
liolilove: bets $6
tomhradil112: calls $6
*** RIVER *** [Ac Td 6s Tc] [5s]
tomhradil112: bets $6
liolilove: raises $6 to $12
tomhradil112: calls $6
*** SHOW DOWN ***
liolilove: shows [Js Ts] (three of a kind, Tens)
tomhradil112: mucks hand
liolilove collected $53.50 from pot
*** SUMMARY ***
Total pot $54 | Rake $0.50
Board [Ac Td 6s Tc 5s]
Seat 6: tomhradil112 (big blind) mucked
Seat 7: liolilove (button) (small blind) showed [Js Ts] and won ($53.50) with three of a kind, Tens


PokerStars Hand #153718952793:  Hold'em Limit ($3/$6 USD) - 2016/05/23 5:06:27 ET
Table 'Acamar' 10-max Seat #7 is the button
Seat 6: tomhradil112 ($124.70 in chips)
Seat 7: liolilove ($115.50 in chips)
liolilove: posts small blind $1
tomhradil112: posts big blind $3
*** HOLE CARDS ***
liolilove: folds
Uncalled bet ($2) returned to tomhradil112
tomhradil112 collected $2 from pot
tomhradil112: doesn't show hand
*** SUMMARY ***
Total pot $2 | Rake $0
Seat 6: tomhradil112 (big blind) collected ($2)
Seat 7: liolilove (button) (small blind) folded before Flop


PokerStars Hand #153718970366:  Hold'em Limit ($3/$6 USD) - 2016/05/23 5:07:17 ET
Table 'Acamar' 10-max Seat #7 is the button
Seat 6: tomhradil112 ($137.22 in chips)
Seat 7: liolilove ($102.50 in chips)
liolilove: posts small blind $1
tomhradil112: posts big blind $3
*** HOLE CARDS ***
liolilove: folds
Uncalled bet ($2) returned to tomhradil112
tomhradil112 collected $2 from pot
tomhradil112: doesn't show hand
*** SUMMARY ***
Total pot $2 | Rake $0
Seat 6: tomhradil112 (big blind) collected ($2)
Seat 7: liolilove (button) (small blind) folded before Flop


PokerStars Hand #153718975295:  Hold'em Limit ($3/$6 USD) - 2016/05/23 5:07:31 ET
Table 'Acamar' 10-max Seat #7 is the button
Seat 6: tomhradil112 ($137.22 in chips)
Seat 7: liolilove ($102.50 in chips)
liolilove: posts small blind $1
tomhradil112: posts big blind $3
*** HOLE CARDS ***
liolilove: folds
Uncalled bet ($2) returned to tomhradil112
tomhradil112 collected $2 from pot
tomhradil112: doesn't show hand
*** SUMMARY ***
Total pot $2 | Rake $0
Seat 6: tomhradil112 (big blind) collected ($2)
Seat 7: liolilove (button) (small blind) folded before Flop


PokerStars Hand #153718973287:  Hold'em Limit ($3/$6 USD) - 2016/05/23 5:07:26 ET
Table 'Acamar' 10-max Seat #6 is the button
Seat 6: tomhradil112 ($138.22 in chips)
Seat 7: liolilove ($101.50 in chips)
tomhradil112: posts small blind $1
liolilove: posts big blind $3
*** HOLE CARDS ***
tomhradil112: folds
Uncalled bet ($2) returned to liolilove
liolilove collected $2 from pot
liolilove: doesn't show hand
*** SUMMARY ***
Total pot $2 | Rake $0
Seat 6: tomhradil112 (button) (small blind) folded before Flop
Seat 7: liolilove (big blind) collected ($2)


PokerStars Hand #153718954699:  Hold'em Limit ($3/$6 USD) - 2016/05/23 5:06:33 ET
Table 'Acamar' 10-max Seat #6 is the button
Seat 6: tomhradil112 ($125.70 in chips)
Seat 7: liolilove ($114.50 in chips)
tomhradil112: posts small blind $1
liolilove: posts big blind $3
*** HOLE CARDS ***
tomhradil112: raises $3 to $6
liolilove: calls $3
*** FLOP *** [8c 5h Tc]
liolilove: checks
tomhradil112: bets $3
tomhradil112 said, "zzzzzzz"
liolilove: raises $3 to $6
tomhradil112: calls $3
*** TURN *** [8c 5h Tc] [Ac]
liolilove: checks
tomhradil112: checks
*** RIVER *** [8c 5h Tc Ac] [Qh]
liolilove: checks
tomhradil112: bets $6
liolilove: folds
Uncalled bet ($6) returned to tomhradil112
tomhradil112 collected $23.52 from pot
tomhradil112: doesn't show hand
*** SUMMARY ***
Total pot $24 | Rake $0.48
Board [8c 5h Tc Ac Qh]
Seat 6: tomhradil112 (button) (small blind) collected ($23.52)
Seat 7: liolilove (big blind) folded on the River


PokerStars Hand #153718989422:  Hold'em Limit ($3/$6 USD) - 2016/05/23 5:08:12 ET
Table 'Acamar' 10-max Seat #7 is the button
Seat 6: tomhradil112 ($139.98 in chips)
Seat 7: liolilove ($99.50 in chips)
liolilove: posts small blind $1
tomhradil112: posts big blind $3
*** HOLE CARDS ***
liolilove: folds
Uncalled bet ($2) returned to tomhradil112
tomhradil112 collected $2 from pot
tomhradil112: doesn't show hand
*** SUMMARY ***
Total pot $2 | Rake $0
Seat 6: tomhradil112 (big blind) collected ($2)
Seat 7: liolilove (button) (small blind) folded before Flop


PokerStars Hand #153718987275:  Hold'em Limit ($3/$6 USD) - 2016/05/23 5:08:05 ET
Table 'Acamar' 10-max Seat #6 is the button
Seat 6: tomhradil112 ($140.98 in chips)
Seat 7: liolilove ($98.50 in chips)
tomhradil112: posts small blind $1
liolilove: posts big blind $3
*** HOLE CARDS ***
tomhradil112: folds
Uncalled bet ($2) returned to liolilove
liolilove collected $2 from pot
liolilove: doesn't show hand
*** SUMMARY ***
Total pot $2 | Rake $0
Seat 6: tomhradil112 (button) (small blind) folded before Flop
Seat 7: liolilove (big blind) collected ($2)


PokerStars Hand #153718985333:  Hold'em Limit ($3/$6 USD) - 2016/05/23 5:08:00 ET
Table 'Acamar' 10-max Seat #7 is the button
Seat 6: tomhradil112 ($143.98 in chips)
Seat 7: liolilove ($95.50 in chips)
liolilove: posts small blind $1
tomhradil112: posts big blind $3
*** HOLE CARDS ***
liolilove: raises $3 to $6
tomhradil112: folds
Uncalled bet ($3) returned to liolilove
liolilove collected $6 from pot
liolilove: doesn't show hand
*** SUMMARY ***
Total pot $6 | Rake $0
Seat 6: tomhradil112 (big blind) folded before Flop
Seat 7: liolilove (button) (small blind) collected ($6)


PokerStars Hand #153718977012:  Hold'em Limit ($3/$6 USD) - 2016/05/23 5:07:36 ET
Table 'Acamar' 10-max Seat #6 is the button
Seat 6: tomhradil112 ($138.22 in chips)
Seat 7: liolilove ($101.50 in chips)
tomhradil112: posts small blind $1
liolilove: posts big blind $3
*** HOLE CARDS ***
tomhradil112: raises $3 to $6
liolilove: calls $3
*** FLOP *** [9h 3c 9s]
liolilove: checks
tomhradil112: checks
*** TURN *** [9h 3c 9s] [8d]
liolilove: checks
tomhradil112: checks
*** RIVER *** [9h 3c 9s 8d] [4s]
liolilove: checks
tomhradil112: checks
*** SHOW DOWN ***
liolilove: shows [2h Jc] (a pair of Nines)
tomhradil112: shows [Ah Jh] (a pair of Nines - Ace kicker)
tomhradil112 collected $11.76 from pot
*** SUMMARY ***
Total pot $12 | Rake $0.24
Board [9h 3c 9s 8d 4s]
Seat 6: tomhradil112 (button) (small blind) showed [Ah Jh] and won ($11.76) with a pair of Nines
Seat 7: liolilove (big blind) showed [2h Jc] and lost with a pair of Nines


PokerStars Hand #153719007209:  Hold'em Limit ($3/$6 USD) - 2016/05/23 5:09:02 ET
Table 'Acamar' 10-max Seat #6 is the button
Seat 6: tomhradil112 ($128.62 in chips)
Seat 7: liolilove ($110 in chips)
tomhradil112: posts small blind $1
liolilove: posts big blind $3
*** HOLE CARDS ***
tomhradil112 said, "lol"
tomhradil112: folds
Uncalled bet ($2) returned to liolilove
liolilove collected $2 from pot
liolilove: doesn't show hand
*** SUMMARY ***
Total pot $2 | Rake $0
Seat 6: tomhradil112 (button) (small blind) folded before Flop
Seat 7: liolilove (big blind) collected ($2)


PokerStars Hand #153718999626:  Hold'em Limit ($3/$6 USD) - 2016/05/23 5:08:41 ET
Table 'Acamar' 10-max Seat #7 is the button
Seat 6: tomhradil112 ($149.62 in chips)
Seat 7: liolilove ($89.50 in chips)
liolilove: posts small blind $1
tomhradil112: posts big blind $3
*** HOLE CARDS ***
liolilove: raises $3 to $6
tomhradil112: calls $3
*** FLOP *** [8c Td 8s]
tomhradil112: checks
liolilove: bets $3
tomhradil112: calls $3
*** TURN *** [8c Td 8s] [4c]
tomhradil112: checks
liolilove: bets $6
tomhradil112: calls $6
*** RIVER *** [8c Td 8s 4c] [7c]
tomhradil112: checks
liolilove: bets $6
tomhradil112: calls $6
*** SHOW DOWN ***
liolilove: shows [Jh 8h] (three of a kind, Eights)
tomhradil112: mucks hand
liolilove collected $41.50 from pot
*** SUMMARY ***
Total pot $42 | Rake $0.50
Board [8c Td 8s 4c 7c]
Seat 6: tomhradil112 (big blind) mucked
Seat 7: liolilove (button) (small blind) showed [Jh 8h] and won ($41.50) with three of a kind, Eights


PokerStars Hand #153719017133:  Hold'em Limit ($3/$6 USD) - 2016/05/23 5:09:31 ET
Table 'Acamar' 10-max Seat #6 is the button
Seat 6: tomhradil112 ($112.62 in chips)
Seat 7: liolilove ($125.50 in chips)
tomhradil112: posts small blind $1
liolilove: posts big blind $3
*** HOLE CARDS ***
tomhradil112: folds
Uncalled bet ($2) returned to liolilove
liolilove collected $2 from pot
liolilove: doesn't show hand
*** SUMMARY ***
Total pot $2 | Rake $0
Seat 6: tomhradil112 (button) (small blind) folded before Flop
Seat 7: liolilove (big blind) collected ($2)


PokerStars Hand #153719008860:  Hold'em Limit ($3/$6 USD) - 2016/05/23 5:09:07 ET
Table 'Acamar' 10-max Seat #7 is the button
Seat 6: tomhradil112 ($127.62 in chips)
Seat 7: liolilove ($111 in chips)
liolilove: posts small blind $1
tomhradil112: posts big blind $3
*** HOLE CARDS ***
liolilove: raises $3 to $6
tomhradil112: calls $3
*** FLOP *** [8s 5h 7d]
tomhradil112: checks
liolilove: bets $3
tomhradil112: calls $3
*** TURN *** [8s 5h 7d] [As]
tomhradil112: checks
liolilove: bets $6
tomhradil112: calls $6
*** RIVER *** [8s 5h 7d As] [2h]
tomhradil112: checks
liolilove: checks
*** SHOW DOWN ***
tomhradil112: shows [Tc 4h] (high card Ace)
liolilove: shows [Ts 7s] (a pair of Sevens)
liolilove collected $29.50 from pot
*** SUMMARY ***
Total pot $30 | Rake $0.50
Board [8s 5h 7d As 2h]
Seat 6: tomhradil112 (big blind) showed [Tc 4h] and lost with high card Ace
Seat 7: liolilove (button) (small blind) showed [Ts 7s] and won ($29.50) with a pair of Sevens


PokerStars Hand #153718992623:  Hold'em Limit ($3/$6 USD) - 2016/05/23 5:08:21 ET
Table 'Acamar' 10-max Seat #6 is the button
Seat 6: tomhradil112 ($140.98 in chips)
Seat 7: liolilove ($98.50 in chips)
tomhradil112: posts small blind $1
liolilove: posts big blind $3
*** HOLE CARDS ***
tomhradil112: raises $3 to $6
liolilove: calls $3
*** FLOP *** [2h 6d 3s]
liolilove: checks
tomhradil112: bets $3
liolilove: calls $3
*** TURN *** [2h 6d 3s] [As]
liolilove: checks
tomhradil112: bets $6
liolilove: folds
Uncalled bet ($6) returned to tomhradil112
tomhradil112 collected $17.64 from pot
tomhradil112: doesn't show hand
*** SUMMARY ***
Total pot $18 | Rake $0.36
Board [2h 6d 3s As]
Seat 6: tomhradil112 (button) (small blind) collected ($17.64)
Seat 7: liolilove (big blind) folded on the Turn


PokerStars Hand #153719018873:  Hold'em Limit ($3/$6 USD) - 2016/05/23 5:09:36 ET
Table 'Acamar' 10-max Seat #7 is the button
Seat 6: tomhradil112 ($111.62 in chips)
Seat 7: liolilove ($126.50 in chips)
liolilove: posts small blind $1
tomhradil112: posts big blind $3
*** HOLE CARDS ***
liolilove: folds
Uncalled bet ($2) returned to tomhradil112
tomhradil112 collected $2 from pot
tomhradil112: doesn't show hand
*** SUMMARY ***
Total pot $2 | Rake $0
Seat 6: tomhradil112 (big blind) collected ($2)
Seat 7: liolilove (button) (small blind) folded before Flop


PokerStars Hand #153719027585:  Hold'em Limit ($3/$6 USD) - 2016/05/23 5:10:00 ET
Table 'Acamar' 10-max Seat #7 is the button
Seat 6: tomhradil112 ($124.14 in chips)
Seat 7: liolilove ($113.50 in chips)
liolilove: posts small blind $1
tomhradil112: posts big blind $3
*** HOLE CARDS ***
liolilove: raises $3 to $6
tomhradil112: calls $3
*** FLOP *** [Jd 4c 7c]
tomhradil112: checks
liolilove: bets $3
tomhradil112: calls $3
*** TURN *** [Jd 4c 7c] [9d]
tomhradil112: checks
liolilove: bets $6
tomhradil112: calls $6
*** RIVER *** [Jd 4c 7c 9d] [Js]
tomhradil112: checks
liolilove: bets $6
tomhradil112: calls $6
*** SHOW DOWN ***
liolilove: shows [5c 6s] (a pair of Jacks)
tomhradil112: shows [6c 7d] (two pair, Jacks and Sevens)
tomhradil112 collected $41.50 from pot
*** SUMMARY ***
Total pot $42 | Rake $0.50
Board [Jd 4c 7c 9d Js]
Seat 6: tomhradil112 (big blind) showed [6c 7d] and won ($41.50) with two pair, Jacks and Sevens
Seat 7: liolilove (button) (small blind) showed [5c 6s] and lost with a pair of Jacks


PokerStars Hand #153719020607:  Hold'em Limit ($3/$6 USD) - 2016/05/23 5:09:41 ET
Table 'Acamar' 10-max Seat #6 is the button
Seat 6: tomhradil112 ($112.62 in chips)
Seat 7: liolilove ($125.50 in chips)
tomhradil112: posts small blind $1
liolilove: posts big blind $3
*** HOLE CARDS ***
tomhradil112: raises $3 to $6
liolilove: calls $3
*** FLOP *** [6h Ad 7h]
liolilove: checks
tomhradil112: checks
*** TURN *** [6h Ad 7h] [Jh]
liolilove: bets $6
tomhradil112: calls $6
*** RIVER *** [6h Ad 7h Jh] [4d]
liolilove: checks
tomhradil112: checks
*** SHOW DOWN ***
liolilove: shows [8s 6c] (a pair of Sixes)
tomhradil112: shows [7c Qh] (a pair of Sevens)
tomhradil112 collected $23.52 from pot
*** SUMMARY ***
Total pot $24 | Rake $0.48
Board [6h Ad 7h Jh 4d]
Seat 6: tomhradil112 (button) (small blind) showed [7c Qh] and won ($23.52) with a pair of Sevens
Seat 7: liolilove (big blind) showed [8s 6c] and lost with a pair of Sixes


PokerStars Hand #153719046805:  Hold'em Limit ($3/$6 USD) - 2016/05/23 5:10:55 ET
Table 'Acamar' 10-max Seat #7 is the button
Seat 6: tomhradil112 ($162.14 in chips)
Seat 7: liolilove ($74.50 in chips)
liolilove: posts small blind $1
tomhradil112: posts big blind $3
*** HOLE CARDS ***
liolilove: raises $3 to $6
tomhradil112: calls $3
*** FLOP *** [Kd 3d Kc]
tomhradil112: checks
liolilove: bets $3
tomhradil112: calls $3
*** TURN *** [Kd 3d Kc] [3s]
tomhradil112: checks
liolilove: bets $6
tomhradil112: calls $6
*** RIVER *** [Kd 3d Kc 3s] [Qs]
tomhradil112: checks
liolilove: checks
*** SHOW DOWN ***
tomhradil112: shows [Ad Th] (two pair, Kings and Threes)
liolilove: shows [Ac 6h] (two pair, Kings and Threes)
tomhradil112 collected $14.75 from pot
liolilove collected $14.75 from pot
*** SUMMARY ***
Total pot $30 | Rake $0.50
Board [Kd 3d Kc 3s Qs]
Seat 6: tomhradil112 (big blind) showed [Ad Th] and won ($14.75) with two pair, Kings and Threes
Seat 7: liolilove (button) (small blind) showed [Ac 6h] and won ($14.75) with two pair, Kings and Threes


PokerStars Hand #153719039261:  Hold'em Limit ($3/$6 USD) - 2016/05/23 5:10:34 ET
Table 'Acamar' 10-max Seat #6 is the button
Seat 6: tomhradil112 ($144.64 in chips)
Seat 7: liolilove ($92.50 in chips)
tomhradil112: posts small blind $1
liolilove: posts big blind $3
*** HOLE CARDS ***
tomhradil112: raises $3 to $6
liolilove: calls $3
*** FLOP *** [8h 4c 6s]
liolilove: checks
tomhradil112: checks
*** TURN *** [8h 4c 6s] [Kh]
liolilove: bets $6
tomhradil112: raises $6 to $12
liolilove: calls $6
*** RIVER *** [8h 4c 6s Kh] [2h]
liolilove: checks
tomhradil112: checks
*** SHOW DOWN ***
liolilove: shows [Ts 7d] (high card King)
tomhradil112: shows [Kd 6c] (two pair, Kings and Sixes)
tomhradil112 collected $35.50 from pot
*** SUMMARY ***
Total pot $36 | Rake $0.50
Board [8h 4c 6s Kh 2h]
Seat 6: tomhradil112 (button) (small blind) showed [Kd 6c] and won ($35.50) with two pair, Kings and Sixes
Seat 7: liolilove (big blind) showed [Ts 7d] and lost with high card King


