PokerStars Hand #169492622361:  Hold'em Limit ($3/$6 USD) - 2017/04/24 10:37:13 ET
Table 'Achaia' 6-max Seat #2 is the button
Seat 2: HamNEgger100 ($129.75 in chips)
Seat 5: Qvidde ($139.19 in chips)
Jack_Wu1985 leaves the table
HamNEgger100: posts small blind $1
Qvidde: posts big blind $3
*** HOLE CARDS ***
HamNEgger100: calls $2
Qvidde: checks
*** FLOP *** [Qd 4c Ac]
Qvidde: checks
HamNEgger100: bets $3
Qvidde: calls $3
*** TURN *** [Qd 4c Ac] [5c]
Qvidde: checks
HamNEgger100: checks
*** RIVER *** [Qd 4c Ac 5c] [Jc]
Qvidde: checks
HamNEgger100: checks
*** SHOW DOWN ***
Qvidde: shows [3d Jh] (a pair of Jacks)
HamNEgger100: shows [7h Qh] (a pair of Queens)
HamNEgger100 collected $11.76 from pot
*** SUMMARY ***
Total pot $12 | Rake $0.24
Board [Qd 4c Ac 5c Jc]
Seat 2: HamNEgger100 (button) (small blind) showed [7h Qh] and won ($11.76) with a pair of Queens
Seat 5: Qvidde (big blind) showed [3d Jh] and lost with a pair of Jacks


PokerStars Hand #169492647477:  Hold'em Limit ($3/$6 USD) - 2017/04/24 10:37:54 ET
Table 'Achaia' 6-max Seat #5 is the button
Seat 2: HamNEgger100 ($135.51 in chips)
Seat 5: Qvidde ($133.19 in chips)
Qvidde: posts small blind $1
HamNEgger100: posts big blind $3
*** HOLE CARDS ***
Qvidde: raises $3 to $6
HamNEgger100: calls $3
*** FLOP *** [2s Th Ah]
HamNEgger100: checks
Qvidde: bets $3
HamNEgger100: folds
Uncalled bet ($3) returned to Qvidde
Qvidde collected $11.76 from pot
Qvidde: doesn't show hand
*** SUMMARY ***
Total pot $12 | Rake $0.24
Board [2s Th Ah]
Seat 2: HamNEgger100 (big blind) folded on the Flop
Seat 5: Qvidde (button) (small blind) collected ($11.76)


PokerStars Hand #169492721435:  Hold'em Limit ($3/$6 USD) - 2017/04/24 10:39:54 ET
Table 'Achaia' 6-max Seat #5 is the button
Seat 2: HamNEgger100 ($137.78 in chips)
Seat 5: Qvidde ($129.70 in chips)
Qvidde: posts small blind $1
HamNEgger100: posts big blind $3
*** HOLE CARDS ***
Qvidde: raises $3 to $6
HamNEgger100: folds
Uncalled bet ($3) returned to Qvidde
Qvidde collected $6 from pot
Qvidde: doesn't show hand
*** SUMMARY ***
Total pot $6 | Rake $0
Seat 2: HamNEgger100 (big blind) folded before Flop
Seat 5: Qvidde (button) (small blind) collected ($6)


PokerStars Hand #169492700692:  Hold'em Limit ($3/$6 USD) - 2017/04/24 10:39:21 ET
Table 'Achaia' 6-max Seat #2 is the button
Seat 2: HamNEgger100 ($138.03 in chips)
Seat 5: Qvidde ($129.95 in chips)
HamNEgger100: posts small blind $1
Qvidde: posts big blind $3
*** HOLE CARDS ***
HamNEgger100: calls $2
Qvidde: raises $3 to $6
HamNEgger100: calls $3
*** FLOP *** [9c 9s 3c]
Qvidde: bets $3
Miegstroem joins the table at seat #3
HamNEgger100: calls $3
*** TURN *** [9c 9s 3c] [5h]
Qvidde: bets $6
HamNEgger100: calls $6
*** RIVER *** [9c 9s 3c 5h] [Ad]
Qvidde: checks
HamNEgger100: checks
*** SHOW DOWN ***
Qvidde: shows [7h Kd] (a pair of Nines)
HamNEgger100: shows [Kc 7s] (a pair of Nines)
Qvidde collected $14.75 from pot
HamNEgger100 collected $14.75 from pot
*** SUMMARY ***
Total pot $30 | Rake $0.50
Board [9c 9s 3c 5h Ad]
Seat 2: HamNEgger100 (button) (small blind) showed [Kc 7s] and won ($14.75) with a pair of Nines
Seat 5: Qvidde (big blind) showed [7h Kd] and won ($14.75) with a pair of Nines


PokerStars Hand #169492695290:  Hold'em Limit ($3/$6 USD) - 2017/04/24 10:39:12 ET
Table 'Achaia' 6-max Seat #5 is the button
Seat 2: HamNEgger100 ($141.03 in chips)
Seat 5: Qvidde ($126.95 in chips)
Qvidde: posts small blind $1
HamNEgger100: posts big blind $3
*** HOLE CARDS ***
Qvidde: raises $3 to $6
HamNEgger100: folds
Uncalled bet ($3) returned to Qvidde
Qvidde collected $6 from pot
Qvidde: doesn't show hand
*** SUMMARY ***
Total pot $6 | Rake $0
Seat 2: HamNEgger100 (big blind) folded before Flop
Seat 5: Qvidde (button) (small blind) collected ($6)


PokerStars Hand #169492661326:  Hold'em Limit ($3/$6 USD) - 2017/04/24 10:38:16 ET
Table 'Achaia' 6-max Seat #2 is the button
Seat 2: HamNEgger100 ($129.51 in chips)
Seat 5: Qvidde ($138.95 in chips)
HamNEgger100: posts small blind $1
Qvidde: posts big blind $3
*** HOLE CARDS ***
HamNEgger100: calls $2
Qvidde: checks
*** FLOP *** [2h 3d Jc]
Qvidde: checks
HamNEgger100: bets $3
Qvidde: calls $3
*** TURN *** [2h 3d Jc] [As]
Qvidde: checks
HamNEgger100: bets $6
Qvidde: calls $6
*** RIVER *** [2h 3d Jc As] [Qc]
Qvidde: checks
HamNEgger100: checks
*** SHOW DOWN ***
Qvidde: shows [4h Kd] (high card Ace)
HamNEgger100: shows [Js 9h] (a pair of Jacks)
HamNEgger100 collected $23.52 from pot
*** SUMMARY ***
Total pot $24 | Rake $0.48
Board [2h 3d Jc As Qc]
Seat 2: HamNEgger100 (button) (small blind) showed [Js 9h] and won ($23.52) with a pair of Jacks
Seat 5: Qvidde (big blind) showed [4h Kd] and lost with high card Ace


PokerStars Hand #169496342383:  Hold'em Limit ($3/$6 USD) - 2017/04/24 12:13:52 ET
Table 'Achaia' 6-max Seat #4 is the button
Seat 3: Miegstroem ($176.16 in chips)
Seat 4: B_loJkl ($105.84 in chips)
B_loJkl: posts small blind $1
Miegstroem: posts big blind $3
*** HOLE CARDS ***
HamNEgger100 leaves the table
B_loJkl: folds
Uncalled bet ($2) returned to Miegstroem
Miegstroem collected $2 from pot
Miegstroem: doesn't show hand
*** SUMMARY ***
Total pot $2 | Rake $0
Seat 3: Miegstroem (big blind) collected ($2)
Seat 4: B_loJkl (button) (small blind) folded before Flop


PokerStars Hand #169496360557:  Hold'em Limit ($3/$6 USD) - 2017/04/24 12:14:18 ET
Table 'Achaia' 6-max Seat #3 is the button
Seat 3: Miegstroem ($181.16 in chips)
Seat 4: B_loJkl ($100.84 in chips)
Miegstroem: posts small blind $1
B_loJkl: posts big blind $3
*** HOLE CARDS ***
Miegstroem: raises $3 to $6
B_loJkl: calls $3
*** FLOP *** [Js 4s Ks]
B_loJkl: checks
Miegstroem: bets $3
B_loJkl: folds
Uncalled bet ($3) returned to Miegstroem
Miegstroem collected $11.76 from pot
Miegstroem: doesn't show hand
*** SUMMARY ***
Total pot $12 | Rake $0.24
Board [Js 4s Ks]
Seat 3: Miegstroem (button) (small blind) collected ($11.76)
Seat 4: B_loJkl (big blind) folded on the Flop


PokerStars Hand #169496357397:  Hold'em Limit ($3/$6 USD) - 2017/04/24 12:14:13 ET
Table 'Achaia' 6-max Seat #4 is the button
Seat 3: Miegstroem ($180.16 in chips)
Seat 4: B_loJkl ($101.84 in chips)
B_loJkl: posts small blind $1
Miegstroem: posts big blind $3
*** HOLE CARDS ***
B_loJkl: folds
Uncalled bet ($2) returned to Miegstroem
Miegstroem collected $2 from pot
Miegstroem: doesn't show hand
*** SUMMARY ***
Total pot $2 | Rake $0
Seat 3: Miegstroem (big blind) collected ($2)
Seat 4: B_loJkl (button) (small blind) folded before Flop


PokerStars Hand #169496346620:  Hold'em Limit ($3/$6 USD) - 2017/04/24 12:13:58 ET
Table 'Achaia' 6-max Seat #3 is the button
Seat 3: Miegstroem ($177.16 in chips)
Seat 4: B_loJkl ($104.84 in chips)
Miegstroem: posts small blind $1
B_loJkl: posts big blind $3
*** HOLE CARDS ***
Miegstroem: raises $3 to $6
B_loJkl: folds
Uncalled bet ($3) returned to Miegstroem
Miegstroem collected $6 from pot
Miegstroem: doesn't show hand
*** SUMMARY ***
Total pot $6 | Rake $0
Seat 3: Miegstroem (button) (small blind) collected ($6)
Seat 4: B_loJkl (big blind) folded before Flop


