PokerStars Hand #149814549275:  Hold'em Limit ($3/$6 USD) - 2016/03/04 6:39:10 ET
Table 'Achaia' 6-max Seat #1 is the button
Seat 1: VolkovDmitri ($120 in chips)
Seat 2: hubschi ($60 in chips)
VolkovDmitri: posts small blind $1
hubschi: posts big blind $3
*** HOLE CARDS ***
VolkovDmitri: raises $3 to $6
hubschi: folds
Uncalled bet ($3) returned to VolkovDmitri
VolkovDmitri collected $6 from pot
*** SUMMARY ***
Total pot $6 | Rake $0
Seat 1: VolkovDmitri (button) (small blind) collected ($6)
Seat 2: hubschi (big blind) folded before Flop


PokerStars Hand #149814555304:  Hold'em Limit ($3/$6 USD) - 2016/03/04 6:39:22 ET
Table 'Achaia' 6-max Seat #2 is the button
Seat 1: VolkovDmitri ($123 in chips)
Seat 2: hubschi ($57 in chips)
hubschi: posts small blind $1
TbIP-TbIP 88 leaves the table
VolkovDmitri: posts big blind $3
*** HOLE CARDS ***
hubschi: raises $3 to $6
VolkovDmitri: calls $3
*** FLOP *** [8h 8d Jh]
VolkovDmitri: checks
hubschi: bets $3
VolkovDmitri: folds
Uncalled bet ($3) returned to hubschi
hubschi collected $11.76 from pot
hubschi: doesn't show hand
*** SUMMARY ***
Total pot $12 | Rake $0.24
Board [8h 8d Jh]
Seat 1: VolkovDmitri (big blind) folded on the Flop
Seat 2: hubschi (button) (small blind) collected ($11.76)


PokerStars Hand #149814566330:  Hold'em Limit ($3/$6 USD) - 2016/03/04 6:39:43 ET
Table 'Achaia' 6-max Seat #1 is the button
Seat 1: VolkovDmitri ($120 in chips)
Seat 2: hubschi ($62.76 in chips)
VolkovDmitri: posts small blind $1
hubschi: posts big blind $3
*** HOLE CARDS ***
VolkovDmitri: raises $3 to $6
hubschi: calls $3
*** FLOP *** [5h 4s 5s]
hubschi: checks
VolkovDmitri: bets $3
hubschi: calls $3
*** TURN *** [5h 4s 5s] [Td]
hubschi: checks
VolkovDmitri: checks
*** RIVER *** [5h 4s 5s Td] [5c]
HAL9QQQ joins the table at seat #3
hubschi: bets $6
VolkovDmitri: calls $6
*** SHOW DOWN ***
hubschi: shows [Qh Ks] (three of a kind, Fives)
VolkovDmitri: mucks hand
hubschi collected $29.50 from pot
*** SUMMARY ***
Total pot $30 | Rake $0.50
Board [5h 4s 5s Td 5c]
Seat 1: VolkovDmitri (button) (small blind) mucked
Seat 2: hubschi (big blind) showed [Qh Ks] and won ($29.50) with three of a kind, Fives


PokerStars Hand #149815763233:  Hold'em Limit ($3/$6 USD) - 2016/03/04 7:17:35 ET
Table 'Achaia' 6-max Seat #6 is the button
Seat 4: al_bum Leo ($92.84 in chips)
Seat 6: ucenicul ($83.78 in chips)
ucenicul: posts small blind $1
VolkovDmitri: is sitting out
al_bum Leo: posts big blind $3
*** HOLE CARDS ***
ucenicul: raises $3 to $6
al_bum Leo: calls $3
*** FLOP *** [Jc 9c 5c]
al_bum Leo: checks
ucenicul: bets $3
al_bum Leo: folds
Uncalled bet ($3) returned to ucenicul
ucenicul collected $11.76 from pot
ucenicul: doesn't show hand
*** SUMMARY ***
Total pot $12 | Rake $0.24
Board [Jc 9c 5c]
Seat 4: al_bum Leo (big blind) folded on the Flop
Seat 6: ucenicul (button) (small blind) collected ($11.76)


PokerStars Hand #149815809619:  Hold'em Limit ($3/$6 USD) - 2016/03/04 7:19:00 ET
Table 'Achaia' 6-max Seat #6 is the button
Seat 4: al_bum Leo ($58.84 in chips)
Seat 6: ucenicul ($117.04 in chips)
ucenicul: posts small blind $1
al_bum Leo: posts big blind $3
*** HOLE CARDS ***
ucenicul: raises $3 to $6
al_bum Leo: folds
Uncalled bet ($3) returned to ucenicul
ucenicul collected $6 from pot
ucenicul: doesn't show hand
*** SUMMARY ***
Total pot $6 | Rake $0
Seat 4: al_bum Leo (big blind) folded before Flop
Seat 6: ucenicul (button) (small blind) collected ($6)


PokerStars Hand #149815805116:  Hold'em Limit ($3/$6 USD) - 2016/03/04 7:18:52 ET
Table 'Achaia' 6-max Seat #4 is the button
Seat 4: al_bum Leo ($55.84 in chips)
Seat 6: ucenicul ($120.04 in chips)
al_bum Leo: posts small blind $1
ucenicul: posts big blind $3
*** HOLE CARDS ***
al_bum Leo: raises $3 to $6
ucenicul: folds
Uncalled bet ($3) returned to al_bum Leo
al_bum Leo collected $6 from pot
al_bum Leo: doesn't show hand
*** SUMMARY ***
Total pot $6 | Rake $0
Seat 4: al_bum Leo (button) (small blind) collected ($6)
Seat 6: ucenicul (big blind) folded before Flop


PokerStars Hand #149815798150:  Hold'em Limit ($3/$6 USD) - 2016/03/04 7:18:39 ET
Table 'Achaia' 6-max Seat #4 is the button
Seat 4: al_bum Leo ($59.84 in chips)
Seat 6: ucenicul ($116.04 in chips)
al_bum Leo: posts small blind $1
ucenicul: posts big blind $3
*** HOLE CARDS ***
al_bum Leo: folds
Uncalled bet ($2) returned to ucenicul
ucenicul collected $2 from pot
ucenicul: doesn't show hand
*** SUMMARY ***
Total pot $2 | Rake $0
Seat 4: al_bum Leo (button) (small blind) folded before Flop
Seat 6: ucenicul (big blind) collected ($2)


PokerStars Hand #149815780411:  Hold'em Limit ($3/$6 USD) - 2016/03/04 7:18:07 ET
Table 'Achaia' 6-max Seat #4 is the button
Seat 4: al_bum Leo ($86.84 in chips)
Seat 6: ucenicul ($89.54 in chips)
al_bum Leo: posts small blind $1
ucenicul: posts big blind $3
*** HOLE CARDS ***
al_bum Leo: raises $3 to $6
ucenicul: raises $3 to $9
al_bum Leo: calls $3
*** FLOP *** [2c 8h 6d]
ucenicul: bets $3
al_bum Leo: calls $3
*** TURN *** [2c 8h 6d] [8s]
ucenicul: checks
al_bum Leo: bets $6
ucenicul: calls $6
*** RIVER *** [2c 8h 6d 8s] [Jc]
ucenicul: checks
al_bum Leo: bets $6
ucenicul: calls $6
*** SHOW DOWN ***
al_bum Leo: shows [4h 5h] (a pair of Eights)
ucenicul: shows [5c 5s] (two pair, Eights and Fives)
ucenicul collected $47.50 from pot
*** SUMMARY ***
Total pot $48 | Rake $0.50
Board [2c 8h 6d 8s Jc]
Seat 4: al_bum Leo (button) (small blind) showed [4h 5h] and lost with a pair of Eights
Seat 6: ucenicul (big blind) showed [5c 5s] and won ($47.50) with two pair, Eights and Fives


PokerStars Hand #149815813704:  Hold'em Limit ($3/$6 USD) - 2016/03/04 7:19:08 ET
Table 'Achaia' 6-max Seat #4 is the button
Seat 4: al_bum Leo ($55.84 in chips)
Seat 6: ucenicul ($120.04 in chips)
al_bum Leo: posts small blind $1
ucenicul: posts big blind $3
*** HOLE CARDS ***
al_bum Leo: raises $3 to $6
ucenicul: calls $3
*** FLOP *** [As Kd 9c]
SmellyToes4u joins the table at seat #2
ucenicul: checks
al_bum Leo: bets $3
ucenicul: calls $3
*** TURN *** [As Kd 9c] [Ts]
ucenicul: checks
al_bum Leo: bets $6
ucenicul: calls $6
*** RIVER *** [As Kd 9c Ts] [4h]
ucenicul: checks
al_bum Leo: bets $6
ucenicul: calls $6
*** SHOW DOWN ***
al_bum Leo: shows [Qs Js] (a straight, Ten to Ace)
ucenicul: mucks hand
al_bum Leo collected $41.50 from pot
*** SUMMARY ***
Total pot $42 | Rake $0.50
Board [As Kd 9c Ts 4h]
Seat 4: al_bum Leo (button) (small blind) showed [Qs Js] and won ($41.50) with a straight, Ten to Ace
Seat 6: ucenicul (big blind) mucked


PokerStars Hand #149819405398:  Hold'em Limit ($3/$6 USD) - 2016/03/04 9:02:29 ET
Table 'Achaia' 6-max Seat #1 is the button
Seat 1: SmellyToes4u ($108.41 in chips)
Seat 4: al_bum Leo ($139.35 in chips)
SmellyToes4u: posts small blind $1
HAL9QQQ: is sitting out
al_bum Leo: posts big blind $3
*** HOLE CARDS ***
SmellyToes4u: folds
Uncalled bet ($2) returned to al_bum Leo
al_bum Leo collected $2 from pot
al_bum Leo: doesn't show hand
*** SUMMARY ***
Total pot $2 | Rake $0
Seat 1: SmellyToes4u (button) (small blind) folded before Flop
Seat 4: al_bum Leo (big blind) collected ($2)


