PokerStars Hand #146828359777:  Hold'em Limit ($3/$6 USD) - 2016/01/10 18:09:50 ET
Table 'Achaia II' 2-max Seat #1 is the button
Seat 1: RaisemyNut$ ($138.50 in chips)
Seat 2: _fayzulllo_ ($50.66 in chips)
RaisemyNut$: posts small blind $1
_fayzulllo_: posts big blind $3
*** HOLE CARDS ***
RaisemyNut$: raises $3 to $6
_fayzulllo_: calls $3
*** FLOP *** [Ts Jd Js]
_fayzulllo_: checks
RaisemyNut$: bets $3
_fayzulllo_: folds
Uncalled bet ($3) returned to RaisemyNut$
RaisemyNut$ collected $11.76 from pot
RaisemyNut$: doesn't show hand
*** SUMMARY ***
Total pot $12 | Rake $0.24
Board [Ts Jd Js]
Seat 1: RaisemyNut$ (button) (small blind) collected ($11.76)
Seat 2: _fayzulllo_ (big blind) folded on the Flop


PokerStars Hand #146828353331:  Hold'em Limit ($3/$6 USD) - 2016/01/10 18:09:44 ET
Table 'Achaia II' 2-max Seat #2 is the button
Seat 1: RaisemyNut$ ($137.50 in chips)
Seat 2: _fayzulllo_ ($51.66 in chips)
_fayzulllo_: posts small blind $1
RaisemyNut$: posts big blind $3
*** HOLE CARDS ***
_fayzulllo_: folds
Uncalled bet ($2) returned to RaisemyNut$
RaisemyNut$ collected $2 from pot
RaisemyNut$: doesn't show hand
*** SUMMARY ***
Total pot $2 | Rake $0
Seat 1: RaisemyNut$ (big blind) collected ($2)
Seat 2: _fayzulllo_ (button) (small blind) folded before Flop


PokerStars Hand #146828329731:  Hold'em Limit ($3/$6 USD) - 2016/01/10 18:09:20 ET
Table 'Achaia II' 2-max Seat #1 is the button
Seat 1: RaisemyNut$ ($146.50 in chips)
Seat 2: _fayzulllo_ ($43.02 in chips)
RaisemyNut$: posts small blind $1
_fayzulllo_: posts big blind $3
*** HOLE CARDS ***
RaisemyNut$: raises $3 to $6
_fayzulllo_: calls $3
*** FLOP *** [Kh 2c 2h]
_fayzulllo_: checks
RaisemyNut$: bets $3
_fayzulllo_: calls $3
*** TURN *** [Kh 2c 2h] [4s]
_fayzulllo_: checks
RaisemyNut$: checks
*** RIVER *** [Kh 2c 2h 4s] [8d]
_fayzulllo_: bets $6
RaisemyNut$: folds
Uncalled bet ($6) returned to _fayzulllo_
_fayzulllo_ collected $17.64 from pot
_fayzulllo_: doesn't show hand
*** SUMMARY ***
Total pot $18 | Rake $0.36
Board [Kh 2c 2h 4s 8d]
Seat 1: RaisemyNut$ (button) (small blind) folded on the River
Seat 2: _fayzulllo_ (big blind) collected ($17.64)


PokerStars Hand #146828371060:  Hold'em Limit ($3/$6 USD) - 2016/01/10 18:10:01 ET
Table 'Achaia II' 2-max Seat #2 is the button
Seat 1: RaisemyNut$ ($144.26 in chips)
Seat 2: _fayzulllo_ ($44.66 in chips)
_fayzulllo_: posts small blind $1
RaisemyNut$: posts big blind $3
*** HOLE CARDS ***
_fayzulllo_: raises $3 to $6
RaisemyNut$: calls $3
*** FLOP *** [7c Ac 8h]
RaisemyNut$: checks
_fayzulllo_: checks
*** TURN *** [7c Ac 8h] [6s]
RaisemyNut$: bets $6
_fayzulllo_: calls $6
*** RIVER *** [7c Ac 8h 6s] [4h]
RaisemyNut$: bets $6
_fayzulllo_: folds
Uncalled bet ($6) returned to RaisemyNut$
RaisemyNut$ collected $23.52 from pot
RaisemyNut$: doesn't show hand
*** SUMMARY ***
Total pot $24 | Rake $0.48
Board [7c Ac 8h 6s 4h]
Seat 1: RaisemyNut$ (big blind) collected ($23.52)
Seat 2: _fayzulllo_ (button) (small blind) folded on the River


PokerStars Hand #146828478327:  Hold'em Limit ($3/$6 USD) - 2016/01/10 18:11:48 ET
Table 'Achaia II' 2-max Seat #1 is the button
Seat 1: RaisemyNut$ ($173.80 in chips)
Seat 2: _fayzulllo_ ($13.30 in chips)
RaisemyNut$: posts small blind $1
_fayzulllo_: posts big blind $3
*** HOLE CARDS ***
RaisemyNut$: folds
Uncalled bet ($2) returned to _fayzulllo_
_fayzulllo_ collected $2 from pot
_fayzulllo_: doesn't show hand
*** SUMMARY ***
Total pot $2 | Rake $0
Seat 1: RaisemyNut$ (button) (small blind) folded before Flop
Seat 2: _fayzulllo_ (big blind) collected ($2)


PokerStars Hand #146828472384:  Hold'em Limit ($3/$6 USD) - 2016/01/10 18:11:42 ET
Table 'Achaia II' 2-max Seat #2 is the button
Seat 1: RaisemyNut$ ($172.80 in chips)
Seat 2: _fayzulllo_ ($14.30 in chips)
_fayzulllo_: posts small blind $1
RaisemyNut$: posts big blind $3
*** HOLE CARDS ***
_fayzulllo_: folds
Uncalled bet ($2) returned to RaisemyNut$
RaisemyNut$ collected $2 from pot
RaisemyNut$: doesn't show hand
*** SUMMARY ***
Total pot $2 | Rake $0
Seat 1: RaisemyNut$ (big blind) collected ($2)
Seat 2: _fayzulllo_ (button) (small blind) folded before Flop


PokerStars Hand #146828454380:  Hold'em Limit ($3/$6 USD) - 2016/01/10 18:11:24 ET
Table 'Achaia II' 2-max Seat #1 is the button
Seat 1: RaisemyNut$ ($158.30 in chips)
Seat 2: _fayzulllo_ ($29.30 in chips)
RaisemyNut$: posts small blind $1
_fayzulllo_: posts big blind $3
*** HOLE CARDS ***
RaisemyNut$: raises $3 to $6
_fayzulllo_: calls $3
*** FLOP *** [Qs Qc 4s]
_fayzulllo_: checks
RaisemyNut$: bets $3
_fayzulllo_: calls $3
*** TURN *** [Qs Qc 4s] [8s]
_fayzulllo_: checks
RaisemyNut$: bets $6
_fayzulllo_: calls $6
*** RIVER *** [Qs Qc 4s 8s] [7c]
_fayzulllo_: checks
RaisemyNut$: checks
*** SHOW DOWN ***
_fayzulllo_: shows [Ks 2c] (a pair of Queens)
RaisemyNut$: shows [Ac 5d] (a pair of Queens - Ace kicker)
RaisemyNut$ collected $29.50 from pot
*** SUMMARY ***
Total pot $30 | Rake $0.50
Board [Qs Qc 4s 8s 7c]
Seat 1: RaisemyNut$ (button) (small blind) showed [Ac 5d] and won ($29.50) with a pair of Queens
Seat 2: _fayzulllo_ (big blind) showed [Ks 2c] and lost with a pair of Queens


PokerStars Hand #146828439336:  Hold'em Limit ($3/$6 USD) - 2016/01/10 18:11:09 ET
Table 'Achaia II' 2-max Seat #2 is the button
Seat 1: RaisemyNut$ ($146.78 in chips)
Seat 2: _fayzulllo_ ($41.30 in chips)
_fayzulllo_: posts small blind $1
RaisemyNut$: posts big blind $3
*** HOLE CARDS ***
_fayzulllo_: raises $3 to $6
RaisemyNut$: raises $3 to $9
_fayzulllo_: calls $3
*** FLOP *** [6s Td 9s]
RaisemyNut$: bets $3
_fayzulllo_: calls $3
*** TURN *** [6s Td 9s] [8h]
RaisemyNut$: bets $6
_fayzulllo_: folds
Uncalled bet ($6) returned to RaisemyNut$
RaisemyNut$ collected $23.52 from pot
RaisemyNut$: doesn't show hand
*** SUMMARY ***
Total pot $24 | Rake $0.48
Board [6s Td 9s 8h]
Seat 1: RaisemyNut$ (big blind) collected ($23.52)
Seat 2: _fayzulllo_ (button) (small blind) folded on the Turn


PokerStars Hand #146828414253:  Hold'em Limit ($3/$6 USD) - 2016/01/10 18:10:45 ET
Table 'Achaia II' 2-max Seat #1 is the button
Seat 1: RaisemyNut$ ($155.78 in chips)
Seat 2: _fayzulllo_ ($32.66 in chips)
RaisemyNut$: posts small blind $1
_fayzulllo_: posts big blind $3
*** HOLE CARDS ***
RaisemyNut$: raises $3 to $6
_fayzulllo_: calls $3
*** FLOP *** [As Qd Jh]
_fayzulllo_: checks
RaisemyNut$: bets $3
_fayzulllo_: calls $3
*** TURN *** [As Qd Jh] [5s]
_fayzulllo_: checks
RaisemyNut$: checks
*** RIVER *** [As Qd Jh 5s] [Ah]
_fayzulllo_: bets $6
RaisemyNut$: folds
Uncalled bet ($6) returned to _fayzulllo_
_fayzulllo_ collected $17.64 from pot
_fayzulllo_: doesn't show hand
*** SUMMARY ***
Total pot $18 | Rake $0.36
Board [As Qd Jh 5s Ah]
Seat 1: RaisemyNut$ (button) (small blind) folded on the River
Seat 2: _fayzulllo_ (big blind) collected ($17.64)


PokerStars Hand #146828482674:  Hold'em Limit ($3/$6 USD) - 2016/01/10 18:11:53 ET
Table 'Achaia II' 2-max Seat #2 is the button
Seat 1: RaisemyNut$ ($172.80 in chips)
Seat 2: _fayzulllo_ ($14.30 in chips)
_fayzulllo_: posts small blind $1
RaisemyNut$: posts big blind $3
*** HOLE CARDS ***
_fayzulllo_: raises $3 to $6
RaisemyNut$: folds
Uncalled bet ($3) returned to _fayzulllo_
_fayzulllo_ collected $6 from pot
_fayzulllo_: doesn't show hand
*** SUMMARY ***
Total pot $6 | Rake $0
Seat 1: RaisemyNut$ (big blind) folded before Flop
Seat 2: _fayzulllo_ (button) (small blind) collected ($6)


PokerStars Hand #146828488661:  Hold'em Limit ($3/$6 USD) - 2016/01/10 18:11:59 ET
Table 'Achaia II' 2-max Seat #1 is the button
Seat 1: RaisemyNut$ ($169.80 in chips)
Seat 2: _fayzulllo_ ($17.30 in chips)
RaisemyNut$: posts small blind $1
_fayzulllo_: posts big blind $3
*** HOLE CARDS ***
RaisemyNut$: raises $3 to $6
_fayzulllo_: calls $3
*** FLOP *** [Jd 6h 4s]
_fayzulllo_: checks
RaisemyNut$: bets $3
_fayzulllo_: calls $3
*** TURN *** [Jd 6h 4s] [4d]
_fayzulllo_: checks
RaisemyNut$: bets $6
_fayzulllo_: folds
Uncalled bet ($6) returned to RaisemyNut$
RaisemyNut$ collected $17.64 from pot
RaisemyNut$: doesn't show hand
*** SUMMARY ***
Total pot $18 | Rake $0.36
Board [Jd 6h 4s 4d]
Seat 1: RaisemyNut$ (button) (small blind) collected ($17.64)
Seat 2: _fayzulllo_ (big blind) folded on the Turn


PokerStars Hand #146828522375:  Hold'em Limit ($3/$6 USD) - 2016/01/10 18:12:32 ET
Table 'Achaia II' 2-max Seat #2 is the button
Seat 1: RaisemyNut$ ($178.44 in chips)
Seat 2: _fayzulllo_ ($8.30 in chips)
_fayzulllo_: posts small blind $1
RaisemyNut$: posts big blind $3
*** HOLE CARDS ***
_fayzulllo_: folds
Uncalled bet ($2) returned to RaisemyNut$
RaisemyNut$ collected $2 from pot
RaisemyNut$: doesn't show hand
*** SUMMARY ***
Total pot $2 | Rake $0
Seat 1: RaisemyNut$ (big blind) collected ($2)
Seat 2: _fayzulllo_ (button) (small blind) folded before Flop


PokerStars Hand #146828530733:  Hold'em Limit ($3/$6 USD) - 2016/01/10 18:12:40 ET
Table 'Achaia II' 2-max Seat #1 is the button
Seat 1: RaisemyNut$ ($179.44 in chips)
Seat 2: _fayzulllo_ ($7.30 in chips)
RaisemyNut$: posts small blind $1
_fayzulllo_: posts big blind $3
*** HOLE CARDS ***
RaisemyNut$: raises $3 to $6
_fayzulllo_: raises $1.30 to $7.30 and is all-in
RaisemyNut$: calls $1.30
*** FLOP *** [7d 9d 5c]
*** TURN *** [7d 9d 5c] [6d]
*** RIVER *** [7d 9d 5c 6d] [Ac]
*** SHOW DOWN ***
_fayzulllo_: shows [Th Js] (high card Ace)
RaisemyNut$: shows [6c 8h] (a straight, Five to Nine)
RaisemyNut$ collected $14.31 from pot
*** SUMMARY ***
Total pot $14.60 | Rake $0.29
Board [7d 9d 5c 6d Ac]
Seat 1: RaisemyNut$ (button) (small blind) showed [6c 8h] and won ($14.31) with a straight, Five to Nine
Seat 2: _fayzulllo_ (big blind) showed [Th Js] and lost with high card Ace


