PokerStars Hand #175967450058:  Hold'em Limit ($3/$6 USD) - 2017/09/22 7:26:36 ET
Table 'Achaia' 6-max Seat #6 is the button
Seat 4: Agrotait ($45 in chips)
Seat 6: Hadart ($140.26 in chips)
Hadart: posts small blind $1
Agrotait: posts big blind $3
*** HOLE CARDS ***
Hadart: folds
Uncalled bet ($2) returned to Agrotait
Agrotait collected $2 from pot
Agrotait: doesn't show hand
*** SUMMARY ***
Total pot $2 | Rake $0
Seat 4: Agrotait (big blind) collected ($2)
Seat 6: Hadart (button) (small blind) folded before Flop


PokerStars Hand #175967440579:  Hold'em Limit ($3/$6 USD) - 2017/09/22 7:26:13 ET
Table 'Achaia' 6-max Seat #4 is the button
Seat 4: Agrotait ($60 in chips)
Seat 6: Hadart ($125.76 in chips)
Agrotait: posts small blind $1
Hadart: posts big blind $3
*** HOLE CARDS ***
Agrotait: raises $3 to $6
Hadart: calls $3
*** FLOP *** [2s 4s 5h]
Hadart: checks
Agrotait: bets $3
Hadart: calls $3
*** TURN *** [2s 4s 5h] [Qs]
Hadart: checks
Agrotait: checks
*** RIVER *** [2s 4s 5h Qs] [4h]
Hadart: bets $6
Agrotait: calls $6
*** SHOW DOWN ***
Hadart: shows [4d As] (three of a kind, Fours)
Agrotait: mucks hand
Hadart collected $29.50 from pot
*** SUMMARY ***
Total pot $30 | Rake $0.50
Board [2s 4s 5h Qs 4h]
Seat 4: Agrotait (button) (small blind) mucked
Seat 6: Hadart (big blind) showed [4d As] and won ($29.50) with three of a kind, Fours


PokerStars Hand #175967436559:  Hold'em Limit ($3/$6 USD) - 2017/09/22 7:26:03 ET
Table 'Achaia' 6-max Seat #4 is the button
Seat 4: Agrotait ($60 in chips)
Seat 6: Hadart ($125.76 in chips)
Agrotait: posts small blind $1
Hadart: posts big blind $3
*** HOLE CARDS ***
Agrotait: folds
Uncalled bet ($2) returned to Hadart
Hadart collected $2 from pot
Hadart: doesn't show hand
*** SUMMARY ***
Total pot $2 | Rake $0
Seat 4: Agrotait (button) (small blind) folded before Flop
Seat 6: Hadart (big blind) collected ($2)


PokerStars Hand #175967422350:  Hold'em Limit ($3/$6 USD) - 2017/09/22 7:25:28 ET
Table 'Achaia' 6-max Seat #6 is the button
Seat 4: Agrotait ($66 in chips)
Seat 6: Hadart ($120 in chips)
Hadart: posts small blind $1
Agrotait: posts big blind $3
*** HOLE CARDS ***
Hadart: raises $3 to $6
Agrotait: calls $3
*** FLOP *** [Jh Tc Th]
Agrotait: checks
Hadart: bets $3
Agrotait: folds
Uncalled bet ($3) returned to Hadart
Hadart collected $11.76 from pot
Hadart: doesn't show hand
*** SUMMARY ***
Total pot $12 | Rake $0.24
Board [Jh Tc Th]
Seat 4: Agrotait (big blind) folded on the Flop
Seat 6: Hadart (button) (small blind) collected ($11.76)


PokerStars Hand #175967438513:  Hold'em Limit ($3/$6 USD) - 2017/09/22 7:26:08 ET
Table 'Achaia' 6-max Seat #6 is the button
Seat 4: Agrotait ($59 in chips)
Seat 6: Hadart ($126.76 in chips)
Hadart: posts small blind $1
Agrotait: posts big blind $3
*** HOLE CARDS ***
Hadart: folds
Uncalled bet ($2) returned to Agrotait
Agrotait collected $2 from pot
Agrotait: doesn't show hand
*** SUMMARY ***
Total pot $2 | Rake $0
Seat 4: Agrotait (big blind) collected ($2)
Seat 6: Hadart (button) (small blind) folded before Flop


PokerStars Hand #175967452060:  Hold'em Limit ($3/$6 USD) - 2017/09/22 7:26:41 ET
Table 'Achaia' 6-max Seat #4 is the button
Seat 4: Agrotait ($46 in chips)
Seat 6: Hadart ($139.26 in chips)
Agrotait: posts small blind $1
Hadart: posts big blind $3
*** HOLE CARDS ***
Agrotait: raises $3 to $6
Hadart: raises $3 to $9
Agrotait: calls $3
*** FLOP *** [Qh 6d 4h]
Hadart: bets $3
Agrotait: calls $3
*** TURN *** [Qh 6d 4h] [Jh]
Hadart: bets $6
artecris joins the table at seat #3
Agrotait: calls $6
*** RIVER *** [Qh 6d 4h Jh] [Qd]
Hadart: bets $6
patrikskjold joins the table at seat #5
Agrotait: folds
Uncalled bet ($6) returned to Hadart
Hadart collected $35.50 from pot
Hadart: doesn't show hand
*** SUMMARY ***
Total pot $36 | Rake $0.50
Board [Qh 6d 4h Jh Qd]
Seat 4: Agrotait (button) (small blind) folded on the River
Seat 6: Hadart (big blind) collected ($35.50)


