PokerStars Hand #152854595957:  Hold'em Limit ($3/$6 USD) - 2016/05/04 15:48:35 ET
Table 'Achaia II' 6-max Seat #5 is the button
Seat 5: fabricio004 ($134.50 in chips)
Seat 6: SmellyToes4u ($56 in chips)
fabricio004: posts small blind $1
SmellyToes4u: posts big blind $3
*** HOLE CARDS ***
fabricio004: folds
Uncalled bet ($2) returned to SmellyToes4u
SmellyToes4u collected $2 from pot
SmellyToes4u: doesn't show hand
ValeryRon joins the table at seat #2
*** SUMMARY ***
Total pot $2 | Rake $0
Seat 5: fabricio004 (button) (small blind) folded before Flop
Seat 6: SmellyToes4u (big blind) collected ($2)


PokerStars Hand #152854969649:  Hold'em Limit ($3/$6 USD) - 2016/05/04 15:55:59 ET
Table 'Achaia II' 6-max Seat #4 is the button
Seat 3: tttzzz ($214.83 in chips)
Seat 4: tje777 ($93.07 in chips)
tje777: posts small blind $1
SmellyToes4u: is sitting out
tttzzz: posts big blind $3
*** HOLE CARDS ***
tje777: folds
Uncalled bet ($2) returned to tttzzz
tttzzz collected $2 from pot
*** SUMMARY ***
Total pot $2 | Rake $0
Seat 3: tttzzz (big blind) collected ($2)
Seat 4: tje777 (button) (small blind) folded before Flop


PokerStars Hand #152854972598:  Hold'em Limit ($3/$6 USD) - 2016/05/04 15:56:04 ET
Table 'Achaia II' 6-max Seat #3 is the button
Seat 3: tttzzz ($215.83 in chips)
Seat 4: tje777 ($92.07 in chips)
tttzzz: posts small blind $1
tje777: posts big blind $3
*** HOLE CARDS ***
SmellyToes4u leaves the table
tttzzz: calls $2
tje777: checks
*** FLOP *** [6d Jd 3s]
tje777: checks
tttzzz: bets $3
tje777: calls $3
*** TURN *** [6d Jd 3s] [9s]
tje777: checks
tttzzz: checks
*** RIVER *** [6d Jd 3s 9s] [5h]
tje777: checks
tttzzz: checks
*** SHOW DOWN ***
tje777: shows [4s Kd] (high card King)
tttzzz: mucks hand
tje777 collected $11.76 from pot
*** SUMMARY ***
Total pot $12 | Rake $0.24
Board [6d Jd 3s 9s 5h]
Seat 3: tttzzz (button) (small blind) mucked
Seat 4: tje777 (big blind) showed [4s Kd] and won ($11.76) with high card King


PokerStars Hand #152855016350:  Hold'em Limit ($3/$6 USD) - 2016/05/04 15:57:11 ET
Table 'Achaia II' 6-max Seat #4 is the button
Seat 4: tje777 ($97.83 in chips)
Seat 5: TinaTurner72 ($120 in chips)
tje777: posts small blind $1
TinaTurner72: posts big blind $3
*** HOLE CARDS ***
tje777: raises $3 to $6
simba1364 joins the table at seat #3
TinaTurner72: calls $3
*** FLOP *** [9c Tc 7d]
TinaTurner72: checks
tje777: bets $3
TinaTurner72: raises $3 to $6
tje777: calls $3
*** TURN *** [9c Tc 7d] [Ac]
TinaTurner72: bets $6
tje777: folds
Uncalled bet ($6) returned to TinaTurner72
TinaTurner72 collected $23.52 from pot
TinaTurner72: doesn't show hand
*** SUMMARY ***
Total pot $24 | Rake $0.48
Board [9c Tc 7d Ac]
Seat 4: tje777 (button) (small blind) folded on the Turn
Seat 5: TinaTurner72 (big blind) collected ($23.52)


PokerStars Hand #152862639014:  Hold'em Limit ($3/$6 USD) - 2016/05/04 18:32:30 ET
Table 'Achaia II' 6-max Seat #4 is the button
Seat 4: tje777 ($561.19 in chips)
Seat 6: Necromadx ($143.45 in chips)
tje777: posts small blind $1
Necromadx: posts big blind $3
*** HOLE CARDS ***
tje777: raises $3 to $6
Necromadx: raises $3 to $9
tje777: calls $3
*** FLOP *** [7h 8h 8d]
Necromadx: bets $3
tje777: calls $3
*** TURN *** [7h 8h 8d] [9h]
Necromadx: checks
tje777: bets $6
Necromadx: calls $6
*** RIVER *** [7h 8h 8d 9h] [Qc]
Necromadx: checks
tje777: checks
*** SHOW DOWN ***
Necromadx: shows [Tc Kd] (a pair of Eights)
tje777: shows [Kh 7d] (two pair, Eights and Sevens)
tje777 collected $35.50 from pot
*** SUMMARY ***
Total pot $36 | Rake $0.50
Board [7h 8h 8d 9h Qc]
Seat 4: tje777 (button) (small blind) showed [Kh 7d] and won ($35.50) with two pair, Eights and Sevens
Seat 6: Necromadx (big blind) showed [Tc Kd] and lost with a pair of Eights


PokerStars Hand #152862628075:  Hold'em Limit ($3/$6 USD) - 2016/05/04 18:32:15 ET
Table 'Achaia II' 6-max Seat #6 is the button
Seat 4: tje777 ($552.55 in chips)
Seat 6: Necromadx ($152.45 in chips)
Necromadx: posts small blind $1
tje777: posts big blind $3
*** HOLE CARDS ***
Necromadx: raises $3 to $6
tje777: calls $3
*** FLOP *** [Kh 9s 8s]
tje777: checks
Necromadx: bets $3
tje777: calls $3
*** TURN *** [Kh 9s 8s] [Kd]
tje777: checks
Necromadx: checks
*** RIVER *** [Kh 9s 8s Kd] [7d]
tje777: bets $6
Necromadx: folds
Uncalled bet ($6) returned to tje777
tje777 collected $17.64 from pot
tje777: doesn't show hand
*** SUMMARY ***
Total pot $18 | Rake $0.36
Board [Kh 9s 8s Kd 7d]
Seat 4: tje777 (big blind) collected ($17.64)
Seat 6: Necromadx (button) (small blind) folded on the River


PokerStars Hand #152862615845:  Hold'em Limit ($3/$6 USD) - 2016/05/04 18:31:58 ET
Table 'Achaia II' 6-max Seat #4 is the button
Seat 4: tje777 ($538.05 in chips)
Seat 6: Necromadx ($167.45 in chips)
tje777: posts small blind $1
belik555: is sitting out
Necromadx: posts big blind $3
*** HOLE CARDS ***
tje777: raises $3 to $6
Necromadx: calls $3
*** FLOP *** [7d Jd 2c]
Necromadx: checks
tje777: bets $3
Necromadx: calls $3
*** TURN *** [7d Jd 2c] [Ad]
belik555 leaves the table
Necromadx: checks
tje777: bets $6
Necromadx: calls $6
*** RIVER *** [7d Jd 2c Ad] [4s]
Necromadx: checks
tje777: bets $6
Necromadx: folds
Uncalled bet ($6) returned to tje777
tje777 collected $29.50 from pot
tje777: doesn't show hand
*** SUMMARY ***
Total pot $30 | Rake $0.50
Board [7d Jd 2c Ad 4s]
Seat 4: tje777 (button) (small blind) collected ($29.50)
Seat 6: Necromadx (big blind) folded on the River


PokerStars Hand #152862675146:  Hold'em Limit ($3/$6 USD) - 2016/05/04 18:33:18 ET
Table 'Achaia II' 6-max Seat #6 is the button
Seat 4: tje777 ($590.19 in chips)
Seat 6: Necromadx ($128.64 in chips)
Necromadx: posts small blind $1
tje777: posts big blind $3
*** HOLE CARDS ***
Necromadx: raises $3 to $6
tje777: calls $3
*** FLOP *** [9s 2s Qs]
tje777: bets $3
Necromadx: raises $3 to $6
tje777: calls $3
*** TURN *** [9s 2s Qs] [Qd]
tje777: checks
Necromadx: checks
*** RIVER *** [9s 2s Qs Qd] [8d]
tje777: bets $6
Necromadx: folds
Uncalled bet ($6) returned to tje777
tje777 collected $23.52 from pot
tje777: doesn't show hand
*** SUMMARY ***
Total pot $24 | Rake $0.48
Board [9s 2s Qs Qd 8d]
Seat 4: tje777 (big blind) collected ($23.52)
Seat 6: Necromadx (button) (small blind) folded on the River


PokerStars Hand #152862663392:  Hold'em Limit ($3/$6 USD) - 2016/05/04 18:33:02 ET
Table 'Achaia II' 6-max Seat #4 is the button
Seat 4: tje777 ($599.19 in chips)
Seat 6: Necromadx ($120 in chips)
tje777: posts small blind $1
Necromadx: posts big blind $3
*** HOLE CARDS ***
tje777: raises $3 to $6
Necromadx: calls $3
*** FLOP *** [2h Ac Ts]
Necromadx: checks
tje777: bets $3
Necromadx: calls $3
*** TURN *** [2h Ac Ts] [Td]
Necromadx: checks
tje777: checks
*** RIVER *** [2h Ac Ts Td] [Ad]
Necromadx: checks
tje777: checks
*** SHOW DOWN ***
Necromadx: shows [5h Qh] (two pair, Aces and Tens)
tje777: mucks hand
Necromadx collected $17.64 from pot
*** SUMMARY ***
Total pot $18 | Rake $0.36
Board [2h Ac Ts Td Ad]
Seat 4: tje777 (button) (small blind) mucked
Seat 6: Necromadx (big blind) showed [5h Qh] and won ($17.64) with two pair, Aces and Tens


PokerStars Hand #152862651531:  Hold'em Limit ($3/$6 USD) - 2016/05/04 18:32:46 ET
Table 'Achaia II' 6-max Seat #6 is the button
Seat 4: tje777 ($578.69 in chips)
Seat 6: Necromadx ($125.45 in chips)
Necromadx: posts small blind $1
tje777: posts big blind $3
*** HOLE CARDS ***
Necromadx: raises $3 to $6
tje777: calls $3
*** FLOP *** [4c 7c 2c]
tje777: checks
Necromadx: bets $3
tje777: calls $3
*** TURN *** [4c 7c 2c] [5h]
tje777: checks
Necromadx: bets $6
tje777: calls $6
*** RIVER *** [4c 7c 2c 5h] [9h]
tje777: checks
Necromadx: bets $6
tje777: calls $6
*** SHOW DOWN ***
Necromadx: shows [3s 7s] (a pair of Sevens)
tje777: shows [Th 9c] (a pair of Nines)
tje777 collected $41.50 from pot
*** SUMMARY ***
Total pot $42 | Rake $0.50
Board [4c 7c 2c 5h 9h]
Seat 4: tje777 (big blind) showed [Th 9c] and won ($41.50) with a pair of Nines
Seat 6: Necromadx (button) (small blind) showed [3s 7s] and lost with a pair of Sevens


PokerStars Hand #152862731152:  Hold'em Limit ($3/$6 USD) - 2016/05/04 18:34:34 ET
Table 'Achaia II' 6-max Seat #6 is the button
Seat 4: tje777 ($630.72 in chips)
Seat 6: Necromadx ($120 in chips)
Necromadx: posts small blind $1
tje777: posts big blind $3
*** HOLE CARDS ***
Necromadx: raises $3 to $6
tje777: raises $3 to $9
Necromadx: calls $3
*** FLOP *** [Ah 2d 5s]
tje777: bets $3
Necromadx: calls $3
*** TURN *** [Ah 2d 5s] [Qc]
tje777: bets $6
Necromadx: folds
Uncalled bet ($6) returned to tje777
tje777 collected $23.52 from pot
tje777: doesn't show hand
*** SUMMARY ***
Total pot $24 | Rake $0.48
Board [Ah 2d 5s Qc]
Seat 4: tje777 (big blind) collected ($23.52)
Seat 6: Necromadx (button) (small blind) folded on the Turn


PokerStars Hand #152862723863:  Hold'em Limit ($3/$6 USD) - 2016/05/04 18:34:24 ET
Table 'Achaia II' 6-max Seat #4 is the button
Seat 4: tje777 ($624.96 in chips)
Seat 6: Necromadx ($120 in chips)
tje777: posts small blind $1
Necromadx: posts big blind $3
*** HOLE CARDS ***
tje777: raises $3 to $6
Necromadx: calls $3
*** FLOP *** [Qc 4h Kd]
Necromadx: checks
tje777: bets $3
Necromadx: folds
Uncalled bet ($3) returned to tje777
tje777 collected $11.76 from pot
tje777: doesn't show hand
*** SUMMARY ***
Total pot $12 | Rake $0.24
Board [Qc 4h Kd]
Seat 4: tje777 (button) (small blind) collected ($11.76)
Seat 6: Necromadx (big blind) folded on the Flop


PokerStars Hand #152862707702:  Hold'em Limit ($3/$6 USD) - 2016/05/04 18:34:02 ET
Table 'Achaia II' 6-max Seat #6 is the button
Seat 4: tje777 ($601.46 in chips)
Seat 6: Necromadx ($120 in chips)
Necromadx: posts small blind $1
tje777: posts big blind $3
*** HOLE CARDS ***
Necromadx: raises $3 to $6
tje777: calls $3
*** FLOP *** [Tc Qc 4d]
tje777: checks
Necromadx: bets $3
tje777: raises $3 to $6
Necromadx: calls $3
*** TURN *** [Tc Qc 4d] [Ah]
tje777: bets $6
Necromadx: calls $6
*** RIVER *** [Tc Qc 4d Ah] [5h]
tje777: bets $6
Necromadx: calls $6
*** SHOW DOWN ***
tje777: shows [Qh 3s] (a pair of Queens)
Necromadx: mucks hand
tje777 collected $47.50 from pot
*** SUMMARY ***
Total pot $48 | Rake $0.50
Board [Tc Qc 4d Ah 5h]
Seat 4: tje777 (big blind) showed [Qh 3s] and won ($47.50) with a pair of Queens
Seat 6: Necromadx (button) (small blind) mucked


PokerStars Hand #152862690526:  Hold'em Limit ($3/$6 USD) - 2016/05/04 18:33:39 ET
Table 'Achaia II' 6-max Seat #4 is the button
Seat 4: tje777 ($601.71 in chips)
Seat 6: Necromadx ($120 in chips)
tje777: posts small blind $1
Necromadx: posts big blind $3
*** HOLE CARDS ***
tje777: raises $3 to $6
Necromadx: raises $3 to $9
tje777: raises $3 to $12
Betting is capped
Necromadx: calls $3
*** FLOP *** [6d Js 9d]
Necromadx: checks
tje777: bets $3
Necromadx: calls $3
*** TURN *** [6d Js 9d] [Jh]
Necromadx: checks
tje777: bets $6
Necromadx: calls $6
*** RIVER *** [6d Js 9d Jh] [Jc]
Necromadx: checks
tje777: checks
*** SHOW DOWN ***
Necromadx: shows [Ks Ac] (three of a kind, Jacks)
tje777: shows [Kc Ad] (three of a kind, Jacks)
Necromadx collected $20.75 from pot
tje777 collected $20.75 from pot
*** SUMMARY ***
Total pot $42 | Rake $0.50
Board [6d Js 9d Jh Jc]
Seat 4: tje777 (button) (small blind) showed [Kc Ad] and won ($20.75) with three of a kind, Jacks
Seat 6: Necromadx (big blind) showed [Ks Ac] and won ($20.75) with three of a kind, Jacks


PokerStars Hand #152862750037:  Hold'em Limit ($3/$6 USD) - 2016/05/04 18:35:00 ET
Table 'Achaia II' 6-max Seat #4 is the button
Seat 4: tje777 ($642.24 in chips)
Seat 6: Necromadx ($120 in chips)
tje777: posts small blind $1
Necromadx: posts big blind $3
*** HOLE CARDS ***
tje777: raises $3 to $6
Necromadx: raises $3 to $9
tje777: calls $3
*** FLOP *** [As 9d Ts]
Necromadx: bets $3
tje777: calls $3
*** TURN *** [As 9d Ts] [5h]
Necromadx: bets $6
mylifeluvsol joins the table at seat #3
tje777: calls $6
*** RIVER *** [As 9d Ts 5h] [3c]
Necromadx: bets $6
tje777: calls $6
*** SHOW DOWN ***
Necromadx: shows [6c 7c] (high card Ace)
tje777: shows [5c Ks] (a pair of Fives)
tje777 collected $47.50 from pot
*** SUMMARY ***
Total pot $48 | Rake $0.50
Board [As 9d Ts 5h 3c]
Seat 4: tje777 (button) (small blind) showed [5c Ks] and won ($47.50) with a pair of Fives
Seat 6: Necromadx (big blind) showed [6c 7c] and lost with high card Ace


PokerStars Hand #152862746907:  Hold'em Limit ($3/$6 USD) - 2016/05/04 18:34:56 ET
Table 'Achaia II' 6-max Seat #6 is the button
Seat 4: tje777 ($641.24 in chips)
Seat 6: Necromadx ($121 in chips)
Necromadx: posts small blind $1
tje777: posts big blind $3
*** HOLE CARDS ***
Necromadx: folds
Uncalled bet ($2) returned to tje777
tje777 collected $2 from pot
tje777: doesn't show hand
*** SUMMARY ***
Total pot $2 | Rake $0
Seat 4: tje777 (big blind) collected ($2)
Seat 6: Necromadx (button) (small blind) folded before Flop


PokerStars Hand #152862743553:  Hold'em Limit ($3/$6 USD) - 2016/05/04 18:34:51 ET
Table 'Achaia II' 6-max Seat #4 is the button
Seat 4: tje777 ($642.24 in chips)
Seat 6: Necromadx ($120 in chips)
tje777: posts small blind $1
Necromadx: posts big blind $3
*** HOLE CARDS ***
tje777: folds
Uncalled bet ($2) returned to Necromadx
Necromadx collected $2 from pot
Necromadx: doesn't show hand
*** SUMMARY ***
Total pot $2 | Rake $0
Seat 4: tje777 (button) (small blind) folded before Flop
Seat 6: Necromadx (big blind) collected ($2)


PokerStars Hand #152862854108:  Hold'em Limit ($3/$6 USD) - 2016/05/04 18:37:24 ET
Table 'Achaia II' 6-max Seat #3 is the button
Seat 3: mylifeluvsol ($58.72 in chips)
Seat 6: Necromadx ($120 in chips)
mylifeluvsol: posts small blind $1
Necromadx: posts big blind $3
*** HOLE CARDS ***
mylifeluvsol: calls $2
Necromadx: checks
*** FLOP *** [Jh Qc 6h]
Necromadx: checks
mylifeluvsol: bets $3
Necromadx: folds
Uncalled bet ($3) returned to mylifeluvsol
mylifeluvsol collected $5.88 from pot
mylifeluvsol: doesn't show hand
*** SUMMARY ***
Total pot $6 | Rake $0.12
Board [Jh Qc 6h]
Seat 3: mylifeluvsol (button) (small blind) collected ($5.88)
Seat 6: Necromadx (big blind) folded on the Flop


PokerStars Hand #152862898007:  Hold'em Limit ($3/$6 USD) - 2016/05/04 18:38:25 ET
Table 'Achaia II' 6-max Seat #6 is the button
Seat 4: tje777 ($630.81 in chips)
Seat 6: Necromadx ($131.28 in chips)
Necromadx: posts small blind $1
tje777: posts big blind $3
*** HOLE CARDS ***
Necromadx: raises $3 to $6
tje777: calls $3
*** FLOP *** [8s 9s 8d]
tje777: checks
Necromadx: bets $3
tje777: calls $3
*** TURN *** [8s 9s 8d] [3d]
tje777: checks
vestimokrec leaves the table
Necromadx: checks
*** RIVER *** [8s 9s 8d 3d] [Kd]
tje777: bets $6
Necromadx: calls $6
*** SHOW DOWN ***
tje777: shows [5s Ah] (a pair of Eights)
Necromadx: shows [7c Ks] (two pair, Kings and Eights)
Necromadx collected $29.50 from pot
*** SUMMARY ***
Total pot $30 | Rake $0.50
Board [8s 9s 8d 3d Kd]
Seat 4: tje777 (big blind) showed [5s Ah] and lost with a pair of Eights
Seat 6: Necromadx (button) (small blind) showed [7c Ks] and won ($29.50) with two pair, Kings and Eights


PokerStars Hand #152862861367:  Hold'em Limit ($3/$6 USD) - 2016/05/04 18:37:34 ET
Table 'Achaia II' 6-max Seat #6 is the button
Seat 3: mylifeluvsol ($61.60 in chips)
Seat 6: Necromadx ($120 in chips)
Necromadx: posts small blind $1
mylifeluvsol: posts big blind $3
*** HOLE CARDS ***
Necromadx: raises $3 to $6
mylifeluvsol: calls $3
*** FLOP *** [9s 5c Js]
mylifeluvsol: checks
Necromadx: bets $3
mylifeluvsol: calls $3
*** TURN *** [9s 5c Js] [4c]
mylifeluvsol: checks
Necromadx: bets $6
mylifeluvsol: calls $6
*** RIVER *** [9s 5c Js 4c] [Th]
mylifeluvsol: checks
Necromadx: checks
*** SHOW DOWN ***
mylifeluvsol: shows [7c 8c] (a straight, Seven to Jack)
Necromadx: mucks hand
mylifeluvsol collected $29.50 from pot
*** SUMMARY ***
Total pot $30 | Rake $0.50
Board [9s 5c Js 4c Th]
Seat 3: mylifeluvsol (big blind) showed [7c 8c] and won ($29.50) with a straight, Seven to Jack
Seat 6: Necromadx (button) (small blind) mucked


PokerStars Hand #152862943228:  Hold'em Limit ($3/$6 USD) - 2016/05/04 18:39:28 ET
Table 'Achaia II' 6-max Seat #4 is the button
Seat 4: tje777 ($614.31 in chips)
Seat 6: Necromadx ($146.18 in chips)
tje777: posts small blind $1
Necromadx: posts big blind $3
*** HOLE CARDS ***
tje777: raises $3 to $6
Necromadx: raises $3 to $9
tje777: calls $3
*** FLOP *** [9d 6s Th]
Necromadx: bets $3
tje777: calls $3
*** TURN *** [9d 6s Th] [Kc]
Necromadx: bets $6
tje777: raises $6 to $12
Necromadx: calls $6
*** RIVER *** [9d 6s Th Kc] [Ad]
Necromadx: bets $6
tje777: calls $6
*** SHOW DOWN ***
Necromadx: shows [As 9s] (two pair, Aces and Nines)
tje777: mucks hand
Necromadx collected $59.50 from pot
*** SUMMARY ***
Total pot $60 | Rake $0.50
Board [9d 6s Th Kc Ad]
Seat 4: tje777 (button) (small blind) mucked
Seat 6: Necromadx (big blind) showed [As 9s] and won ($59.50) with two pair, Aces and Nines


PokerStars Hand #152862936072:  Hold'em Limit ($3/$6 USD) - 2016/05/04 18:39:18 ET
Table 'Achaia II' 6-max Seat #6 is the button
Seat 4: tje777 ($620.31 in chips)
Seat 6: Necromadx ($140.42 in chips)
Necromadx: posts small blind $1
tje777: posts big blind $3
*** HOLE CARDS ***
Necromadx: raises $3 to $6
tje777: calls $3
*** FLOP *** [Qc 3d 9c]
tje777: checks
Necromadx: bets $3
tje777: folds
Uncalled bet ($3) returned to Necromadx
Necromadx collected $11.76 from pot
Necromadx: doesn't show hand
*** SUMMARY ***
Total pot $12 | Rake $0.24
Board [Qc 3d 9c]
Seat 4: tje777 (big blind) folded on the Flop
Seat 6: Necromadx (button) (small blind) collected ($11.76)


PokerStars Hand #152862932408:  Hold'em Limit ($3/$6 USD) - 2016/05/04 18:39:13 ET
Table 'Achaia II' 6-max Seat #4 is the button
Seat 4: tje777 ($621.31 in chips)
Seat 6: Necromadx ($139.42 in chips)
tje777: posts small blind $1
Necromadx: posts big blind $3
*** HOLE CARDS ***
tje777: folds
Uncalled bet ($2) returned to Necromadx
Necromadx collected $2 from pot
Necromadx: doesn't show hand
*** SUMMARY ***
Total pot $2 | Rake $0
Seat 4: tje777 (button) (small blind) folded before Flop
Seat 6: Necromadx (big blind) collected ($2)


PokerStars Hand #152862920326:  Hold'em Limit ($3/$6 USD) - 2016/05/04 18:38:56 ET
Table 'Achaia II' 6-max Seat #6 is the button
Seat 4: tje777 ($630.31 in chips)
Seat 6: Necromadx ($130.78 in chips)
Necromadx: posts small blind $1
tje777: posts big blind $3
*** HOLE CARDS ***
Necromadx: raises $3 to $6
tje777: calls $3
*** FLOP *** [5s 3d 4d]
tje777: checks
Necromadx: bets $3
tje777: calls $3
*** TURN *** [5s 3d 4d] [6h]
tje777: checks
Necromadx: checks
*** RIVER *** [5s 3d 4d 6h] [Ad]
tje777: checks
Necromadx: checks
*** SHOW DOWN ***
tje777: shows [Js 8c] (high card Ace)
Necromadx: shows [Th Kh] (high card Ace - King kicker)
Necromadx collected $17.64 from pot
*** SUMMARY ***
Total pot $18 | Rake $0.36
Board [5s 3d 4d 6h Ad]
Seat 4: tje777 (big blind) showed [Js 8c] and lost with high card Ace
Seat 6: Necromadx (button) (small blind) showed [Th Kh] and won ($17.64) with high card Ace


PokerStars Hand #152862910415:  Hold'em Limit ($3/$6 USD) - 2016/05/04 18:38:42 ET
Table 'Achaia II' 6-max Seat #4 is the button
Seat 4: tje777 ($615.81 in chips)
Seat 6: Necromadx ($145.78 in chips)
tje777: posts small blind $1
Necromadx: posts big blind $3
*** HOLE CARDS ***
tje777: raises $3 to $6
Necromadx: calls $3
*** FLOP *** [Qs 3h 5h]
Necromadx: checks
tje777: bets $3
Necromadx: calls $3
*** TURN *** [Qs 3h 5h] [Ks]
Necromadx: checks
tje777: checks
*** RIVER *** [Qs 3h 5h Ks] [5d]
Necromadx: bets $6
tje777: calls $6
*** SHOW DOWN ***
Necromadx: shows [Jd 3s] (two pair, Fives and Threes)
tje777: shows [2d Qd] (two pair, Queens and Fives)
tje777 collected $29.50 from pot
*** SUMMARY ***
Total pot $30 | Rake $0.50
Board [Qs 3h 5h Ks 5d]
Seat 4: tje777 (button) (small blind) showed [2d Qd] and won ($29.50) with two pair, Queens and Fives
Seat 6: Necromadx (big blind) showed [Jd 3s] and lost with two pair, Fives and Threes


PokerStars Hand #152862971522:  Hold'em Limit ($3/$6 USD) - 2016/05/04 18:40:08 ET
Table 'Achaia II' 6-max Seat #6 is the button
Seat 4: tje777 ($570.31 in chips)
Seat 6: Necromadx ($189.18 in chips)
Necromadx: posts small blind $1
tje777: posts big blind $3
*** HOLE CARDS ***
Necromadx: raises $3 to $6
tje777: calls $3
*** FLOP *** [8c 6d 2s]
tje777: bets $3
Necromadx: folds
Uncalled bet ($3) returned to tje777
tje777 collected $11.76 from pot
tje777: doesn't show hand
*** SUMMARY ***
Total pot $12 | Rake $0.24
Board [8c 6d 2s]
Seat 4: tje777 (big blind) collected ($11.76)
Seat 6: Necromadx (button) (small blind) folded on the Flop


PokerStars Hand #152862962365:  Hold'em Limit ($3/$6 USD) - 2016/05/04 18:39:56 ET
Table 'Achaia II' 6-max Seat #4 is the button
Seat 4: tje777 ($585.31 in chips)
Seat 6: Necromadx ($174.68 in chips)
tje777: posts small blind $1
Necromadx: posts big blind $3
*** HOLE CARDS ***
tje777: raises $3 to $6
Necromadx: calls $3
*** FLOP *** [8s 3c 9s]
Necromadx: checks
tje777: bets $3
Necromadx: calls $3
*** TURN *** [8s 3c 9s] [Kh]
Necromadx: checks
tje777: checks
*** RIVER *** [8s 3c 9s Kh] [Ks]
Necromadx: bets $6
tje777: calls $6
*** SHOW DOWN ***
Necromadx: shows [2s Kc] (three of a kind, Kings)
tje777: mucks hand
Necromadx collected $29.50 from pot
*** SUMMARY ***
Total pot $30 | Rake $0.50
Board [8s 3c 9s Kh Ks]
Seat 4: tje777 (button) (small blind) mucked
Seat 6: Necromadx (big blind) showed [2s Kc] and won ($29.50) with three of a kind, Kings


PokerStars Hand #152862957476:  Hold'em Limit ($3/$6 USD) - 2016/05/04 18:39:49 ET
Table 'Achaia II' 6-max Seat #6 is the button
Seat 4: tje777 ($584.31 in chips)
Seat 6: Necromadx ($175.68 in chips)
Necromadx: posts small blind $1
tje777: posts big blind $3
*** HOLE CARDS ***
Necromadx: folds
Uncalled bet ($2) returned to tje777
tje777 collected $2 from pot
tje777: doesn't show hand
*** SUMMARY ***
Total pot $2 | Rake $0
Seat 4: tje777 (big blind) collected ($2)
Seat 6: Necromadx (button) (small blind) folded before Flop


PokerStars Hand #152863135004:  Hold'em Limit ($3/$6 USD) - 2016/05/04 18:44:00 ET
Table 'Achaia II' 6-max Seat #2 is the button
Seat 2: Humtum81 ($26 in chips)
Seat 6: Necromadx ($206.44 in chips)
Humtum81: posts small blind $1
Necromadx: posts big blind $3
*** HOLE CARDS ***
Humtum81: raises $3 to $6
Necromadx: calls $3
*** FLOP *** [5d 6c Js]
Necromadx: checks
Humtum81: bets $3
Necromadx: raises $3 to $6
Humtum81: raises $3 to $9
Necromadx: calls $3
*** TURN *** [5d 6c Js] [Th]
Necromadx: checks
Humtum81: bets $6
Necromadx: raises $6 to $12
Humtum81: calls $5 and is all-in
Uncalled bet ($1) returned to Necromadx
*** RIVER *** [5d 6c Js Th] [5c]
*** SHOW DOWN ***
Necromadx: shows [Jh 2s] (two pair, Jacks and Fives)
Humtum81: shows [Tc Qd] (two pair, Tens and Fives)
Necromadx collected $51.50 from pot
*** SUMMARY ***
Total pot $52 | Rake $0.50
Board [5d 6c Js Th 5c]
Seat 2: Humtum81 (button) (small blind) showed [Tc Qd] and lost with two pair, Tens and Fives
Seat 6: Necromadx (big blind) showed [Jh 2s] and won ($51.50) with two pair, Jacks and Fives


PokerStars Hand #152863127246:  Hold'em Limit ($3/$6 USD) - 2016/05/04 18:43:49 ET
Table 'Achaia II' 6-max Seat #6 is the button
Seat 2: Humtum81 ($32 in chips)
Seat 6: Necromadx ($200.68 in chips)
Necromadx: posts small blind $1
Humtum81: posts big blind $3
*** HOLE CARDS ***
Necromadx: raises $3 to $6
Humtum81: calls $3
*** FLOP *** [6d 3c Jd]
Humtum81: checks
Necromadx: bets $3
Humtum81: folds
Uncalled bet ($3) returned to Necromadx
Necromadx collected $11.76 from pot
Necromadx: doesn't show hand
*** SUMMARY ***
Total pot $12 | Rake $0.24
Board [6d 3c Jd]
Seat 2: Humtum81 (big blind) folded on the Flop
Seat 6: Necromadx (button) (small blind) collected ($11.76)


PokerStars Hand #152863115685:  Hold'em Limit ($3/$6 USD) - 2016/05/04 18:43:33 ET
Table 'Achaia II' 6-max Seat #2 is the button
Seat 2: Humtum81 ($50 in chips)
Seat 6: Necromadx ($183.18 in chips)
Humtum81: posts small blind $1
Necromadx: posts big blind $3
*** HOLE CARDS ***
Humtum81: raises $3 to $6
Necromadx: calls $3
*** FLOP *** [8h Qs 2s]
Necromadx: checks
Humtum81: checks
*** TURN *** [8h Qs 2s] [4d]
Necromadx: checks
Humtum81: bets $6
Necromadx: calls $6
*** RIVER *** [8h Qs 2s 4d] [Qc]
Necromadx: checks
Humtum81: bets $6
Necromadx: calls $6
*** SHOW DOWN ***
Humtum81: shows [7s Th] (a pair of Queens)
Necromadx: shows [5h Kd] (a pair of Queens - King kicker)
Necromadx collected $35.50 from pot
*** SUMMARY ***
Total pot $36 | Rake $0.50
Board [8h Qs 2s 4d Qc]
Seat 2: Humtum81 (button) (small blind) showed [7s Th] and lost with a pair of Queens
Seat 6: Necromadx (big blind) showed [5h Kd] and won ($35.50) with a pair of Queens


PokerStars Hand #152863266773:  Hold'em Limit ($3/$6 USD) - 2016/05/04 18:47:12 ET
Table 'Achaia II' 6-max Seat #6 is the button
Seat 1: Humtum81 ($50.51 in chips)
Seat 6: Necromadx ($231.94 in chips)
Necromadx: posts small blind $1
Humtum81: posts big blind $3
*** HOLE CARDS ***
Necromadx: raises $3 to $6
Humtum81: folds
Uncalled bet ($3) returned to Necromadx
Necromadx collected $6 from pot
Necromadx: doesn't show hand
*** SUMMARY ***
Total pot $6 | Rake $0
Seat 1: Humtum81 (big blind) folded before Flop
Seat 6: Necromadx (button) (small blind) collected ($6)


PokerStars Hand #152863304542:  Hold'em Limit ($3/$6 USD) - 2016/05/04 18:48:08 ET
Table 'Achaia II' 6-max Seat #6 is the button
Seat 1: Humtum81 ($88.15 in chips)
Seat 6: Necromadx ($192.94 in chips)
Necromadx: posts small blind $1
Humtum81: posts big blind $3
*** HOLE CARDS ***
Necromadx: raises $3 to $6
Humtum81: calls $3
*** FLOP *** [Th 2d Tc]
Humtum81: checks
Necromadx: bets $3
Humtum81: calls $3
*** TURN *** [Th 2d Tc] [3h]
Humtum81: checks
Necromadx: checks
*** RIVER *** [Th 2d Tc 3h] [Js]
Humtum81: bets $6
Necromadx: folds
Uncalled bet ($6) returned to Humtum81
Humtum81 collected $17.64 from pot
Humtum81: doesn't show hand
*** SUMMARY ***
Total pot $18 | Rake $0.36
Board [Th 2d Tc 3h Js]
Seat 1: Humtum81 (big blind) collected ($17.64)
Seat 6: Necromadx (button) (small blind) folded on the River


PokerStars Hand #152863290047:  Hold'em Limit ($3/$6 USD) - 2016/05/04 18:47:47 ET
Table 'Achaia II' 6-max Seat #1 is the button
Seat 1: Humtum81 ($73.65 in chips)
Seat 6: Necromadx ($207.94 in chips)
Humtum81: posts small blind $1
Necromadx: posts big blind $3
*** HOLE CARDS ***
Humtum81: raises $3 to $6
Necromadx: calls $3
*** FLOP *** [6c 4s 8d]
Necromadx: checks
Humtum81: bets $3
Necromadx: calls $3
*** TURN *** [6c 4s 8d] [Qc]
Necromadx: checks
Humtum81: checks
*** RIVER *** [6c 4s 8d Qc] [6h]
Necromadx: bets $6
Humtum81: raises $6 to $12
Necromadx: folds
Uncalled bet ($6) returned to Humtum81
Humtum81 collected $29.50 from pot
Humtum81: doesn't show hand
*** SUMMARY ***
Total pot $30 | Rake $0.50
Board [6c 4s 8d Qc 6h]
Seat 1: Humtum81 (button) (small blind) collected ($29.50)
Seat 6: Necromadx (big blind) folded on the River


PokerStars Hand #152863280554:  Hold'em Limit ($3/$6 USD) - 2016/05/04 18:47:32 ET
Table 'Achaia II' 6-max Seat #6 is the button
Seat 1: Humtum81 ($56.15 in chips)
Seat 6: Necromadx ($225.94 in chips)
Necromadx: posts small blind $1
Humtum81: posts big blind $3
*** HOLE CARDS ***
Necromadx: raises $3 to $6
Humtum81: raises $3 to $9
Necromadx: calls $3
*** FLOP *** [Th 8h Qh]
Humtum81: bets $3
Necromadx: calls $3
*** TURN *** [Th 8h Qh] [2s]
Humtum81: bets $6
Necromadx: calls $6
*** RIVER *** [Th 8h Qh 2s] [3d]
Humtum81: bets $6
Necromadx: folds
Uncalled bet ($6) returned to Humtum81
Humtum81 collected $35.50 from pot
Humtum81: doesn't show hand
*** SUMMARY ***
Total pot $36 | Rake $0.50
Board [Th 8h Qh 2s 3d]
Seat 1: Humtum81 (big blind) collected ($35.50)
Seat 6: Necromadx (button) (small blind) folded on the River


PokerStars Hand #152863272220:  Hold'em Limit ($3/$6 USD) - 2016/05/04 18:47:20 ET
Table 'Achaia II' 6-max Seat #1 is the button
Seat 1: Humtum81 ($47.51 in chips)
Seat 6: Necromadx ($234.94 in chips)
Humtum81: posts small blind $1
Necromadx: posts big blind $3
*** HOLE CARDS ***
Humtum81: raises $3 to $6
Necromadx: calls $3
*** FLOP *** [4c Qh 3s]
Necromadx: checks
Humtum81: bets $3
Necromadx: calls $3
*** TURN *** [4c Qh 3s] [3h]
Necromadx: checks
Humtum81: bets $6
Necromadx: folds
Uncalled bet ($6) returned to Humtum81
Humtum81 collected $17.64 from pot
Humtum81: doesn't show hand
*** SUMMARY ***
Total pot $18 | Rake $0.36
Board [4c Qh 3s 3h]
Seat 1: Humtum81 (button) (small blind) collected ($17.64)
Seat 6: Necromadx (big blind) folded on the Turn


PokerStars Hand #152863349716:  Hold'em Limit ($3/$6 USD) - 2016/05/04 18:49:15 ET
Table 'Achaia II' 6-max Seat #1 is the button
Seat 1: Humtum81 ($124.69 in chips)
Seat 6: Necromadx ($154.94 in chips)
Humtum81: posts small blind $1
bugsbubble joins the table at seat #2
Necromadx: posts big blind $3
*** HOLE CARDS ***
Humtum81: folds
Uncalled bet ($2) returned to Necromadx
Necromadx collected $2 from pot
Necromadx: doesn't show hand
*** SUMMARY ***
Total pot $2 | Rake $0
Seat 1: Humtum81 (button) (small blind) folded before Flop
Seat 6: Necromadx (big blind) collected ($2)


PokerStars Hand #152863338619:  Hold'em Limit ($3/$6 USD) - 2016/05/04 18:48:58 ET
Table 'Achaia II' 6-max Seat #6 is the button
Seat 1: Humtum81 ($104.19 in chips)
Seat 6: Necromadx ($175.94 in chips)
Necromadx: posts small blind $1
Humtum81: posts big blind $3
*** HOLE CARDS ***
Necromadx: raises $3 to $6
Humtum81: calls $3
*** FLOP *** [8d 6c Jc]
Humtum81: checks
Necromadx: bets $3
Humtum81: calls $3
*** TURN *** [8d 6c Jc] [2c]
Humtum81: checks
Necromadx: bets $6
Humtum81: calls $6
*** RIVER *** [8d 6c Jc 2c] [Qc]
Humtum81: bets $6
Necromadx: calls $6
*** SHOW DOWN ***
Humtum81: shows [5s Tc] (a flush, Queen high)
Necromadx: mucks hand
Humtum81 collected $41.50 from pot
*** SUMMARY ***
Total pot $42 | Rake $0.50
Board [8d 6c Jc 2c Qc]
Seat 1: Humtum81 (big blind) showed [5s Tc] and won ($41.50) with a flush, Queen high
Seat 6: Necromadx (button) (small blind) mucked


PokerStars Hand #152863330604:  Hold'em Limit ($3/$6 USD) - 2016/05/04 18:48:47 ET
Table 'Achaia II' 6-max Seat #1 is the button
Seat 1: Humtum81 ($95.55 in chips)
Seat 6: Necromadx ($184.94 in chips)
Humtum81: posts small blind $1
Necromadx: posts big blind $3
*** HOLE CARDS ***
Humtum81: raises $3 to $6
Necromadx: calls $3
*** FLOP *** [4c Jd Qd]
Necromadx: checks
Humtum81: bets $3
Necromadx: calls $3
*** TURN *** [4c Jd Qd] [9s]
Necromadx: checks
Humtum81: bets $6
Necromadx: folds
Uncalled bet ($6) returned to Humtum81
Humtum81 collected $17.64 from pot
Humtum81: doesn't show hand
*** SUMMARY ***
Total pot $18 | Rake $0.36
Board [4c Jd Qd 9s]
Seat 1: Humtum81 (button) (small blind) collected ($17.64)
Seat 6: Necromadx (big blind) folded on the Turn


PokerStars Hand #152863327306:  Hold'em Limit ($3/$6 USD) - 2016/05/04 18:48:42 ET
Table 'Achaia II' 6-max Seat #6 is the button
Seat 1: Humtum81 ($98.55 in chips)
Seat 6: Necromadx ($181.94 in chips)
Necromadx: posts small blind $1
Humtum81: posts big blind $3
*** HOLE CARDS ***
Necromadx: raises $3 to $6
Humtum81: folds
Uncalled bet ($3) returned to Necromadx
Necromadx collected $6 from pot
Necromadx: doesn't show hand
*** SUMMARY ***
Total pot $6 | Rake $0
Seat 1: Humtum81 (big blind) folded before Flop
Seat 6: Necromadx (button) (small blind) collected ($6)


PokerStars Hand #152863324087:  Hold'em Limit ($3/$6 USD) - 2016/05/04 18:48:37 ET
Table 'Achaia II' 6-max Seat #1 is the button
Seat 1: Humtum81 ($99.55 in chips)
Seat 6: Necromadx ($180.94 in chips)
Humtum81: posts small blind $1
Necromadx: posts big blind $3
*** HOLE CARDS ***
Humtum81: folds
Uncalled bet ($2) returned to Necromadx
Necromadx collected $2 from pot
Necromadx: doesn't show hand
*** SUMMARY ***
Total pot $2 | Rake $0
Seat 1: Humtum81 (button) (small blind) folded before Flop
Seat 6: Necromadx (big blind) collected ($2)


PokerStars Hand #152863320720:  Hold'em Limit ($3/$6 USD) - 2016/05/04 18:48:32 ET
Table 'Achaia II' 6-max Seat #6 is the button
Seat 1: Humtum81 ($102.55 in chips)
Seat 6: Necromadx ($177.94 in chips)
Necromadx: posts small blind $1
Humtum81: posts big blind $3
*** HOLE CARDS ***
Necromadx: raises $3 to $6
Humtum81: folds
Uncalled bet ($3) returned to Necromadx
Necromadx collected $6 from pot
Necromadx: doesn't show hand
*** SUMMARY ***
Total pot $6 | Rake $0
Seat 1: Humtum81 (big blind) folded before Flop
Seat 6: Necromadx (button) (small blind) collected ($6)


PokerStars Hand #152863314126:  Hold'em Limit ($3/$6 USD) - 2016/05/04 18:48:22 ET
Table 'Achaia II' 6-max Seat #1 is the button
Seat 1: Humtum81 ($96.79 in chips)
Seat 6: Necromadx ($183.94 in chips)
Humtum81: posts small blind $1
Necromadx: posts big blind $3
*** HOLE CARDS ***
Humtum81: raises $3 to $6
Necromadx: calls $3
*** FLOP *** [Jc Kc 5s]
Necromadx: checks
Humtum81: bets $3
Necromadx: folds
Uncalled bet ($3) returned to Humtum81
Humtum81 collected $11.76 from pot
Humtum81: doesn't show hand
*** SUMMARY ***
Total pot $12 | Rake $0.24
Board [Jc Kc 5s]
Seat 1: Humtum81 (button) (small blind) collected ($11.76)
Seat 6: Necromadx (big blind) folded on the Flop


PokerStars Hand #152863352682:  Hold'em Limit ($3/$6 USD) - 2016/05/04 18:49:19 ET
Table 'Achaia II' 6-max Seat #6 is the button
Seat 1: Humtum81 ($123.69 in chips)
Seat 6: Necromadx ($155.94 in chips)
Necromadx: posts small blind $1
Humtum81: posts big blind $3
*** HOLE CARDS ***
Necromadx: raises $3 to $6
Humtum81: calls $3
*** FLOP *** [Jh 7c 9s]
Humtum81: checks
Necromadx: bets $3
Humtum81: calls $3
*** TURN *** [Jh 7c 9s] [6d]
Humtum81: checks
Necromadx: bets $6
Humtum81: raises $6 to $12
Necromadx: calls $6
*** RIVER *** [Jh 7c 9s 6d] [2d]
Humtum81: bets $6
Necromadx: calls $6
*** SHOW DOWN ***
Humtum81: shows [9d Ac] (a pair of Nines)
Necromadx: mucks hand
Humtum81 collected $53.50 from pot
*** SUMMARY ***
Total pot $54 | Rake $0.50
Board [Jh 7c 9s 6d 2d]
Seat 1: Humtum81 (big blind) showed [9d Ac] and won ($53.50) with a pair of Nines
Seat 6: Necromadx (button) (small blind) mucked


PokerStars Hand #152864932973:  Hold'em Limit ($3/$6 USD) - 2016/05/04 19:31:50 ET
Table 'Achaia II' 6-max Seat #5 is the button
Seat 5: vestimokrec ($120 in chips)
Seat 6: NAUTJE1337 ($69.65 in chips)
TinaTurner72 will be allowed to play after the button
vestimokrec: posts small blind $1
NAUTJE1337: posts big blind $3
*** HOLE CARDS ***
vestimokrec: raises $3 to $6
NAUTJE1337: calls $3
*** FLOP *** [Qh 6h 7c]
NAUTJE1337: checks
vestimokrec: checks
*** TURN *** [Qh 6h 7c] [8d]
NAUTJE1337: checks
vestimokrec: checks
*** RIVER *** [Qh 6h 7c 8d] [9h]
NAUTJE1337: checks
vestimokrec: checks
*** SHOW DOWN ***
NAUTJE1337: shows [3c As] (high card Ace)
vestimokrec: mucks hand
NAUTJE1337 collected $11.76 from pot
*** SUMMARY ***
Total pot $12 | Rake $0.24
Board [Qh 6h 7c 8d 9h]
Seat 5: vestimokrec (button) (small blind) mucked
Seat 6: NAUTJE1337 (big blind) showed [3c As] and won ($11.76) with high card Ace


PokerStars Hand #152865098705:  Hold'em Limit ($3/$6 USD) - 2016/05/04 19:36:37 ET
Table 'Achaia II' 6-max Seat #2 is the button
Seat 2: Humtum81 ($42.52 in chips)
Seat 3: anetkaapro ($101 in chips)
Humtum81: posts small blind $1
anetkaapro: posts big blind $3
*** HOLE CARDS ***
Humtum81: raises $3 to $6
anetkaapro: calls $3
*** FLOP *** [Ks 9s 2d]
anetkaapro: checks
Humtum81: bets $3
anetkaapro: folds
Uncalled bet ($3) returned to Humtum81
Humtum81 collected $11.76 from pot
Humtum81: doesn't show hand
*** SUMMARY ***
Total pot $12 | Rake $0.24
Board [Ks 9s 2d]
Seat 2: Humtum81 (button) (small blind) collected ($11.76)
Seat 3: anetkaapro (big blind) folded on the Flop


PokerStars Hand #152865096259:  Hold'em Limit ($3/$6 USD) - 2016/05/04 19:36:33 ET
Table 'Achaia II' 6-max Seat #3 is the button
Seat 2: Humtum81 ($41.52 in chips)
Seat 3: anetkaapro ($102 in chips)
anetkaapro: posts small blind $1
Humtum81: posts big blind $3
*** HOLE CARDS ***
anetkaapro: folds
Uncalled bet ($2) returned to Humtum81
Humtum81 collected $2 from pot
Humtum81: doesn't show hand
*** SUMMARY ***
Total pot $2 | Rake $0
Seat 2: Humtum81 (big blind) collected ($2)
Seat 3: anetkaapro (button) (small blind) folded before Flop


PokerStars Hand #152865093670:  Hold'em Limit ($3/$6 USD) - 2016/05/04 19:36:28 ET
Table 'Achaia II' 6-max Seat #2 is the button
Seat 2: Humtum81 ($42.52 in chips)
Seat 3: anetkaapro ($101 in chips)
Humtum81: posts small blind $1
anetkaapro: posts big blind $3
*** HOLE CARDS ***
Humtum81: folds
Uncalled bet ($2) returned to anetkaapro
anetkaapro collected $2 from pot
anetkaapro: doesn't show hand
*** SUMMARY ***
Total pot $2 | Rake $0
Seat 2: Humtum81 (button) (small blind) folded before Flop
Seat 3: anetkaapro (big blind) collected ($2)


PokerStars Hand #152865067711:  Hold'em Limit ($3/$6 USD) - 2016/05/04 19:35:42 ET
Table 'Achaia II' 6-max Seat #3 is the button
Seat 2: Humtum81 ($31 in chips)
Seat 3: anetkaapro ($113 in chips)
anetkaapro: posts small blind $1
TinaTurner72: is sitting out
Humtum81: posts big blind $3
*** HOLE CARDS ***
anetkaapro: raises $3 to $6
Humtum81: calls $3
*** FLOP *** [8d 5h Qc]
Humtum81: checks
anetkaapro: bets $3
Humtum81: raises $3 to $6
TinaTurner72 leaves the table
anetkaapro: calls $3
*** TURN *** [8d 5h Qc] [4d]
Humtum81: bets $6
anetkaapro: folds
Uncalled bet ($6) returned to Humtum81
Humtum81 collected $23.52 from pot
Humtum81: doesn't show hand
*** SUMMARY ***
Total pot $24 | Rake $0.48
Board [8d 5h Qc 4d]
Seat 2: Humtum81 (big blind) collected ($23.52)
Seat 3: anetkaapro (button) (small blind) folded on the Turn


PokerStars Hand #152865103451:  Hold'em Limit ($3/$6 USD) - 2016/05/04 19:36:46 ET
Table 'Achaia II' 6-max Seat #3 is the button
Seat 2: Humtum81 ($48.28 in chips)
Seat 3: anetkaapro ($95 in chips)
anetkaapro: posts small blind $1
Humtum81: posts big blind $3
*** HOLE CARDS ***
anetkaapro: raises $3 to $6
Humtum81: calls $3
*** FLOP *** [6c 9s Tc]
Humtum81: checks
JayEm82 joins the table at seat #4
anetkaapro: bets $3
Humtum81: calls $3
*** TURN *** [6c 9s Tc] [9d]
Humtum81: checks
anetkaapro: bets $6
Humtum81: raises $6 to $12
anetkaapro: calls $6
*** RIVER *** [6c 9s Tc 9d] [6d]
Humtum81: bets $6
anetkaapro: raises $6 to $12
Humtum81: calls $6
*** SHOW DOWN ***
anetkaapro: shows [Jh 9h] (a full house, Nines full of Sixes)
Humtum81: mucks hand
anetkaapro collected $65.50 from pot
*** SUMMARY ***
Total pot $66 | Rake $0.50
Board [6c 9s Tc 9d 6d]
Seat 2: Humtum81 (big blind) mucked
Seat 3: anetkaapro (button) (small blind) showed [Jh 9h] and won ($65.50) with a full house, Nines full of Sixes


PokerStars Hand #152865113577:  Hold'em Limit ($3/$6 USD) - 2016/05/04 19:37:04 ET
Table 'Achaia II' 6-max Seat #2 is the button
Seat 2: Humtum81 ($15.28 in chips)
Seat 3: anetkaapro ($127.50 in chips)
Humtum81: posts small blind $1
anetkaapro: posts big blind $3
*** HOLE CARDS ***
Humtum81: raises $3 to $6
anetkaapro: calls $3
*** FLOP *** [4h Kd Ts]
NAUTJE1337 joins the table at seat #5
anetkaapro: checks
Humtum81: bets $3
anetkaapro: folds
Uncalled bet ($3) returned to Humtum81
Humtum81 collected $11.76 from pot
Humtum81: doesn't show hand
*** SUMMARY ***
Total pot $12 | Rake $0.24
Board [4h Kd Ts]
Seat 2: Humtum81 (button) (small blind) collected ($11.76)
Seat 3: anetkaapro (big blind) folded on the Flop


