PokerStars Hand #161716929498:  Hold'em Limit ($3/$6 USD) - 2016/11/20 18:28:15 ET
Table 'Achaia' 6-max Seat #2 is the button
Seat 2: DoctorGonzo7 ($113 in chips)
Seat 4: Actionni13 ($156.76 in chips)
DoctorGonzo7: posts small blind $1
Actionni13: posts big blind $3
*** HOLE CARDS ***
DoctorGonzo7: folds
Uncalled bet ($2) returned to Actionni13
Actionni13 collected $2 from pot
Actionni13: doesn't show hand
*** SUMMARY ***
Total pot $2 | Rake $0
Seat 2: DoctorGonzo7 (button) (small blind) folded before Flop
Seat 4: Actionni13 (big blind) collected ($2)


PokerStars Hand #161716914704:  Hold'em Limit ($3/$6 USD) - 2016/11/20 18:27:55 ET
Table 'Achaia' 6-max Seat #4 is the button
Seat 2: DoctorGonzo7 ($119 in chips)
Seat 4: Actionni13 ($151 in chips)
Actionni13: posts small blind $1
DoctorGonzo7: posts big blind $3
*** HOLE CARDS ***
Actionni13: raises $3 to $6
DoctorGonzo7: calls $3
*** FLOP *** [8c 8s 8h]
DoctorGonzo7: checks
Actionni13: bets $3
DoctorGonzo7: folds
Uncalled bet ($3) returned to Actionni13
Actionni13 collected $11.76 from pot
Actionni13: doesn't show hand
*** SUMMARY ***
Total pot $12 | Rake $0.24
Board [8c 8s 8h]
Seat 2: DoctorGonzo7 (big blind) folded on the Flop
Seat 4: Actionni13 (button) (small blind) collected ($11.76)


PokerStars Hand #161717739208:  Hold'em Limit ($3/$6 USD) - 2016/11/20 18:46:52 ET
Table 'Achaia' 6-max Seat #3 is the button
Seat 3: gnatakurchpz ($39.37 in chips)
Seat 4: Actionni13 ($157.76 in chips)
gnatakurchpz: posts small blind $1
Actionni13: posts big blind $3
*** HOLE CARDS ***
gnatakurchpz: folds
Uncalled bet ($2) returned to Actionni13
Actionni13 collected $2 from pot
Actionni13: doesn't show hand
*** SUMMARY ***
Total pot $2 | Rake $0
Seat 3: gnatakurchpz (button) (small blind) folded before Flop
Seat 4: Actionni13 (big blind) collected ($2)


PokerStars Hand #161717732887:  Hold'em Limit ($3/$6 USD) - 2016/11/20 18:46:43 ET
Table 'Achaia' 6-max Seat #4 is the button
Seat 3: gnatakurchpz ($42.37 in chips)
Seat 4: Actionni13 ($154.76 in chips)
Actionni13: posts small blind $1
gnatakurchpz: posts big blind $3
*** HOLE CARDS ***
Actionni13: raises $3 to $6
gnatakurchpz: folds
Uncalled bet ($3) returned to Actionni13
Actionni13 collected $6 from pot
Actionni13: doesn't show hand
*** SUMMARY ***
Total pot $6 | Rake $0
Seat 3: gnatakurchpz (big blind) folded before Flop
Seat 4: Actionni13 (button) (small blind) collected ($6)


PokerStars Hand #161717721897:  Hold'em Limit ($3/$6 USD) - 2016/11/20 18:46:28 ET
Table 'Achaia' 6-max Seat #3 is the button
Seat 3: gnatakurchpz ($36.61 in chips)
Seat 4: Actionni13 ($160.76 in chips)
gnatakurchpz: posts small blind $1
Actionni13: posts big blind $3
*** HOLE CARDS ***
gnatakurchpz: raises $3 to $6
Actionni13: calls $3
*** FLOP *** [Kh 3c Qd]
Actionni13: checks
gnatakurchpz: bets $3
Actionni13: folds
Uncalled bet ($3) returned to gnatakurchpz
gnatakurchpz collected $11.76 from pot
gnatakurchpz: doesn't show hand
*** SUMMARY ***
Total pot $12 | Rake $0.24
Board [Kh 3c Qd]
Seat 3: gnatakurchpz (button) (small blind) collected ($11.76)
Seat 4: Actionni13 (big blind) folded on the Flop


PokerStars Hand #161717716957:  Hold'em Limit ($3/$6 USD) - 2016/11/20 18:46:21 ET
Table 'Achaia' 6-max Seat #4 is the button
Seat 3: gnatakurchpz ($39.61 in chips)
Seat 4: Actionni13 ($157.76 in chips)
Actionni13: posts small blind $1
gnatakurchpz: posts big blind $3
*** HOLE CARDS ***
Actionni13: raises $3 to $6
gnatakurchpz: folds
Uncalled bet ($3) returned to Actionni13
Actionni13 collected $6 from pot
Actionni13: doesn't show hand
*** SUMMARY ***
Total pot $6 | Rake $0
Seat 3: gnatakurchpz (big blind) folded before Flop
Seat 4: Actionni13 (button) (small blind) collected ($6)


PokerStars Hand #161717774471:  Hold'em Limit ($3/$6 USD) - 2016/11/20 18:47:42 ET
Table 'Achaia' 6-max Seat #4 is the button
Seat 3: gnatakurchpz ($48.77 in chips)
Seat 4: Actionni13 ($151 in chips)
Actionni13: posts small blind $1
gnatakurchpz: posts big blind $3
*** HOLE CARDS ***
Actionni13: raises $3 to $6
gnatakurchpz: folds
Uncalled bet ($3) returned to Actionni13
Actionni13 collected $6 from pot
Actionni13: doesn't show hand
*** SUMMARY ***
Total pot $6 | Rake $0
Seat 3: gnatakurchpz (big blind) folded before Flop
Seat 4: Actionni13 (button) (small blind) collected ($6)


PokerStars Hand #161717771370:  Hold'em Limit ($3/$6 USD) - 2016/11/20 18:47:37 ET
Table 'Achaia' 6-max Seat #3 is the button
Seat 3: gnatakurchpz ($49.77 in chips)
Seat 4: Actionni13 ($150 in chips)
gnatakurchpz: posts small blind $1
Actionni13: posts big blind $3
*** HOLE CARDS ***
gnatakurchpz: folds
Uncalled bet ($2) returned to Actionni13
Actionni13 collected $2 from pot
Actionni13: doesn't show hand
*** SUMMARY ***
Total pot $2 | Rake $0
Seat 3: gnatakurchpz (button) (small blind) folded before Flop
Seat 4: Actionni13 (big blind) collected ($2)


PokerStars Hand #161717768028:  Hold'em Limit ($3/$6 USD) - 2016/11/20 18:47:33 ET
Table 'Achaia' 6-max Seat #4 is the button
Seat 3: gnatakurchpz ($48.77 in chips)
Seat 4: Actionni13 ($150 in chips)
Actionni13: posts small blind $1
gnatakurchpz: posts big blind $3
*** HOLE CARDS ***
Actionni13: folds
Uncalled bet ($2) returned to gnatakurchpz
gnatakurchpz collected $2 from pot
gnatakurchpz: doesn't show hand
*** SUMMARY ***
Total pot $2 | Rake $0
Seat 3: gnatakurchpz (big blind) collected ($2)
Seat 4: Actionni13 (button) (small blind) folded before Flop


PokerStars Hand #161717761566:  Hold'em Limit ($3/$6 USD) - 2016/11/20 18:47:23 ET
Table 'Achaia' 6-max Seat #3 is the button
Seat 3: gnatakurchpz ($43.01 in chips)
Seat 4: Actionni13 ($154 in chips)
gnatakurchpz: posts small blind $1
Actionni13: posts big blind $3
*** HOLE CARDS ***
gnatakurchpz: raises $3 to $6
Actionni13: calls $3
*** FLOP *** [8d Qc Ts]
Actionni13: checks
gnatakurchpz: bets $3
Actionni13: folds
Uncalled bet ($3) returned to gnatakurchpz
gnatakurchpz collected $11.76 from pot
gnatakurchpz: doesn't show hand
*** SUMMARY ***
Total pot $12 | Rake $0.24
Board [8d Qc Ts]
Seat 3: gnatakurchpz (button) (small blind) collected ($11.76)
Seat 4: Actionni13 (big blind) folded on the Flop


PokerStars Hand #161717757889:  Hold'em Limit ($3/$6 USD) - 2016/11/20 18:47:18 ET
Table 'Achaia' 6-max Seat #4 is the button
Seat 3: gnatakurchpz ($46.01 in chips)
Seat 4: Actionni13 ($151 in chips)
Actionni13: posts small blind $1
gnatakurchpz: posts big blind $3
*** HOLE CARDS ***
Actionni13: raises $3 to $6
gnatakurchpz: folds
Uncalled bet ($3) returned to Actionni13
Actionni13 collected $6 from pot
Actionni13: doesn't show hand
*** SUMMARY ***
Total pot $6 | Rake $0
Seat 3: gnatakurchpz (big blind) folded before Flop
Seat 4: Actionni13 (button) (small blind) collected ($6)


PokerStars Hand #161717754436:  Hold'em Limit ($3/$6 USD) - 2016/11/20 18:47:13 ET
Table 'Achaia' 6-max Seat #3 is the button
Seat 3: gnatakurchpz ($47.01 in chips)
Seat 4: Actionni13 ($150 in chips)
gnatakurchpz: posts small blind $1
Actionni13: posts big blind $3
*** HOLE CARDS ***
gnatakurchpz: folds
Uncalled bet ($2) returned to Actionni13
Actionni13 collected $2 from pot
Actionni13: doesn't show hand
*** SUMMARY ***
Total pot $2 | Rake $0
Seat 3: gnatakurchpz (button) (small blind) folded before Flop
Seat 4: Actionni13 (big blind) collected ($2)


PokerStars Hand #161717742403:  Hold'em Limit ($3/$6 USD) - 2016/11/20 18:46:56 ET
Table 'Achaia' 6-max Seat #4 is the button
Seat 3: gnatakurchpz ($38.37 in chips)
Seat 4: Actionni13 ($158.76 in chips)
Actionni13: posts small blind $1
gnatakurchpz: posts big blind $3
*** HOLE CARDS ***
Actionni13: raises $3 to $6
gnatakurchpz: raises $3 to $9
Actionni13: calls $3
*** FLOP *** [6d Qd Jh]
gnatakurchpz: bets $3
Actionni13: folds
Uncalled bet ($3) returned to gnatakurchpz
gnatakurchpz collected $17.64 from pot
gnatakurchpz: doesn't show hand
*** SUMMARY ***
Total pot $18 | Rake $0.36
Board [6d Qd Jh]
Seat 3: gnatakurchpz (big blind) collected ($17.64)
Seat 4: Actionni13 (button) (small blind) folded on the Flop


PokerStars Hand #161717777850:  Hold'em Limit ($3/$6 USD) - 2016/11/20 18:47:47 ET
Table 'Achaia' 6-max Seat #3 is the button
Seat 3: gnatakurchpz ($45.77 in chips)
Seat 4: Actionni13 ($154 in chips)
gnatakurchpz: posts small blind $1
Actionni13: posts big blind $3
*** HOLE CARDS ***
gnatakurchpz: raises $3 to $6
Actionni13: calls $3
*** FLOP *** [Jc 2d Ts]
Actionni13: checks
gnatakurchpz: bets $3
Actionni13: raises $3 to $6
gnatakurchpz: calls $3
*** TURN *** [Jc 2d Ts] [7d]
Actionni13: bets $6
gnatakurchpz: calls $6
*** RIVER *** [Jc 2d Ts 7d] [Js]
Actionni13: bets $6
gnatakurchpz: calls $6
*** SHOW DOWN ***
Actionni13: shows [Td Kh] (two pair, Jacks and Tens)
gnatakurchpz: mucks hand
Actionni13 collected $47.50 from pot
*** SUMMARY ***
Total pot $48 | Rake $0.50
Board [Jc 2d Ts 7d Js]
Seat 3: gnatakurchpz (button) (small blind) mucked
Seat 4: Actionni13 (big blind) showed [Td Kh] and won ($47.50) with two pair, Jacks and Tens


PokerStars Hand #161717819713:  Hold'em Limit ($3/$6 USD) - 2016/11/20 18:48:46 ET
Table 'Achaia' 6-max Seat #3 is the button
Seat 3: gnatakurchpz ($24.41 in chips)
Seat 4: Actionni13 ($174.50 in chips)
gnatakurchpz: posts small blind $1
Actionni13: posts big blind $3
*** HOLE CARDS ***
gnatakurchpz: raises $3 to $6
Actionni13: folds
Uncalled bet ($3) returned to gnatakurchpz
gnatakurchpz collected $6 from pot
gnatakurchpz: doesn't show hand
*** SUMMARY ***
Total pot $6 | Rake $0
Seat 3: gnatakurchpz (button) (small blind) collected ($6)
Seat 4: Actionni13 (big blind) folded before Flop


PokerStars Hand #161717815079:  Hold'em Limit ($3/$6 USD) - 2016/11/20 18:48:39 ET
Table 'Achaia' 6-max Seat #4 is the button
Seat 3: gnatakurchpz ($27.41 in chips)
Seat 4: Actionni13 ($171.50 in chips)
Actionni13: posts small blind $1
gnatakurchpz: posts big blind $3
*** HOLE CARDS ***
Actionni13: raises $3 to $6
gnatakurchpz: folds
Uncalled bet ($3) returned to Actionni13
Actionni13 collected $6 from pot
Actionni13: doesn't show hand
*** SUMMARY ***
Total pot $6 | Rake $0
Seat 3: gnatakurchpz (big blind) folded before Flop
Seat 4: Actionni13 (button) (small blind) collected ($6)


PokerStars Hand #161717795523:  Hold'em Limit ($3/$6 USD) - 2016/11/20 18:48:12 ET
Table 'Achaia' 6-max Seat #3 is the button
Seat 3: gnatakurchpz ($18.77 in chips)
Seat 4: Actionni13 ($180.50 in chips)
gnatakurchpz: posts small blind $1
Actionni13: posts big blind $3
*** HOLE CARDS ***
gnatakurchpz: raises $3 to $6
Actionni13: calls $3
*** FLOP *** [6h 3h 2d]
Actionni13: checks
gnatakurchpz: bets $3
Actionni13: calls $3
*** TURN *** [6h 3h 2d] [Js]
Actionni13: checks
gnatakurchpz: bets $6
Actionni13: folds
Uncalled bet ($6) returned to gnatakurchpz
gnatakurchpz collected $17.64 from pot
gnatakurchpz: doesn't show hand
*** SUMMARY ***
Total pot $18 | Rake $0.36
Board [6h 3h 2d Js]
Seat 3: gnatakurchpz (button) (small blind) collected ($17.64)
Seat 4: Actionni13 (big blind) folded on the Turn


PokerStars Hand #161717790829:  Hold'em Limit ($3/$6 USD) - 2016/11/20 18:48:05 ET
Table 'Achaia' 6-max Seat #4 is the button
Seat 3: gnatakurchpz ($21.77 in chips)
Seat 4: Actionni13 ($177.50 in chips)
Actionni13: posts small blind $1
gnatakurchpz: posts big blind $3
*** HOLE CARDS ***
Actionni13: raises $3 to $6
gnatakurchpz: folds
Uncalled bet ($3) returned to Actionni13
Actionni13 collected $6 from pot
Actionni13: doesn't show hand
*** SUMMARY ***
Total pot $6 | Rake $0
Seat 3: gnatakurchpz (big blind) folded before Flop
Seat 4: Actionni13 (button) (small blind) collected ($6)


PokerStars Hand #161717825637:  Hold'em Limit ($3/$6 USD) - 2016/11/20 18:48:55 ET
Table 'Achaia' 6-max Seat #4 is the button
Seat 3: gnatakurchpz ($27.41 in chips)
Seat 4: Actionni13 ($171.50 in chips)
Actionni13: posts small blind $1
gnatakurchpz: posts big blind $3
*** HOLE CARDS ***
Actionni13: raises $3 to $6
gnatakurchpz: folds
Uncalled bet ($3) returned to Actionni13
Actionni13 collected $6 from pot
Actionni13: doesn't show hand
*** SUMMARY ***
Total pot $6 | Rake $0
Seat 3: gnatakurchpz (big blind) folded before Flop
Seat 4: Actionni13 (button) (small blind) collected ($6)


PokerStars Hand #161717833095:  Hold'em Limit ($3/$6 USD) - 2016/11/20 18:49:05 ET
Table 'Achaia' 6-max Seat #3 is the button
Seat 3: gnatakurchpz ($24.41 in chips)
Seat 4: Actionni13 ($174.50 in chips)
gnatakurchpz: posts small blind $1
Actionni13: posts big blind $3
*** HOLE CARDS ***
gnatakurchpz: raises $3 to $6
Actionni13: raises $3 to $9
gnatakurchpz: calls $3
*** FLOP *** [5c Kh Jh]
Actionni13: bets $3
gnatakurchpz: raises $3 to $6
Actionni13: folds
Uncalled bet ($3) returned to gnatakurchpz
gnatakurchpz collected $23.52 from pot
gnatakurchpz: doesn't show hand
*** SUMMARY ***
Total pot $24 | Rake $0.48
Board [5c Kh Jh]
Seat 3: gnatakurchpz (button) (small blind) collected ($23.52)
Seat 4: Actionni13 (big blind) folded on the Flop


PokerStars Hand #161717860390:  Hold'em Limit ($3/$6 USD) - 2016/11/20 18:49:45 ET
Table 'Achaia' 6-max Seat #4 is the button
Seat 3: gnatakurchpz ($35.93 in chips)
Seat 4: Actionni13 ($162.50 in chips)
Actionni13: posts small blind $1
gnatakurchpz: posts big blind $3
*** HOLE CARDS ***
Actionni13: raises $3 to $6
gnatakurchpz: raises $3 to $9
Actionni13: calls $3
*** FLOP *** [4c 7d Tc]
gnatakurchpz: checks
Actionni13: checks
*** TURN *** [4c 7d Tc] [Qd]
gnatakurchpz: bets $6
Actionni13: calls $6
*** RIVER *** [4c 7d Tc Qd] [Jc]
gnatakurchpz: bets $6
Actionni13: calls $6
*** SHOW DOWN ***
gnatakurchpz: shows [Td 7h] (two pair, Tens and Sevens)
Actionni13: mucks hand
gnatakurchpz collected $41.50 from pot
*** SUMMARY ***
Total pot $42 | Rake $0.50
Board [4c 7d Tc Qd Jc]
Seat 3: gnatakurchpz (big blind) showed [Td 7h] and won ($41.50) with two pair, Tens and Sevens
Seat 4: Actionni13 (button) (small blind) mucked


PokerStars Hand #161717855659:  Hold'em Limit ($3/$6 USD) - 2016/11/20 18:49:38 ET
Table 'Achaia' 6-max Seat #3 is the button
Seat 3: gnatakurchpz ($32.93 in chips)
Seat 4: Actionni13 ($165.50 in chips)
gnatakurchpz: posts small blind $1
Actionni13: posts big blind $3
*** HOLE CARDS ***
gnatakurchpz: raises $3 to $6
Actionni13: folds
Uncalled bet ($3) returned to gnatakurchpz
gnatakurchpz collected $6 from pot
gnatakurchpz: doesn't show hand
*** SUMMARY ***
Total pot $6 | Rake $0
Seat 3: gnatakurchpz (button) (small blind) collected ($6)
Seat 4: Actionni13 (big blind) folded before Flop


PokerStars Hand #161717849573:  Hold'em Limit ($3/$6 USD) - 2016/11/20 18:49:29 ET
Table 'Achaia' 6-max Seat #4 is the button
Seat 3: gnatakurchpz ($35.93 in chips)
Seat 4: Actionni13 ($162.50 in chips)
Actionni13: posts small blind $1
gnatakurchpz: posts big blind $3
*** HOLE CARDS ***
Actionni13: raises $3 to $6
gnatakurchpz: folds
Uncalled bet ($3) returned to Actionni13
Actionni13 collected $6 from pot
Actionni13: doesn't show hand
*** SUMMARY ***
Total pot $6 | Rake $0
Seat 3: gnatakurchpz (big blind) folded before Flop
Seat 4: Actionni13 (button) (small blind) collected ($6)


PokerStars Hand #161717903379:  Hold'em Limit ($3/$6 USD) - 2016/11/20 18:50:47 ET
Table 'Achaia' 6-max Seat #3 is the button
Seat 3: gnatakurchpz ($23.43 in chips)
Seat 4: Actionni13 ($182.50 in chips)
gnatakurchpz: posts small blind $1
Actionni13: posts big blind $3
*** HOLE CARDS ***
gnatakurchpz: raises $3 to $6
Actionni13: raises $3 to $9
gnatakurchpz: raises $3 to $12
Betting is capped
Actionni13: calls $3
*** FLOP *** [Th Qh 6h]
Actionni13: bets $3
gnatakurchpz: raises $3 to $6
Actionni13: raises $3 to $9
gnatakurchpz: raises $2.43 to $11.43 and is all-in
Betting is capped
Actionni13: calls $2.43
*** TURN *** [Th Qh 6h] [7c]
*** RIVER *** [Th Qh 6h 7c] [9c]
*** SHOW DOWN ***
Actionni13: shows [Ad Qc] (a pair of Queens)
gnatakurchpz: shows [Kc Qd] (a pair of Queens - lower kicker)
Actionni13 collected $46.36 from pot
*** SUMMARY ***
Total pot $46.86 | Rake $0.50
Board [Th Qh 6h 7c 9c]
Seat 3: gnatakurchpz (button) (small blind) showed [Kc Qd] and lost with a pair of Queens
Seat 4: Actionni13 (big blind) showed [Ad Qc] and won ($46.36) with a pair of Queens


PokerStars Hand #161717898812:  Hold'em Limit ($3/$6 USD) - 2016/11/20 18:50:41 ET
Table 'Achaia' 6-max Seat #4 is the button
Seat 3: gnatakurchpz ($26.43 in chips)
Seat 4: Actionni13 ($179.50 in chips)
Actionni13: posts small blind $1
gnatakurchpz: posts big blind $3
*** HOLE CARDS ***
Actionni13: raises $3 to $6
gnatakurchpz: folds
Uncalled bet ($3) returned to Actionni13
Actionni13 collected $6 from pot
Actionni13: doesn't show hand
*** SUMMARY ***
Total pot $6 | Rake $0
Seat 3: gnatakurchpz (big blind) folded before Flop
Seat 4: Actionni13 (button) (small blind) collected ($6)


PokerStars Hand #161717875345:  Hold'em Limit ($3/$6 USD) - 2016/11/20 18:50:06 ET
Table 'Achaia' 6-max Seat #3 is the button
Seat 3: gnatakurchpz ($56.43 in chips)
Seat 4: Actionni13 ($150 in chips)
gnatakurchpz: posts small blind $1
Actionni13: posts big blind $3
*** HOLE CARDS ***
gnatakurchpz: raises $3 to $6
Actionni13: calls $3
*** FLOP *** [9d 5h 9s]
Actionni13: checks
gnatakurchpz: bets $3
Actionni13: raises $3 to $6
gnatakurchpz: calls $3
*** TURN *** [9d 5h 9s] [4c]
Actionni13: bets $6
gnatakurchpz: calls $6
*** RIVER *** [9d 5h 9s 4c] [Qh]
Actionni13: bets $6
gnatakurchpz: raises $6 to $12
Actionni13: calls $6
*** SHOW DOWN ***
gnatakurchpz: shows [Th Jh] (a pair of Nines)
Actionni13: shows [8s 9c] (three of a kind, Nines)
Actionni13 collected $59.50 from pot
*** SUMMARY ***
Total pot $60 | Rake $0.50
Board [9d 5h 9s 4c Qh]
Seat 3: gnatakurchpz (button) (small blind) showed [Th Jh] and lost with a pair of Nines
Seat 4: Actionni13 (big blind) showed [8s 9c] and won ($59.50) with three of a kind, Nines


