PokerStars Hand #162378526124:  Hold'em Limit ($3/$6 USD) - 2016/12/03 23:05:01 ET
Table 'Achates' 6-max Seat #1 is the button
Seat 1: miss kitty50 ($183.91 in chips)
Seat 4: StormToTo ($317.11 in chips)
miss kitty50: posts small blind $1
StormToTo: posts big blind $3
*** HOLE CARDS ***
miss kitty50: calls $2
StormToTo: checks
*** FLOP *** [Tc 6d 6c]
StormToTo: bets $3
miss kitty50: folds
Uncalled bet ($3) returned to StormToTo
StormToTo collected $5.88 from pot
StormToTo: doesn't show hand
*** SUMMARY ***
Total pot $6 | Rake $0.12
Board [Tc 6d 6c]
Seat 1: miss kitty50 (button) (small blind) folded on the Flop
Seat 4: StormToTo (big blind) collected ($5.88)


PokerStars Hand #162378530369:  Hold'em Limit ($3/$6 USD) - 2016/12/03 23:05:13 ET
Table 'Achates' 6-max Seat #4 is the button
Seat 1: miss kitty50 ($180.91 in chips)
Seat 4: StormToTo ($319.99 in chips)
StormToTo: posts small blind $1
miss kitty50: posts big blind $3
*** HOLE CARDS ***
StormToTo: raises $3 to $6
miss kitty50: calls $3
*** FLOP *** [Kc Th 6d]
miss kitty50: checks
StormToTo: bets $3
miss kitty50: folds
Uncalled bet ($3) returned to StormToTo
StormToTo collected $11.76 from pot
StormToTo: doesn't show hand
*** SUMMARY ***
Total pot $12 | Rake $0.24
Board [Kc Th 6d]
Seat 1: miss kitty50 (big blind) folded on the Flop
Seat 4: StormToTo (button) (small blind) collected ($11.76)


PokerStars Hand #162378598544:  Hold'em Limit ($3/$6 USD) - 2016/12/03 23:08:26 ET
Table 'Achates' 6-max Seat #2 is the button
Seat 2: ElverGalinda ($57.89 in chips)
Seat 4: StormToTo ($322.18 in chips)
ElverGalinda: posts small blind $1
StormToTo: posts big blind $3
*** HOLE CARDS ***
ElverGalinda: folds
Uncalled bet ($2) returned to StormToTo
StormToTo collected $2 from pot
StormToTo: doesn't show hand
*** SUMMARY ***
Total pot $2 | Rake $0
Seat 2: ElverGalinda (button) (small blind) folded before Flop
Seat 4: StormToTo (big blind) collected ($2)


PokerStars Hand #162378594360:  Hold'em Limit ($3/$6 USD) - 2016/12/03 23:08:15 ET
Table 'Achates' 6-max Seat #4 is the button
Seat 2: ElverGalinda ($60.89 in chips)
Seat 4: StormToTo ($319.18 in chips)
StormToTo: posts small blind $1
ElverGalinda: posts big blind $3
*** HOLE CARDS ***
StormToTo: raises $3 to $6
ElverGalinda: folds
Uncalled bet ($3) returned to StormToTo
StormToTo collected $6 from pot
StormToTo: doesn't show hand
*** SUMMARY ***
Total pot $6 | Rake $0
Seat 2: ElverGalinda (big blind) folded before Flop
Seat 4: StormToTo (button) (small blind) collected ($6)


PokerStars Hand #162378747686:  Hold'em Limit ($3/$6 USD) - 2016/12/03 23:15:34 ET
Table 'Achates' 6-max Seat #1 is the button
Seat 1: miss kitty50 ($207.33 in chips)
Seat 4: StormToTo ($350.75 in chips)
miss kitty50: posts small blind $1
StormToTo: posts big blind $3
*** HOLE CARDS ***
miss kitty50: folds
Uncalled bet ($2) returned to StormToTo
StormToTo collected $2 from pot
StormToTo: doesn't show hand
*** SUMMARY ***
Total pot $2 | Rake $0
Seat 1: miss kitty50 (button) (small blind) folded before Flop
Seat 4: StormToTo (big blind) collected ($2)


PokerStars Hand #162378750104:  Hold'em Limit ($3/$6 USD) - 2016/12/03 23:15:41 ET
Table 'Achates' 6-max Seat #4 is the button
Seat 1: miss kitty50 ($206.33 in chips)
Seat 4: StormToTo ($351.75 in chips)
StormToTo: posts small blind $1
miss kitty50: posts big blind $3
*** HOLE CARDS ***
StormToTo: raises $3 to $6
miss kitty50: calls $3
*** FLOP *** [5c Js 3d]
miss kitty50: checks
StormToTo: bets $3
miss kitty50: folds
Uncalled bet ($3) returned to StormToTo
StormToTo collected $11.76 from pot
StormToTo: doesn't show hand
*** SUMMARY ***
Total pot $12 | Rake $0.24
Board [5c Js 3d]
Seat 1: miss kitty50 (big blind) folded on the Flop
Seat 4: StormToTo (button) (small blind) collected ($11.76)


PokerStars Hand #162378765276:  Hold'em Limit ($3/$6 USD) - 2016/12/03 23:16:25 ET
Table 'Achates' 6-max Seat #1 is the button
Seat 1: miss kitty50 ($200.09 in chips)
Seat 4: StormToTo ($357.27 in chips)
miss kitty50: posts small blind $1
StormToTo: posts big blind $3
*** HOLE CARDS ***
miss kitty50: folds
Uncalled bet ($2) returned to StormToTo
StormToTo collected $2 from pot
StormToTo: doesn't show hand
*** SUMMARY ***
Total pot $2 | Rake $0
Seat 1: miss kitty50 (button) (small blind) folded before Flop
Seat 4: StormToTo (big blind) collected ($2)


PokerStars Hand #162378771704:  Hold'em Limit ($3/$6 USD) - 2016/12/03 23:16:44 ET
Table 'Achates' 6-max Seat #4 is the button
Seat 1: miss kitty50 ($195.09 in chips)
Seat 4: StormToTo ($362.27 in chips)
StormToTo: posts small blind $1
miss kitty50: posts big blind $3
*** HOLE CARDS ***
StormToTo: raises $3 to $6
miss kitty50: calls $3
*** FLOP *** [9s 4d 3c]
miss kitty50: checks
StormToTo: bets $3
miss kitty50: folds
Uncalled bet ($3) returned to StormToTo
StormToTo collected $11.76 from pot
StormToTo: doesn't show hand
*** SUMMARY ***
Total pot $12 | Rake $0.24
Board [9s 4d 3c]
Seat 1: miss kitty50 (big blind) folded on the Flop
Seat 4: StormToTo (button) (small blind) collected ($11.76)


PokerStars Hand #162378769881:  Hold'em Limit ($3/$6 USD) - 2016/12/03 23:16:39 ET
Table 'Achates' 6-max Seat #1 is the button
Seat 1: miss kitty50 ($196.09 in chips)
Seat 4: StormToTo ($361.27 in chips)
miss kitty50: posts small blind $1
StormToTo: posts big blind $3
*** HOLE CARDS ***
miss kitty50: folds
Uncalled bet ($2) returned to StormToTo
StormToTo collected $2 from pot
StormToTo: doesn't show hand
*** SUMMARY ***
Total pot $2 | Rake $0
Seat 1: miss kitty50 (button) (small blind) folded before Flop
Seat 4: StormToTo (big blind) collected ($2)


PokerStars Hand #162378755569:  Hold'em Limit ($3/$6 USD) - 2016/12/03 23:15:57 ET
Table 'Achates' 6-max Seat #1 is the button
Seat 1: miss kitty50 ($200.33 in chips)
Seat 4: StormToTo ($357.51 in chips)
miss kitty50: posts small blind $1
StormToTo: posts big blind $3
*** HOLE CARDS ***
miss kitty50: raises $3 to $6
StormToTo: calls $3
*** FLOP *** [8h 2d 4h]
StormToTo: checks
miss kitty50: bets $3
StormToTo: folds
Uncalled bet ($3) returned to miss kitty50
miss kitty50 collected $11.76 from pot
miss kitty50: doesn't show hand
*** SUMMARY ***
Total pot $12 | Rake $0.24
Board [8h 2d 4h]
Seat 1: miss kitty50 (button) (small blind) collected ($11.76)
Seat 4: StormToTo (big blind) folded on the Flop


PokerStars Hand #162378759580:  Hold'em Limit ($3/$6 USD) - 2016/12/03 23:16:09 ET
Table 'Achates' 6-max Seat #4 is the button
Seat 1: miss kitty50 ($206.09 in chips)
Seat 4: StormToTo ($351.51 in chips)
StormToTo: posts small blind $1
miss kitty50: posts big blind $3
*** HOLE CARDS ***
StormToTo: raises $3 to $6
miss kitty50: calls $3
*** FLOP *** [8h Kc Js]
miss kitty50: checks
StormToTo: bets $3
miss kitty50: folds
Uncalled bet ($3) returned to StormToTo
StormToTo collected $11.76 from pot
StormToTo: doesn't show hand
*** SUMMARY ***
Total pot $12 | Rake $0.24
Board [8h Kc Js]
Seat 1: miss kitty50 (big blind) folded on the Flop
Seat 4: StormToTo (button) (small blind) collected ($11.76)


PokerStars Hand #162378767187:  Hold'em Limit ($3/$6 USD) - 2016/12/03 23:16:31 ET
Table 'Achates' 6-max Seat #4 is the button
Seat 1: miss kitty50 ($199.09 in chips)
Seat 4: StormToTo ($358.27 in chips)
StormToTo: posts small blind $1
miss kitty50: posts big blind $3
*** HOLE CARDS ***
StormToTo: raises $3 to $6
miss kitty50: folds
Uncalled bet ($3) returned to StormToTo
StormToTo collected $6 from pot
StormToTo: doesn't show hand
*** SUMMARY ***
Total pot $6 | Rake $0
Seat 1: miss kitty50 (big blind) folded before Flop
Seat 4: StormToTo (button) (small blind) collected ($6)


PokerStars Hand #162378782536:  Hold'em Limit ($3/$6 USD) - 2016/12/03 23:17:16 ET
Table 'Achates' 6-max Seat #4 is the button
Seat 1: miss kitty50 ($206.59 in chips)
Seat 4: StormToTo ($350.03 in chips)
StormToTo: posts small blind $1
miss kitty50: posts big blind $3
*** HOLE CARDS ***
StormToTo: folds
Uncalled bet ($2) returned to miss kitty50
miss kitty50 collected $2 from pot
miss kitty50: doesn't show hand
*** SUMMARY ***
Total pot $2 | Rake $0
Seat 1: miss kitty50 (big blind) collected ($2)
Seat 4: StormToTo (button) (small blind) folded before Flop


PokerStars Hand #162378786655:  Hold'em Limit ($3/$6 USD) - 2016/12/03 23:17:27 ET
Table 'Achates' 6-max Seat #4 is the button
Seat 1: miss kitty50 ($206.59 in chips)
Seat 4: StormToTo ($350.03 in chips)
StormToTo: posts small blind $1
miss kitty50: posts big blind $3
*** HOLE CARDS ***
StormToTo: raises $3 to $6
miss kitty50: calls $3
*** FLOP *** [Ks 6s 9h]
miss kitty50: checks
StormToTo: bets $3
miss kitty50: folds
Uncalled bet ($3) returned to StormToTo
StormToTo collected $11.76 from pot
StormToTo: doesn't show hand
*** SUMMARY ***
Total pot $12 | Rake $0.24
Board [Ks 6s 9h]
Seat 1: miss kitty50 (big blind) folded on the Flop
Seat 4: StormToTo (button) (small blind) collected ($11.76)


PokerStars Hand #162378776501:  Hold'em Limit ($3/$6 USD) - 2016/12/03 23:16:58 ET
Table 'Achates' 6-max Seat #1 is the button
Seat 1: miss kitty50 ($189.09 in chips)
Seat 4: StormToTo ($368.03 in chips)
miss kitty50: posts small blind $1
StormToTo: posts big blind $3
*** HOLE CARDS ***
miss kitty50: calls $2
StormToTo: checks
*** FLOP *** [3h 7d Qh]
StormToTo: bets $3
miss kitty50: calls $3
*** TURN *** [3h 7d Qh] [Kh]
StormToTo: bets $6
miss kitty50: calls $6
*** RIVER *** [3h 7d Qh Kh] [2h]
StormToTo: bets $6
miss kitty50: calls $6
*** SHOW DOWN ***
StormToTo: shows [8h 3c] (a flush, King high)
miss kitty50: shows [Th Qc] (a flush, King high - Ten higher)
miss kitty50 collected $35.50 from pot
*** SUMMARY ***
Total pot $36 | Rake $0.50
Board [3h 7d Qh Kh 2h]
Seat 1: miss kitty50 (button) (small blind) showed [Th Qc] and won ($35.50) with a flush, King high
Seat 4: StormToTo (big blind) showed [8h 3c] and lost with a flush, King high


PokerStars Hand #162378784336:  Hold'em Limit ($3/$6 USD) - 2016/12/03 23:17:21 ET
Table 'Achates' 6-max Seat #1 is the button
Seat 1: miss kitty50 ($207.59 in chips)
Seat 4: StormToTo ($349.03 in chips)
miss kitty50: posts small blind $1
StormToTo: posts big blind $3
*** HOLE CARDS ***
miss kitty50: folds
Uncalled bet ($2) returned to StormToTo
StormToTo collected $2 from pot
StormToTo: doesn't show hand
*** SUMMARY ***
Total pot $2 | Rake $0
Seat 1: miss kitty50 (button) (small blind) folded before Flop
Seat 4: StormToTo (big blind) collected ($2)


PokerStars Hand #162378816571:  Hold'em Limit ($3/$6 USD) - 2016/12/03 23:18:54 ET
Table 'Achates' 6-max Seat #1 is the button
Seat 1: miss kitty50 ($209.46 in chips)
Seat 4: StormToTo ($394.91 in chips)
miss kitty50: posts small blind $1
StormToTo: posts big blind $3
*** HOLE CARDS ***
miss kitty50: raises $3 to $6
StormToTo: folds
Uncalled bet ($3) returned to miss kitty50
miss kitty50 collected $6 from pot
miss kitty50: doesn't show hand
*** SUMMARY ***
Total pot $6 | Rake $0
Seat 1: miss kitty50 (button) (small blind) collected ($6)
Seat 4: StormToTo (big blind) folded before Flop


PokerStars Hand #162378831544:  Hold'em Limit ($3/$6 USD) - 2016/12/03 23:19:39 ET
Table 'Achates' 6-max Seat #1 is the button
Seat 1: miss kitty50 ($195.46 in chips)
Seat 4: StormToTo ($408.19 in chips)
miss kitty50: posts small blind $1
StormToTo: posts big blind $3
*** HOLE CARDS ***
miss kitty50: folds
Uncalled bet ($2) returned to StormToTo
StormToTo collected $2 from pot
StormToTo: doesn't show hand
*** SUMMARY ***
Total pot $2 | Rake $0
Seat 1: miss kitty50 (button) (small blind) folded before Flop
Seat 4: StormToTo (big blind) collected ($2)


PokerStars Hand #162378819143:  Hold'em Limit ($3/$6 USD) - 2016/12/03 23:19:02 ET
Table 'Achates' 6-max Seat #4 is the button
Seat 1: miss kitty50 ($212.46 in chips)
Seat 4: StormToTo ($391.91 in chips)
StormToTo: posts small blind $1
miss kitty50: posts big blind $3
*** HOLE CARDS ***
StormToTo: folds
Uncalled bet ($2) returned to miss kitty50
miss kitty50 collected $2 from pot
miss kitty50: doesn't show hand
*** SUMMARY ***
Total pot $2 | Rake $0
Seat 1: miss kitty50 (big blind) collected ($2)
Seat 4: StormToTo (button) (small blind) folded before Flop


PokerStars Hand #162378820825:  Hold'em Limit ($3/$6 USD) - 2016/12/03 23:19:07 ET
Table 'Achates' 6-max Seat #1 is the button
Seat 1: miss kitty50 ($213.46 in chips)
Seat 4: StormToTo ($390.91 in chips)
miss kitty50: posts small blind $1
StormToTo: posts big blind $3
*** HOLE CARDS ***
miss kitty50: calls $2
StormToTo: checks
*** FLOP *** [8s 8d 7d]
StormToTo: bets $3
miss kitty50: calls $3
*** TURN *** [8s 8d 7d] [Th]
ElverGalinda leaves the table
StormToTo: checks
miss kitty50: bets $6
StormToTo: calls $6
*** RIVER *** [8s 8d 7d Th] [3h]
StormToTo: checks
miss kitty50: checks
*** SHOW DOWN ***
StormToTo: shows [7s 9d] (two pair, Eights and Sevens)
miss kitty50: mucks hand
StormToTo collected $23.52 from pot
*** SUMMARY ***
Total pot $24 | Rake $0.48
Board [8s 8d 7d Th 3h]
Seat 1: miss kitty50 (button) (small blind) mucked
Seat 4: StormToTo (big blind) showed [7s 9d] and won ($23.52) with two pair, Eights and Sevens


PokerStars Hand #162378833485:  Hold'em Limit ($3/$6 USD) - 2016/12/03 23:19:45 ET
Table 'Achates' 6-max Seat #4 is the button
Seat 1: miss kitty50 ($194.46 in chips)
Seat 4: StormToTo ($409.19 in chips)
StormToTo: posts small blind $1
miss kitty50: posts big blind $3
*** HOLE CARDS ***
StormToTo: raises $3 to $6
miss kitty50: calls $3
*** FLOP *** [9s Ks Ah]
miss kitty50: checks
StormToTo: bets $3
miss kitty50: calls $3
*** TURN *** [9s Ks Ah] [Jh]
miss kitty50: checks
StormToTo: checks
*** RIVER *** [9s Ks Ah Jh] [6d]
miss kitty50: checks
StormToTo: checks
*** SHOW DOWN ***
miss kitty50: shows [Jc Qs] (a pair of Jacks)
StormToTo: shows [Kc 7h] (a pair of Kings)
StormToTo collected $17.64 from pot
*** SUMMARY ***
Total pot $18 | Rake $0.36
Board [9s Ks Ah Jh 6d]
Seat 1: miss kitty50 (big blind) showed [Jc Qs] and lost with a pair of Jacks
Seat 4: StormToTo (button) (small blind) showed [Kc 7h] and won ($17.64) with a pair of Kings


PokerStars Hand #162378827344:  Hold'em Limit ($3/$6 USD) - 2016/12/03 23:19:26 ET
Table 'Achates' 6-max Seat #4 is the button
Seat 1: miss kitty50 ($201.46 in chips)
Seat 4: StormToTo ($402.43 in chips)
StormToTo: posts small blind $1
miss kitty50: posts big blind $3
*** HOLE CARDS ***
StormToTo: raises $3 to $6
miss kitty50: calls $3
*** FLOP *** [2c Qc 9h]
miss kitty50: checks
StormToTo: bets $3
miss kitty50: folds
Uncalled bet ($3) returned to StormToTo
StormToTo collected $11.76 from pot
StormToTo: doesn't show hand
*** SUMMARY ***
Total pot $12 | Rake $0.24
Board [2c Qc 9h]
Seat 1: miss kitty50 (big blind) folded on the Flop
Seat 4: StormToTo (button) (small blind) collected ($11.76)


PokerStars Hand #162378842715:  Hold'em Limit ($3/$6 USD) - 2016/12/03 23:20:03 ET
Table 'Achates' 6-max Seat #1 is the button
Seat 1: miss kitty50 ($185.46 in chips)
Seat 4: StormToTo ($417.83 in chips)
miss kitty50: posts small blind $1
StormToTo: posts big blind $3
*** HOLE CARDS ***
miss kitty50: raises $3 to $6
StormToTo: calls $3
*** FLOP *** [Kd 3s Js]
StormToTo: checks
miss kitty50: bets $3
StormToTo: calls $3
*** TURN *** [Kd 3s Js] [2s]
StormToTo: checks
miss kitty50: checks
*** RIVER *** [Kd 3s Js 2s] [Ah]
StormToTo: checks
miss kitty50: bets $6
StormToTo: folds
Uncalled bet ($6) returned to miss kitty50
miss kitty50 collected $17.64 from pot
miss kitty50: doesn't show hand
*** SUMMARY ***
Total pot $18 | Rake $0.36
Board [Kd 3s Js 2s Ah]
Seat 1: miss kitty50 (button) (small blind) collected ($17.64)
Seat 4: StormToTo (big blind) folded on the River


PokerStars Hand #162378854676:  Hold'em Limit ($3/$6 USD) - 2016/12/03 23:20:38 ET
Table 'Achates' 6-max Seat #1 is the button
Seat 1: miss kitty50 ($188.10 in chips)
Seat 4: StormToTo ($414.59 in chips)
miss kitty50: posts small blind $1
StormToTo: posts big blind $3
*** HOLE CARDS ***
miss kitty50: folds
Uncalled bet ($2) returned to StormToTo
StormToTo collected $2 from pot
StormToTo: doesn't show hand
*** SUMMARY ***
Total pot $2 | Rake $0
Seat 1: miss kitty50 (button) (small blind) folded before Flop
Seat 4: StormToTo (big blind) collected ($2)


PokerStars Hand #162378850475:  Hold'em Limit ($3/$6 USD) - 2016/12/03 23:20:26 ET
Table 'Achates' 6-max Seat #4 is the button
Seat 1: miss kitty50 ($194.10 in chips)
Seat 4: StormToTo ($408.83 in chips)
StormToTo: posts small blind $1
miss kitty50: posts big blind $3
*** HOLE CARDS ***
StormToTo: raises $3 to $6
miss kitty50: calls $3
*** FLOP *** [5c Kh Tc]
miss kitty50: checks
StormToTo: bets $3
miss kitty50: folds
Uncalled bet ($3) returned to StormToTo
StormToTo collected $11.76 from pot
StormToTo: doesn't show hand
*** SUMMARY ***
Total pot $12 | Rake $0.24
Board [5c Kh Tc]
Seat 1: miss kitty50 (big blind) folded on the Flop
Seat 4: StormToTo (button) (small blind) collected ($11.76)


PokerStars Hand #162378856411:  Hold'em Limit ($3/$6 USD) - 2016/12/03 23:20:43 ET
Table 'Achates' 6-max Seat #4 is the button
Seat 1: miss kitty50 ($187.10 in chips)
Seat 4: StormToTo ($415.59 in chips)
StormToTo: posts small blind $1
miss kitty50: posts big blind $3
*** HOLE CARDS ***
StormToTo: raises $3 to $6
miss kitty50: calls $3
*** FLOP *** [Qd Kh Jc]
miss kitty50: checks
StormToTo: bets $3
miss kitty50: calls $3
*** TURN *** [Qd Kh Jc] [2c]
miss kitty50: checks
StormToTo: checks
*** RIVER *** [Qd Kh Jc 2c] [Kd]
miss kitty50: checks
StormToTo: bets $6
miss kitty50: folds
Uncalled bet ($6) returned to StormToTo
StormToTo collected $17.64 from pot
StormToTo: doesn't show hand
*** SUMMARY ***
Total pot $18 | Rake $0.36
Board [Qd Kh Jc 2c Kd]
Seat 1: miss kitty50 (big blind) folded on the River
Seat 4: StormToTo (button) (small blind) collected ($17.64)


PokerStars Hand #162373968755:  Hold'em Limit ($3/$6 USD) - 2016/12/03 20:18:23 ET
Table 'Achates' 6-max Seat #6 is the button
Seat 3: Pandakey ($248.78 in chips)
Seat 6: Steffi1001 ($372.64 in chips)
Chessnok will be allowed to play after the button
Steffi1001: posts small blind $1
assitoni: is sitting out
Pandakey: posts big blind $3
*** HOLE CARDS ***
Steffi1001: calls $2
Pandakey: checks
*** FLOP *** [5h 8h 8s]
Pandakey: bets $3
Steffi1001: calls $3
*** TURN *** [5h 8h 8s] [Kh]
Pandakey: bets $6
Steffi1001: calls $6
*** RIVER *** [5h 8h 8s Kh] [Ts]
Pandakey: bets $6
Steffi1001: folds
Uncalled bet ($6) returned to Pandakey
Pandakey collected $23.52 from pot
Pandakey: doesn't show hand
*** SUMMARY ***
Total pot $24 | Rake $0.48
Board [5h 8h 8s Kh Ts]
Seat 3: Pandakey (big blind) collected ($23.52)
Seat 6: Steffi1001 (button) (small blind) folded on the River


PokerStars Hand #162376201404:  Hold'em Limit ($3/$6 USD) - 2016/12/03 21:29:49 ET
Table 'Achates' 6-max Seat #5 is the button
Seat 3: Pandakey ($184.76 in chips)
Seat 5: even98 ($123.55 in chips)
even98: posts small blind $1
Pandakey: posts big blind $3
*** HOLE CARDS ***
even98: calls $2
Pandakey: checks
*** FLOP *** [9s 6s Jc]
Pandakey: checks
even98: bets $3
Pandakey: folds
Uncalled bet ($3) returned to even98
even98 collected $5.88 from pot
even98: doesn't show hand
*** SUMMARY ***
Total pot $6 | Rake $0.12
Board [9s 6s Jc]
Seat 3: Pandakey (big blind) folded on the Flop
Seat 5: even98 (button) (small blind) collected ($5.88)


PokerStars Hand #162376218882:  Hold'em Limit ($3/$6 USD) - 2016/12/03 21:30:27 ET
Table 'Achates' 6-max Seat #3 is the button
Seat 3: Pandakey ($188.52 in chips)
Seat 5: even98 ($119.43 in chips)
Pandakey: posts small blind $1
even98: posts big blind $3
*** HOLE CARDS ***
Pandakey: raises $3 to $6
even98: raises $3 to $9
Pandakey: calls $3
*** FLOP *** [7c 5c 4s]
even98: bets $3
Pandakey: folds
Uncalled bet ($3) returned to even98
even98 collected $17.64 from pot
even98: doesn't show hand
*** SUMMARY ***
Total pot $18 | Rake $0.36
Board [7c 5c 4s]
Seat 3: Pandakey (button) (small blind) folded on the Flop
Seat 5: even98 (big blind) collected ($17.64)


PokerStars Hand #162376216745:  Hold'em Limit ($3/$6 USD) - 2016/12/03 21:30:22 ET
Table 'Achates' 6-max Seat #5 is the button
Seat 3: Pandakey ($187.52 in chips)
Seat 5: even98 ($120.43 in chips)
even98: posts small blind $1
Pandakey: posts big blind $3
*** HOLE CARDS ***
even98: folds
Uncalled bet ($2) returned to Pandakey
Pandakey collected $2 from pot
Pandakey: doesn't show hand
*** SUMMARY ***
Total pot $2 | Rake $0
Seat 3: Pandakey (big blind) collected ($2)
Seat 5: even98 (button) (small blind) folded before Flop


PokerStars Hand #162376209131:  Hold'em Limit ($3/$6 USD) - 2016/12/03 21:30:06 ET
Table 'Achates' 6-max Seat #3 is the button
Seat 3: Pandakey ($181.76 in chips)
Seat 5: even98 ($126.43 in chips)
Pandakey: posts small blind $1
even98: posts big blind $3
*** HOLE CARDS ***
Pandakey: raises $3 to $6
even98: calls $3
*** FLOP *** [Tc Kd Jc]
even98: checks
Pandakey: bets $3
even98: folds
Uncalled bet ($3) returned to Pandakey
Pandakey collected $11.76 from pot
Pandakey: doesn't show hand
*** SUMMARY ***
Total pot $12 | Rake $0.24
Board [Tc Kd Jc]
Seat 3: Pandakey (button) (small blind) collected ($11.76)
Seat 5: even98 (big blind) folded on the Flop


PokerStars Hand #162376228214:  Hold'em Limit ($3/$6 USD) - 2016/12/03 21:30:47 ET
Table 'Achates' 6-max Seat #5 is the button
Seat 3: Pandakey ($179.52 in chips)
Seat 5: even98 ($128.07 in chips)
even98: posts small blind $1
Pandakey: posts big blind $3
*** HOLE CARDS ***
even98: raises $3 to $6
Pandakey: calls $3
*** FLOP *** [Kc 7s Ac]
Pandakey: checks
even98: bets $3
Pandakey: raises $3 to $6
even98: calls $3
*** TURN *** [Kc 7s Ac] [9s]
Pandakey: bets $6
even98: calls $6
*** RIVER *** [Kc 7s Ac 9s] [As]
Pandakey: bets $6
even98: calls $6
*** SHOW DOWN ***
Pandakey: shows [4s Qs] (a flush, Ace high)
even98: mucks hand
Pandakey collected $47.50 from pot
*** SUMMARY ***
Total pot $48 | Rake $0.50
Board [Kc 7s Ac 9s As]
Seat 3: Pandakey (big blind) showed [4s Qs] and won ($47.50) with a flush, Ace high
Seat 5: even98 (button) (small blind) mucked


PokerStars Hand #162376249489:  Hold'em Limit ($3/$6 USD) - 2016/12/03 21:31:33 ET
Table 'Achates' 6-max Seat #3 is the button
Seat 3: Pandakey ($199.02 in chips)
Seat 5: even98 ($108.07 in chips)
Pandakey: posts small blind $1
even98: posts big blind $3
*** HOLE CARDS ***
Pandakey: raises $3 to $6
even98: calls $3
*** FLOP *** [8d 4c 2h]
even98: checks
Pandakey: bets $3
even98: calls $3
*** TURN *** [8d 4c 2h] [Kc]
even98: checks
Pandakey: bets $6
even98: raises $6 to $12
Pandakey: folds
Uncalled bet ($6) returned to even98
even98 collected $29.50 from pot
even98: doesn't show hand
*** SUMMARY ***
Total pot $30 | Rake $0.50
Board [8d 4c 2h Kc]
Seat 3: Pandakey (button) (small blind) folded on the Turn
Seat 5: even98 (big blind) collected ($29.50)


PokerStars Hand #162376257943:  Hold'em Limit ($3/$6 USD) - 2016/12/03 21:31:51 ET
Table 'Achates' 6-max Seat #5 is the button
Seat 3: Pandakey ($184.02 in chips)
Seat 5: even98 ($122.57 in chips)
even98: posts small blind $1
Pandakey: posts big blind $3
*** HOLE CARDS ***
even98: folds
Uncalled bet ($2) returned to Pandakey
Pandakey collected $2 from pot
Pandakey: doesn't show hand
*** SUMMARY ***
Total pot $2 | Rake $0
Seat 3: Pandakey (big blind) collected ($2)
Seat 5: even98 (button) (small blind) folded before Flop


PokerStars Hand #162376243698:  Hold'em Limit ($3/$6 USD) - 2016/12/03 21:31:20 ET
Table 'Achates' 6-max Seat #3 is the button
Seat 3: Pandakey ($203.02 in chips)
Seat 5: even98 ($104.07 in chips)
Pandakey: posts small blind $1
even98: posts big blind $3
*** HOLE CARDS ***
Pandakey: folds
Uncalled bet ($2) returned to even98
even98 collected $2 from pot
even98: doesn't show hand
*** SUMMARY ***
Total pot $2 | Rake $0
Seat 3: Pandakey (button) (small blind) folded before Flop
Seat 5: even98 (big blind) collected ($2)


PokerStars Hand #162376246621:  Hold'em Limit ($3/$6 USD) - 2016/12/03 21:31:27 ET
Table 'Achates' 6-max Seat #5 is the button
Seat 3: Pandakey ($202.02 in chips)
Seat 5: even98 ($105.07 in chips)
even98: posts small blind $1
Pandakey: posts big blind $3
*** HOLE CARDS ***
even98: raises $3 to $6
Pandakey: folds
Uncalled bet ($3) returned to even98
even98 collected $6 from pot
even98: doesn't show hand
*** SUMMARY ***
Total pot $6 | Rake $0
Seat 3: Pandakey (big blind) folded before Flop
Seat 5: even98 (button) (small blind) collected ($6)


PokerStars Hand #162376272879:  Hold'em Limit ($3/$6 USD) - 2016/12/03 21:32:24 ET
Table 'Achates' 6-max Seat #3 is the button
Seat 3: Pandakey ($174.02 in chips)
Seat 5: even98 ($132.09 in chips)
Pandakey: posts small blind $1
even98: posts big blind $3
*** HOLE CARDS ***
Pandakey: raises $3 to $6
even98: raises $3 to $9
Pandakey: calls $3
*** FLOP *** [Js Qs 3d]
even98: bets $3
Pandakey: calls $3
*** TURN *** [Js Qs 3d] [3h]
even98: checks
Pandakey: checks
*** RIVER *** [Js Qs 3d 3h] [Ad]
even98: bets $6
Pandakey: folds
Uncalled bet ($6) returned to even98
even98 collected $23.52 from pot
even98: doesn't show hand
*** SUMMARY ***
Total pot $24 | Rake $0.48
Board [Js Qs 3d 3h Ad]
Seat 3: Pandakey (button) (small blind) folded on the River
Seat 5: even98 (big blind) collected ($23.52)


PokerStars Hand #162376270139:  Hold'em Limit ($3/$6 USD) - 2016/12/03 21:32:18 ET
Table 'Achates' 6-max Seat #5 is the button
Seat 3: Pandakey ($173.02 in chips)
Seat 5: even98 ($133.09 in chips)
even98: posts small blind $1
Pandakey: posts big blind $3
*** HOLE CARDS ***
even98: folds
Uncalled bet ($2) returned to Pandakey
Pandakey collected $2 from pot
Pandakey: doesn't show hand
*** SUMMARY ***
Total pot $2 | Rake $0
Seat 3: Pandakey (big blind) collected ($2)
Seat 5: even98 (button) (small blind) folded before Flop


PokerStars Hand #162376260572:  Hold'em Limit ($3/$6 USD) - 2016/12/03 21:31:57 ET
Table 'Achates' 6-max Seat #3 is the button
Seat 3: Pandakey ($185.02 in chips)
Seat 5: even98 ($121.57 in chips)
Pandakey: posts small blind $1
even98: posts big blind $3
*** HOLE CARDS ***
Pandakey: raises $3 to $6
even98: calls $3
*** FLOP *** [6c 5d 4h]
even98: checks
Pandakey: checks
*** TURN *** [6c 5d 4h] [Jc]
even98: bets $6
Pandakey: calls $6
*** RIVER *** [6c 5d 4h Jc] [Qd]
even98: bets $6
Pandakey: folds
Uncalled bet ($6) returned to even98
even98 collected $23.52 from pot
even98: doesn't show hand
*** SUMMARY ***
Total pot $24 | Rake $0.48
Board [6c 5d 4h Jc Qd]
Seat 3: Pandakey (button) (small blind) folded on the River
Seat 5: even98 (big blind) collected ($23.52)


PokerStars Hand #162376293617:  Hold'em Limit ($3/$6 USD) - 2016/12/03 21:33:09 ET
Table 'Achates' 6-max Seat #3 is the button
Seat 3: Pandakey ($161.77 in chips)
Seat 5: even98 ($143.36 in chips)
Pandakey: posts small blind $1
even98: posts big blind $3
*** HOLE CARDS ***
Pandakey: raises $3 to $6
even98: calls $3
*** FLOP *** [Ac Qs 9h]
even98: checks
Pandakey: bets $3
even98: calls $3
*** TURN *** [Ac Qs 9h] [Ah]
even98: checks
Pandakey: bets $6
even98: calls $6
*** RIVER *** [Ac Qs 9h Ah] [8c]
even98: checks
Pandakey: bets $6
even98: folds
Uncalled bet ($6) returned to Pandakey
Pandakey collected $29.50 from pot
Pandakey: doesn't show hand
*** SUMMARY ***
Total pot $30 | Rake $0.50
Board [Ac Qs 9h Ah 8c]
Seat 3: Pandakey (button) (small blind) collected ($29.50)
Seat 5: even98 (big blind) folded on the River


PokerStars Hand #162376304506:  Hold'em Limit ($3/$6 USD) - 2016/12/03 21:33:32 ET
Table 'Achates' 6-max Seat #5 is the button
Seat 3: Pandakey ($176.27 in chips)
Seat 5: even98 ($128.36 in chips)
even98: posts small blind $1
Pandakey: posts big blind $3
*** HOLE CARDS ***
even98: folds
Uncalled bet ($2) returned to Pandakey
Pandakey collected $2 from pot
Pandakey: doesn't show hand
*** SUMMARY ***
Total pot $2 | Rake $0
Seat 3: Pandakey (big blind) collected ($2)
Seat 5: even98 (button) (small blind) folded before Flop


PokerStars Hand #162376285218:  Hold'em Limit ($3/$6 USD) - 2016/12/03 21:32:50 ET
Table 'Achates' 6-max Seat #5 is the button
Seat 3: Pandakey ($162.02 in chips)
Seat 5: even98 ($143.61 in chips)
even98: posts small blind $1
Pandakey: posts big blind $3
*** HOLE CARDS ***
even98: raises $3 to $6
Pandakey: raises $3 to $9
even98: calls $3
*** FLOP *** [2d 8c Th]
Pandakey: bets $3
even98: calls $3
*** TURN *** [2d 8c Th] [Qh]
Pandakey: checks
even98: checks
*** RIVER *** [2d 8c Th Qh] [Ad]
Pandakey: bets $6
even98: calls $6
*** SHOW DOWN ***
Pandakey: shows [Ah 7c] (a pair of Aces)
even98: shows [5d Ac] (a pair of Aces)
Pandakey collected $17.75 from pot
even98 collected $17.75 from pot
*** SUMMARY ***
Total pot $36 | Rake $0.50
Board [2d 8c Th Qh Ad]
Seat 3: Pandakey (big blind) showed [Ah 7c] and won ($17.75) with a pair of Aces
Seat 5: even98 (button) (small blind) showed [5d Ac] and won ($17.75) with a pair of Aces


PokerStars Hand #162376306653:  Hold'em Limit ($3/$6 USD) - 2016/12/03 21:33:37 ET
Table 'Achates' 6-max Seat #3 is the button
Seat 3: Pandakey ($177.27 in chips)
Seat 5: even98 ($127.36 in chips)
Pandakey: posts small blind $1
even98: posts big blind $3
*** HOLE CARDS ***
Pandakey: raises $3 to $6
even98: calls $3
*** FLOP *** [3c 5c 8c]
even98: checks
Pandakey: bets $3
even98: raises $3 to $6
Pandakey: calls $3
*** TURN *** [3c 5c 8c] [4c]
even98: checks
Pandakey: checks
*** RIVER *** [3c 5c 8c 4c] [9s]
even98: bets $6
Pandakey: calls $6
*** SHOW DOWN ***
even98: shows [5h Qc] (a flush, Queen high)
Pandakey: mucks hand
even98 collected $35.50 from pot
*** SUMMARY ***
Total pot $36 | Rake $0.50
Board [3c 5c 8c 4c 9s]
Seat 3: Pandakey (button) (small blind) mucked
Seat 5: even98 (big blind) showed [5h Qc] and won ($35.50) with a flush, Queen high


PokerStars Hand #162376316327:  Hold'em Limit ($3/$6 USD) - 2016/12/03 21:33:58 ET
Table 'Achates' 6-max Seat #5 is the button
Seat 3: Pandakey ($159.27 in chips)
Seat 5: even98 ($144.86 in chips)
even98: posts small blind $1
Pandakey: posts big blind $3
*** HOLE CARDS ***
even98: raises $3 to $6
Pandakey: calls $3
*** FLOP *** [2h 6h Kh]
Pandakey: checks
even98: bets $3
Pandakey: raises $3 to $6
even98: calls $3
*** TURN *** [2h 6h Kh] [Jh]
Pandakey: bets $6
even98: calls $6
*** RIVER *** [2h 6h Kh Jh] [Ks]
Pandakey: bets $6
even98: calls $6
*** SHOW DOWN ***
Pandakey: shows [Th 5c] (a flush, King high)
even98: mucks hand
Pandakey collected $47.50 from pot
*** SUMMARY ***
Total pot $48 | Rake $0.50
Board [2h 6h Kh Jh Ks]
Seat 3: Pandakey (big blind) showed [Th 5c] and won ($47.50) with a flush, King high
Seat 5: even98 (button) (small blind) mucked


PokerStars Hand #162376325343:  Hold'em Limit ($3/$6 USD) - 2016/12/03 21:34:17 ET
Table 'Achates' 6-max Seat #3 is the button
Seat 3: Pandakey ($182.77 in chips)
Seat 5: even98 ($120.86 in chips)
Pandakey: posts small blind $1
even98: posts big blind $3
*** HOLE CARDS ***
Pandakey: raises $3 to $6
even98: calls $3
*** FLOP *** [5d 8d Kd]
even98: checks
Pandakey: bets $3
even98: calls $3
*** TURN *** [5d 8d Kd] [6c]
even98: checks
Pandakey: bets $6
even98: calls $6
*** RIVER *** [5d 8d Kd 6c] [Qd]
even98: bets $6
Pandakey: raises $6 to $12
even98: calls $6
*** SHOW DOWN ***
Pandakey: shows [Ad Jd] (a flush, Ace high)
even98: mucks hand
Pandakey collected $53.50 from pot
*** SUMMARY ***
Total pot $54 | Rake $0.50
Board [5d 8d Kd 6c Qd]
Seat 3: Pandakey (button) (small blind) showed [Ad Jd] and won ($53.50) with a flush, Ace high
Seat 5: even98 (big blind) mucked


PokerStars Hand #162376338026:  Hold'em Limit ($3/$6 USD) - 2016/12/03 21:34:44 ET
Table 'Achates' 6-max Seat #5 is the button
Seat 3: Pandakey ($209.27 in chips)
Seat 5: even98 ($93.86 in chips)
even98: posts small blind $1
Pandakey: posts big blind $3
*** HOLE CARDS ***
even98: raises $3 to $6
Pandakey: raises $3 to $9
even98: calls $3
*** FLOP *** [3s 9c Jh]
Pandakey: bets $3
even98: calls $3
*** TURN *** [3s 9c Jh] [6s]
Pandakey: bets $6
even98: folds
Uncalled bet ($6) returned to Pandakey
Pandakey collected $23.52 from pot
Pandakey: doesn't show hand
*** SUMMARY ***
Total pot $24 | Rake $0.48
Board [3s 9c Jh 6s]
Seat 3: Pandakey (big blind) collected ($23.52)
Seat 5: even98 (button) (small blind) folded on the Turn


PokerStars Hand #162376356775:  Hold'em Limit ($3/$6 USD) - 2016/12/03 21:35:25 ET
Table 'Achates' 6-max Seat #5 is the button
Seat 3: Pandakey ($226.55 in chips)
Seat 5: even98 ($75.86 in chips)
even98: posts small blind $1
Pandakey: posts big blind $3
*** HOLE CARDS ***
even98: folds
Uncalled bet ($2) returned to Pandakey
Pandakey collected $2 from pot
Pandakey: doesn't show hand
*** SUMMARY ***
Total pot $2 | Rake $0
Seat 3: Pandakey (big blind) collected ($2)
Seat 5: even98 (button) (small blind) folded before Flop


PokerStars Hand #162376372653:  Hold'em Limit ($3/$6 USD) - 2016/12/03 21:35:59 ET
Table 'Achates' 6-max Seat #5 is the button
Seat 3: Pandakey ($236.19 in chips)
Seat 5: even98 ($65.86 in chips)
even98: posts small blind $1
Pandakey: posts big blind $3
*** HOLE CARDS ***
even98: folds
Uncalled bet ($2) returned to Pandakey
Pandakey collected $2 from pot
Pandakey: doesn't show hand
*** SUMMARY ***
Total pot $2 | Rake $0
Seat 3: Pandakey (big blind) collected ($2)
Seat 5: even98 (button) (small blind) folded before Flop


PokerStars Hand #162376350477:  Hold'em Limit ($3/$6 USD) - 2016/12/03 21:35:11 ET
Table 'Achates' 6-max Seat #3 is the button
Seat 3: Pandakey ($220.79 in chips)
Seat 5: even98 ($81.86 in chips)
Pandakey: posts small blind $1
even98: posts big blind $3
*** HOLE CARDS ***
Pandakey: raises $3 to $6
even98: calls $3
*** FLOP *** [7c 4c Qs]
even98: checks
Pandakey: bets $3
even98: folds
Uncalled bet ($3) returned to Pandakey
Pandakey collected $11.76 from pot
Pandakey: doesn't show hand
*** SUMMARY ***
Total pot $12 | Rake $0.24
Board [7c 4c Qs]
Seat 3: Pandakey (button) (small blind) collected ($11.76)
Seat 5: even98 (big blind) folded on the Flop


PokerStars Hand #162376358968:  Hold'em Limit ($3/$6 USD) - 2016/12/03 21:35:30 ET
Table 'Achates' 6-max Seat #3 is the button
Seat 3: Pandakey ($227.55 in chips)
Seat 5: even98 ($74.86 in chips)
Pandakey: posts small blind $1
even98: posts big blind $3
*** HOLE CARDS ***
Pandakey: raises $3 to $6
even98: calls $3
*** FLOP *** [Th 6s Kc]
even98: checks
Pandakey: bets $3
even98: calls $3
*** TURN *** [Th 6s Kc] [2h]
even98: checks
Pandakey: bets $6
even98: folds
Uncalled bet ($6) returned to Pandakey
Pandakey collected $17.64 from pot
Pandakey: doesn't show hand
*** SUMMARY ***
Total pot $18 | Rake $0.36
Board [Th 6s Kc 2h]
Seat 3: Pandakey (button) (small blind) collected ($17.64)
Seat 5: even98 (big blind) folded on the Turn


PokerStars Hand #162376381144:  Hold'em Limit ($3/$6 USD) - 2016/12/03 21:36:18 ET
Table 'Achates' 6-max Seat #3 is the button
Seat 3: Pandakey ($237.19 in chips)
Seat 5: even98 ($64.86 in chips)
Pandakey: posts small blind $1
even98: posts big blind $3
*** HOLE CARDS ***
Pandakey: raises $3 to $6
even98: calls $3
*** FLOP *** [3s 9c 9h]
even98: checks
Pandakey: checks
*** TURN *** [3s 9c 9h] [7h]
even98: bets $6
Pandakey: calls $6
*** RIVER *** [3s 9c 9h 7h] [5s]
even98: checks
Pandakey: bets $6
even98: folds
Uncalled bet ($6) returned to Pandakey
Pandakey collected $23.52 from pot
Pandakey: doesn't show hand
*** SUMMARY ***
Total pot $24 | Rake $0.48
Board [3s 9c 9h 7h 5s]
Seat 3: Pandakey (button) (small blind) collected ($23.52)
Seat 5: even98 (big blind) folded on the River


PokerStars Hand #162376374793:  Hold'em Limit ($3/$6 USD) - 2016/12/03 21:36:04 ET
Table 'Achates' 6-max Seat #3 is the button
Seat 3: Pandakey ($237.19 in chips)
Seat 5: even98 ($64.86 in chips)
Pandakey: posts small blind $1
even98: posts big blind $3
*** HOLE CARDS ***
Pandakey: folds
Uncalled bet ($2) returned to even98
even98 collected $2 from pot
even98: doesn't show hand
*** SUMMARY ***
Total pot $2 | Rake $0
Seat 3: Pandakey (button) (small blind) folded before Flop
Seat 5: even98 (big blind) collected ($2)


PokerStars Hand #162376378708:  Hold'em Limit ($3/$6 USD) - 2016/12/03 21:36:12 ET
Table 'Achates' 6-max Seat #5 is the button
Seat 3: Pandakey ($236.19 in chips)
Seat 5: even98 ($65.86 in chips)
even98: posts small blind $1
Pandakey: posts big blind $3
*** HOLE CARDS ***
even98: folds
Uncalled bet ($2) returned to Pandakey
Pandakey collected $2 from pot
Pandakey: doesn't show hand
*** SUMMARY ***
Total pot $2 | Rake $0
Seat 3: Pandakey (big blind) collected ($2)
Seat 5: even98 (button) (small blind) folded before Flop


PokerStars Hand #162376417189:  Hold'em Limit ($3/$6 USD) - 2016/12/03 21:37:36 ET
Table 'Achates' 6-max Seat #3 is the button
Seat 3: Pandakey ($250.35 in chips)
Seat 5: even98 ($50.62 in chips)
Pandakey: posts small blind $1
even98: posts big blind $3
*** HOLE CARDS ***
Pandakey: raises $3 to $6
even98: calls $3
*** FLOP *** [Kd 7h 3d]
even98: checks
Pandakey: bets $3
even98: calls $3
*** TURN *** [Kd 7h 3d] [5c]
even98: checks
Pandakey: checks
*** RIVER *** [Kd 7h 3d 5c] [Jh]
even98: checks
Pandakey: checks
*** SHOW DOWN ***
even98: shows [8d Qs] (high card King)
Pandakey: shows [Ts Ad] (high card Ace)
Pandakey collected $17.64 from pot
*** SUMMARY ***
Total pot $18 | Rake $0.36
Board [Kd 7h 3d 5c Jh]
Seat 3: Pandakey (button) (small blind) showed [Ts Ad] and won ($17.64) with high card Ace
Seat 5: even98 (big blind) showed [8d Qs] and lost with high card King


PokerStars Hand #162376407649:  Hold'em Limit ($3/$6 USD) - 2016/12/03 21:37:15 ET
Table 'Achates' 6-max Seat #5 is the button
Seat 3: Pandakey ($256.35 in chips)
Seat 5: even98 ($44.86 in chips)
even98: posts small blind $1
Pandakey: posts big blind $3
*** HOLE CARDS ***
even98: raises $3 to $6
Pandakey: calls $3
*** FLOP *** [Ts Qh 7h]
Pandakey: checks
even98: bets $3
Pandakey: folds
Uncalled bet ($3) returned to even98
even98 collected $11.76 from pot
even98: doesn't show hand
*** SUMMARY ***
Total pot $12 | Rake $0.24
Board [Ts Qh 7h]
Seat 3: Pandakey (big blind) folded on the Flop
Seat 5: even98 (button) (small blind) collected ($11.76)


PokerStars Hand #162376395449:  Hold'em Limit ($3/$6 USD) - 2016/12/03 21:36:49 ET
Table 'Achates' 6-max Seat #5 is the button
Seat 3: Pandakey ($248.71 in chips)
Seat 5: even98 ($52.86 in chips)
even98: posts small blind $1
Pandakey: posts big blind $3
*** HOLE CARDS ***
even98: raises $3 to $6
Pandakey: calls $3
*** FLOP *** [As Js 5d]
Pandakey: checks
even98: bets $3
Pandakey: calls $3
*** TURN *** [As Js 5d] [8d]
Pandakey: checks
even98: checks
*** RIVER *** [As Js 5d 8d] [Kc]
Pandakey: checks
even98: checks
*** SHOW DOWN ***
Pandakey: shows [5h 7c] (a pair of Fives)
even98: mucks hand
Pandakey collected $17.64 from pot
*** SUMMARY ***
Total pot $18 | Rake $0.36
Board [As Js 5d 8d Kc]
Seat 3: Pandakey (big blind) showed [5h 7c] and won ($17.64) with a pair of Fives
Seat 5: even98 (button) (small blind) mucked


PokerStars Hand #162376414575:  Hold'em Limit ($3/$6 USD) - 2016/12/03 21:37:31 ET
Table 'Achates' 6-max Seat #5 is the button
Seat 3: Pandakey ($249.35 in chips)
Seat 5: even98 ($51.62 in chips)
even98: posts small blind $1
Pandakey: posts big blind $3
*** HOLE CARDS ***
even98: folds
Uncalled bet ($2) returned to Pandakey
Pandakey collected $2 from pot
Pandakey: doesn't show hand
*** SUMMARY ***
Total pot $2 | Rake $0
Seat 3: Pandakey (big blind) collected ($2)
Seat 5: even98 (button) (small blind) folded before Flop


PokerStars Hand #162376405372:  Hold'em Limit ($3/$6 USD) - 2016/12/03 21:37:10 ET
Table 'Achates' 6-max Seat #3 is the button
Seat 3: Pandakey ($257.35 in chips)
Seat 5: even98 ($43.86 in chips)
Pandakey: posts small blind $1
even98: posts big blind $3
*** HOLE CARDS ***
Pandakey: folds
Uncalled bet ($2) returned to even98
even98 collected $2 from pot
even98: doesn't show hand
*** SUMMARY ***
Total pot $2 | Rake $0
Seat 3: Pandakey (button) (small blind) folded before Flop
Seat 5: even98 (big blind) collected ($2)


PokerStars Hand #162376412600:  Hold'em Limit ($3/$6 USD) - 2016/12/03 21:37:26 ET
Table 'Achates' 6-max Seat #3 is the button
Seat 3: Pandakey ($250.35 in chips)
Seat 5: even98 ($50.62 in chips)
Pandakey: posts small blind $1
even98: posts big blind $3
*** HOLE CARDS ***
Pandakey: folds
Uncalled bet ($2) returned to even98
even98 collected $2 from pot
even98: doesn't show hand
*** SUMMARY ***
Total pot $2 | Rake $0
Seat 3: Pandakey (button) (small blind) folded before Flop
Seat 5: even98 (big blind) collected ($2)


PokerStars Hand #162376442238:  Hold'em Limit ($3/$6 USD) - 2016/12/03 21:38:31 ET
Table 'Achates' 6-max Seat #3 is the button
Seat 3: Pandakey ($258.74 in chips)
Seat 5: even98 ($41.37 in chips)
Pandakey: posts small blind $1
even98: posts big blind $3
*** HOLE CARDS ***
moffen84 joins the table at seat #4
Pandakey: raises $3 to $6
even98: raises $3 to $9
Pandakey: calls $3
*** FLOP *** [7d Qh 7s]
even98: bets $3
Pandakey: folds
Uncalled bet ($3) returned to even98
even98 collected $17.64 from pot
even98: doesn't show hand
*** SUMMARY ***
Total pot $18 | Rake $0.36
Board [7d Qh 7s]
Seat 3: Pandakey (button) (small blind) folded on the Flop
Seat 5: even98 (big blind) collected ($17.64)


PokerStars Hand #162376427366:  Hold'em Limit ($3/$6 USD) - 2016/12/03 21:37:59 ET
Table 'Achates' 6-max Seat #5 is the button
Seat 3: Pandakey ($258.99 in chips)
Seat 5: even98 ($41.62 in chips)
even98: posts small blind $1
Pandakey: posts big blind $3
*** HOLE CARDS ***
even98: raises $3 to $6
Pandakey: calls $3
*** FLOP *** [3h 4c 7s]
Pandakey: checks
even98: bets $3
Pandakey: calls $3
*** TURN *** [3h 4c 7s] [7c]
Pandakey: checks
even98: bets $6
Pandakey: calls $6
*** RIVER *** [3h 4c 7s 7c] [Js]
Pandakey: checks
even98: bets $6
Pandakey: calls $6
*** SHOW DOWN ***
even98: shows [8s 4s] (two pair, Sevens and Fours)
Pandakey: shows [4d 9d] (two pair, Sevens and Fours)
Pandakey collected $20.75 from pot
even98 collected $20.75 from pot
*** SUMMARY ***
Total pot $42 | Rake $0.50
Board [3h 4c 7s 7c Js]
Seat 3: Pandakey (big blind) showed [4d 9d] and won ($20.75) with two pair, Sevens and Fours
Seat 5: even98 (button) (small blind) showed [8s 4s] and won ($20.75) with two pair, Sevens and Fours


PokerStars Hand #162376451710:  Hold'em Limit ($3/$6 USD) - 2016/12/03 21:38:52 ET
Table 'Achates' 6-max Seat #5 is the button
Seat 3: Pandakey ($249.74 in chips)
Seat 5: even98 ($50.01 in chips)
even98: posts small blind $1
Pandakey: posts big blind $3
*** HOLE CARDS ***
even98: folds
Uncalled bet ($2) returned to Pandakey
Pandakey collected $2 from pot
Pandakey: doesn't show hand
*** SUMMARY ***
Total pot $2 | Rake $0
Seat 3: Pandakey (big blind) collected ($2)
Seat 5: even98 (button) (small blind) folded before Flop


PokerStars Hand #162376529565:  Hold'em Limit ($3/$6 USD) - 2016/12/03 21:41:42 ET
Table 'Achates' 6-max Seat #5 is the button
Seat 3: Pandakey ($261 in chips)
Seat 5: even98 ($62.52 in chips)
even98: posts small blind $1
Pandakey: posts big blind $3
*** HOLE CARDS ***
even98: folds
Uncalled bet ($2) returned to Pandakey
Pandakey collected $2 from pot
Pandakey: doesn't show hand
*** SUMMARY ***
Total pot $2 | Rake $0
Seat 3: Pandakey (big blind) collected ($2)
Seat 5: even98 (button) (small blind) folded before Flop


