PokerStars Hand #174098013969:  Hold'em Limit ($3/$6 USD) - 2017/08/08 20:17:02 ET
Table 'Achates' 6-max Seat #3 is the button
Seat 1: Zubasa07 ($294 in chips)
Seat 3: llmaiconll ($85.76 in chips)
llmaiconll: posts small blind $1
Zubasa07: posts big blind $3
*** HOLE CARDS ***
llmaiconll: folds
Uncalled bet ($2) returned to Zubasa07
Zubasa07 collected $2 from pot
Zubasa07: doesn't show hand
*** SUMMARY ***
Total pot $2 | Rake $0
Seat 1: Zubasa07 (big blind) collected ($2)
Seat 3: llmaiconll (button) (small blind) folded before Flop


PokerStars Hand #174097990012:  Hold'em Limit ($3/$6 USD) - 2017/08/08 20:16:11 ET
Table 'Achates' 6-max Seat #1 is the button
Seat 1: Zubasa07 ($300 in chips)
Seat 3: llmaiconll ($80 in chips)
Zubasa07: posts small blind $1
llmaiconll: posts big blind $3
*** HOLE CARDS ***
Zubasa07: raises $3 to $6
llmaiconll: calls $3
*** FLOP *** [6h 6s 4c]
llmaiconll: checks
Zubasa07: checks
*** TURN *** [6h 6s 4c] [Kh]
llmaiconll: checks
Zubasa07: checks
*** RIVER *** [6h 6s 4c Kh] [7d]
llmaiconll: checks
Zubasa07: checks
*** SHOW DOWN ***
llmaiconll: shows [5s 3h] (a straight, Three to Seven)
Zubasa07: mucks hand
llmaiconll collected $11.76 from pot
*** SUMMARY ***
Total pot $12 | Rake $0.24
Board [6h 6s 4c Kh 7d]
Seat 1: Zubasa07 (button) (small blind) mucked
Seat 3: llmaiconll (big blind) showed [5s 3h] and won ($11.76) with a straight, Three to Seven


PokerStars Hand #174098039224:  Hold'em Limit ($3/$6 USD) - 2017/08/08 20:17:55 ET
Table 'Achates' 6-max Seat #3 is the button
Seat 1: Zubasa07 ($271 in chips)
Seat 3: llmaiconll ($108.26 in chips)
llmaiconll: posts small blind $1
Zubasa07: posts big blind $3
*** HOLE CARDS ***
llmaiconll: calls $2
Zubasa07: raises $3 to $6
llmaiconll: calls $3
*** FLOP *** [Ks 3d 3h]
Zubasa07: bets $3
llmaiconll: folds
Uncalled bet ($3) returned to Zubasa07
Zubasa07 collected $11.76 from pot
Zubasa07: doesn't show hand
*** SUMMARY ***
Total pot $12 | Rake $0.24
Board [Ks 3d 3h]
Seat 1: Zubasa07 (big blind) collected ($11.76)
Seat 3: llmaiconll (button) (small blind) folded on the Flop


PokerStars Hand #174098016916:  Hold'em Limit ($3/$6 USD) - 2017/08/08 20:17:08 ET
Table 'Achates' 6-max Seat #1 is the button
Seat 1: Zubasa07 ($295 in chips)
Seat 3: llmaiconll ($84.76 in chips)
Zubasa07: posts small blind $1
llmaiconll: posts big blind $3
*** HOLE CARDS ***
Zubasa07: raises $3 to $6
llmaiconll: raises $3 to $9
Zubasa07: calls $3
*** FLOP *** [Ts 5h 3c]
llmaiconll: bets $3
Zubasa07: calls $3
*** TURN *** [Ts 5h 3c] [9d]
llmaiconll: bets $6
Zubasa07: calls $6
*** RIVER *** [Ts 5h 3c 9d] [Jh]
llmaiconll: bets $6
Zubasa07: calls $6
*** SHOW DOWN ***
llmaiconll: shows [Kc Ks] (a pair of Kings)
Zubasa07: mucks hand
llmaiconll collected $47.50 from pot
*** SUMMARY ***
Total pot $48 | Rake $0.50
Board [Ts 5h 3c 9d Jh]
Seat 1: Zubasa07 (button) (small blind) mucked
Seat 3: llmaiconll (big blind) showed [Kc Ks] and won ($47.50) with a pair of Kings


PokerStars Hand #174098046755:  Hold'em Limit ($3/$6 USD) - 2017/08/08 20:18:11 ET
Table 'Achates' 6-max Seat #1 is the button
Seat 1: Zubasa07 ($276.76 in chips)
Seat 3: llmaiconll ($102.26 in chips)
Zubasa07: posts small blind $1
llmaiconll: posts big blind $3
*** HOLE CARDS ***
Zubasa07: raises $3 to $6
llmaiconll: calls $3
*** FLOP *** [6d Jd 9c]
llmaiconll: checks
Zubasa07: bets $3
llmaiconll: raises $3 to $6
Zubasa07: folds
Uncalled bet ($3) returned to llmaiconll
llmaiconll collected $17.64 from pot
llmaiconll: doesn't show hand
*** SUMMARY ***
Total pot $18 | Rake $0.36
Board [6d Jd 9c]
Seat 1: Zubasa07 (button) (small blind) folded on the Flop
Seat 3: llmaiconll (big blind) collected ($17.64)


PokerStars Hand #174098057066:  Hold'em Limit ($3/$6 USD) - 2017/08/08 20:18:33 ET
Table 'Achates' 6-max Seat #3 is the button
Seat 1: Zubasa07 ($267.76 in chips)
Seat 3: llmaiconll ($110.90 in chips)
llmaiconll: posts small blind $1
Zubasa07: posts big blind $3
*** HOLE CARDS ***
llmaiconll: calls $2
Zubasa07: raises $3 to $6
llmaiconll: calls $3
*** FLOP *** [7h Qc Jc]
Zubasa07: bets $3
llmaiconll: folds
Uncalled bet ($3) returned to Zubasa07
Zubasa07 collected $11.76 from pot
Zubasa07: doesn't show hand
*** SUMMARY ***
Total pot $12 | Rake $0.24
Board [7h Qc Jc]
Seat 1: Zubasa07 (big blind) collected ($11.76)
Seat 3: llmaiconll (button) (small blind) folded on the Flop


PokerStars Hand #174098076409:  Hold'em Limit ($3/$6 USD) - 2017/08/08 20:19:14 ET
Table 'Achates' 6-max Seat #3 is the button
Seat 1: Zubasa07 ($279.28 in chips)
Seat 3: llmaiconll ($98.90 in chips)
llmaiconll: posts small blind $1
Zubasa07: posts big blind $3
*** HOLE CARDS ***
llmaiconll: folds
Uncalled bet ($2) returned to Zubasa07
Zubasa07 collected $2 from pot
Zubasa07: doesn't show hand
*** SUMMARY ***
Total pot $2 | Rake $0
Seat 1: Zubasa07 (big blind) collected ($2)
Seat 3: llmaiconll (button) (small blind) folded before Flop


PokerStars Hand #174098066483:  Hold'em Limit ($3/$6 USD) - 2017/08/08 20:18:53 ET
Table 'Achates' 6-max Seat #1 is the button
Seat 1: Zubasa07 ($273.52 in chips)
Seat 3: llmaiconll ($104.90 in chips)
Zubasa07: posts small blind $1
llmaiconll: posts big blind $3
*** HOLE CARDS ***
Zubasa07: raises $3 to $6
llmaiconll: calls $3
*** FLOP *** [6h 5c Js]
llmaiconll: checks
Zubasa07: bets $3
llmaiconll: folds
Uncalled bet ($3) returned to Zubasa07
Zubasa07 collected $11.76 from pot
Zubasa07: doesn't show hand
*** SUMMARY ***
Total pot $12 | Rake $0.24
Board [6h 5c Js]
Seat 1: Zubasa07 (button) (small blind) collected ($11.76)
Seat 3: llmaiconll (big blind) folded on the Flop


PokerStars Hand #174098079136:  Hold'em Limit ($3/$6 USD) - 2017/08/08 20:19:19 ET
Table 'Achates' 6-max Seat #1 is the button
Seat 1: Zubasa07 ($280.28 in chips)
Seat 3: llmaiconll ($97.90 in chips)
Zubasa07: posts small blind $1
llmaiconll: posts big blind $3
*** HOLE CARDS ***
Zubasa07: raises $3 to $6
llmaiconll: calls $3
*** FLOP *** [8d Jc 8h]
llmaiconll: checks
Zubasa07: bets $3
llmaiconll: calls $3
*** TURN *** [8d Jc 8h] [Tc]
llmaiconll: checks
Zubasa07: bets $6
llmaiconll: calls $6
*** RIVER *** [8d Jc 8h Tc] [Qc]
llmaiconll: checks
Zubasa07: bets $6
llmaiconll: calls $6
*** SHOW DOWN ***
Zubasa07: shows [6s 4c] (a pair of Eights)
llmaiconll: shows [7d Td] (two pair, Tens and Eights)
llmaiconll collected $41.50 from pot
*** SUMMARY ***
Total pot $42 | Rake $0.50
Board [8d Jc 8h Tc Qc]
Seat 1: Zubasa07 (button) (small blind) showed [6s 4c] and lost with a pair of Eights
Seat 3: llmaiconll (big blind) showed [7d Td] and won ($41.50) with two pair, Tens and Eights


PokerStars Hand #174098146532:  Hold'em Limit ($3/$6 USD) - 2017/08/08 20:21:41 ET
Table 'Achates' 6-max Seat #3 is the button
Seat 1: Zubasa07 ($258.78 in chips)
Seat 3: llmaiconll ($117.90 in chips)
llmaiconll: posts small blind $1
Zubasa07: posts big blind $3
*** HOLE CARDS ***
llmaiconll: folds
Uncalled bet ($2) returned to Zubasa07
Zubasa07 collected $2 from pot
Zubasa07: doesn't show hand
*** SUMMARY ***
Total pot $2 | Rake $0
Seat 1: Zubasa07 (big blind) collected ($2)
Seat 3: llmaiconll (button) (small blind) folded before Flop


PokerStars Hand #174098121065:  Hold'em Limit ($3/$6 USD) - 2017/08/08 20:20:48 ET
Table 'Achates' 6-max Seat #1 is the button
Seat 1: Zubasa07 ($276.78 in chips)
Seat 3: llmaiconll ($100.40 in chips)
Zubasa07: posts small blind $1
llmaiconll: posts big blind $3
*** HOLE CARDS ***
Zubasa07: raises $3 to $6
llmaiconll: calls $3
*** FLOP *** [3h 4c 2h]
llmaiconll: checks
Zubasa07: checks
*** TURN *** [3h 4c 2h] [7h]
llmaiconll: bets $6
Zubasa07: calls $6
*** RIVER *** [3h 4c 2h 7h] [Ks]
llmaiconll: bets $6
Zubasa07: calls $6
*** SHOW DOWN ***
llmaiconll: shows [4h Kd] (two pair, Kings and Fours)
Zubasa07: mucks hand
llmaiconll collected $35.50 from pot
*** SUMMARY ***
Total pot $36 | Rake $0.50
Board [3h 4c 2h 7h Ks]
Seat 1: Zubasa07 (button) (small blind) mucked
Seat 3: llmaiconll (big blind) showed [4h Kd] and won ($35.50) with two pair, Kings and Fours


PokerStars Hand #174098149437:  Hold'em Limit ($3/$6 USD) - 2017/08/08 20:21:47 ET
Table 'Achates' 6-max Seat #1 is the button
Seat 1: Zubasa07 ($259.78 in chips)
Seat 3: llmaiconll ($116.90 in chips)
Zubasa07: posts small blind $1
llmaiconll: posts big blind $3
*** HOLE CARDS ***
Zubasa07: raises $3 to $6
llmaiconll: calls $3
*** FLOP *** [Jc Qd 6d]
llmaiconll: checks
Zubasa07: bets $3
llmaiconll: folds
Uncalled bet ($3) returned to Zubasa07
Zubasa07 collected $11.76 from pot
Zubasa07: doesn't show hand
*** SUMMARY ***
Total pot $12 | Rake $0.24
Board [Jc Qd 6d]
Seat 1: Zubasa07 (button) (small blind) collected ($11.76)
Seat 3: llmaiconll (big blind) folded on the Flop


PokerStars Hand #174098158684:  Hold'em Limit ($3/$6 USD) - 2017/08/08 20:22:07 ET
Table 'Achates' 6-max Seat #3 is the button
Seat 1: Zubasa07 ($265.54 in chips)
Seat 3: llmaiconll ($110.90 in chips)
llmaiconll: posts small blind $1
Zubasa07: posts big blind $3
*** HOLE CARDS ***
llmaiconll: calls $2
Zubasa07: checks
*** FLOP *** [Qs 7c Js]
Zubasa07: checks
llmaiconll: bets $3
Zubasa07: folds
Uncalled bet ($3) returned to llmaiconll
llmaiconll collected $5.88 from pot
llmaiconll: doesn't show hand
*** SUMMARY ***
Total pot $6 | Rake $0.12
Board [Qs 7c Js]
Seat 1: Zubasa07 (big blind) folded on the Flop
Seat 3: llmaiconll (button) (small blind) collected ($5.88)


PokerStars Hand #174098170267:  Hold'em Limit ($3/$6 USD) - 2017/08/08 20:22:32 ET
Table 'Achates' 6-max Seat #1 is the button
Seat 1: Zubasa07 ($262.54 in chips)
Seat 3: llmaiconll ($113.78 in chips)
Zubasa07: posts small blind $1
llmaiconll: posts big blind $3
*** HOLE CARDS ***
Zubasa07: raises $3 to $6
llmaiconll: calls $3
*** FLOP *** [4c 2d 9c]
llmaiconll: checks
Zubasa07: bets $3
llmaiconll: calls $3
*** TURN *** [4c 2d 9c] [Jd]
llmaiconll: checks
Zubasa07: bets $6
llmaiconll: folds
Uncalled bet ($6) returned to Zubasa07
Zubasa07 collected $17.64 from pot
Zubasa07: doesn't show hand
*** SUMMARY ***
Total pot $18 | Rake $0.36
Board [4c 2d 9c Jd]
Seat 1: Zubasa07 (button) (small blind) collected ($17.64)
Seat 3: llmaiconll (big blind) folded on the Turn


PokerStars Hand #174098221274:  Hold'em Limit ($3/$6 USD) - 2017/08/08 20:24:01 ET
Table 'Achates' 6-max Seat #1 is the button
Seat 1: Zubasa07 ($303.68 in chips)
Seat 3: llmaiconll ($71.78 in chips)
Zubasa07: posts small blind $1
llmaiconll: posts big blind $3
*** HOLE CARDS ***
Zubasa07: raises $3 to $6
llmaiconll: calls $3
*** FLOP *** [5h Qh Th]
llmaiconll: checks
Zubasa07: bets $3
llmaiconll: folds
Uncalled bet ($3) returned to Zubasa07
Zubasa07 collected $11.76 from pot
Zubasa07: doesn't show hand
*** SUMMARY ***
Total pot $12 | Rake $0.24
Board [5h Qh Th]
Seat 1: Zubasa07 (button) (small blind) collected ($11.76)
Seat 3: llmaiconll (big blind) folded on the Flop


PokerStars Hand #174098231055:  Hold'em Limit ($3/$6 USD) - 2017/08/08 20:24:22 ET
Table 'Achates' 6-max Seat #3 is the button
Seat 1: Zubasa07 ($309.44 in chips)
Seat 3: llmaiconll ($65.78 in chips)
llmaiconll: posts small blind $1
Zubasa07: posts big blind $3
*** HOLE CARDS ***
llmaiconll: raises $3 to $6
Zubasa07: raises $3 to $9
llmaiconll: calls $3
*** FLOP *** [Jh 2s 9s]
Zubasa07: bets $3
llmaiconll: folds
Uncalled bet ($3) returned to Zubasa07
Zubasa07 collected $17.64 from pot
Zubasa07: doesn't show hand
*** SUMMARY ***
Total pot $18 | Rake $0.36
Board [Jh 2s 9s]
Seat 1: Zubasa07 (big blind) collected ($17.64)
Seat 3: llmaiconll (button) (small blind) folded on the Flop


PokerStars Hand #174098196367:  Hold'em Limit ($3/$6 USD) - 2017/08/08 20:23:08 ET
Table 'Achates' 6-max Seat #3 is the button
Seat 1: Zubasa07 ($271.18 in chips)
Seat 3: llmaiconll ($104.78 in chips)
llmaiconll: posts small blind $1
Zubasa07: posts big blind $3
*** HOLE CARDS ***
llmaiconll: raises $3 to $6
Zubasa07: raises $3 to $9
llmaiconll: raises $3 to $12
Betting is capped
Zubasa07: calls $3
*** FLOP *** [3h 5h 9c]
Zubasa07: checks
llmaiconll: bets $3
Zubasa07: calls $3
*** TURN *** [3h 5h 9c] [8h]
Zubasa07: checks
llmaiconll: bets $6
Zubasa07: raises $6 to $12
llmaiconll: calls $6
*** RIVER *** [3h 5h 9c 8h] [9h]
Zubasa07: checks
llmaiconll: bets $6
Zubasa07: calls $6
*** SHOW DOWN ***
llmaiconll: shows [Qs Js] (a pair of Nines)
Zubasa07: shows [Ks Kd] (two pair, Kings and Nines)
Zubasa07 collected $65.50 from pot
*** SUMMARY ***
Total pot $66 | Rake $0.50
Board [3h 5h 9c 8h 9h]
Seat 1: Zubasa07 (big blind) showed [Ks Kd] and won ($65.50) with two pair, Kings and Nines
Seat 3: llmaiconll (button) (small blind) showed [Qs Js] and lost with a pair of Nines


PokerStars Hand #174098253664:  Hold'em Limit ($3/$6 USD) - 2017/08/08 20:25:11 ET
Table 'Achates' 6-max Seat #3 is the button
Seat 1: Zubasa07 ($306.08 in chips)
Seat 3: llmaiconll ($68.30 in chips)
llmaiconll: posts small blind $1
Zubasa07: posts big blind $3
*** HOLE CARDS ***
llmaiconll: raises $3 to $6
Zubasa07: folds
Uncalled bet ($3) returned to llmaiconll
llmaiconll collected $6 from pot
llmaiconll: doesn't show hand
*** SUMMARY ***
Total pot $6 | Rake $0
Seat 1: Zubasa07 (big blind) folded before Flop
Seat 3: llmaiconll (button) (small blind) collected ($6)


PokerStars Hand #174098239309:  Hold'em Limit ($3/$6 USD) - 2017/08/08 20:24:40 ET
Table 'Achates' 6-max Seat #1 is the button
Seat 1: Zubasa07 ($318.08 in chips)
Seat 3: llmaiconll ($56.78 in chips)
Zubasa07: posts small blind $1
llmaiconll: posts big blind $3
*** HOLE CARDS ***
Zubasa07: raises $3 to $6
llmaiconll: raises $3 to $9
Zubasa07: calls $3
*** FLOP *** [8h 4d 8c]
llmaiconll: bets $3
Zubasa07: calls $3
*** TURN *** [8h 4d 8c] [4s]
llmaiconll: bets $6
Zubasa07: folds
Uncalled bet ($6) returned to llmaiconll
llmaiconll collected $23.52 from pot
llmaiconll: doesn't show hand
*** SUMMARY ***
Total pot $24 | Rake $0.48
Board [8h 4d 8c 4s]
Seat 1: Zubasa07 (button) (small blind) folded on the Turn
Seat 3: llmaiconll (big blind) collected ($23.52)


PokerStars Hand #174098272399:  Hold'em Limit ($3/$6 USD) - 2017/08/08 20:25:51 ET
Table 'Achates' 6-max Seat #3 is the button
Seat 1: Zubasa07 ($332.58 in chips)
Seat 3: llmaiconll ($41.30 in chips)
llmaiconll: posts small blind $1
Zubasa07: posts big blind $3
*** HOLE CARDS ***
llmaiconll: folds
Uncalled bet ($2) returned to Zubasa07
Zubasa07 collected $2 from pot
Zubasa07: doesn't show hand
*** SUMMARY ***
Total pot $2 | Rake $0
Seat 1: Zubasa07 (big blind) collected ($2)
Seat 3: llmaiconll (button) (small blind) folded before Flop


PokerStars Hand #174098256881:  Hold'em Limit ($3/$6 USD) - 2017/08/08 20:25:18 ET
Table 'Achates' 6-max Seat #1 is the button
Seat 1: Zubasa07 ($303.08 in chips)
Seat 3: llmaiconll ($71.30 in chips)
Zubasa07: posts small blind $1
llmaiconll: posts big blind $3
*** HOLE CARDS ***
Zubasa07: raises $3 to $6
llmaiconll: raises $3 to $9
Zubasa07: calls $3
*** FLOP *** [4d Qh Qc]
llmaiconll: bets $3
Zubasa07: calls $3
*** TURN *** [4d Qh Qc] [9d]
llmaiconll: bets $6
Zubasa07: raises $6 to $12
llmaiconll: calls $6
*** RIVER *** [4d Qh Qc 9d] [3c]
llmaiconll: checks
Zubasa07: bets $6
llmaiconll: calls $6
*** SHOW DOWN ***
Zubasa07: shows [Qd 2h] (three of a kind, Queens)
llmaiconll: mucks hand
Zubasa07 collected $59.50 from pot
*** SUMMARY ***
Total pot $60 | Rake $0.50
Board [4d Qh Qc 9d 3c]
Seat 1: Zubasa07 (button) (small blind) showed [Qd 2h] and won ($59.50) with three of a kind, Queens
Seat 3: llmaiconll (big blind) mucked


PokerStars Hand #174098275005:  Hold'em Limit ($3/$6 USD) - 2017/08/08 20:25:57 ET
Table 'Achates' 6-max Seat #1 is the button
Seat 1: Zubasa07 ($333.58 in chips)
Seat 3: llmaiconll ($40.30 in chips)
Zubasa07: posts small blind $1
llmaiconll: posts big blind $3
*** HOLE CARDS ***
Zubasa07: raises $3 to $6
llmaiconll: calls $3
*** FLOP *** [Td 7s Tc]
llmaiconll: checks
Zubasa07: bets $3
llmaiconll: folds
Uncalled bet ($3) returned to Zubasa07
Zubasa07 collected $11.76 from pot
Zubasa07: doesn't show hand
*** SUMMARY ***
Total pot $12 | Rake $0.24
Board [Td 7s Tc]
Seat 1: Zubasa07 (button) (small blind) collected ($11.76)
Seat 3: llmaiconll (big blind) folded on the Flop


PokerStars Hand #174098305147:  Hold'em Limit ($3/$6 USD) - 2017/08/08 20:27:02 ET
Table 'Achates' 6-max Seat #1 is the button
Seat 1: Zubasa07 ($333.34 in chips)
Seat 3: llmaiconll ($40.06 in chips)
Zubasa07: posts small blind $1
llmaiconll: posts big blind $3
*** HOLE CARDS ***
Zubasa07: folds
Uncalled bet ($2) returned to llmaiconll
llmaiconll collected $2 from pot
llmaiconll: doesn't show hand
*** SUMMARY ***
Total pot $2 | Rake $0
Seat 1: Zubasa07 (button) (small blind) folded before Flop
Seat 3: llmaiconll (big blind) collected ($2)


PokerStars Hand #174098284574:  Hold'em Limit ($3/$6 USD) - 2017/08/08 20:26:18 ET
Table 'Achates' 6-max Seat #3 is the button
Seat 1: Zubasa07 ($339.34 in chips)
Seat 3: llmaiconll ($34.30 in chips)
llmaiconll: posts small blind $1
Zubasa07: posts big blind $3
*** HOLE CARDS ***
llmaiconll: raises $3 to $6
Zubasa07: calls $3
*** FLOP *** [7c 5s As]
Zubasa07: checks
llmaiconll: checks
*** TURN *** [7c 5s As] [Qd]
Zubasa07: checks
llmaiconll: checks
*** RIVER *** [7c 5s As Qd] [8h]
Zubasa07: checks
llmaiconll: checks
*** SHOW DOWN ***
Zubasa07: shows [9c 3h] (high card Ace)
llmaiconll: shows [Jh 6c] (high card Ace - Queen+Jack kicker)
llmaiconll collected $11.76 from pot
*** SUMMARY ***
Total pot $12 | Rake $0.24
Board [7c 5s As Qd 8h]
Seat 1: Zubasa07 (big blind) showed [9c 3h] and lost with high card Ace
Seat 3: llmaiconll (button) (small blind) showed [Jh 6c] and won ($11.76) with high card Ace


PokerStars Hand #174098330778:  Hold'em Limit ($3/$6 USD) - 2017/08/08 20:27:58 ET
Table 'Achates' 6-max Seat #1 is the button
Seat 1: Zubasa07 ($308.34 in chips)
Seat 3: llmaiconll ($64.56 in chips)
Zubasa07: posts small blind $1
llmaiconll: posts big blind $3
*** HOLE CARDS ***
Zubasa07: raises $3 to $6
llmaiconll: calls $3
*** FLOP *** [8c 2d Jc]
llmaiconll: checks
Zubasa07: bets $3
llmaiconll: calls $3
*** TURN *** [8c 2d Jc] [8s]
llmaiconll: checks
Zubasa07: checks
*** RIVER *** [8c 2d Jc 8s] [7c]
llmaiconll: checks
Zubasa07: bets $6
llmaiconll: calls $6
*** SHOW DOWN ***
Zubasa07: shows [7h 9h] (two pair, Eights and Sevens)
llmaiconll: mucks hand
Zubasa07 collected $29.50 from pot
*** SUMMARY ***
Total pot $30 | Rake $0.50
Board [8c 2d Jc 8s 7c]
Seat 1: Zubasa07 (button) (small blind) showed [7h 9h] and won ($29.50) with two pair, Eights and Sevens
Seat 3: llmaiconll (big blind) mucked


PokerStars Hand #174098355886:  Hold'em Limit ($3/$6 USD) - 2017/08/08 20:28:53 ET
Table 'Achates' 6-max Seat #3 is the button
Seat 1: Zubasa07 ($322.84 in chips)
Seat 3: llmaiconll ($49.56 in chips)
llmaiconll: posts small blind $1
Zubasa07: posts big blind $3
*** HOLE CARDS ***
llmaiconll: raises $3 to $6
Zubasa07: calls $3
*** FLOP *** [2h 9h 5d]
Zubasa07: checks
llmaiconll: checks
*** TURN *** [2h 9h 5d] [Js]
Zubasa07: checks
llmaiconll: bets $6
Zubasa07: calls $6
*** RIVER *** [2h 9h 5d Js] [3s]
Zubasa07: checks
llmaiconll: bets $6
Zubasa07: calls $6
*** SHOW DOWN ***
llmaiconll: shows [Jc 8s] (a pair of Jacks)
Zubasa07: mucks hand
llmaiconll collected $35.50 from pot
*** SUMMARY ***
Total pot $36 | Rake $0.50
Board [2h 9h 5d Js 3s]
Seat 1: Zubasa07 (big blind) mucked
Seat 3: llmaiconll (button) (small blind) showed [Jc 8s] and won ($35.50) with a pair of Jacks


PokerStars Hand #174098378381:  Hold'em Limit ($3/$6 USD) - 2017/08/08 20:29:43 ET
Table 'Achates' 6-max Seat #1 is the button
Seat 1: Zubasa07 ($304.84 in chips)
Seat 3: llmaiconll ($67.06 in chips)
Zubasa07: posts small blind $1
llmaiconll: posts big blind $3
*** HOLE CARDS ***
Zubasa07: raises $3 to $6
llmaiconll: calls $3
*** FLOP *** [Th 4h Qs]
llmaiconll: bets $3
Zubasa07: calls $3
*** TURN *** [Th 4h Qs] [8d]
llmaiconll: bets $6
Zubasa07: calls $6
*** RIVER *** [Th 4h Qs 8d] [4d]
llmaiconll: bets $6
Zubasa07: calls $6
*** SHOW DOWN ***
llmaiconll: shows [Qc 3d] (two pair, Queens and Fours)
Zubasa07: mucks hand
llmaiconll collected $41.50 from pot
*** SUMMARY ***
Total pot $42 | Rake $0.50
Board [Th 4h Qs 8d 4d]
Seat 1: Zubasa07 (button) (small blind) mucked
Seat 3: llmaiconll (big blind) showed [Qc 3d] and won ($41.50) with two pair, Queens and Fours


PokerStars Hand #174098398358:  Hold'em Limit ($3/$6 USD) - 2017/08/08 20:30:26 ET
Table 'Achates' 6-max Seat #3 is the button
Seat 1: Zubasa07 ($283.84 in chips)
Seat 3: llmaiconll ($87.56 in chips)
llmaiconll: posts small blind $1
Zubasa07: posts big blind $3
*** HOLE CARDS ***
llmaiconll: calls $2
Zubasa07: raises $3 to $6
llmaiconll: calls $3
*** FLOP *** [9s Tc 8c]
Zubasa07: checks
llmaiconll: bets $3
Zubasa07: calls $3
*** TURN *** [9s Tc 8c] [7h]
Zubasa07: checks
llmaiconll: checks
*** RIVER *** [9s Tc 8c 7h] [4s]
Zubasa07: checks
llmaiconll: bets $6
Zubasa07: folds
Uncalled bet ($6) returned to llmaiconll
llmaiconll collected $17.64 from pot
llmaiconll: doesn't show hand
*** SUMMARY ***
Total pot $18 | Rake $0.36
Board [9s Tc 8c 7h 4s]
Seat 1: Zubasa07 (big blind) folded on the River
Seat 3: llmaiconll (button) (small blind) collected ($17.64)


PokerStars Hand #174098430404:  Hold'em Limit ($3/$6 USD) - 2017/08/08 20:31:37 ET
Table 'Achates' 6-max Seat #1 is the button
Seat 1: Zubasa07 ($274.84 in chips)
Seat 3: llmaiconll ($96.20 in chips)
Zubasa07: posts small blind $1
llmaiconll: posts big blind $3
*** HOLE CARDS ***
Zubasa07: raises $3 to $6
llmaiconll: calls $3
*** FLOP *** [9h 6h As]
llmaiconll: checks
Zubasa07: bets $3
llmaiconll: folds
Uncalled bet ($3) returned to Zubasa07
Zubasa07 collected $11.76 from pot
Zubasa07: doesn't show hand
*** SUMMARY ***
Total pot $12 | Rake $0.24
Board [9h 6h As]
Seat 1: Zubasa07 (button) (small blind) collected ($11.76)
Seat 3: llmaiconll (big blind) folded on the Flop


PokerStars Hand #174098443202:  Hold'em Limit ($3/$6 USD) - 2017/08/08 20:32:05 ET
Table 'Achates' 6-max Seat #3 is the button
Seat 1: Zubasa07 ($280.60 in chips)
Seat 3: llmaiconll ($90.20 in chips)
llmaiconll: posts small blind $1
Zubasa07: posts big blind $3
*** HOLE CARDS ***
llmaiconll: raises $3 to $6
Zubasa07: calls $3
*** FLOP *** [2s 5h 8d]
Zubasa07: checks
llmaiconll: checks
*** TURN *** [2s 5h 8d] [Kd]
Zubasa07: checks
llmaiconll: bets $6
Zubasa07: folds
Uncalled bet ($6) returned to llmaiconll
llmaiconll collected $11.76 from pot
llmaiconll: doesn't show hand
*** SUMMARY ***
Total pot $12 | Rake $0.24
Board [2s 5h 8d Kd]
Seat 1: Zubasa07 (big blind) folded on the Turn
Seat 3: llmaiconll (button) (small blind) collected ($11.76)


PokerStars Hand #174098458318:  Hold'em Limit ($3/$6 USD) - 2017/08/08 20:32:38 ET
Table 'Achates' 6-max Seat #1 is the button
Seat 1: Zubasa07 ($274.60 in chips)
Seat 3: llmaiconll ($95.96 in chips)
Zubasa07: posts small blind $1
llmaiconll: posts big blind $3
*** HOLE CARDS ***
Zubasa07: raises $3 to $6
llmaiconll: calls $3
*** FLOP *** [3h Tc 5h]
llmaiconll: checks
Zubasa07: bets $3
llmaiconll: calls $3
*** TURN *** [3h Tc 5h] [9h]
llmaiconll: checks
Zubasa07: bets $6
llmaiconll: calls $6
*** RIVER *** [3h Tc 5h 9h] [9s]
llmaiconll: checks
Zubasa07: bets $6
llmaiconll: folds
Uncalled bet ($6) returned to Zubasa07
Zubasa07 collected $29.50 from pot
Zubasa07: doesn't show hand
*** SUMMARY ***
Total pot $30 | Rake $0.50
Board [3h Tc 5h 9h 9s]
Seat 1: Zubasa07 (button) (small blind) collected ($29.50)
Seat 3: llmaiconll (big blind) folded on the River


PokerStars Hand #174098496849:  Hold'em Limit ($3/$6 USD) - 2017/08/08 20:34:03 ET
Table 'Achates' 6-max Seat #3 is the button
Seat 1: Zubasa07 ($294.74 in chips)
Seat 3: llmaiconll ($74.84 in chips)
llmaiconll: posts small blind $1
Zubasa07: posts big blind $3
*** HOLE CARDS ***
llmaiconll: raises $3 to $6
Zubasa07: calls $3
*** FLOP *** [6c Tc Qs]
Zubasa07: checks
llmaiconll: bets $3
Zubasa07: folds
Uncalled bet ($3) returned to llmaiconll
llmaiconll collected $11.76 from pot
llmaiconll: doesn't show hand
*** SUMMARY ***
Total pot $12 | Rake $0.24
Board [6c Tc Qs]
Seat 1: Zubasa07 (big blind) folded on the Flop
Seat 3: llmaiconll (button) (small blind) collected ($11.76)


PokerStars Hand #174098482881:  Hold'em Limit ($3/$6 USD) - 2017/08/08 20:33:32 ET
Table 'Achates' 6-max Seat #1 is the button
Seat 1: Zubasa07 ($294.86 in chips)
Seat 3: llmaiconll ($74.96 in chips)
Zubasa07: posts small blind $1
llmaiconll: posts big blind $3
*** HOLE CARDS ***
Zubasa07: raises $3 to $6
llmaiconll: calls $3
*** FLOP *** [9c 7d 3d]
llmaiconll: checks
Zubasa07: checks
*** TURN *** [9c 7d 3d] [8c]
llmaiconll: checks
Zubasa07: checks
*** RIVER *** [9c 7d 3d 8c] [Kh]
llmaiconll: checks
Zubasa07: checks
*** SHOW DOWN ***
llmaiconll: shows [2c Ad] (high card Ace)
Zubasa07: shows [6h Ah] (high card Ace)
llmaiconll collected $5.88 from pot
Zubasa07 collected $5.88 from pot
*** SUMMARY ***
Total pot $12 | Rake $0.24
Board [9c 7d 3d 8c Kh]
Seat 1: Zubasa07 (button) (small blind) showed [6h Ah] and won ($5.88) with high card Ace
Seat 3: llmaiconll (big blind) showed [2c Ad] and won ($5.88) with high card Ace


PokerStars Hand #174098529519:  Hold'em Limit ($3/$6 USD) - 2017/08/08 20:35:15 ET
Table 'Achates' 6-max Seat #3 is the button
Seat 1: Zubasa07 ($273.74 in chips)
Seat 3: llmaiconll ($95.10 in chips)
llmaiconll: posts small blind $1
Zubasa07: posts big blind $3
*** HOLE CARDS ***
llmaiconll: raises $3 to $6
Zubasa07: calls $3
*** FLOP *** [Kc Ac Ah]
Zubasa07: checks
llmaiconll: bets $3
Zubasa07: folds
Uncalled bet ($3) returned to llmaiconll
llmaiconll collected $11.76 from pot
llmaiconll: doesn't show hand
*** SUMMARY ***
Total pot $12 | Rake $0.24
Board [Kc Ac Ah]
Seat 1: Zubasa07 (big blind) folded on the Flop
Seat 3: llmaiconll (button) (small blind) collected ($11.76)


PokerStars Hand #174098506186:  Hold'em Limit ($3/$6 USD) - 2017/08/08 20:34:24 ET
Table 'Achates' 6-max Seat #1 is the button
Seat 1: Zubasa07 ($288.74 in chips)
Seat 3: llmaiconll ($80.60 in chips)
Zubasa07: posts small blind $1
llmaiconll: posts big blind $3
*** HOLE CARDS ***
Zubasa07: raises $3 to $6
llmaiconll: calls $3
*** FLOP *** [3s Tc 4d]
llmaiconll: checks
Zubasa07: bets $3
NAUTJE1337 joins the table at seat #2
llmaiconll: calls $3
*** TURN *** [3s Tc 4d] [3h]
llmaiconll: checks
Zubasa07: checks
*** RIVER *** [3s Tc 4d 3h] [7s]
llmaiconll: bets $6
Zubasa07: calls $6
*** SHOW DOWN ***
llmaiconll: shows [3d 8d] (three of a kind, Threes)
Zubasa07: mucks hand
llmaiconll collected $29.50 from pot
*** SUMMARY ***
Total pot $30 | Rake $0.50
Board [3s Tc 4d 3h 7s]
Seat 1: Zubasa07 (button) (small blind) mucked
Seat 3: llmaiconll (big blind) showed [3d 8d] and won ($29.50) with three of a kind, Threes


PokerStars Hand #174098619586:  Hold'em Limit ($3/$6 USD) - 2017/08/08 20:38:36 ET
Table 'Achates' 6-max Seat #1 is the button
Seat 1: Zubasa07 ($258.38 in chips)
Seat 3: llmaiconll ($119.58 in chips)
Zubasa07: posts small blind $1
llmaiconll: posts big blind $3
*** HOLE CARDS ***
Zubasa07: raises $3 to $6
llmaiconll: calls $3
*** FLOP *** [9c Ah 9h]
llmaiconll: checks
Zubasa07: bets $3
llmaiconll: folds
Uncalled bet ($3) returned to Zubasa07
Zubasa07 collected $11.76 from pot
Zubasa07: doesn't show hand
*** SUMMARY ***
Total pot $12 | Rake $0.24
Board [9c Ah 9h]
Seat 1: Zubasa07 (button) (small blind) collected ($11.76)
Seat 3: llmaiconll (big blind) folded on the Flop


PokerStars Hand #174098629405:  Hold'em Limit ($3/$6 USD) - 2017/08/08 20:38:58 ET
Table 'Achates' 6-max Seat #3 is the button
Seat 1: Zubasa07 ($264.14 in chips)
Seat 3: llmaiconll ($113.58 in chips)
llmaiconll: posts small blind $1
Zubasa07: posts big blind $3
*** HOLE CARDS ***
llmaiconll: raises $3 to $6
Zubasa07: calls $3
*** FLOP *** [Ks 6h 2s]
Zubasa07: checks
llmaiconll: checks
*** TURN *** [Ks 6h 2s] [8s]
Zubasa07: checks
llmaiconll: checks
*** RIVER *** [Ks 6h 2s 8s] [5h]
Zubasa07: checks
llmaiconll: checks
*** SHOW DOWN ***
Zubasa07: shows [7h Qs] (high card King)
llmaiconll: mucks hand
Zubasa07 collected $11.76 from pot
*** SUMMARY ***
Total pot $12 | Rake $0.24
Board [Ks 6h 2s 8s 5h]
Seat 1: Zubasa07 (big blind) showed [7h Qs] and won ($11.76) with high card King
Seat 3: llmaiconll (button) (small blind) mucked


PokerStars Hand #174098740997:  Hold'em Limit ($3/$6 USD) - 2017/08/08 20:43:09 ET
Table 'Achates' 6-max Seat #3 is the button
Seat 1: Zubasa07 ($344.39 in chips)
Seat 3: llmaiconll ($63.19 in chips)
llmaiconll: posts small blind $1
Zubasa07: posts big blind $3
*** HOLE CARDS ***
NAUTJE1337 joins the table at seat #4
llmaiconll: folds
Uncalled bet ($2) returned to Zubasa07
Zubasa07 collected $2 from pot
Zubasa07: doesn't show hand
*** SUMMARY ***
Total pot $2 | Rake $0
Seat 1: Zubasa07 (big blind) collected ($2)
Seat 3: llmaiconll (button) (small blind) folded before Flop


PokerStars Hand #174098725864:  Hold'em Limit ($3/$6 USD) - 2017/08/08 20:42:34 ET
Table 'Achates' 6-max Seat #1 is the button
Seat 1: Zubasa07 ($335.75 in chips)
Seat 3: llmaiconll ($72.19 in chips)
Zubasa07: posts small blind $1
llmaiconll: posts big blind $3
*** HOLE CARDS ***
Zubasa07: raises $3 to $6
NAUTJE1337 leaves the table
llmaiconll: calls $3
*** FLOP *** [5s 2d 8d]
llmaiconll: checks
Zubasa07: bets $3
llmaiconll: calls $3
*** TURN *** [5s 2d 8d] [4d]
llmaiconll: checks
Zubasa07: bets $6
llmaiconll: folds
Uncalled bet ($6) returned to Zubasa07
Zubasa07 collected $17.64 from pot
Zubasa07: doesn't show hand
*** SUMMARY ***
Total pot $18 | Rake $0.36
Board [5s 2d 8d 4d]
Seat 1: Zubasa07 (button) (small blind) collected ($17.64)
Seat 3: llmaiconll (big blind) folded on the Turn


PokerStars Hand #174098743683:  Hold'em Limit ($3/$6 USD) - 2017/08/08 20:43:15 ET
Table 'Achates' 6-max Seat #1 is the button
Seat 1: Zubasa07 ($345.39 in chips)
Seat 3: llmaiconll ($62.19 in chips)
Zubasa07: posts small blind $1
llmaiconll: posts big blind $3
*** HOLE CARDS ***
Zubasa07: raises $3 to $6
Jack_Wu1985 joins the table at seat #5
llmaiconll: calls $3
*** FLOP *** [7h Ad 7s]
llmaiconll: checks
Zubasa07: bets $3
llmaiconll: folds
Uncalled bet ($3) returned to Zubasa07
Zubasa07 collected $11.76 from pot
Zubasa07: doesn't show hand
*** SUMMARY ***
Total pot $12 | Rake $0.24
Board [7h Ad 7s]
Seat 1: Zubasa07 (button) (small blind) collected ($11.76)
Seat 3: llmaiconll (big blind) folded on the Flop


PokerStars Hand #174099233649:  Hold'em Limit ($3/$6 USD) - 2017/08/08 21:02:46 ET
Table 'Achates' 6-max Seat #6 is the button
Seat 1: Zubasa07 ($379.20 in chips)
Seat 6: MYBYRDBRENDA ($62.34 in chips)
MYBYRDBRENDA: posts small blind $1
Zubasa07: posts big blind $3
*** HOLE CARDS ***
MYBYRDBRENDA: calls $2
Zubasa07: raises $3 to $6
MYBYRDBRENDA: calls $3
*** FLOP *** [7d 5d 9s]
Zubasa07: bets $3
MYBYRDBRENDA: raises $3 to $6
Zubasa07: folds
Uncalled bet ($3) returned to MYBYRDBRENDA
MYBYRDBRENDA collected $17.64 from pot
MYBYRDBRENDA: doesn't show hand
*** SUMMARY ***
Total pot $18 | Rake $0.36
Board [7d 5d 9s]
Seat 1: Zubasa07 (big blind) folded on the Flop
Seat 6: MYBYRDBRENDA (button) (small blind) collected ($17.64)


PokerStars Hand #174099210513:  Hold'em Limit ($3/$6 USD) - 2017/08/08 21:01:51 ET
Table 'Achates' 6-max Seat #1 is the button
Seat 1: Zubasa07 ($364.70 in chips)
Seat 6: MYBYRDBRENDA ($77.34 in chips)
Zubasa07: posts small blind $1
MYBYRDBRENDA: posts big blind $3
*** HOLE CARDS ***
Zubasa07: raises $3 to $6
MYBYRDBRENDA: calls $3
*** FLOP *** [Ac 3c Th]
MYBYRDBRENDA: bets $3
Zubasa07: calls $3
*** TURN *** [Ac 3c Th] [3s]
MYBYRDBRENDA: checks
Zubasa07: checks
*** RIVER *** [Ac 3c Th 3s] [5h]
MYBYRDBRENDA: bets $6
Zubasa07: calls $6
*** SHOW DOWN ***
MYBYRDBRENDA: shows [7h Qc] (a pair of Threes)
Zubasa07: shows [Kc Ts] (two pair, Tens and Threes)
Zubasa07 collected $29.50 from pot
*** SUMMARY ***
Total pot $30 | Rake $0.50
Board [Ac 3c Th 3s 5h]
Seat 1: Zubasa07 (button) (small blind) showed [Kc Ts] and won ($29.50) with two pair, Tens and Threes
Seat 6: MYBYRDBRENDA (big blind) showed [7h Qc] and lost with a pair of Threes


PokerStars Hand #174099285098:  Hold'em Limit ($3/$6 USD) - 2017/08/08 21:04:48 ET
Table 'Achates' 6-max Seat #3 is the button
Seat 3: llmaiconll ($204.47 in chips)
Seat 6: MYBYRDBRENDA ($57.98 in chips)
llmaiconll: posts small blind $1
MYBYRDBRENDA: posts big blind $3
*** HOLE CARDS ***
llmaiconll: folds
Uncalled bet ($2) returned to MYBYRDBRENDA
MYBYRDBRENDA collected $2 from pot
MYBYRDBRENDA: doesn't show hand
*** SUMMARY ***
Total pot $2 | Rake $0
Seat 3: llmaiconll (button) (small blind) folded before Flop
Seat 6: MYBYRDBRENDA (big blind) collected ($2)


PokerStars Hand #174099282695:  Hold'em Limit ($3/$6 USD) - 2017/08/08 21:04:42 ET
Table 'Achates' 6-max Seat #6 is the button
Seat 3: llmaiconll ($203.47 in chips)
Seat 6: MYBYRDBRENDA ($58.98 in chips)
MYBYRDBRENDA: posts small blind $1
Zubasa07: is sitting out
llmaiconll: posts big blind $3
*** HOLE CARDS ***
MYBYRDBRENDA: folds
Uncalled bet ($2) returned to llmaiconll
llmaiconll collected $2 from pot
llmaiconll: doesn't show hand
*** SUMMARY ***
Total pot $2 | Rake $0
Seat 3: llmaiconll (big blind) collected ($2)
Seat 6: MYBYRDBRENDA (button) (small blind) folded before Flop


PokerStars Hand #174099287775:  Hold'em Limit ($3/$6 USD) - 2017/08/08 21:04:54 ET
Table 'Achates' 6-max Seat #6 is the button
Seat 3: llmaiconll ($203.47 in chips)
Seat 6: MYBYRDBRENDA ($58.98 in chips)
MYBYRDBRENDA: posts small blind $1
llmaiconll: posts big blind $3
*** HOLE CARDS ***
MYBYRDBRENDA: raises $3 to $6
llmaiconll: calls $3
*** FLOP *** [4s Kc Td]
llmaiconll: checks
MYBYRDBRENDA: bets $3
llmaiconll: calls $3
*** TURN *** [4s Kc Td] [Tc]
llmaiconll: bets $6
MYBYRDBRENDA: folds
Uncalled bet ($6) returned to llmaiconll
llmaiconll collected $17.64 from pot
llmaiconll: doesn't show hand
*** SUMMARY ***
Total pot $18 | Rake $0.36
Board [4s Kc Td Tc]
Seat 3: llmaiconll (big blind) collected ($17.64)
Seat 6: MYBYRDBRENDA (button) (small blind) folded on the Turn


PokerStars Hand #174099300566:  Hold'em Limit ($3/$6 USD) - 2017/08/08 21:05:23 ET
Table 'Achates' 6-max Seat #3 is the button
Seat 3: llmaiconll ($212.11 in chips)
Seat 6: MYBYRDBRENDA ($49.98 in chips)
llmaiconll: posts small blind $1
MYBYRDBRENDA: posts big blind $3
*** HOLE CARDS ***
rontani joins the table at seat #2
llmaiconll: calls $2
MYBYRDBRENDA: checks
*** FLOP *** [2h Td 8h]
MYBYRDBRENDA: checks
llmaiconll: checks
*** TURN *** [2h Td 8h] [Qc]
MYBYRDBRENDA: checks
llmaiconll: checks
*** RIVER *** [2h Td 8h Qc] [8c]
MYBYRDBRENDA: checks
llmaiconll: checks
*** SHOW DOWN ***
MYBYRDBRENDA: shows [Kd 3s] (a pair of Eights)
llmaiconll: shows [9c 2c] (two pair, Eights and Deuces)
llmaiconll collected $5.88 from pot
*** SUMMARY ***
Total pot $6 | Rake $0.12
Board [2h Td 8h Qc 8c]
Seat 3: llmaiconll (button) (small blind) showed [9c 2c] and won ($5.88) with two pair, Eights and Deuces
Seat 6: MYBYRDBRENDA (big blind) showed [Kd 3s] and lost with a pair of Eights


PokerStars Hand #174100869386:  Hold'em Limit ($3/$6 USD) - 2017/08/08 22:12:09 ET
Table 'Achates' 6-max Seat #2 is the button
Seat 2: ShippingWar ($40.30 in chips)
Seat 3: millon ($120 in chips)
ShippingWar: posts small blind $1
millon: posts big blind $3
*** HOLE CARDS ***
ShippingWar: raises $3 to $6
millon: folds
Uncalled bet ($3) returned to ShippingWar
ShippingWar collected $6 from pot
*** SUMMARY ***
Total pot $6 | Rake $0
Seat 2: ShippingWar (button) (small blind) collected ($6)
Seat 3: millon (big blind) folded before Flop


PokerStars Hand #174101078559:  Hold'em Limit ($3/$6 USD) - 2017/08/08 22:21:59 ET
Table 'Achates' 6-max Seat #3 is the button
Seat 3: millon ($77.01 in chips)
Seat 4: Great_Kang ($218.24 in chips)
millon: posts small blind $1
Great_Kang: posts big blind $3
*** HOLE CARDS ***
millon: raises $3 to $6
Great_Kang: calls $3
*** FLOP *** [Ah 2c 7d]
Great_Kang: checks
millon: bets $3
Great_Kang: calls $3
*** TURN *** [Ah 2c 7d] [6h]
Great_Kang: checks
millon: bets $6
Great_Kang: calls $6
*** RIVER *** [Ah 2c 7d 6h] [Kh]
Great_Kang: checks
millon: bets $6
Great_Kang: folds
Uncalled bet ($6) returned to millon
millon collected $29.50 from pot
*** SUMMARY ***
Total pot $30 | Rake $0.50
Board [Ah 2c 7d 6h Kh]
Seat 3: millon (button) (small blind) collected ($29.50)
Seat 4: Great_Kang (big blind) folded on the River


PokerStars Hand #174101228576:  Hold'em Limit ($3/$6 USD) - 2017/08/08 22:29:19 ET
Table 'Achates' 6-max Seat #3 is the button
Seat 3: millon ($129.25 in chips)
Seat 4: Great_Kang ($156.80 in chips)
millon: posts small blind $1
Great_Kang: posts big blind $3
*** HOLE CARDS ***
millon: raises $3 to $6
Great_Kang: raises $3 to $9
millon: calls $3
*** FLOP *** [5s 7s 6h]
fleabaggs joins the table at seat #2
Great_Kang: bets $3
millon: calls $3
*** TURN *** [5s 7s 6h] [Ks]
Great_Kang: bets $6
millon: calls $6
*** RIVER *** [5s 7s 6h Ks] [5d]
Great_Kang: checks
millon: checks
*** SHOW DOWN ***
Great_Kang: shows [Ad 9d] (a pair of Fives)
millon: mucks hand
Great_Kang collected $35.50 from pot
*** SUMMARY ***
Total pot $36 | Rake $0.50
Board [5s 7s 6h Ks 5d]
Seat 3: millon (button) (small blind) mucked
Seat 4: Great_Kang (big blind) showed [Ad 9d] and won ($35.50) with a pair of Fives


