PokerStars Hand #146710942848:  Hold'em Limit ($3/$6 USD) - 2016/01/08 19:12:56 ET
Table 'Achernar' 6-max Seat #4 is the button
Seat 3: covasa andre ($50.99 in chips)
Seat 4: BuzovaPro ($72 in chips)
BuzovaPro: posts small blind $1
covasa andre: posts big blind $3
*** HOLE CARDS ***
BuzovaPro: raises $3 to $6
covasa andre: calls $3
*** FLOP *** [8s 3s 8c]
covasa andre: bets $3
BuzovaPro: calls $3
*** TURN *** [8s 3s 8c] [5d]
covasa andre: bets $6
BuzovaPro: calls $6
*** RIVER *** [8s 3s 8c 5d] [Qs]
covasa andre: bets $6
BuzovaPro: calls $6
*** SHOW DOWN ***
covasa andre: shows [Ac 7h] (a pair of Eights)
BuzovaPro: shows [5s 7d] (two pair, Eights and Fives)
BuzovaPro collected $41.50 from pot
*** SUMMARY ***
Total pot $42 | Rake $0.50
Board [8s 3s 8c 5d Qs]
Seat 3: covasa andre (big blind) showed [Ac 7h] and lost with a pair of Eights
Seat 4: BuzovaPro (button) (small blind) showed [5s 7d] and won ($41.50) with two pair, Eights and Fives


PokerStars Hand #146711011175:  Hold'em Limit ($3/$6 USD) - 2016/01/08 19:14:20 ET
Table 'Achernar' 6-max Seat #4 is the button
Seat 3: covasa andre ($28.99 in chips)
Seat 4: BuzovaPro ($93.50 in chips)
BuzovaPro: posts small blind $1
covasa andre: posts big blind $3
*** HOLE CARDS ***
BuzovaPro: folds
Uncalled bet ($2) returned to covasa andre
covasa andre collected $2 from pot
covasa andre: doesn't show hand
*** SUMMARY ***
Total pot $2 | Rake $0
Seat 3: covasa andre (big blind) collected ($2)
Seat 4: BuzovaPro (button) (small blind) folded before Flop


PokerStars Hand #146711006545:  Hold'em Limit ($3/$6 USD) - 2016/01/08 19:14:14 ET
Table 'Achernar' 6-max Seat #3 is the button
Seat 3: covasa andre ($29.99 in chips)
Seat 4: BuzovaPro ($92.50 in chips)
covasa andre: posts small blind $1
BuzovaPro: posts big blind $3
*** HOLE CARDS ***
covasa andre: folds
Uncalled bet ($2) returned to BuzovaPro
BuzovaPro collected $2 from pot
BuzovaPro: doesn't show hand
*** SUMMARY ***
Total pot $2 | Rake $0
Seat 3: covasa andre (button) (small blind) folded before Flop
Seat 4: BuzovaPro (big blind) collected ($2)


PokerStars Hand #146710969999:  Hold'em Limit ($3/$6 USD) - 2016/01/08 19:13:29 ET
Table 'Achernar' 6-max Seat #3 is the button
Seat 3: covasa andre ($29.99 in chips)
Seat 4: BuzovaPro ($92.50 in chips)
covasa andre: posts small blind $1
BuzovaPro: posts big blind $3
*** HOLE CARDS ***
covasa andre: raises $3 to $6
BuzovaPro: folds
Uncalled bet ($3) returned to covasa andre
covasa andre collected $6 from pot
covasa andre: doesn't show hand
*** SUMMARY ***
Total pot $6 | Rake $0
Seat 3: covasa andre (button) (small blind) collected ($6)
Seat 4: BuzovaPro (big blind) folded before Flop


PokerStars Hand #146711016149:  Hold'em Limit ($3/$6 USD) - 2016/01/08 19:14:26 ET
Table 'Achernar' 6-max Seat #3 is the button
Seat 3: covasa andre ($29.99 in chips)
Seat 4: BuzovaPro ($92.50 in chips)
covasa andre: posts small blind $1
BuzovaPro: posts big blind $3
*** HOLE CARDS ***
covasa andre: raises $3 to $6
BuzovaPro: raises $3 to $9
covasa andre: calls $3
*** FLOP *** [6c 8d Qs]
BuzovaPro: bets $3
covasa andre: raises $3 to $6
BuzovaPro: raises $3 to $9
covasa andre: calls $3
*** TURN *** [6c 8d Qs] [Tc]
BuzovaPro: bets $6
covasa andre: raises $5.99 to $11.99 and is all-in
BuzovaPro: calls $5.99
*** RIVER *** [6c 8d Qs Tc] [Ah]
*** SHOW DOWN ***
BuzovaPro: shows [Qh 8h] (two pair, Queens and Eights)
covasa andre: shows [Jd 8s] (a pair of Eights)
BuzovaPro collected $59.48 from pot
*** SUMMARY ***
Total pot $59.98 | Rake $0.50
Board [6c 8d Qs Tc Ah]
Seat 3: covasa andre (button) (small blind) showed [Jd 8s] and lost with a pair of Eights
Seat 4: BuzovaPro (big blind) showed [Qh 8h] and won ($59.48) with two pair, Queens and Eights


PokerStars Hand #146711109946:  Hold'em Limit ($3/$6 USD) - 2016/01/08 19:16:21 ET
Table 'Achernar' 6-max Seat #3 is the button
Seat 3: covasa andre ($32.94 in chips)
Seat 4: BuzovaPro ($120.99 in chips)
covasa andre: posts small blind $1
BuzovaPro: posts big blind $3
*** HOLE CARDS ***
covasa andre: folds
Uncalled bet ($2) returned to BuzovaPro
BuzovaPro collected $2 from pot
BuzovaPro: doesn't show hand
*** SUMMARY ***
Total pot $2 | Rake $0
Seat 3: covasa andre (button) (small blind) folded before Flop
Seat 4: BuzovaPro (big blind) collected ($2)


PokerStars Hand #146711099017:  Hold'em Limit ($3/$6 USD) - 2016/01/08 19:16:08 ET
Table 'Achernar' 6-max Seat #4 is the button
Seat 3: covasa andre ($31.94 in chips)
Seat 4: BuzovaPro ($121.99 in chips)
BuzovaPro: posts small blind $1
covasa andre: posts big blind $3
*** HOLE CARDS ***
BuzovaPro: folds
Uncalled bet ($2) returned to covasa andre
covasa andre collected $2 from pot
covasa andre: doesn't show hand
*** SUMMARY ***
Total pot $2 | Rake $0
Seat 3: covasa andre (big blind) collected ($2)
Seat 4: BuzovaPro (button) (small blind) folded before Flop


PokerStars Hand #146711150334:  Hold'em Limit ($3/$6 USD) - 2016/01/08 19:17:11 ET
Table 'Achernar' 6-max Seat #3 is the button
Seat 3: covasa andre ($42.44 in chips)
Seat 4: BuzovaPro ($110.99 in chips)
covasa andre: posts small blind $1
BuzovaPro: posts big blind $3
*** HOLE CARDS ***
covasa andre: raises $3 to $6
BuzovaPro: calls $3
*** FLOP *** [4c 7d Td]
BuzovaPro: checks
covasa andre: checks
*** TURN *** [4c 7d Td] [Ks]
BuzovaPro: bets $6
covasa andre: folds
Uncalled bet ($6) returned to BuzovaPro
BuzovaPro collected $11.76 from pot
BuzovaPro: doesn't show hand
*** SUMMARY ***
Total pot $12 | Rake $0.24
Board [4c 7d Td Ks]
Seat 3: covasa andre (button) (small blind) folded on the Turn
Seat 4: BuzovaPro (big blind) collected ($11.76)


PokerStars Hand #146711145773:  Hold'em Limit ($3/$6 USD) - 2016/01/08 19:17:05 ET
Table 'Achernar' 6-max Seat #4 is the button
Seat 3: covasa andre ($45.44 in chips)
Seat 4: BuzovaPro ($107.99 in chips)
BuzovaPro: posts small blind $1
covasa andre: posts big blind $3
*** HOLE CARDS ***
BuzovaPro: raises $3 to $6
covasa andre: folds
Uncalled bet ($3) returned to BuzovaPro
BuzovaPro collected $6 from pot
BuzovaPro: doesn't show hand
*** SUMMARY ***
Total pot $6 | Rake $0
Seat 3: covasa andre (big blind) folded before Flop
Seat 4: BuzovaPro (button) (small blind) collected ($6)


PokerStars Hand #146711141273:  Hold'em Limit ($3/$6 USD) - 2016/01/08 19:17:00 ET
Table 'Achernar' 6-max Seat #3 is the button
Seat 3: covasa andre ($46.44 in chips)
Seat 4: BuzovaPro ($106.99 in chips)
covasa andre: posts small blind $1
BuzovaPro: posts big blind $3
*** HOLE CARDS ***
covasa andre: folds
Uncalled bet ($2) returned to BuzovaPro
BuzovaPro collected $2 from pot
BuzovaPro: doesn't show hand
*** SUMMARY ***
Total pot $2 | Rake $0
Seat 3: covasa andre (button) (small blind) folded before Flop
Seat 4: BuzovaPro (big blind) collected ($2)


PokerStars Hand #146711113509:  Hold'em Limit ($3/$6 USD) - 2016/01/08 19:16:25 ET
Table 'Achernar' 6-max Seat #4 is the button
Seat 3: covasa andre ($31.94 in chips)
Seat 4: BuzovaPro ($121.99 in chips)
BuzovaPro: posts small blind $1
covasa andre: posts big blind $3
*** HOLE CARDS ***
BuzovaPro: raises $3 to $6
covasa andre: calls $3
*** FLOP *** [Kh Ac 6c]
covasa andre: checks
BuzovaPro: bets $3
covasa andre: raises $3 to $6
BuzovaPro: raises $3 to $9
covasa andre: raises $3 to $12
Betting is capped
BuzovaPro: folds
Uncalled bet ($3) returned to covasa andre
covasa andre collected $29.50 from pot
covasa andre: doesn't show hand
*** SUMMARY ***
Total pot $30 | Rake $0.50
Board [Kh Ac 6c]
Seat 3: covasa andre (big blind) collected ($29.50)
Seat 4: BuzovaPro (button) (small blind) folded on the Flop


PokerStars Hand #146711174560:  Hold'em Limit ($3/$6 USD) - 2016/01/08 19:17:41 ET
Table 'Achernar' 6-max Seat #4 is the button
Seat 3: covasa andre ($36.44 in chips)
Seat 4: BuzovaPro ($116.75 in chips)
BuzovaPro: posts small blind $1
covasa andre: posts big blind $3
*** HOLE CARDS ***
BuzovaPro: raises $3 to $6
covasa andre: calls $3
*** FLOP *** [8d 7h Qd]
covasa andre: checks
BuzovaPro: checks
*** TURN *** [8d 7h Qd] [Kh]
covasa andre: bets $6
BuzovaPro: calls $6
*** RIVER *** [8d 7h Qd Kh] [7d]
covasa andre: bets $6
BuzovaPro: raises $6 to $12
covasa andre: raises $6 to $18
BuzovaPro: calls $6
*** SHOW DOWN ***
covasa andre: shows [Jd 9d] (a flush, Queen high)
BuzovaPro: mucks hand
covasa andre collected $59.50 from pot
*** SUMMARY ***
Total pot $60 | Rake $0.50
Board [8d 7h Qd Kh 7d]
Seat 3: covasa andre (big blind) showed [Jd 9d] and won ($59.50) with a flush, Queen high
Seat 4: BuzovaPro (button) (small blind) mucked


PokerStars Hand #146711170761:  Hold'em Limit ($3/$6 USD) - 2016/01/08 19:17:36 ET
Table 'Achernar' 6-max Seat #3 is the button
Seat 3: covasa andre ($37.44 in chips)
Seat 4: BuzovaPro ($115.75 in chips)
covasa andre: posts small blind $1
BuzovaPro: posts big blind $3
*** HOLE CARDS ***
covasa andre: folds
Uncalled bet ($2) returned to BuzovaPro
BuzovaPro collected $2 from pot
BuzovaPro: doesn't show hand
*** SUMMARY ***
Total pot $2 | Rake $0
Seat 3: covasa andre (button) (small blind) folded before Flop
Seat 4: BuzovaPro (big blind) collected ($2)


PokerStars Hand #146711165858:  Hold'em Limit ($3/$6 USD) - 2016/01/08 19:17:30 ET
Table 'Achernar' 6-max Seat #4 is the button
Seat 3: covasa andre ($36.44 in chips)
Seat 4: BuzovaPro ($116.75 in chips)
BuzovaPro: posts small blind $1
covasa andre: posts big blind $3
*** HOLE CARDS ***
BuzovaPro: folds
Uncalled bet ($2) returned to covasa andre
covasa andre collected $2 from pot
covasa andre: doesn't show hand
*** SUMMARY ***
Total pot $2 | Rake $0
Seat 3: covasa andre (big blind) collected ($2)
Seat 4: BuzovaPro (button) (small blind) folded before Flop


PokerStars Hand #146711226307:  Hold'em Limit ($3/$6 USD) - 2016/01/08 19:18:45 ET
Table 'Achernar' 6-max Seat #4 is the button
Seat 3: covasa andre ($56.94 in chips)
Seat 4: BuzovaPro ($95.39 in chips)
BuzovaPro: posts small blind $1
covasa andre: posts big blind $3
*** HOLE CARDS ***
BuzovaPro: folds
Uncalled bet ($2) returned to covasa andre
covasa andre collected $2 from pot
covasa andre: doesn't show hand
*** SUMMARY ***
Total pot $2 | Rake $0
Seat 3: covasa andre (big blind) collected ($2)
Seat 4: BuzovaPro (button) (small blind) folded before Flop


PokerStars Hand #146711214845:  Hold'em Limit ($3/$6 USD) - 2016/01/08 19:18:30 ET
Table 'Achernar' 6-max Seat #3 is the button
Seat 3: covasa andre ($65.94 in chips)
Seat 4: BuzovaPro ($86.75 in chips)
covasa andre: posts small blind $1
BuzovaPro: posts big blind $3
*** HOLE CARDS ***
covasa andre: raises $3 to $6
BuzovaPro: raises $3 to $9
covasa andre: calls $3
*** FLOP *** [Qs Qh 3s]
BuzovaPro: bets $3
covasa andre: folds
Uncalled bet ($3) returned to BuzovaPro
BuzovaPro collected $17.64 from pot
BuzovaPro: doesn't show hand
*** SUMMARY ***
Total pot $18 | Rake $0.36
Board [Qs Qh 3s]
Seat 3: covasa andre (button) (small blind) folded on the Flop
Seat 4: BuzovaPro (big blind) collected ($17.64)


PokerStars Hand #146711229787:  Hold'em Limit ($3/$6 USD) - 2016/01/08 19:18:49 ET
Table 'Achernar' 6-max Seat #3 is the button
Seat 3: covasa andre ($57.94 in chips)
Seat 4: BuzovaPro ($94.39 in chips)
covasa andre: posts small blind $1
BuzovaPro: posts big blind $3
*** HOLE CARDS ***
covasa andre: raises $3 to $6
BuzovaPro: raises $3 to $9
covasa andre: raises $3 to $12
Betting is capped
BuzovaPro: calls $3
*** FLOP *** [As 4h 2h]
BuzovaPro: checks
covasa andre: bets $3
BuzovaPro: raises $3 to $6
covasa andre: calls $3
*** TURN *** [As 4h 2h] [Kc]
BuzovaPro: bets $6
covasa andre: raises $6 to $12
BuzovaPro: raises $6 to $18
covasa andre: raises $6 to $24
Betting is capped
BuzovaPro: calls $6
*** RIVER *** [As 4h 2h Kc] [3s]
BuzovaPro: bets $6
covasa andre: raises $6 to $12
BuzovaPro: raises $6 to $18
covasa andre: calls $3.94 and is all-in
Uncalled bet ($2.06) returned to BuzovaPro
*** SHOW DOWN ***
BuzovaPro: shows [Ad Ah] (three of a kind, Aces)
covasa andre: shows [Ks Kd] (three of a kind, Kings)
BuzovaPro collected $115.38 from pot
*** SUMMARY ***
Total pot $115.88 | Rake $0.50
Board [As 4h 2h Kc 3s]
Seat 3: covasa andre (button) (small blind) showed [Ks Kd] and lost with three of a kind, Kings
Seat 4: BuzovaPro (big blind) showed [Ad Ah] and won ($115.38) with three of a kind, Aces


PokerStars Hand #146713038251:  Hold'em Limit ($3/$6 USD) - 2016/01/08 19:59:18 ET
Table 'Achernar' 6-max Seat #3 is the button
Seat 3: Gesystar ($112.52 in chips)
Seat 4: AzureCaper ($78.50 in chips)
Gesystar: posts small blind $1
AzureCaper: posts big blind $3
*** HOLE CARDS ***
Gesystar: calls $2
iris1980 joins the table at seat #2
AzureCaper: checks
*** FLOP *** [Kc 6c Js]
AzureCaper: checks
Gesystar: checks
*** TURN *** [Kc 6c Js] [Jd]
AzureCaper: checks
Gesystar: bets $6
AzureCaper: folds
Uncalled bet ($6) returned to Gesystar
Gesystar collected $5.88 from pot
Gesystar: doesn't show hand
*** SUMMARY ***
Total pot $6 | Rake $0.12
Board [Kc 6c Js Jd]
Seat 3: Gesystar (button) (small blind) collected ($5.88)
Seat 4: AzureCaper (big blind) folded on the Turn


PokerStars Hand #146713033390:  Hold'em Limit ($3/$6 USD) - 2016/01/08 19:59:10 ET
Table 'Achernar' 6-max Seat #4 is the button
Seat 3: Gesystar ($111.52 in chips)
Seat 4: AzureCaper ($79.50 in chips)
AzureCaper: posts small blind $1
Gesystar: posts big blind $3
*** HOLE CARDS ***
AzureCaper: folds
Uncalled bet ($2) returned to Gesystar
Gesystar collected $2 from pot
Gesystar: doesn't show hand
*** SUMMARY ***
Total pot $2 | Rake $0
Seat 3: Gesystar (big blind) collected ($2)
Seat 4: AzureCaper (button) (small blind) folded before Flop


PokerStars Hand #146713282308:  Hold'em Limit ($3/$6 USD) - 2016/01/08 20:05:22 ET
Table 'Achernar' 6-max Seat #4 is the button
Seat 3: Gesystar ($167.77 in chips)
Seat 4: AzureCaper ($72 in chips)
AzureCaper: posts small blind $1
Gesystar: posts big blind $3
*** HOLE CARDS ***
AzureCaper: raises $3 to $6
Gesystar: calls $3
*** FLOP *** [Qh 4s Jd]
Gesystar: checks
AzureCaper: bets $3
Gesystar: calls $3
*** TURN *** [Qh 4s Jd] [7d]
Gesystar: checks
AzureCaper: checks
*** RIVER *** [Qh 4s Jd 7d] [4c]
Gesystar: bets $6
AzureCaper: calls $6
*** SHOW DOWN ***
Gesystar: shows [Kd 8s] (a pair of Fours)
AzureCaper: shows [Ah 6c] (a pair of Fours - Ace kicker)
AzureCaper collected $29.50 from pot
*** SUMMARY ***
Total pot $30 | Rake $0.50
Board [Qh 4s Jd 7d 4c]
Seat 3: Gesystar (big blind) showed [Kd 8s] and lost with a pair of Fours
Seat 4: AzureCaper (button) (small blind) showed [Ah 6c] and won ($29.50) with a pair of Fours


PokerStars Hand #146713333215:  Hold'em Limit ($3/$6 USD) - 2016/01/08 20:06:36 ET
Table 'Achernar' 6-max Seat #4 is the button
Seat 3: Gesystar ($154.41 in chips)
Seat 4: AzureCaper ($84.26 in chips)
AzureCaper: posts small blind $1
Gesystar: posts big blind $3
*** HOLE CARDS ***
AzureCaper: raises $3 to $6
Gesystar: calls $3
*** FLOP *** [5s 7d Qs]
Gesystar: checks
AzureCaper: bets $3
Gesystar: calls $3
*** TURN *** [5s 7d Qs] [Kh]
Gesystar: checks
AzureCaper: checks
*** RIVER *** [5s 7d Qs Kh] [4c]
Gesystar: bets $6
AzureCaper: folds
Uncalled bet ($6) returned to Gesystar
Gesystar collected $17.64 from pot
Gesystar: doesn't show hand
*** SUMMARY ***
Total pot $18 | Rake $0.36
Board [5s 7d Qs Kh 4c]
Seat 3: Gesystar (big blind) collected ($17.64)
Seat 4: AzureCaper (button) (small blind) folded on the River


PokerStars Hand #146713330006:  Hold'em Limit ($3/$6 USD) - 2016/01/08 20:06:31 ET
Table 'Achernar' 6-max Seat #3 is the button
Seat 3: Gesystar ($155.41 in chips)
Seat 4: AzureCaper ($83.26 in chips)
Gesystar: posts small blind $1
AzureCaper: posts big blind $3
*** HOLE CARDS ***
Gesystar: folds
Uncalled bet ($2) returned to AzureCaper
AzureCaper collected $2 from pot
AzureCaper: doesn't show hand
*** SUMMARY ***
Total pot $2 | Rake $0
Seat 3: Gesystar (button) (small blind) folded before Flop
Seat 4: AzureCaper (big blind) collected ($2)


PokerStars Hand #146713325841:  Hold'em Limit ($3/$6 USD) - 2016/01/08 20:06:25 ET
Table 'Achernar' 6-max Seat #4 is the button
Seat 3: Gesystar ($154.41 in chips)
Seat 4: AzureCaper ($84.26 in chips)
AzureCaper: posts small blind $1
Gesystar: posts big blind $3
*** HOLE CARDS ***
AzureCaper: folds
Uncalled bet ($2) returned to Gesystar
Gesystar collected $2 from pot
Gesystar: doesn't show hand
*** SUMMARY ***
Total pot $2 | Rake $0
Seat 3: Gesystar (big blind) collected ($2)
Seat 4: AzureCaper (button) (small blind) folded before Flop


PokerStars Hand #146713315242:  Hold'em Limit ($3/$6 USD) - 2016/01/08 20:06:10 ET
Table 'Achernar' 6-max Seat #3 is the button
Seat 3: Gesystar ($160.41 in chips)
Seat 4: AzureCaper ($78.50 in chips)
Gesystar: posts small blind $1
AzureCaper: posts big blind $3
*** HOLE CARDS ***
Gesystar: calls $2
AzureCaper: raises $3 to $6
Gesystar: calls $3
*** FLOP *** [4c 7d Kh]
AzureCaper: bets $3
Gesystar: folds
Uncalled bet ($3) returned to AzureCaper
AzureCaper collected $11.76 from pot
AzureCaper: doesn't show hand
*** SUMMARY ***
Total pot $12 | Rake $0.24
Board [4c 7d Kh]
Seat 3: Gesystar (button) (small blind) folded on the Flop
Seat 4: AzureCaper (big blind) collected ($11.76)


PokerStars Hand #146713302963:  Hold'em Limit ($3/$6 USD) - 2016/01/08 20:05:52 ET
Table 'Achernar' 6-max Seat #4 is the button
Seat 3: Gesystar ($151.77 in chips)
Seat 4: AzureCaper ($87.50 in chips)
AzureCaper: posts small blind $1
Gesystar: posts big blind $3
*** HOLE CARDS ***
AzureCaper: raises $3 to $6
Gesystar: calls $3
*** FLOP *** [2s 9h 2h]
Gesystar: checks
AzureCaper: bets $3
Gesystar: calls $3
*** TURN *** [2s 9h 2h] [Kc]
Gesystar: bets $6
AzureCaper: folds
Uncalled bet ($6) returned to Gesystar
Gesystar collected $17.64 from pot
Gesystar: doesn't show hand
*** SUMMARY ***
Total pot $18 | Rake $0.36
Board [2s 9h 2h Kc]
Seat 3: Gesystar (big blind) collected ($17.64)
Seat 4: AzureCaper (button) (small blind) folded on the Turn


PokerStars Hand #146713299446:  Hold'em Limit ($3/$6 USD) - 2016/01/08 20:05:47 ET
Table 'Achernar' 6-max Seat #3 is the button
Seat 3: Gesystar ($152.77 in chips)
Seat 4: AzureCaper ($86.50 in chips)
Gesystar: posts small blind $1
AzureCaper: posts big blind $3
*** HOLE CARDS ***
Gesystar: folds
Uncalled bet ($2) returned to AzureCaper
AzureCaper collected $2 from pot
AzureCaper: doesn't show hand
*** SUMMARY ***
Total pot $2 | Rake $0
Seat 3: Gesystar (button) (small blind) folded before Flop
Seat 4: AzureCaper (big blind) collected ($2)


PokerStars Hand #146713371340:  Hold'em Limit ($3/$6 USD) - 2016/01/08 20:07:31 ET
Table 'Achernar' 6-max Seat #4 is the button
Seat 3: Gesystar ($155.05 in chips)
Seat 4: AzureCaper ($83.02 in chips)
AzureCaper: posts small blind $1
Gesystar: posts big blind $3
*** HOLE CARDS ***
AzureCaper: folds
Uncalled bet ($2) returned to Gesystar
Gesystar collected $2 from pot
Gesystar: doesn't show hand
*** SUMMARY ***
Total pot $2 | Rake $0
Seat 3: Gesystar (big blind) collected ($2)
Seat 4: AzureCaper (button) (small blind) folded before Flop


PokerStars Hand #146713367982:  Hold'em Limit ($3/$6 USD) - 2016/01/08 20:07:26 ET
Table 'Achernar' 6-max Seat #3 is the button
Seat 3: Gesystar ($156.05 in chips)
Seat 4: AzureCaper ($82.02 in chips)
Gesystar: posts small blind $1
AzureCaper: posts big blind $3
*** HOLE CARDS ***
Gesystar: folds
Uncalled bet ($2) returned to AzureCaper
AzureCaper collected $2 from pot
AzureCaper: doesn't show hand
*** SUMMARY ***
Total pot $2 | Rake $0
Seat 3: Gesystar (button) (small blind) folded before Flop
Seat 4: AzureCaper (big blind) collected ($2)


PokerStars Hand #146713361259:  Hold'em Limit ($3/$6 USD) - 2016/01/08 20:07:16 ET
Table 'Achernar' 6-max Seat #3 is the button
Seat 3: Gesystar ($156.05 in chips)
Seat 4: AzureCaper ($82.02 in chips)
Gesystar: posts small blind $1
AzureCaper: posts big blind $3
*** HOLE CARDS ***
Gesystar: folds
Uncalled bet ($2) returned to AzureCaper
AzureCaper collected $2 from pot
AzureCaper: doesn't show hand
*** SUMMARY ***
Total pot $2 | Rake $0
Seat 3: Gesystar (button) (small blind) folded before Flop
Seat 4: AzureCaper (big blind) collected ($2)


PokerStars Hand #146713347907:  Hold'em Limit ($3/$6 USD) - 2016/01/08 20:06:57 ET
Table 'Achernar' 6-max Seat #4 is the button
Seat 3: Gesystar ($162.05 in chips)
Seat 4: AzureCaper ($76.26 in chips)
AzureCaper: posts small blind $1
Gesystar: posts big blind $3
*** HOLE CARDS ***
AzureCaper: raises $3 to $6
Gesystar: calls $3
*** FLOP *** [7c 5s Tc]
Gesystar: checks
AzureCaper: bets $3
Gesystar: folds
Uncalled bet ($3) returned to AzureCaper
AzureCaper collected $11.76 from pot
AzureCaper: doesn't show hand
*** SUMMARY ***
Total pot $12 | Rake $0.24
Board [7c 5s Tc]
Seat 3: Gesystar (big blind) folded on the Flop
Seat 4: AzureCaper (button) (small blind) collected ($11.76)


PokerStars Hand #146713344278:  Hold'em Limit ($3/$6 USD) - 2016/01/08 20:06:52 ET
Table 'Achernar' 6-max Seat #3 is the button
Seat 3: Gesystar ($163.05 in chips)
Seat 4: AzureCaper ($75.26 in chips)
Gesystar: posts small blind $1
AzureCaper: posts big blind $3
*** HOLE CARDS ***
Gesystar: folds
Uncalled bet ($2) returned to AzureCaper
AzureCaper collected $2 from pot
AzureCaper: doesn't show hand
*** SUMMARY ***
Total pot $2 | Rake $0
Seat 3: Gesystar (button) (small blind) folded before Flop
Seat 4: AzureCaper (big blind) collected ($2)


PokerStars Hand #146713422667:  Hold'em Limit ($3/$6 USD) - 2016/01/08 20:08:46 ET
Table 'Achernar' 6-max Seat #4 is the button
Seat 3: Gesystar ($151.57 in chips)
Seat 4: AzureCaper ($89.50 in chips)
AzureCaper: posts small blind $1
Gesystar: posts big blind $3
*** HOLE CARDS ***
AzureCaper: folds
Uncalled bet ($2) returned to Gesystar
Gesystar collected $2 from pot
Gesystar: doesn't show hand
*** SUMMARY ***
Total pot $2 | Rake $0
Seat 3: Gesystar (big blind) collected ($2)
Seat 4: AzureCaper (button) (small blind) folded before Flop


PokerStars Hand #146713407640:  Hold'em Limit ($3/$6 USD) - 2016/01/08 20:08:24 ET
Table 'Achernar' 6-max Seat #3 is the button
Seat 3: Gesystar ($169.57 in chips)
Seat 4: AzureCaper ($72 in chips)
Gesystar: posts small blind $1
AzureCaper: posts big blind $3
*** HOLE CARDS ***
Gesystar: calls $2
AzureCaper: checks
*** FLOP *** [5s 3h 2h]
AzureCaper: bets $3
Gesystar: calls $3
*** TURN *** [5s 3h 2h] [4d]
AzureCaper: checks
Gesystar: bets $6
AzureCaper: calls $6
*** RIVER *** [5s 3h 2h 4d] [9c]
AzureCaper: checks
Gesystar: bets $6
AzureCaper: calls $6
*** SHOW DOWN ***
Gesystar: shows [Th 5d] (a pair of Fives)
AzureCaper: shows [2s 3c] (two pair, Threes and Deuces)
AzureCaper collected $35.50 from pot
*** SUMMARY ***
Total pot $36 | Rake $0.50
Board [5s 3h 2h 4d 9c]
Seat 3: Gesystar (button) (small blind) showed [Th 5d] and lost with a pair of Fives
Seat 4: AzureCaper (big blind) showed [2s 3c] and won ($35.50) with two pair, Threes and Deuces


PokerStars Hand #146713404021:  Hold'em Limit ($3/$6 USD) - 2016/01/08 20:08:18 ET
Table 'Achernar' 6-max Seat #4 is the button
Seat 3: Gesystar ($168.57 in chips)
Seat 4: AzureCaper ($72 in chips)
AzureCaper: posts small blind $1
Gesystar: posts big blind $3
*** HOLE CARDS ***
AzureCaper: folds
Uncalled bet ($2) returned to Gesystar
Gesystar collected $2 from pot
Gesystar: doesn't show hand
*** SUMMARY ***
Total pot $2 | Rake $0
Seat 3: Gesystar (big blind) collected ($2)
Seat 4: AzureCaper (button) (small blind) folded before Flop


PokerStars Hand #146713392034:  Hold'em Limit ($3/$6 USD) - 2016/01/08 20:08:01 ET
Table 'Achernar' 6-max Seat #3 is the button
Seat 3: Gesystar ($159.93 in chips)
Seat 4: AzureCaper ($78.02 in chips)
Gesystar: posts small blind $1
AzureCaper: posts big blind $3
*** HOLE CARDS ***
Gesystar: calls $2
AzureCaper: checks
*** FLOP *** [4d Jd 2s]
AzureCaper: checks
Gesystar: checks
*** TURN *** [4d Jd 2s] [7d]
AzureCaper: bets $6
Gesystar: raises $6 to $12
AzureCaper: folds
Uncalled bet ($6) returned to Gesystar
Gesystar collected $17.64 from pot
Gesystar: doesn't show hand
*** SUMMARY ***
Total pot $18 | Rake $0.36
Board [4d Jd 2s 7d]
Seat 3: Gesystar (button) (small blind) collected ($17.64)
Seat 4: AzureCaper (big blind) folded on the Turn


PokerStars Hand #146713388616:  Hold'em Limit ($3/$6 USD) - 2016/01/08 20:07:56 ET
Table 'Achernar' 6-max Seat #4 is the button
Seat 3: Gesystar ($158.93 in chips)
Seat 4: AzureCaper ($79.02 in chips)
AzureCaper: posts small blind $1
Gesystar: posts big blind $3
*** HOLE CARDS ***
AzureCaper: folds
Uncalled bet ($2) returned to Gesystar
Gesystar collected $2 from pot
Gesystar: doesn't show hand
*** SUMMARY ***
Total pot $2 | Rake $0
Seat 3: Gesystar (big blind) collected ($2)
Seat 4: AzureCaper (button) (small blind) folded before Flop


PokerStars Hand #146713375284:  Hold'em Limit ($3/$6 USD) - 2016/01/08 20:07:36 ET
Table 'Achernar' 6-max Seat #3 is the button
Seat 3: Gesystar ($156.05 in chips)
Seat 4: AzureCaper ($82.02 in chips)
Gesystar: posts small blind $1
AzureCaper: posts big blind $3
*** HOLE CARDS ***
Gesystar: calls $2
AzureCaper: checks
*** FLOP *** [6h 8h Kc]
AzureCaper: checks
Gesystar: bets $3
AzureCaper: folds
Uncalled bet ($3) returned to Gesystar
Gesystar collected $5.88 from pot
Gesystar: doesn't show hand
*** SUMMARY ***
Total pot $6 | Rake $0.12
Board [6h 8h Kc]
Seat 3: Gesystar (button) (small blind) collected ($5.88)
Seat 4: AzureCaper (big blind) folded on the Flop


PokerStars Hand #146713451678:  Hold'em Limit ($3/$6 USD) - 2016/01/08 20:09:29 ET
Table 'Achernar' 6-max Seat #3 is the button
Seat 3: Gesystar ($134.57 in chips)
Seat 4: AzureCaper ($105.78 in chips)
Gesystar: posts small blind $1
AzureCaper: posts big blind $3
*** HOLE CARDS ***
Gesystar: folds
Uncalled bet ($2) returned to AzureCaper
Gesystar leaves the table
AzureCaper collected $2 from pot
AzureCaper: doesn't show hand
*** SUMMARY ***
Total pot $2 | Rake $0
Seat 3: Gesystar (button) (small blind) folded before Flop
Seat 4: AzureCaper (big blind) collected ($2)


PokerStars Hand #146713439863:  Hold'em Limit ($3/$6 USD) - 2016/01/08 20:09:11 ET
Table 'Achernar' 6-max Seat #4 is the button
Seat 3: Gesystar ($143.57 in chips)
Seat 4: AzureCaper ($97.14 in chips)
AzureCaper: posts small blind $1
Gesystar: posts big blind $3
*** HOLE CARDS ***
AzureCaper: raises $3 to $6
Gesystar: calls $3
*** FLOP *** [2s Kc 2d]
Gesystar: bets $3
AzureCaper: raises $3 to $6
Gesystar: folds
Uncalled bet ($3) returned to AzureCaper
AzureCaper collected $17.64 from pot
AzureCaper: doesn't show hand
*** SUMMARY ***
Total pot $18 | Rake $0.36
Board [2s Kc 2d]
Seat 3: Gesystar (big blind) folded on the Flop
Seat 4: AzureCaper (button) (small blind) collected ($17.64)


PokerStars Hand #146713425515:  Hold'em Limit ($3/$6 USD) - 2016/01/08 20:08:50 ET
Table 'Achernar' 6-max Seat #3 is the button
Seat 3: Gesystar ($152.57 in chips)
Seat 4: AzureCaper ($88.50 in chips)
Gesystar: posts small blind $1
AzureCaper: posts big blind $3
*** HOLE CARDS ***
Gesystar: calls $2
AzureCaper: checks
*** FLOP *** [7s 9h 8d]
AzureCaper: checks
Gesystar: checks
*** TURN *** [7s 9h 8d] [Jd]
AzureCaper: checks
Gesystar: bets $6
AzureCaper: calls $6
*** RIVER *** [7s 9h 8d Jd] [4c]
AzureCaper: checks
Gesystar: checks
*** SHOW DOWN ***
AzureCaper: shows [5s Js] (a pair of Jacks)
Gesystar: mucks hand
AzureCaper collected $17.64 from pot
*** SUMMARY ***
Total pot $18 | Rake $0.36
Board [7s 9h 8d Jd 4c]
Seat 3: Gesystar (button) (small blind) mucked
Seat 4: AzureCaper (big blind) showed [5s Js] and won ($17.64) with a pair of Jacks


