PokerStars Hand #170784084424:  Hold'em Limit ($3/$6 USD) - 2017/05/22 17:26:11 ET
Table 'Achernar' 10-max Seat #2 is the button
Seat 2: EwardoHoekie ($134.43 in chips)
Seat 6: tortoise2 ($152.64 in chips)
EwardoHoekie: posts small blind $1
Krazy90: is sitting out
belik555: is sitting out
kalyyyan: is sitting out
tortoise2: posts big blind $3
*** HOLE CARDS ***
EwardoHoekie: raises $3 to $6
belik555 leaves the table
tortoise2: calls $3
*** FLOP *** [Qh 3s 9h]
kalyyyan leaves the table
tortoise2: checks
EwardoHoekie: bets $3
belik555 joins the table at seat #7
tortoise2: calls $3
*** TURN *** [Qh 3s 9h] [4h]
tortoise2: checks
Krazy90 leaves the table
EwardoHoekie: checks
*** RIVER *** [Qh 3s 9h 4h] [7h]
tortoise2: checks
EwardoHoekie: bets $6
tortoise2: calls $6
*** SHOW DOWN ***
EwardoHoekie: shows [8s 6h] (a flush, Queen high)
tortoise2: mucks hand
EwardoHoekie collected $29.50 from pot
*** SUMMARY ***
Total pot $30 | Rake $0.50
Board [Qh 3s 9h 4h 7h]
Seat 2: EwardoHoekie (button) (small blind) showed [8s 6h] and won ($29.50) with a flush, Queen high
Seat 6: tortoise2 (big blind) mucked


PokerStars Hand #170785767920:  Hold'em Limit ($3/$6 USD) - 2017/05/22 18:01:55 ET
Table 'Achernar' 10-max Seat #7 is the button
Seat 6: tortoise2 ($68.64 in chips)
Seat 7: belik555 ($183.81 in chips)
belik555: posts small blind $1
tortoise2: posts big blind $3
*** HOLE CARDS ***
belik555: raises $3 to $6
tortoise2: calls $3
*** FLOP *** [6s 2d 3s]
tortoise2: checks
belik555: bets $3
xxJonasxx420 leaves the table
tortoise2: raises $3 to $6
belik555: calls $3
*** TURN *** [6s 2d 3s] [8c]
tortoise2: bets $6
belik555: calls $6
*** RIVER *** [6s 2d 3s 8c] [Ad]
tortoise2: checks
belik555: bets $6
tortoise2: calls $6
*** SHOW DOWN ***
belik555: shows [Js Ah] (a pair of Aces)
tortoise2: mucks hand
belik555 collected $47.50 from pot
*** SUMMARY ***
Total pot $48 | Rake $0.50
Board [6s 2d 3s 8c Ad]
Seat 6: tortoise2 (big blind) mucked
Seat 7: belik555 (button) (small blind) showed [Js Ah] and won ($47.50) with a pair of Aces


PokerStars Hand #170785789504:  Hold'em Limit ($3/$6 USD) - 2017/05/22 18:02:23 ET
Table 'Achernar' 10-max Seat #6 is the button
Seat 6: tortoise2 ($44.64 in chips)
Seat 7: belik555 ($207.31 in chips)
tortoise2: posts small blind $1
belik555: posts big blind $3
*** HOLE CARDS ***
tortoise2: calls $2
belik555: checks
*** FLOP *** [5h Tc Qd]
belik555: checks
tortoise2: checks
*** TURN *** [5h Tc Qd] [Jh]
belik555: bets $6
tortoise2: folds
Uncalled bet ($6) returned to belik555
belik555 collected $5.88 from pot
belik555: doesn't show hand
*** SUMMARY ***
Total pot $6 | Rake $0.12
Board [5h Tc Qd Jh]
Seat 6: tortoise2 (button) (small blind) folded on the Turn
Seat 7: belik555 (big blind) collected ($5.88)


PokerStars Hand #170785809890:  Hold'em Limit ($3/$6 USD) - 2017/05/22 18:02:50 ET
Table 'Achernar' 10-max Seat #6 is the button
Seat 6: tortoise2 ($42.64 in chips)
Seat 7: belik555 ($209.19 in chips)
tortoise2: posts small blind $1
belik555: posts big blind $3
*** HOLE CARDS ***
tortoise2: folds
Uncalled bet ($2) returned to belik555
belik555 collected $2 from pot
belik555: doesn't show hand
*** SUMMARY ***
Total pot $2 | Rake $0
Seat 6: tortoise2 (button) (small blind) folded before Flop
Seat 7: belik555 (big blind) collected ($2)


PokerStars Hand #170785804579:  Hold'em Limit ($3/$6 USD) - 2017/05/22 18:02:43 ET
Table 'Achernar' 10-max Seat #7 is the button
Seat 6: tortoise2 ($41.64 in chips)
Seat 7: belik555 ($210.19 in chips)
belik555: posts small blind $1
tortoise2: posts big blind $3
*** HOLE CARDS ***
belik555: folds
Uncalled bet ($2) returned to tortoise2
tortoise2 collected $2 from pot
tortoise2: doesn't show hand
*** SUMMARY ***
Total pot $2 | Rake $0
Seat 6: tortoise2 (big blind) collected ($2)
Seat 7: belik555 (button) (small blind) folded before Flop


PokerStars Hand #170785813776:  Hold'em Limit ($3/$6 USD) - 2017/05/22 18:02:55 ET
Table 'Achernar' 10-max Seat #7 is the button
Seat 6: tortoise2 ($41.64 in chips)
Seat 7: belik555 ($210.19 in chips)
belik555: posts small blind $1
tortoise2: posts big blind $3
*** HOLE CARDS ***
belik555: raises $3 to $6
tortoise2: calls $3
*** FLOP *** [6s Tc Kc]
tortoise2: checks
belik555: bets $3
tortoise2: folds
Uncalled bet ($3) returned to belik555
belik555 collected $11.76 from pot
belik555: doesn't show hand
*** SUMMARY ***
Total pot $12 | Rake $0.24
Board [6s Tc Kc]
Seat 6: tortoise2 (big blind) folded on the Flop
Seat 7: belik555 (button) (small blind) collected ($11.76)


PokerStars Hand #170785826659:  Hold'em Limit ($3/$6 USD) - 2017/05/22 18:03:12 ET
Table 'Achernar' 10-max Seat #6 is the button
Seat 6: tortoise2 ($35.64 in chips)
Seat 7: belik555 ($215.95 in chips)
tortoise2: posts small blind $1
belik555: posts big blind $3
*** HOLE CARDS ***
tortoise2: raises $3 to $6
belik555: raises $3 to $9
tortoise2: calls $3
*** FLOP *** [4h 4d Qh]
belik555: bets $3
tortoise2: folds
Uncalled bet ($3) returned to belik555
belik555 collected $17.64 from pot
belik555: doesn't show hand
*** SUMMARY ***
Total pot $18 | Rake $0.36
Board [4h 4d Qh]
Seat 6: tortoise2 (button) (small blind) folded on the Flop
Seat 7: belik555 (big blind) collected ($17.64)


PokerStars Hand #170785837350:  Hold'em Limit ($3/$6 USD) - 2017/05/22 18:03:27 ET
Table 'Achernar' 10-max Seat #7 is the button
Seat 6: tortoise2 ($26.64 in chips)
Seat 7: belik555 ($224.59 in chips)
belik555: posts small blind $1
tortoise2: posts big blind $3
*** HOLE CARDS ***
belik555: raises $3 to $6
tortoise2: calls $3
*** FLOP *** [7c Ks 3s]
tortoise2: checks
belik555: bets $3
tortoise2: calls $3
*** TURN *** [7c Ks 3s] [Th]
tortoise2: checks
belik555: checks
*** RIVER *** [7c Ks 3s Th] [Jh]
tortoise2: checks
belik555: bets $6
tortoise2: calls $6
*** SHOW DOWN ***
belik555: shows [4s 6c] (high card King)
tortoise2: shows [Ac 8h] (high card Ace)
tortoise2 collected $29.50 from pot
*** SUMMARY ***
Total pot $30 | Rake $0.50
Board [7c Ks 3s Th Jh]
Seat 6: tortoise2 (big blind) showed [Ac 8h] and won ($29.50) with high card Ace
Seat 7: belik555 (button) (small blind) showed [4s 6c] and lost with high card King


PokerStars Hand #170785883448:  Hold'em Limit ($3/$6 USD) - 2017/05/22 18:04:28 ET
Table 'Achernar' 10-max Seat #7 is the button
Seat 6: tortoise2 ($20.14 in chips)
Seat 7: belik555 ($230.09 in chips)
belik555: posts small blind $1
tortoise2: posts big blind $3
*** HOLE CARDS ***
belik555: raises $3 to $6
tortoise2: folds
Uncalled bet ($3) returned to belik555
belik555 collected $6 from pot
belik555: doesn't show hand
*** SUMMARY ***
Total pot $6 | Rake $0
Seat 6: tortoise2 (big blind) folded before Flop
Seat 7: belik555 (button) (small blind) collected ($6)


PokerStars Hand #170785860365:  Hold'em Limit ($3/$6 USD) - 2017/05/22 18:03:57 ET
Table 'Achernar' 10-max Seat #6 is the button
Seat 6: tortoise2 ($41.14 in chips)
Seat 7: belik555 ($209.59 in chips)
tortoise2: posts small blind $1
belik555: posts big blind $3
*** HOLE CARDS ***
tortoise2: calls $2
belik555: raises $3 to $6
tortoise2: calls $3
*** FLOP *** [6d 3h 5s]
belik555: bets $3
tortoise2: calls $3
*** TURN *** [6d 3h 5s] [2s]
belik555: checks
tortoise2: bets $6
belik555: calls $6
*** RIVER *** [6d 3h 5s 2s] [Qs]
belik555: bets $6
tortoise2: calls $6
*** SHOW DOWN ***
belik555: shows [Ts 6s] (a flush, Queen high)
tortoise2: mucks hand
belik555 collected $41.50 from pot
*** SUMMARY ***
Total pot $42 | Rake $0.50
Board [6d 3h 5s 2s Qs]
Seat 6: tortoise2 (button) (small blind) mucked
Seat 7: belik555 (big blind) showed [Ts 6s] and won ($41.50) with a flush, Queen high


PokerStars Hand #170785888791:  Hold'em Limit ($3/$6 USD) - 2017/05/22 18:04:35 ET
Table 'Achernar' 10-max Seat #6 is the button
Seat 6: tortoise2 ($17.14 in chips)
Seat 7: belik555 ($233.09 in chips)
tortoise2: posts small blind $1
belik555: posts big blind $3
*** HOLE CARDS ***
tortoise2: folds
Uncalled bet ($2) returned to belik555
belik555 collected $2 from pot
belik555: doesn't show hand
*** SUMMARY ***
Total pot $2 | Rake $0
Seat 6: tortoise2 (button) (small blind) folded before Flop
Seat 7: belik555 (big blind) collected ($2)


PokerStars Hand #170785892871:  Hold'em Limit ($3/$6 USD) - 2017/05/22 18:04:40 ET
Table 'Achernar' 10-max Seat #7 is the button
Seat 6: tortoise2 ($16.14 in chips)
Seat 7: belik555 ($234.09 in chips)
belik555: posts small blind $1
tortoise2: posts big blind $3
*** HOLE CARDS ***
belik555: raises $3 to $6
tortoise2: calls $3
*** FLOP *** [7h 6s 3h]
tortoise2: checks
belik555: bets $3
tortoise2: calls $3
*** TURN *** [7h 6s 3h] [4s]
tortoise2: checks
belik555: bets $6
tortoise2: raises $1.14 to $7.14 and is all-in
belik555: calls $1.14
*** RIVER *** [7h 6s 3h 4s] [Ks]
*** SHOW DOWN ***
tortoise2: shows [9c 4d] (a pair of Fours)
belik555: shows [6d 7s] (two pair, Sevens and Sixes)
belik555 collected $31.78 from pot
*** SUMMARY ***
Total pot $32.28 | Rake $0.50
Board [7h 6s 3h 4s Ks]
Seat 6: tortoise2 (big blind) showed [9c 4d] and lost with a pair of Fours
Seat 7: belik555 (button) (small blind) showed [6d 7s] and won ($31.78) with two pair, Sevens and Sixes


