PokerStars Hand #164423053707:  Hold'em Limit ($3/$6 USD) - 2017/01/11 16:57:46 ET
Table 'Achernar' 6-max Seat #4 is the button
Seat 3: Eklund_1891 ($69.02 in chips)
Seat 4: Koraseg ($116.50 in chips)
Koraseg: posts small blind $1
Eklund_1891: posts big blind $3
*** HOLE CARDS ***
Koraseg: raises $3 to $6
Eklund_1891: folds
Uncalled bet ($3) returned to Koraseg
Koraseg collected $6 from pot
Koraseg: doesn't show hand
*** SUMMARY ***
Total pot $6 | Rake $0
Seat 3: Eklund_1891 (big blind) folded before Flop
Seat 4: Koraseg (button) (small blind) collected ($6)


PokerStars Hand #164423022082:  Hold'em Limit ($3/$6 USD) - 2017/01/11 16:57:05 ET
Table 'Achernar' 6-max Seat #3 is the button
Seat 3: Eklund_1891 ($84.02 in chips)
Seat 4: Koraseg ($102 in chips)
Eklund_1891: posts small blind $1
Koraseg: posts big blind $3
*** HOLE CARDS ***
Eklund_1891: raises $3 to $6
Koraseg: calls $3
*** FLOP *** [8s Js 2h]
Koraseg: checks
Eklund_1891: bets $3
Koraseg: calls $3
*** TURN *** [8s Js 2h] [Jd]
Koraseg: checks
Eklund_1891: checks
*** RIVER *** [8s Js 2h Jd] [Ts]
Koraseg: bets $6
Eklund_1891: calls $6
*** SHOW DOWN ***
Koraseg: shows [Kh 2c] (two pair, Jacks and Deuces)
Eklund_1891: mucks hand
Koraseg collected $29.50 from pot
*** SUMMARY ***
Total pot $30 | Rake $0.50
Board [8s Js 2h Jd Ts]
Seat 3: Eklund_1891 (button) (small blind) mucked
Seat 4: Koraseg (big blind) showed [Kh 2c] and won ($29.50) with two pair, Jacks and Deuces


PokerStars Hand #164423083103:  Hold'em Limit ($3/$6 USD) - 2017/01/11 16:58:24 ET
Table 'Achernar' 6-max Seat #4 is the button
Seat 3: Eklund_1891 ($68.90 in chips)
Seat 4: Koraseg ($116.50 in chips)
Koraseg: posts small blind $1
Eklund_1891: posts big blind $3
*** HOLE CARDS ***
Koraseg: raises $3 to $6
Eklund_1891: raises $3 to $9
Koraseg: calls $3
*** FLOP *** [2h Jh 2c]
Eklund_1891: checks
Koraseg: checks
*** TURN *** [2h Jh 2c] [7d]
Eklund_1891: bets $6
Koraseg: folds
Uncalled bet ($6) returned to Eklund_1891
Eklund_1891 collected $17.64 from pot
Eklund_1891: doesn't show hand
*** SUMMARY ***
Total pot $18 | Rake $0.36
Board [2h Jh 2c 7d]
Seat 3: Eklund_1891 (big blind) collected ($17.64)
Seat 4: Koraseg (button) (small blind) folded on the Turn


PokerStars Hand #164423165517:  Hold'em Limit ($3/$6 USD) - 2017/01/11 17:00:08 ET
Table 'Achernar' 6-max Seat #4 is the button
Seat 3: Eklund_1891 ($82.05 in chips)
Seat 4: Koraseg ($102.25 in chips)
Koraseg: posts small blind $1
Eklund_1891: posts big blind $3
*** HOLE CARDS ***
Koraseg: raises $3 to $6
Eklund_1891: calls $3
*** FLOP *** [7s 2d Qh]
Eklund_1891: checks
Koraseg: bets $3
Eklund_1891: calls $3
*** TURN *** [7s 2d Qh] [Td]
Eklund_1891: bets $6
Koraseg: calls $6
*** RIVER *** [7s 2d Qh Td] [Ts]
Eklund_1891: bets $6
Koraseg: calls $6
*** SHOW DOWN ***
Eklund_1891: shows [Th 7h] (a full house, Tens full of Sevens)
Koraseg: mucks hand
Eklund_1891 collected $41.50 from pot
*** SUMMARY ***
Total pot $42 | Rake $0.50
Board [7s 2d Qh Td Ts]
Seat 3: Eklund_1891 (big blind) showed [Th 7h] and won ($41.50) with a full house, Tens full of Sevens
Seat 4: Koraseg (button) (small blind) mucked


PokerStars Hand #164423151720:  Hold'em Limit ($3/$6 USD) - 2017/01/11 16:59:51 ET
Table 'Achernar' 6-max Seat #3 is the button
Seat 3: Eklund_1891 ($76.29 in chips)
Seat 4: Koraseg ($108.25 in chips)
Eklund_1891: posts small blind $1
Koraseg: posts big blind $3
*** HOLE CARDS ***
Eklund_1891: raises $3 to $6
Koraseg: calls $3
*** FLOP *** [8h Kh 9h]
Koraseg: checks
Eklund_1891: bets $3
Koraseg: folds
Uncalled bet ($3) returned to Eklund_1891
Eklund_1891 collected $11.76 from pot
Eklund_1891: doesn't show hand
*** SUMMARY ***
Total pot $12 | Rake $0.24
Board [8h Kh 9h]
Seat 3: Eklund_1891 (button) (small blind) collected ($11.76)
Seat 4: Koraseg (big blind) folded on the Flop


PokerStars Hand #164423117746:  Hold'em Limit ($3/$6 USD) - 2017/01/11 16:59:08 ET
Table 'Achernar' 6-max Seat #4 is the button
Seat 3: Eklund_1891 ($76.54 in chips)
Seat 4: Koraseg ($108.50 in chips)
Koraseg: posts small blind $1
Eklund_1891: posts big blind $3
*** HOLE CARDS ***
Koraseg: raises $3 to $6
Eklund_1891: calls $3
*** FLOP *** [7h Kd Ts]
Eklund_1891: bets $3
Koraseg: calls $3
*** TURN *** [7h Kd Ts] [Td]
Eklund_1891: bets $6
Koraseg: calls $6
*** RIVER *** [7h Kd Ts Td] [4s]
Eklund_1891: checks
Koraseg: checks
*** SHOW DOWN ***
Eklund_1891: shows [6c 7s] (two pair, Tens and Sevens)
Koraseg: shows [7d 9c] (two pair, Tens and Sevens)
Eklund_1891 collected $14.75 from pot
Koraseg collected $14.75 from pot
*** SUMMARY ***
Total pot $30 | Rake $0.50
Board [7h Kd Ts Td 4s]
Seat 3: Eklund_1891 (big blind) showed [6c 7s] and won ($14.75) with two pair, Tens and Sevens
Seat 4: Koraseg (button) (small blind) showed [7d 9c] and won ($14.75) with two pair, Tens and Sevens


PokerStars Hand #164423058702:  Hold'em Limit ($3/$6 USD) - 2017/01/11 16:57:52 ET
Table 'Achernar' 6-max Seat #3 is the button
Seat 3: Eklund_1891 ($66.02 in chips)
Seat 4: Koraseg ($119.50 in chips)
Eklund_1891: posts small blind $1
Koraseg: posts big blind $3
*** HOLE CARDS ***
Eklund_1891: calls $2
Koraseg: checks
*** FLOP *** [Qd 7c Js]
Koraseg: checks
Eklund_1891: bets $3
Koraseg: folds
Uncalled bet ($3) returned to Eklund_1891
Eklund_1891 collected $5.88 from pot
Eklund_1891: doesn't show hand
*** SUMMARY ***
Total pot $6 | Rake $0.12
Board [Qd 7c Js]
Seat 3: Eklund_1891 (button) (small blind) collected ($5.88)
Seat 4: Koraseg (big blind) folded on the Flop


PokerStars Hand #164423219462:  Hold'em Limit ($3/$6 USD) - 2017/01/11 17:01:12 ET
Table 'Achernar' 6-max Seat #4 is the button
Seat 3: Eklund_1891 ($108.31 in chips)
Seat 4: Koraseg ($75.25 in chips)
Koraseg: posts small blind $1
Eklund_1891: posts big blind $3
*** HOLE CARDS ***
Koraseg: folds
Uncalled bet ($2) returned to Eklund_1891
Eklund_1891 collected $2 from pot
Eklund_1891: doesn't show hand
*** SUMMARY ***
Total pot $2 | Rake $0
Seat 3: Eklund_1891 (big blind) collected ($2)
Seat 4: Koraseg (button) (small blind) folded before Flop


PokerStars Hand #164423206291:  Hold'em Limit ($3/$6 USD) - 2017/01/11 17:00:57 ET
Table 'Achernar' 6-max Seat #3 is the button
Seat 3: Eklund_1891 ($102.55 in chips)
Seat 4: Koraseg ($81.25 in chips)
Eklund_1891: posts small blind $1
Koraseg: posts big blind $3
*** HOLE CARDS ***
Eklund_1891: calls $2
Koraseg: checks
*** FLOP *** [Kc Kh 6d]
Koraseg: bets $3
Eklund_1891: raises $3 to $6
Koraseg: folds
Uncalled bet ($3) returned to Eklund_1891
Eklund_1891 collected $11.76 from pot
Eklund_1891: doesn't show hand
*** SUMMARY ***
Total pot $12 | Rake $0.24
Board [Kc Kh 6d]
Seat 3: Eklund_1891 (button) (small blind) collected ($11.76)
Seat 4: Koraseg (big blind) folded on the Flop


PokerStars Hand #164423202127:  Hold'em Limit ($3/$6 USD) - 2017/01/11 17:00:52 ET
Table 'Achernar' 6-max Seat #4 is the button
Seat 3: Eklund_1891 ($101.55 in chips)
Seat 4: Koraseg ($82.25 in chips)
Koraseg: posts small blind $1
Eklund_1891: posts big blind $3
*** HOLE CARDS ***
Koraseg: folds
Uncalled bet ($2) returned to Eklund_1891
Eklund_1891 collected $2 from pot
Eklund_1891: doesn't show hand
*** SUMMARY ***
Total pot $2 | Rake $0
Seat 3: Eklund_1891 (big blind) collected ($2)
Seat 4: Koraseg (button) (small blind) folded before Flop


PokerStars Hand #164423223812:  Hold'em Limit ($3/$6 USD) - 2017/01/11 17:01:17 ET
Table 'Achernar' 6-max Seat #3 is the button
Seat 3: Eklund_1891 ($109.31 in chips)
Seat 4: Koraseg ($74.25 in chips)
Eklund_1891: posts small blind $1
Koraseg: posts big blind $3
*** HOLE CARDS ***
Eklund_1891: raises $3 to $6
Koraseg: calls $3
*** FLOP *** [9c 8s Ad]
Koraseg: checks
Eklund_1891: bets $3
Koraseg: raises $3 to $6
Eklund_1891: calls $3
*** TURN *** [9c 8s Ad] [Qs]
Koraseg: bets $6
Eklund_1891: calls $6
*** RIVER *** [9c 8s Ad Qs] [Js]
Koraseg: checks
Eklund_1891: bets $6
Koraseg: folds
Uncalled bet ($6) returned to Eklund_1891
Eklund_1891 collected $35.50 from pot
Eklund_1891: doesn't show hand
*** SUMMARY ***
Total pot $36 | Rake $0.50
Board [9c 8s Ad Qs Js]
Seat 3: Eklund_1891 (button) (small blind) collected ($35.50)
Seat 4: Koraseg (big blind) folded on the River


PokerStars Hand #164423243998:  Hold'em Limit ($3/$6 USD) - 2017/01/11 17:01:39 ET
Table 'Achernar' 6-max Seat #4 is the button
Seat 3: Eklund_1891 ($126.81 in chips)
Seat 4: Koraseg ($56.25 in chips)
Koraseg: posts small blind $1
Eklund_1891: posts big blind $3
*** HOLE CARDS ***
Koraseg: folds
Uncalled bet ($2) returned to Eklund_1891
Eklund_1891 collected $2 from pot
Eklund_1891: doesn't show hand
*** SUMMARY ***
Total pot $2 | Rake $0
Seat 3: Eklund_1891 (big blind) collected ($2)
Seat 4: Koraseg (button) (small blind) folded before Flop


PokerStars Hand #164423249948:  Hold'em Limit ($3/$6 USD) - 2017/01/11 17:01:46 ET
Table 'Achernar' 6-max Seat #3 is the button
Seat 3: Eklund_1891 ($127.81 in chips)
Seat 4: Koraseg ($115.25 in chips)
Eklund_1891: posts small blind $1
Koraseg: posts big blind $3
*** HOLE CARDS ***
Eklund_1891: folds
Uncalled bet ($2) returned to Koraseg
Koraseg collected $2 from pot
Koraseg: doesn't show hand
*** SUMMARY ***
Total pot $2 | Rake $0
Seat 3: Eklund_1891 (button) (small blind) folded before Flop
Seat 4: Koraseg (big blind) collected ($2)


PokerStars Hand #164423261484:  Hold'em Limit ($3/$6 USD) - 2017/01/11 17:01:58 ET
Table 'Achernar' 6-max Seat #4 is the button
Seat 3: Eklund_1891 ($126.81 in chips)
Seat 4: Koraseg ($116.25 in chips)
Koraseg: posts small blind $1
Eklund_1891: posts big blind $3
*** HOLE CARDS ***
Koraseg: raises $3 to $6
Zubasa07 joins the table at seat #5
Eklund_1891: folds
Uncalled bet ($3) returned to Koraseg
Koraseg collected $6 from pot
Koraseg: doesn't show hand
*** SUMMARY ***
Total pot $6 | Rake $0
Seat 3: Eklund_1891 (big blind) folded before Flop
Seat 4: Koraseg (button) (small blind) collected ($6)


PokerStars Hand #164423271271:  Hold'em Limit ($3/$6 USD) - 2017/01/11 17:02:09 ET
Table 'Achernar' 6-max Seat #3 is the button
Seat 3: Eklund_1891 ($123.81 in chips)
Seat 4: Koraseg ($119.25 in chips)
Eklund_1891: posts small blind $1
Koraseg: posts big blind $3
*** HOLE CARDS ***
Eklund_1891: folds
Uncalled bet ($2) returned to Koraseg
Koraseg collected $2 from pot
Koraseg: doesn't show hand
*** SUMMARY ***
Total pot $2 | Rake $0
Seat 3: Eklund_1891 (button) (small blind) folded before Flop
Seat 4: Koraseg (big blind) collected ($2)


PokerStars Hand #164423985834:  Hold'em Limit ($3/$6 USD) - 2017/01/11 17:14:38 ET
Table 'Achernar' 6-max Seat #5 is the button
Seat 4: Koraseg ($150.03 in chips)
Seat 5: ValeryRon ($73 in chips)
ValeryRon: posts small blind $1
Koraseg: posts big blind $3
*** HOLE CARDS ***
ValeryRon: folds
Uncalled bet ($2) returned to Koraseg
Koraseg collected $2 from pot
Koraseg: doesn't show hand
*** SUMMARY ***
Total pot $2 | Rake $0
Seat 4: Koraseg (big blind) collected ($2)
Seat 5: ValeryRon (button) (small blind) folded before Flop


PokerStars Hand #164423999801:  Hold'em Limit ($3/$6 USD) - 2017/01/11 17:14:52 ET
Table 'Achernar' 6-max Seat #4 is the button
Seat 4: Koraseg ($151.03 in chips)
Seat 5: ValeryRon ($72 in chips)
Koraseg: posts small blind $1
ValeryRon: posts big blind $3
*** HOLE CARDS ***
Koraseg: raises $3 to $6
ValeryRon: raises $3 to $9
Koraseg: calls $3
*** FLOP *** [Ks 3s Qd]
ValeryRon: bets $3
Koraseg: calls $3
*** TURN *** [Ks 3s Qd] [3c]
ValeryRon: bets $6
Koraseg: calls $6
*** RIVER *** [Ks 3s Qd 3c] [5c]
ValeryRon: checks
Koraseg: checks
*** SHOW DOWN ***
ValeryRon: shows [Ac Jh] (a pair of Threes)
Koraseg: shows [As Jd] (a pair of Threes)
ValeryRon collected $17.75 from pot
Koraseg collected $17.75 from pot
*** SUMMARY ***
Total pot $36 | Rake $0.50
Board [Ks 3s Qd 3c 5c]
Seat 4: Koraseg (button) (small blind) showed [As Jd] and won ($17.75) with a pair of Threes
Seat 5: ValeryRon (big blind) showed [Ac Jh] and won ($17.75) with a pair of Threes


PokerStars Hand #164424067277:  Hold'em Limit ($3/$6 USD) - 2017/01/11 17:15:56 ET
Table 'Achernar' 6-max Seat #4 is the button
Seat 3: Eklund_1891 ($138.96 in chips)
Seat 4: Koraseg ($114.78 in chips)
Koraseg: posts small blind $1
ValeryRon: is sitting out
Eklund_1891: posts big blind $3
*** HOLE CARDS ***
Koraseg: folds
Uncalled bet ($2) returned to Eklund_1891
ValeryRon leaves the table
Eklund_1891 collected $2 from pot
Eklund_1891: doesn't show hand
*** SUMMARY ***
Total pot $2 | Rake $0
Seat 3: Eklund_1891 (big blind) collected ($2)
Seat 4: Koraseg (button) (small blind) folded before Flop


PokerStars Hand #164424072549:  Hold'em Limit ($3/$6 USD) - 2017/01/11 17:16:01 ET
Table 'Achernar' 6-max Seat #3 is the button
Seat 3: Eklund_1891 ($139.96 in chips)
Seat 4: Koraseg ($113.78 in chips)
Eklund_1891: posts small blind $1
Koraseg: posts big blind $3
*** HOLE CARDS ***
Great_Kang joins the table at seat #5
Eklund_1891: folds
Uncalled bet ($2) returned to Koraseg
Koraseg collected $2 from pot
Koraseg: doesn't show hand
*** SUMMARY ***
Total pot $2 | Rake $0
Seat 3: Eklund_1891 (button) (small blind) folded before Flop
Seat 4: Koraseg (big blind) collected ($2)


PokerStars Hand #164427101065:  Hold'em Limit ($3/$6 USD) - 2017/01/11 18:11:54 ET
Table 'Achernar' 6-max Seat #3 is the button
Seat 2: gerryhi ($29.82 in chips)
Seat 3: B_loJkl ($118.98 in chips)
B_loJkl: posts small blind $1
Krazy90: is sitting out
gerryhi: posts big blind $3
*** HOLE CARDS ***
Krazy90 leaves the table
B_loJkl: raises $3 to $6
gerryhi: folds
Uncalled bet ($3) returned to B_loJkl
B_loJkl collected $6 from pot
B_loJkl: doesn't show hand
*** SUMMARY ***
Total pot $6 | Rake $0
Seat 2: gerryhi (big blind) folded before Flop
Seat 3: B_loJkl (button) (small blind) collected ($6)


