PokerStars Hand #152508607758:  Hold'em Limit ($3/$6 USD) - 2016/04/27 4:43:51 ET
Table 'Achird II' 6-max Seat #2 is the button
Seat 2: D Juice11 ($61.26 in chips)
Seat 3: Ag3r0n ($72 in chips)
D Juice11: posts small blind $1
Ag3r0n: posts big blind $3
*** HOLE CARDS ***
D Juice11: raises $3 to $6
GarryMcCoy joins the table at seat #5
Ag3r0n: calls $3
*** FLOP *** [Kd Qs 4s]
Ag3r0n: checks
D Juice11: bets $3
Ag3r0n: raises $3 to $6
D Juice11: calls $3
*** TURN *** [Kd Qs 4s] [7s]
Ag3r0n: bets $6
D Juice11: calls $6
*** RIVER *** [Kd Qs 4s 7s] [Th]
Ag3r0n: checks
D Juice11: checks
*** SHOW DOWN ***
Ag3r0n: shows [Qh 8h] (a pair of Queens)
D Juice11: shows [9h Kh] (a pair of Kings)
D Juice11 collected $35.50 from pot
*** SUMMARY ***
Total pot $36 | Rake $0.50
Board [Kd Qs 4s 7s Th]
Seat 2: D Juice11 (button) (small blind) showed [9h Kh] and won ($35.50) with a pair of Kings
Seat 3: Ag3r0n (big blind) showed [Qh 8h] and lost with a pair of Queens


PokerStars Hand #152508599694:  Hold'em Limit ($3/$6 USD) - 2016/04/27 4:43:29 ET
Table 'Achird II' 6-max Seat #3 is the button
Seat 2: D Juice11 ($60.26 in chips)
Seat 3: Ag3r0n ($72 in chips)
Ag3r0n: posts small blind $1
MTails has timed out
MTails: is sitting out
D Juice11: posts big blind $3
*** HOLE CARDS ***
Ag3r0n: folds
Uncalled bet ($2) returned to D Juice11
D Juice11 collected $2 from pot
D Juice11: doesn't show hand
*** SUMMARY ***
Total pot $2 | Rake $0
Seat 2: D Juice11 (big blind) collected ($2)
Seat 3: Ag3r0n (button) (small blind) folded before Flop


PokerStars Hand #152510794872:  Hold'em Limit ($3/$6 USD) - 2016/04/27 6:16:57 ET
Table 'Achird II' 6-max Seat #1 is the button
Seat 1: Ale4o ($179.99 in chips)
Seat 2: SmellyToes4u ($107.32 in chips)
Ale4o: posts small blind $1
SmellyToes4u: posts big blind $3
*** HOLE CARDS ***
Ale4o: raises $3 to $6
SmellyToes4u: folds
Uncalled bet ($3) returned to Ale4o
Ale4o collected $6 from pot
Ale4o: doesn't show hand
*** SUMMARY ***
Total pot $6 | Rake $0
Seat 1: Ale4o (button) (small blind) collected ($6)
Seat 2: SmellyToes4u (big blind) folded before Flop


