PokerStars Hand #168064823518:  Hold'em Limit ($3/$6 USD) - 2017/03/24 20:10:11 ET
Table 'Achilles' 6-max Seat #3 is the button
Seat 3: melyh82 ($223.99 in chips)
Seat 4: Actionni13 ($167.50 in chips)
melyh82: posts small blind $1
Actionni13: posts big blind $3
*** HOLE CARDS ***
melyh82: raises $3 to $6
Actionni13: calls $3
*** FLOP *** [6s Ah 6c]
Actionni13: checks
melyh82: bets $3
Actionni13: calls $3
*** TURN *** [6s Ah 6c] [Ts]
Actionni13: checks
melyh82: checks
*** RIVER *** [6s Ah 6c Ts] [Kc]
Actionni13: bets $6
melyh82: calls $6
*** SHOW DOWN ***
Actionni13: shows [Kd 7s] (two pair, Kings and Sixes)
melyh82: mucks hand
Actionni13 collected $29.50 from pot
*** SUMMARY ***
Total pot $30 | Rake $0.50
Board [6s Ah 6c Ts Kc]
Seat 3: melyh82 (button) (small blind) mucked
Seat 4: Actionni13 (big blind) showed [Kd 7s] and won ($29.50) with two pair, Kings and Sixes


PokerStars Hand #168064810082:  Hold'em Limit ($3/$6 USD) - 2017/03/24 20:09:50 ET
Table 'Achilles' 6-max Seat #4 is the button
Seat 3: melyh82 ($241.99 in chips)
Seat 4: Actionni13 ($150 in chips)
Actionni13: posts small blind $1
melyh82: posts big blind $3
*** HOLE CARDS ***
Actionni13: raises $3 to $6
melyh82: calls $3
*** FLOP *** [3d 4d Qh]
melyh82: checks
Actionni13: bets $3
melyh82: raises $3 to $6
Actionni13: calls $3
*** TURN *** [3d 4d Qh] [4s]
melyh82: bets $6
Actionni13: raises $6 to $12
melyh82: folds
Uncalled bet ($6) returned to Actionni13
Actionni13 collected $35.50 from pot
Actionni13: doesn't show hand
*** SUMMARY ***
Total pot $36 | Rake $0.50
Board [3d 4d Qh 4s]
Seat 3: melyh82 (big blind) folded on the Turn
Seat 4: Actionni13 (button) (small blind) collected ($35.50)


PokerStars Hand #168064797707:  Hold'em Limit ($3/$6 USD) - 2017/03/24 20:09:30 ET
Table 'Achilles' 6-max Seat #3 is the button
Seat 3: melyh82 ($212.49 in chips)
Seat 4: Actionni13 ($170.50 in chips)
melyh82: posts small blind $1
Actionni13: posts big blind $3
*** HOLE CARDS ***
melyh82: raises $3 to $6
Actionni13: raises $3 to $9
melyh82: calls $3
*** FLOP *** [Ad 6s 4d]
Actionni13: bets $3
melyh82: calls $3
*** TURN *** [Ad 6s 4d] [2c]
Actionni13: bets $6
melyh82: calls $6
*** RIVER *** [Ad 6s 4d 2c] [2s]
Actionni13: bets $6
melyh82: raises $6 to $12
Actionni13: calls $6
*** SHOW DOWN ***
melyh82: shows [As 8d] (two pair, Aces and Deuces)
Actionni13: mucks hand
melyh82 collected $59.50 from pot
*** SUMMARY ***
Total pot $60 | Rake $0.50
Board [Ad 6s 4d 2c 2s]
Seat 3: melyh82 (button) (small blind) showed [As 8d] and won ($59.50) with two pair, Aces and Deuces
Seat 4: Actionni13 (big blind) mucked


PokerStars Hand #168064783188:  Hold'em Limit ($3/$6 USD) - 2017/03/24 20:09:08 ET
Table 'Achilles' 6-max Seat #4 is the button
Seat 3: melyh82 ($233.49 in chips)
Seat 4: Actionni13 ($150 in chips)
Actionni13: posts small blind $1
melyh82: posts big blind $3
*** HOLE CARDS ***
Actionni13: raises $3 to $6
melyh82: calls $3
*** FLOP *** [5c 4c Js]
melyh82: checks
Actionni13: bets $3
melyh82: calls $3
*** TURN *** [5c 4c Js] [2h]
melyh82: checks
Actionni13: bets $6
melyh82: calls $6
*** RIVER *** [5c 4c Js 2h] [Ad]
melyh82: bets $6
Actionni13: calls $6
*** SHOW DOWN ***
melyh82: shows [Kc Ah] (a pair of Aces)
Actionni13: shows [2d Jd] (two pair, Jacks and Deuces)
Actionni13 collected $41.50 from pot
*** SUMMARY ***
Total pot $42 | Rake $0.50
Board [5c 4c Js 2h Ad]
Seat 3: melyh82 (big blind) showed [Kc Ah] and lost with a pair of Aces
Seat 4: Actionni13 (button) (small blind) showed [2d Jd] and won ($41.50) with two pair, Jacks and Deuces


PokerStars Hand #168064847178:  Hold'em Limit ($3/$6 USD) - 2017/03/24 20:10:48 ET
Table 'Achilles' 6-max Seat #4 is the button
Seat 3: melyh82 ($217.75 in chips)
Seat 4: Actionni13 ($173 in chips)
Actionni13: posts small blind $1
melyh82: posts big blind $3
*** HOLE CARDS ***
Actionni13: raises $3 to $6
melyh82: calls $3
*** FLOP *** [Ad Kh 7h]
melyh82: checks
Actionni13: bets $3
melyh82: calls $3
*** TURN *** [Ad Kh 7h] [9s]
melyh82: checks
Actionni13: checks
*** RIVER *** [Ad Kh 7h 9s] [8h]
melyh82: bets $6
Actionni13: calls $6
*** SHOW DOWN ***
melyh82: shows [Jc Ts] (a straight, Seven to Jack)
Actionni13: mucks hand
melyh82 collected $29.50 from pot
*** SUMMARY ***
Total pot $30 | Rake $0.50
Board [Ad Kh 7h 9s 8h]
Seat 3: melyh82 (big blind) showed [Jc Ts] and won ($29.50) with a straight, Seven to Jack
Seat 4: Actionni13 (button) (small blind) mucked


PokerStars Hand #168064843382:  Hold'em Limit ($3/$6 USD) - 2017/03/24 20:10:42 ET
Table 'Achilles' 6-max Seat #3 is the button
Seat 3: melyh82 ($214.75 in chips)
Seat 4: Actionni13 ($176 in chips)
melyh82: posts small blind $1
Actionni13: posts big blind $3
*** HOLE CARDS ***
melyh82: raises $3 to $6
Actionni13: folds
Uncalled bet ($3) returned to melyh82
melyh82 collected $6 from pot
melyh82: doesn't show hand
*** SUMMARY ***
Total pot $6 | Rake $0
Seat 3: melyh82 (button) (small blind) collected ($6)
Seat 4: Actionni13 (big blind) folded before Flop


PokerStars Hand #168064832937:  Hold'em Limit ($3/$6 USD) - 2017/03/24 20:10:26 ET
Table 'Achilles' 6-max Seat #4 is the button
Seat 3: melyh82 ($208.99 in chips)
Seat 4: Actionni13 ($182 in chips)
Actionni13: posts small blind $1
melyh82: posts big blind $3
*** HOLE CARDS ***
Actionni13: raises $3 to $6
melyh82: calls $3
*** FLOP *** [7d 9h 8c]
melyh82: checks
Actionni13: checks
*** TURN *** [7d 9h 8c] [3s]
melyh82: bets $6
Actionni13: folds
Uncalled bet ($6) returned to melyh82
melyh82 collected $11.76 from pot
melyh82: doesn't show hand
*** SUMMARY ***
Total pot $12 | Rake $0.24
Board [7d 9h 8c 3s]
Seat 3: melyh82 (big blind) collected ($11.76)
Seat 4: Actionni13 (button) (small blind) folded on the Turn


PokerStars Hand #168064900426:  Hold'em Limit ($3/$6 USD) - 2017/03/24 20:12:11 ET
Table 'Achilles' 6-max Seat #3 is the button
Seat 3: melyh82 ($280.15 in chips)
Seat 4: Actionni13 ($150 in chips)
melyh82: posts small blind $1
Actionni13: posts big blind $3
*** HOLE CARDS ***
melyh82: raises $3 to $6
Actionni13: calls $3
*** FLOP *** [Jh Kd 9c]
Actionni13: checks
melyh82: checks
*** TURN *** [Jh Kd 9c] [Jc]
Actionni13: checks
melyh82: bets $6
Actionni13: folds
Uncalled bet ($6) returned to melyh82
melyh82 collected $11.76 from pot
melyh82: doesn't show hand
*** SUMMARY ***
Total pot $12 | Rake $0.24
Board [Jh Kd 9c Jc]
Seat 3: melyh82 (button) (small blind) collected ($11.76)
Seat 4: Actionni13 (big blind) folded on the Turn


PokerStars Hand #168064896877:  Hold'em Limit ($3/$6 USD) - 2017/03/24 20:12:06 ET
Table 'Achilles' 6-max Seat #4 is the button
Seat 3: melyh82 ($279.15 in chips)
Seat 4: Actionni13 ($150 in chips)
Actionni13: posts small blind $1
melyh82: posts big blind $3
*** HOLE CARDS ***
Actionni13: folds
Uncalled bet ($2) returned to melyh82
melyh82 collected $2 from pot
melyh82: doesn't show hand
*** SUMMARY ***
Total pot $2 | Rake $0
Seat 3: melyh82 (big blind) collected ($2)
Seat 4: Actionni13 (button) (small blind) folded before Flop


PokerStars Hand #168064886138:  Hold'em Limit ($3/$6 USD) - 2017/03/24 20:11:49 ET
Table 'Achilles' 6-max Seat #3 is the button
Seat 3: melyh82 ($273.39 in chips)
Seat 4: Actionni13 ($150 in chips)
melyh82: posts small blind $1
Actionni13: posts big blind $3
*** HOLE CARDS ***
melyh82: raises $3 to $6
Actionni13: calls $3
*** FLOP *** [Kc Kd 6s]
Actionni13: checks
melyh82: checks
*** TURN *** [Kc Kd 6s] [Ks]
Actionni13: checks
melyh82: bets $6
Actionni13: folds
Uncalled bet ($6) returned to melyh82
melyh82 collected $11.76 from pot
melyh82: doesn't show hand
*** SUMMARY ***
Total pot $12 | Rake $0.24
Board [Kc Kd 6s Ks]
Seat 3: melyh82 (button) (small blind) collected ($11.76)
Seat 4: Actionni13 (big blind) folded on the Turn


PokerStars Hand #168064875131:  Hold'em Limit ($3/$6 USD) - 2017/03/24 20:11:32 ET
Table 'Achilles' 6-max Seat #4 is the button
Seat 3: melyh82 ($264.75 in chips)
Seat 4: Actionni13 ($150 in chips)
Actionni13: posts small blind $1
melyh82: posts big blind $3
*** HOLE CARDS ***
Actionni13: raises $3 to $6
melyh82: calls $3
*** FLOP *** [Jc 5s Ac]
melyh82: checks
Actionni13: bets $3
melyh82: calls $3
*** TURN *** [Jc 5s Ac] [5h]
melyh82: bets $6
Actionni13: folds
Uncalled bet ($6) returned to melyh82
melyh82 collected $17.64 from pot
melyh82: doesn't show hand
*** SUMMARY ***
Total pot $18 | Rake $0.36
Board [Jc 5s Ac 5h]
Seat 3: melyh82 (big blind) collected ($17.64)
Seat 4: Actionni13 (button) (small blind) folded on the Turn


PokerStars Hand #168064857960:  Hold'em Limit ($3/$6 USD) - 2017/03/24 20:11:05 ET
Table 'Achilles' 6-max Seat #3 is the button
Seat 3: melyh82 ($232.25 in chips)
Seat 4: Actionni13 ($158 in chips)
melyh82: posts small blind $1
Actionni13: posts big blind $3
*** HOLE CARDS ***
melyh82: raises $3 to $6
Actionni13: raises $3 to $9
melyh82: calls $3
*** FLOP *** [6d Kc Kh]
Actionni13: bets $3
melyh82: raises $3 to $6
Actionni13: calls $3
*** TURN *** [6d Kc Kh] [As]
Actionni13: bets $6
melyh82: calls $6
*** RIVER *** [6d Kc Kh As] [Jh]
Actionni13: bets $6
melyh82: raises $6 to $12
Actionni13: calls $6
*** SHOW DOWN ***
melyh82: shows [Th Qh] (a straight, Ten to Ace)
Actionni13: mucks hand
melyh82 collected $65.50 from pot
*** SUMMARY ***
Total pot $66 | Rake $0.50
Board [6d Kc Kh As Jh]
Seat 3: melyh82 (button) (small blind) showed [Th Qh] and won ($65.50) with a straight, Ten to Ace
Seat 4: Actionni13 (big blind) mucked


PokerStars Hand #168064937520:  Hold'em Limit ($3/$6 USD) - 2017/03/24 20:13:09 ET
Table 'Achilles' 6-max Seat #4 is the button
Seat 3: melyh82 ($267.91 in chips)
Seat 4: Actionni13 ($167.50 in chips)
Actionni13: posts small blind $1
melyh82: posts big blind $3
*** HOLE CARDS ***
Actionni13: raises $3 to $6
melyh82: calls $3
*** FLOP *** [Qd 6d Ts]
melyh82: checks
Actionni13: bets $3
melyh82: raises $3 to $6
Actionni13: calls $3
*** TURN *** [Qd 6d Ts] [6s]
melyh82: bets $6
Actionni13: calls $6
*** RIVER *** [Qd 6d Ts 6s] [Kc]
melyh82: bets $6
Actionni13: folds
Uncalled bet ($6) returned to melyh82
melyh82 collected $35.50 from pot
melyh82: doesn't show hand
*** SUMMARY ***
Total pot $36 | Rake $0.50
Board [Qd 6d Ts 6s Kc]
Seat 3: melyh82 (big blind) collected ($35.50)
Seat 4: Actionni13 (button) (small blind) folded on the River


PokerStars Hand #168064934024:  Hold'em Limit ($3/$6 USD) - 2017/03/24 20:13:04 ET
Table 'Achilles' 6-max Seat #3 is the button
Seat 3: melyh82 ($268.91 in chips)
Seat 4: Actionni13 ($166.50 in chips)
melyh82: posts small blind $1
Actionni13: posts big blind $3
*** HOLE CARDS ***
melyh82: folds
Uncalled bet ($2) returned to Actionni13
Actionni13 collected $2 from pot
Actionni13: doesn't show hand
*** SUMMARY ***
Total pot $2 | Rake $0
Seat 3: melyh82 (button) (small blind) folded before Flop
Seat 4: Actionni13 (big blind) collected ($2)


PokerStars Hand #168064928290:  Hold'em Limit ($3/$6 USD) - 2017/03/24 20:12:55 ET
Table 'Achilles' 6-max Seat #4 is the button
Seat 3: melyh82 ($267.91 in chips)
Seat 4: Actionni13 ($167.50 in chips)
Actionni13: posts small blind $1
melyh82: posts big blind $3
*** HOLE CARDS ***
Actionni13: folds
Uncalled bet ($2) returned to melyh82
melyh82 collected $2 from pot
melyh82: doesn't show hand
*** SUMMARY ***
Total pot $2 | Rake $0
Seat 3: melyh82 (big blind) collected ($2)
Seat 4: Actionni13 (button) (small blind) folded before Flop


PokerStars Hand #168064924707:  Hold'em Limit ($3/$6 USD) - 2017/03/24 20:12:50 ET
Table 'Achilles' 6-max Seat #3 is the button
Seat 3: melyh82 ($264.91 in chips)
Seat 4: Actionni13 ($170.50 in chips)
melyh82: posts small blind $1
Actionni13: posts big blind $3
*** HOLE CARDS ***
melyh82: raises $3 to $6
Actionni13: folds
Uncalled bet ($3) returned to melyh82
melyh82 collected $6 from pot
melyh82: doesn't show hand
*** SUMMARY ***
Total pot $6 | Rake $0
Seat 3: melyh82 (button) (small blind) collected ($6)
Seat 4: Actionni13 (big blind) folded before Flop


PokerStars Hand #168064911445:  Hold'em Limit ($3/$6 USD) - 2017/03/24 20:12:29 ET
Table 'Achilles' 6-max Seat #4 is the button
Seat 3: melyh82 ($285.91 in chips)
Seat 4: Actionni13 ($150 in chips)
Actionni13: posts small blind $1
melyh82: posts big blind $3
*** HOLE CARDS ***
Actionni13: raises $3 to $6
melyh82: calls $3
*** FLOP *** [7h 7d Tc]
melyh82: checks
Actionni13: bets $3
melyh82: calls $3
*** TURN *** [7h 7d Tc] [Ad]
melyh82: checks
Actionni13: bets $6
melyh82: calls $6
*** RIVER *** [7h 7d Tc Ad] [9s]
melyh82: checks
Actionni13: bets $6
melyh82: calls $6
*** SHOW DOWN ***
Actionni13: shows [Ac Th] (two pair, Aces and Tens)
melyh82: mucks hand
Actionni13 collected $41.50 from pot
*** SUMMARY ***
Total pot $42 | Rake $0.50
Board [7h 7d Tc Ad 9s]
Seat 3: melyh82 (big blind) mucked
Seat 4: Actionni13 (button) (small blind) showed [Ac Th] and won ($41.50) with two pair, Aces and Tens


PokerStars Hand #168064983428:  Hold'em Limit ($3/$6 USD) - 2017/03/24 20:14:22 ET
Table 'Achilles' 6-max Seat #4 is the button
Seat 3: melyh82 ($318.43 in chips)
Seat 4: Actionni13 ($150 in chips)
Actionni13: posts small blind $1
melyh82: posts big blind $3
*** HOLE CARDS ***
Actionni13: folds
Uncalled bet ($2) returned to melyh82
melyh82 collected $2 from pot
melyh82: doesn't show hand
*** SUMMARY ***
Total pot $2 | Rake $0
Seat 3: melyh82 (big blind) collected ($2)
Seat 4: Actionni13 (button) (small blind) folded before Flop


PokerStars Hand #168064979747:  Hold'em Limit ($3/$6 USD) - 2017/03/24 20:14:16 ET
Table 'Achilles' 6-max Seat #3 is the button
Seat 3: melyh82 ($315.43 in chips)
Seat 4: Actionni13 ($150 in chips)
melyh82: posts small blind $1
Actionni13: posts big blind $3
*** HOLE CARDS ***
melyh82: raises $3 to $6
Actionni13: folds
Uncalled bet ($3) returned to melyh82
melyh82 collected $6 from pot
melyh82: doesn't show hand
*** SUMMARY ***
Total pot $6 | Rake $0
Seat 3: melyh82 (button) (small blind) collected ($6)
Seat 4: Actionni13 (big blind) folded before Flop


PokerStars Hand #168064976932:  Hold'em Limit ($3/$6 USD) - 2017/03/24 20:14:11 ET
Table 'Achilles' 6-max Seat #4 is the button
Seat 3: melyh82 ($314.43 in chips)
Seat 4: Actionni13 ($150 in chips)
Actionni13: posts small blind $1
melyh82: posts big blind $3
*** HOLE CARDS ***
Actionni13: folds
Uncalled bet ($2) returned to melyh82
melyh82 collected $2 from pot
melyh82: doesn't show hand
*** SUMMARY ***
Total pot $2 | Rake $0
Seat 3: melyh82 (big blind) collected ($2)
Seat 4: Actionni13 (button) (small blind) folded before Flop


PokerStars Hand #168064972830:  Hold'em Limit ($3/$6 USD) - 2017/03/24 20:14:05 ET
Table 'Achilles' 6-max Seat #3 is the button
Seat 3: melyh82 ($311.43 in chips)
Seat 4: Actionni13 ($150 in chips)
melyh82: posts small blind $1
Actionni13: posts big blind $3
*** HOLE CARDS ***
melyh82: raises $3 to $6
Actionni13: folds
Uncalled bet ($3) returned to melyh82
melyh82 collected $6 from pot
melyh82: doesn't show hand
*** SUMMARY ***
Total pot $6 | Rake $0
Seat 3: melyh82 (button) (small blind) collected ($6)
Seat 4: Actionni13 (big blind) folded before Flop


PokerStars Hand #168064961857:  Hold'em Limit ($3/$6 USD) - 2017/03/24 20:13:48 ET
Table 'Achilles' 6-max Seat #4 is the button
Seat 3: melyh82 ($299.91 in chips)
Seat 4: Actionni13 ($150 in chips)
Actionni13: posts small blind $1
melyh82: posts big blind $3
*** HOLE CARDS ***
Actionni13: raises $3 to $6
melyh82: calls $3
*** FLOP *** [5c 4h Kd]
melyh82: checks
Actionni13: bets $3
melyh82: raises $3 to $6
Actionni13: calls $3
*** TURN *** [5c 4h Kd] [7s]
melyh82: bets $6
Actionni13: folds
Uncalled bet ($6) returned to melyh82
melyh82 collected $23.52 from pot
melyh82: doesn't show hand
*** SUMMARY ***
Total pot $24 | Rake $0.48
Board [5c 4h Kd 7s]
Seat 3: melyh82 (big blind) collected ($23.52)
Seat 4: Actionni13 (button) (small blind) folded on the Turn


PokerStars Hand #168064949811:  Hold'em Limit ($3/$6 USD) - 2017/03/24 20:13:29 ET
Table 'Achilles' 6-max Seat #3 is the button
Seat 3: melyh82 ($285.41 in chips)
Seat 4: Actionni13 ($150 in chips)
melyh82: posts small blind $1
Actionni13: posts big blind $3
*** HOLE CARDS ***
melyh82: raises $3 to $6
Actionni13: calls $3
*** FLOP *** [Qd 4s 6d]
Actionni13: checks
melyh82: bets $3
Actionni13: calls $3
*** TURN *** [Qd 4s 6d] [5d]
Actionni13: checks
melyh82: bets $6
Actionni13: calls $6
*** RIVER *** [Qd 4s 6d 5d] [6c]
Actionni13: checks
melyh82: checks
*** SHOW DOWN ***
Actionni13: shows [7d Kh] (a pair of Sixes)
melyh82: shows [Ad 7s] (a pair of Sixes - Ace kicker)
melyh82 collected $29.50 from pot
*** SUMMARY ***
Total pot $30 | Rake $0.50
Board [Qd 4s 6d 5d 6c]
Seat 3: melyh82 (button) (small blind) showed [Ad 7s] and won ($29.50) with a pair of Sixes
Seat 4: Actionni13 (big blind) showed [7d Kh] and lost with a pair of Sixes


PokerStars Hand #168065009529:  Hold'em Limit ($3/$6 USD) - 2017/03/24 20:15:03 ET
Table 'Achilles' 6-max Seat #4 is the button
Seat 3: melyh82 ($303.43 in chips)
Seat 4: Actionni13 ($165.40 in chips)
Actionni13: posts small blind $1
melyh82: posts big blind $3
*** HOLE CARDS ***
Actionni13: raises $3 to $6
melyh82: calls $3
*** FLOP *** [4h 4s Jc]
melyh82: checks
Actionni13: bets $3
melyh82: calls $3
*** TURN *** [4h 4s Jc] [Ac]
melyh82: checks
Actionni13: bets $6
melyh82: calls $6
*** RIVER *** [4h 4s Jc Ac] [Qh]
melyh82: checks
Actionni13: bets $6
melyh82: calls $6
*** SHOW DOWN ***
Actionni13: shows [5c 6c] (a pair of Fours)
melyh82: shows [9s Jd] (two pair, Jacks and Fours)
melyh82 collected $41.50 from pot
*** SUMMARY ***
Total pot $42 | Rake $0.50
Board [4h 4s Jc Ac Qh]
Seat 3: melyh82 (big blind) showed [9s Jd] and won ($41.50) with two pair, Jacks and Fours
Seat 4: Actionni13 (button) (small blind) showed [5c 6c] and lost with a pair of Fours


PokerStars Hand #168065002264:  Hold'em Limit ($3/$6 USD) - 2017/03/24 20:14:51 ET
Table 'Achilles' 6-max Seat #3 is the button
Seat 3: melyh82 ($312.43 in chips)
Seat 4: Actionni13 ($156.76 in chips)
melyh82: posts small blind $1
Actionni13: posts big blind $3
*** HOLE CARDS ***
melyh82: raises $3 to $6
Actionni13: raises $3 to $9
melyh82: calls $3
*** FLOP *** [Qc 9c Kc]
Actionni13: bets $3
melyh82: folds
Uncalled bet ($3) returned to Actionni13
Actionni13 collected $17.64 from pot
Actionni13: doesn't show hand
*** SUMMARY ***
Total pot $18 | Rake $0.36
Board [Qc 9c Kc]
Seat 3: melyh82 (button) (small blind) folded on the Flop
Seat 4: Actionni13 (big blind) collected ($17.64)


PokerStars Hand #168064998599:  Hold'em Limit ($3/$6 USD) - 2017/03/24 20:14:45 ET
Table 'Achilles' 6-max Seat #4 is the button
Seat 3: melyh82 ($311.43 in chips)
Seat 4: Actionni13 ($157.76 in chips)
Actionni13: posts small blind $1
melyh82: posts big blind $3
*** HOLE CARDS ***
Actionni13: folds
Uncalled bet ($2) returned to melyh82
melyh82 collected $2 from pot
melyh82: doesn't show hand
*** SUMMARY ***
Total pot $2 | Rake $0
Seat 3: melyh82 (big blind) collected ($2)
Seat 4: Actionni13 (button) (small blind) folded before Flop


PokerStars Hand #168064995558:  Hold'em Limit ($3/$6 USD) - 2017/03/24 20:14:41 ET
Table 'Achilles' 6-max Seat #3 is the button
Seat 3: melyh82 ($312.43 in chips)
Seat 4: Actionni13 ($156.76 in chips)
melyh82: posts small blind $1
Actionni13: posts big blind $3
*** HOLE CARDS ***
melyh82: folds
Uncalled bet ($2) returned to Actionni13
Actionni13 collected $2 from pot
Actionni13: doesn't show hand
*** SUMMARY ***
Total pot $2 | Rake $0
Seat 3: melyh82 (button) (small blind) folded before Flop
Seat 4: Actionni13 (big blind) collected ($2)


PokerStars Hand #168064989148:  Hold'em Limit ($3/$6 USD) - 2017/03/24 20:14:30 ET
Table 'Achilles' 6-max Seat #4 is the button
Seat 3: melyh82 ($318.43 in chips)
Seat 4: Actionni13 ($151 in chips)
Actionni13: posts small blind $1
melyh82: posts big blind $3
*** HOLE CARDS ***
Actionni13: raises $3 to $6
melyh82: calls $3
*** FLOP *** [4d Th Ah]
melyh82: checks
Actionni13: bets $3
melyh82: folds
Uncalled bet ($3) returned to Actionni13
Actionni13 collected $11.76 from pot
Actionni13: doesn't show hand
*** SUMMARY ***
Total pot $12 | Rake $0.24
Board [4d Th Ah]
Seat 3: melyh82 (big blind) folded on the Flop
Seat 4: Actionni13 (button) (small blind) collected ($11.76)


PokerStars Hand #168064986247:  Hold'em Limit ($3/$6 USD) - 2017/03/24 20:14:26 ET
Table 'Achilles' 6-max Seat #3 is the button
Seat 3: melyh82 ($319.43 in chips)
Seat 4: Actionni13 ($150 in chips)
melyh82: posts small blind $1
Actionni13: posts big blind $3
*** HOLE CARDS ***
melyh82: folds
Uncalled bet ($2) returned to Actionni13
Actionni13 collected $2 from pot
Actionni13: doesn't show hand
*** SUMMARY ***
Total pot $2 | Rake $0
Seat 3: melyh82 (button) (small blind) folded before Flop
Seat 4: Actionni13 (big blind) collected ($2)


PokerStars Hand #168065040009:  Hold'em Limit ($3/$6 USD) - 2017/03/24 20:15:50 ET
Table 'Achilles' 6-max Seat #3 is the button
Seat 3: melyh82 ($346.43 in chips)
Seat 4: Actionni13 ($150 in chips)
melyh82: posts small blind $1
Actionni13: posts big blind $3
*** HOLE CARDS ***
melyh82: raises $3 to $6
Actionni13: raises $3 to $9
melyh82: calls $3
*** FLOP *** [9h 9d 5c]
apertens joins the table at seat #2
Actionni13: bets $3
melyh82: calls $3
*** TURN *** [9h 9d 5c] [6d]
Velbor107 joins the table at seat #5
Actionni13: bets $6
melyh82: raises $6 to $12
Actionni13: folds
Uncalled bet ($6) returned to melyh82
melyh82 collected $35.50 from pot
melyh82: doesn't show hand
*** SUMMARY ***
Total pot $36 | Rake $0.50
Board [9h 9d 5c 6d]
Seat 3: melyh82 (button) (small blind) collected ($35.50)
Seat 4: Actionni13 (big blind) folded on the Turn


PokerStars Hand #168065028552:  Hold'em Limit ($3/$6 USD) - 2017/03/24 20:15:32 ET
Table 'Achilles' 6-max Seat #4 is the button
Seat 3: melyh82 ($322.93 in chips)
Seat 4: Actionni13 ($151 in chips)
Actionni13: posts small blind $1
melyh82: posts big blind $3
*** HOLE CARDS ***
Actionni13: raises $3 to $6
melyh82: raises $3 to $9
Actionni13: calls $3
*** FLOP *** [7c Td 5h]
melyh82: bets $3
Actionni13: calls $3
*** TURN *** [7c Td 5h] [Ah]
melyh82: bets $6
Actionni13: calls $6
*** RIVER *** [7c Td 5h Ah] [5s]
melyh82: bets $6
Actionni13: calls $6
*** SHOW DOWN ***
melyh82: shows [4d Ac] (two pair, Aces and Fives)
Actionni13: mucks hand
melyh82 collected $47.50 from pot
*** SUMMARY ***
Total pot $48 | Rake $0.50
Board [7c Td 5h Ah 5s]
Seat 3: melyh82 (big blind) showed [4d Ac] and won ($47.50) with two pair, Aces and Fives
Seat 4: Actionni13 (button) (small blind) mucked


PokerStars Hand #168065025487:  Hold'em Limit ($3/$6 USD) - 2017/03/24 20:15:27 ET
Table 'Achilles' 6-max Seat #3 is the button
Seat 3: melyh82 ($323.93 in chips)
Seat 4: Actionni13 ($150 in chips)
melyh82: posts small blind $1
Actionni13: posts big blind $3
*** HOLE CARDS ***
melyh82: folds
Uncalled bet ($2) returned to Actionni13
Actionni13 collected $2 from pot
Actionni13: doesn't show hand
*** SUMMARY ***
Total pot $2 | Rake $0
Seat 3: melyh82 (button) (small blind) folded before Flop
Seat 4: Actionni13 (big blind) collected ($2)


PokerStars Hand #168065186707:  Hold'em Limit ($3/$6 USD) - 2017/03/24 20:19:31 ET
Table 'Achilles' 6-max Seat #3 is the button
Seat 2: apertens ($66.43 in chips)
Seat 3: melyh82 ($121 in chips)
melyh82: posts small blind $1
Actionni13: is sitting out
Velbor107: is sitting out
apertens: posts big blind $3
*** HOLE CARDS ***
melyh82: folds
Uncalled bet ($2) returned to apertens
apertens collected $2 from pot
apertens: doesn't show hand
Actionni13 leaves the table
*** SUMMARY ***
Total pot $2 | Rake $0
Seat 2: apertens (big blind) collected ($2)
Seat 3: melyh82 (button) (small blind) folded before Flop


PokerStars Hand #168065190043:  Hold'em Limit ($3/$6 USD) - 2017/03/24 20:19:37 ET
Table 'Achilles' 6-max Seat #2 is the button
Seat 2: apertens ($67.43 in chips)
Seat 3: melyh82 ($120 in chips)
apertens: posts small blind $1
melyh82: posts big blind $3
*** HOLE CARDS ***
apertens: raises $3 to $6
melyh82: raises $3 to $9
apertens: raises $3 to $12
Betting is capped
melyh82: calls $3
*** FLOP *** [2s 6c Qh]
melyh82: bets $3
apertens: calls $3
*** TURN *** [2s 6c Qh] [5s]
melyh82: bets $6
apertens: calls $6
*** RIVER *** [2s 6c Qh 5s] [5c]
melyh82: bets $6
apertens: calls $6
*** SHOW DOWN ***
melyh82: shows [4s Ks] (a pair of Fives)
apertens: shows [Jd Qd] (two pair, Queens and Fives)
apertens collected $53.50 from pot
*** SUMMARY ***
Total pot $54 | Rake $0.50
Board [2s 6c Qh 5s 5c]
Seat 2: apertens (button) (small blind) showed [Jd Qd] and won ($53.50) with two pair, Queens and Fives
Seat 3: melyh82 (big blind) showed [4s Ks] and lost with a pair of Fives


PokerStars Hand #168065212549:  Hold'em Limit ($3/$6 USD) - 2017/03/24 20:20:13 ET
Table 'Achilles' 6-max Seat #3 is the button
Seat 2: apertens ($93.93 in chips)
Seat 3: melyh82 ($93 in chips)
melyh82: posts small blind $1
Velbor107: is sitting out
apertens: posts big blind $3
*** HOLE CARDS ***
Velbor107 leaves the table
melyh82: raises $3 to $6
Velbor107 joins the table at seat #4
apertens: calls $3
*** FLOP *** [7h 3s 5h]
apertens: bets $3
19woody58 joins the table at seat #6
GRAILKO joins the table at seat #1
melyh82: calls $3
*** TURN *** [7h 3s 5h] [Th]
apertens: checks
melyh82: checks
*** RIVER *** [7h 3s 5h Th] [Jc]
apertens: checks
melyh82: bets $6
apertens: calls $6
*** SHOW DOWN ***
melyh82: shows [8c Jd] (a pair of Jacks)
apertens: mucks hand
melyh82 collected $29.50 from pot
*** SUMMARY ***
Total pot $30 | Rake $0.50
Board [7h 3s 5h Th Jc]
Seat 2: apertens (big blind) mucked
Seat 3: melyh82 (button) (small blind) showed [8c Jd] and won ($29.50) with a pair of Jacks


PokerStars Hand #168065239804:  Hold'em Limit ($3/$6 USD) - 2017/03/24 20:20:57 ET
Table 'Achilles' 6-max Seat #2 is the button
Seat 2: apertens ($78.93 in chips)
Seat 3: melyh82 ($107.50 in chips)
apertens: posts small blind $1
melyh82: posts big blind $3
*** HOLE CARDS ***
apertens: raises $3 to $6
melyh82: calls $3
*** FLOP *** [5c 8s 4s]
melyh82: checks
apertens: checks
*** TURN *** [5c 8s 4s] [9d]
melyh82: checks
apertens: bets $6
melyh82: folds
Uncalled bet ($6) returned to apertens
apertens collected $11.76 from pot
apertens: doesn't show hand
*** SUMMARY ***
Total pot $12 | Rake $0.24
Board [5c 8s 4s 9d]
Seat 2: apertens (button) (small blind) collected ($11.76)
Seat 3: melyh82 (big blind) folded on the Turn


PokerStars Hand #168066944375:  Hold'em Limit ($3/$6 USD) - 2017/03/24 21:10:18 ET
Table 'Achilles' 6-max Seat #1 is the button
Seat 1: GRAILKO ($377.16 in chips)
Seat 6: 19woody58 ($162.73 in chips)
GRAILKO: posts small blind $1
19woody58: posts big blind $3
*** HOLE CARDS ***
GRAILKO: folds
Uncalled bet ($2) returned to 19woody58
19woody58 collected $2 from pot
*** SUMMARY ***
Total pot $2 | Rake $0
Seat 1: GRAILKO (button) (small blind) folded before Flop
Seat 6: 19woody58 (big blind) collected ($2)


PokerStars Hand #168066941043:  Hold'em Limit ($3/$6 USD) - 2017/03/24 21:10:12 ET
Table 'Achilles' 6-max Seat #6 is the button
Seat 1: GRAILKO ($376.16 in chips)
Seat 6: 19woody58 ($163.73 in chips)
Zigurrrd leaves the table
19woody58: posts small blind $1
GRAILKO: posts big blind $3
*** HOLE CARDS ***
19woody58: folds
Uncalled bet ($2) returned to GRAILKO
GRAILKO collected $2 from pot
GRAILKO: doesn't show hand
*** SUMMARY ***
Total pot $2 | Rake $0
Seat 1: GRAILKO (big blind) collected ($2)
Seat 6: 19woody58 (button) (small blind) folded before Flop


PokerStars Hand #168066937620:  Hold'em Limit ($3/$6 USD) - 2017/03/24 21:10:06 ET
Table 'Achilles' 6-max Seat #1 is the button
Seat 1: GRAILKO ($373.16 in chips)
Seat 6: 19woody58 ($166.73 in chips)
GRAILKO: posts small blind $1
Zigurrrd: is sitting out
19woody58: posts big blind $3
*** HOLE CARDS ***
GRAILKO: raises $3 to $6
19woody58: folds
Uncalled bet ($3) returned to GRAILKO
GRAILKO collected $6 from pot
GRAILKO: doesn't show hand
*** SUMMARY ***
Total pot $6 | Rake $0
Seat 1: GRAILKO (button) (small blind) collected ($6)
Seat 6: 19woody58 (big blind) folded before Flop


PokerStars Hand #168066960955:  Hold'em Limit ($3/$6 USD) - 2017/03/24 21:10:49 ET
Table 'Achilles' 6-max Seat #6 is the button
Seat 1: GRAILKO ($380.92 in chips)
Seat 6: 19woody58 ($158.73 in chips)
19woody58: posts small blind $1
GRAILKO: posts big blind $3
*** HOLE CARDS ***
19woody58: raises $3 to $6
GRAILKO: calls $3
*** FLOP *** [Qh Qd 7s]
GRAILKO: checks
19woody58: bets $3
GRAILKO: folds
Uncalled bet ($3) returned to 19woody58
19woody58 collected $11.76 from pot
*** SUMMARY ***
Total pot $12 | Rake $0.24
Board [Qh Qd 7s]
Seat 1: GRAILKO (big blind) folded on the Flop
Seat 6: 19woody58 (button) (small blind) collected ($11.76)


PokerStars Hand #168066957378:  Hold'em Limit ($3/$6 USD) - 2017/03/24 21:10:42 ET
Table 'Achilles' 6-max Seat #1 is the button
Seat 1: GRAILKO ($381.92 in chips)
Seat 6: 19woody58 ($157.73 in chips)
GRAILKO: posts small blind $1
19woody58: posts big blind $3
*** HOLE CARDS ***
GRAILKO: folds
Uncalled bet ($2) returned to 19woody58
19woody58 collected $2 from pot
*** SUMMARY ***
Total pot $2 | Rake $0
Seat 1: GRAILKO (button) (small blind) folded before Flop
Seat 6: 19woody58 (big blind) collected ($2)


PokerStars Hand #168066946843:  Hold'em Limit ($3/$6 USD) - 2017/03/24 21:10:23 ET
Table 'Achilles' 6-max Seat #6 is the button
Seat 1: GRAILKO ($376.16 in chips)
Seat 6: 19woody58 ($163.73 in chips)
19woody58: posts small blind $1
GRAILKO: posts big blind $3
*** HOLE CARDS ***
19woody58: calls $2
GRAILKO: checks
*** FLOP *** [2h 2c Jh]
GRAILKO: bets $3
NoVebra leaves the table
19woody58: calls $3
*** TURN *** [2h 2c Jh] [Qc]
GRAILKO: bets $6
19woody58: folds
Uncalled bet ($6) returned to GRAILKO
GRAILKO collected $11.76 from pot
GRAILKO: doesn't show hand
*** SUMMARY ***
Total pot $12 | Rake $0.24
Board [2h 2c Jh Qc]
Seat 1: GRAILKO (big blind) collected ($11.76)
Seat 6: 19woody58 (button) (small blind) folded on the Turn


PokerStars Hand #168066992391:  Hold'em Limit ($3/$6 USD) - 2017/03/24 21:11:46 ET
Table 'Achilles' 6-max Seat #1 is the button
Seat 1: GRAILKO ($375.67 in chips)
Seat 6: 19woody58 ($163.24 in chips)
GRAILKO: posts small blind $1
19woody58: posts big blind $3
*** HOLE CARDS ***
GRAILKO: raises $3 to $6
19woody58: calls $3
*** FLOP *** [9h 4h Th]
19woody58: checks
GRAILKO: bets $3
19woody58: calls $3
*** TURN *** [9h 4h Th] [Kc]
19woody58: checks
GRAILKO: bets $6
19woody58: calls $6
*** RIVER *** [9h 4h Th Kc] [As]
19woody58: bets $6
GRAILKO: folds
Uncalled bet ($6) returned to 19woody58
19woody58 collected $29.50 from pot
*** SUMMARY ***
Total pot $30 | Rake $0.50
Board [9h 4h Th Kc As]
Seat 1: GRAILKO (button) (small blind) folded on the River
Seat 6: 19woody58 (big blind) collected ($29.50)


PokerStars Hand #168066989623:  Hold'em Limit ($3/$6 USD) - 2017/03/24 21:11:41 ET
Table 'Achilles' 6-max Seat #6 is the button
Seat 1: GRAILKO ($374.67 in chips)
Seat 6: 19woody58 ($164.24 in chips)
19woody58: posts small blind $1
GRAILKO: posts big blind $3
*** HOLE CARDS ***
19woody58: folds
Uncalled bet ($2) returned to GRAILKO
GRAILKO collected $2 from pot
GRAILKO: doesn't show hand
*** SUMMARY ***
Total pot $2 | Rake $0
Seat 1: GRAILKO (big blind) collected ($2)
Seat 6: 19woody58 (button) (small blind) folded before Flop


PokerStars Hand #168066967853:  Hold'em Limit ($3/$6 USD) - 2017/03/24 21:11:01 ET
Table 'Achilles' 6-max Seat #1 is the button
Seat 1: GRAILKO ($374.92 in chips)
Seat 6: 19woody58 ($164.49 in chips)
GRAILKO: posts small blind $1
19woody58: posts big blind $3
*** HOLE CARDS ***
GRAILKO: raises $3 to $6
19woody58: calls $3
*** FLOP *** [Td Jh Jc]
19woody58: checks
GRAILKO: bets $3
19woody58: calls $3
*** TURN *** [Td Jh Jc] [9h]
19woody58: checks
GRAILKO: checks
*** RIVER *** [Td Jh Jc 9h] [8s]
19woody58: checks
GRAILKO: bets $6
19woody58: calls $6
*** SHOW DOWN ***
GRAILKO: shows [Ac 7h] (a straight, Seven to Jack)
19woody58: shows [Kc 7s] (a straight, Seven to Jack)
19woody58 collected $14.75 from pot
GRAILKO collected $14.75 from pot
*** SUMMARY ***
Total pot $30 | Rake $0.50
Board [Td Jh Jc 9h 8s]
Seat 1: GRAILKO (button) (small blind) showed [Ac 7h] and won ($14.75) with a straight, Seven to Jack
Seat 6: 19woody58 (big blind) showed [Kc 7s] and won ($14.75) with a straight, Seven to Jack


PokerStars Hand #168067017993:  Hold'em Limit ($3/$6 USD) - 2017/03/24 21:12:33 ET
Table 'Achilles' 6-max Seat #1 is the button
Seat 1: GRAILKO ($366.43 in chips)
Seat 6: 19woody58 ($171.74 in chips)
GRAILKO: posts small blind $1
19woody58: posts big blind $3
*** HOLE CARDS ***
GRAILKO: raises $3 to $6
19woody58: folds
Uncalled bet ($3) returned to GRAILKO
GRAILKO collected $6 from pot
GRAILKO: doesn't show hand
*** SUMMARY ***
Total pot $6 | Rake $0
Seat 1: GRAILKO (button) (small blind) collected ($6)
Seat 6: 19woody58 (big blind) folded before Flop


PokerStars Hand #168067007124:  Hold'em Limit ($3/$6 USD) - 2017/03/24 21:12:13 ET
Table 'Achilles' 6-max Seat #6 is the button
Seat 1: GRAILKO ($360.67 in chips)
Seat 6: 19woody58 ($177.74 in chips)
19woody58: posts small blind $1
GRAILKO: posts big blind $3
*** HOLE CARDS ***
19woody58: calls $2
GRAILKO: checks
*** FLOP *** [Jd Ts 6s]
GRAILKO: bets $3
19woody58: calls $3
*** TURN *** [Jd Ts 6s] [3h]
GRAILKO: bets $6
19woody58: folds
Uncalled bet ($6) returned to GRAILKO
GRAILKO collected $11.76 from pot
GRAILKO: doesn't show hand
*** SUMMARY ***
Total pot $12 | Rake $0.24
Board [Jd Ts 6s 3h]
Seat 1: GRAILKO (big blind) collected ($11.76)
Seat 6: 19woody58 (button) (small blind) folded on the Turn


