PokerStars Hand #167621528298:  Hold'em Limit ($3/$6 USD) - 2017/03/15 12:36:03 ET
Table 'Achilles II' 6-max Seat #5 is the button
Seat 4: Fantomet ($142.81 in chips)
Seat 5: oliwan ($271.10 in chips)
oliwan: posts small blind $1
Fantomet: posts big blind $3
*** HOLE CARDS ***
oliwan: raises $3 to $6
Fantomet: folds
Uncalled bet ($3) returned to oliwan
oliwan collected $6 from pot
oliwan: doesn't show hand
*** SUMMARY ***
Total pot $6 | Rake $0
Seat 4: Fantomet (big blind) folded before Flop
Seat 5: oliwan (button) (small blind) collected ($6)


PokerStars Hand #167621532295:  Hold'em Limit ($3/$6 USD) - 2017/03/15 12:36:09 ET
Table 'Achilles II' 6-max Seat #4 is the button
Seat 4: Fantomet ($139.81 in chips)
Seat 5: oliwan ($274.10 in chips)
Fantomet: posts small blind $1
oliwan: posts big blind $3
*** HOLE CARDS ***
Fantomet: raises $3 to $6
oliwan: calls $3
*** FLOP *** [2s 5c 8d]
oliwan: checks
Fantomet: bets $3
oliwan: calls $3
*** TURN *** [2s 5c 8d] [9h]
oliwan: checks
Fantomet: bets $6
oliwan: raises $6 to $12
Fantomet: calls $6
*** RIVER *** [2s 5c 8d 9h] [Ac]
oliwan: bets $6
Fantomet: calls $6
*** SHOW DOWN ***
oliwan: shows [Jd 9s] (a pair of Nines)
Fantomet: mucks hand
oliwan collected $53.50 from pot
*** SUMMARY ***
Total pot $54 | Rake $0.50
Board [2s 5c 8d 9h Ac]
Seat 4: Fantomet (button) (small blind) mucked
Seat 5: oliwan (big blind) showed [Jd 9s] and won ($53.50) with a pair of Nines


PokerStars Hand #167621523860:  Hold'em Limit ($3/$6 USD) - 2017/03/15 12:35:57 ET
Table 'Achilles II' 6-max Seat #4 is the button
Seat 4: Fantomet ($139.81 in chips)
Seat 5: oliwan ($274.10 in chips)
Fantomet: posts small blind $1
oliwan: posts big blind $3
*** HOLE CARDS ***
Fantomet: raises $3 to $6
oliwan: folds
Uncalled bet ($3) returned to Fantomet
Fantomet collected $6 from pot
*** SUMMARY ***
Total pot $6 | Rake $0
Seat 4: Fantomet (button) (small blind) collected ($6)
Seat 5: oliwan (big blind) folded before Flop


PokerStars Hand #167621520362:  Hold'em Limit ($3/$6 USD) - 2017/03/15 12:35:52 ET
Table 'Achilles II' 6-max Seat #5 is the button
Seat 4: Fantomet ($138.81 in chips)
Seat 5: oliwan ($275.10 in chips)
oliwan: posts small blind $1
Fantomet: posts big blind $3
*** HOLE CARDS ***
oliwan: folds
Uncalled bet ($2) returned to Fantomet
Fantomet collected $2 from pot
Fantomet: shows [Qs Qd] (a pair of Queens)
*** SUMMARY ***
Total pot $2 | Rake $0
Seat 4: Fantomet (big blind) collected ($2)
Seat 5: oliwan (button) (small blind) folded before Flop


PokerStars Hand #167621516454:  Hold'em Limit ($3/$6 USD) - 2017/03/15 12:35:46 ET
Table 'Achilles II' 6-max Seat #4 is the button
Seat 4: Fantomet ($135.81 in chips)
Seat 5: oliwan ($278.10 in chips)
Fantomet: posts small blind $1
oliwan: posts big blind $3
*** HOLE CARDS ***
Fantomet: raises $3 to $6
oliwan: folds
Uncalled bet ($3) returned to Fantomet
Fantomet collected $6 from pot
*** SUMMARY ***
Total pot $6 | Rake $0
Seat 4: Fantomet (button) (small blind) collected ($6)
Seat 5: oliwan (big blind) folded before Flop


PokerStars Hand #167621505001:  Hold'em Limit ($3/$6 USD) - 2017/03/15 12:35:30 ET
Table 'Achilles II' 6-max Seat #5 is the button
Seat 4: Fantomet ($141.81 in chips)
Seat 5: oliwan ($272.34 in chips)
oliwan: posts small blind $1
Fantomet: posts big blind $3
*** HOLE CARDS ***
uglyghost101 is disconnected
oliwan: raises $3 to $6
Fantomet: calls $3
*** FLOP *** [7s Kh 5c]
Fantomet: checks
oliwan: bets $3
Fantomet: folds
Uncalled bet ($3) returned to oliwan
oliwan collected $11.76 from pot
oliwan: doesn't show hand
*** SUMMARY ***
Total pot $12 | Rake $0.24
Board [7s Kh 5c]
Seat 4: Fantomet (big blind) folded on the Flop
Seat 5: oliwan (button) (small blind) collected ($11.76)


PokerStars Hand #167621671373:  Hold'em Limit ($3/$6 USD) - 2017/03/15 12:39:25 ET
Table 'Achilles II' 6-max Seat #4 is the button
Seat 4: Fantomet ($98.81 in chips)
Seat 5: oliwan ($328.28 in chips)
vestimokrec will be allowed to play after the button
Fantomet: posts small blind $1
oliwan: posts big blind $3
*** HOLE CARDS ***
Fantomet: folds
Uncalled bet ($2) returned to oliwan
oliwan collected $2 from pot
oliwan: doesn't show hand
*** SUMMARY ***
Total pot $2 | Rake $0
Seat 4: Fantomet (button) (small blind) folded before Flop
Seat 5: oliwan (big blind) collected ($2)


PokerStars Hand #167621630787:  Hold'em Limit ($3/$6 USD) - 2017/03/15 12:38:28 ET
Table 'Achilles II' 6-max Seat #4 is the button
Seat 4: Fantomet ($104.81 in chips)
Seat 5: oliwan ($319.52 in chips)
vestimokrec will be allowed to play after the button
Fantomet: posts small blind $1
oliwan: posts big blind $3
*** HOLE CARDS ***
Fantomet: raises $3 to $6
oliwan: calls $3
*** FLOP *** [4h Qs Qd]
oliwan: bets $3
Fantomet: folds
Uncalled bet ($3) returned to oliwan
oliwan collected $11.76 from pot
oliwan: doesn't show hand
*** SUMMARY ***
Total pot $12 | Rake $0.24
Board [4h Qs Qd]
Seat 4: Fantomet (button) (small blind) folded on the Flop
Seat 5: oliwan (big blind) collected ($11.76)


PokerStars Hand #167633295642:  Hold'em Limit ($3/$6 USD) - 2017/03/15 16:36:17 ET
Table 'Achilles II' 6-max Seat #2 is the button
Seat 2: Luanto 14 ($127.51 in chips)
Seat 6: MMike1948 ($290.75 in chips)
Luanto 14: posts small blind $1
MMike1948: posts big blind $3
*** HOLE CARDS ***
Luanto 14: raises $3 to $6
MMike1948: calls $3
*** FLOP *** [Tc Ac Jh]
MMike1948: checks
Luanto 14: bets $3
MMike1948: calls $3
*** TURN *** [Tc Ac Jh] [6h]
MMike1948: checks
Luanto 14: bets $6
MMike1948: calls $6
*** RIVER *** [Tc Ac Jh 6h] [Kc]
MMike1948: checks
Luanto 14: checks
*** SHOW DOWN ***
MMike1948: shows [Ad 8s] (a pair of Aces)
Luanto 14: mucks hand
MMike1948 collected $29.50 from pot
*** SUMMARY ***
Total pot $30 | Rake $0.50
Board [Tc Ac Jh 6h Kc]
Seat 2: Luanto 14 (button) (small blind) mucked
Seat 6: MMike1948 (big blind) showed [Ad 8s] and won ($29.50) with a pair of Aces


PokerStars Hand #167633258845:  Hold'em Limit ($3/$6 USD) - 2017/03/15 16:35:35 ET
Table 'Achilles II' 6-max Seat #2 is the button
Seat 2: Luanto 14 ($133.75 in chips)
Seat 6: MMike1948 ($285.23 in chips)
Luanto 14: posts small blind $1
vestimokrec: is sitting out
MMike1948: posts big blind $3
*** HOLE CARDS ***
Luanto 14: raises $3 to $6
MMike1948: calls $3
*** FLOP *** [Kc As 2h]
MMike1948: checks
Luanto 14: bets $3
MMike1948: folds
Uncalled bet ($3) returned to Luanto 14
Luanto 14 collected $11.76 from pot
Luanto 14: doesn't show hand
*** SUMMARY ***
Total pot $12 | Rake $0.24
Board [Kc As 2h]
Seat 2: Luanto 14 (button) (small blind) collected ($11.76)
Seat 6: MMike1948 (big blind) folded on the Flop


PokerStars Hand #167633276232:  Hold'em Limit ($3/$6 USD) - 2017/03/15 16:35:55 ET
Table 'Achilles II' 6-max Seat #6 is the button
Seat 2: Luanto 14 ($139.51 in chips)
Seat 6: MMike1948 ($279.23 in chips)
MMike1948: posts small blind $1
Luanto 14: posts big blind $3
*** HOLE CARDS ***
MMike1948: raises $3 to $6
Luanto 14: calls $3
*** FLOP *** [8d Jd 3d]
Luanto 14: checks
MMike1948: checks
*** TURN *** [8d Jd 3d] [Ks]
Luanto 14: bets $6
vestimokrec leaves the table
MMike1948: calls $6
*** RIVER *** [8d Jd 3d Ks] [Th]
Luanto 14: checks
MMike1948: checks
*** SHOW DOWN ***
Luanto 14: shows [7c Qd] (high card King)
MMike1948: shows [Ah Ts] (a pair of Tens)
MMike1948 collected $23.52 from pot
*** SUMMARY ***
Total pot $24 | Rake $0.48
Board [8d Jd 3d Ks Th]
Seat 2: Luanto 14 (big blind) showed [7c Qd] and lost with high card King
Seat 6: MMike1948 (button) (small blind) showed [Ah Ts] and won ($23.52) with a pair of Tens


PokerStars Hand #167633315951:  Hold'em Limit ($3/$6 USD) - 2017/03/15 16:36:40 ET
Table 'Achilles II' 6-max Seat #6 is the button
Seat 2: Luanto 14 ($112.51 in chips)
Seat 6: MMike1948 ($305.25 in chips)
MMike1948: posts small blind $1
Luanto 14: posts big blind $3
*** HOLE CARDS ***
MMike1948: calls $2
Luanto 14: checks
*** FLOP *** [5c Td 8c]
Luanto 14: bets $3
MMike1948: folds
Uncalled bet ($3) returned to Luanto 14
Luanto 14 collected $5.88 from pot
Luanto 14: doesn't show hand
*** SUMMARY ***
Total pot $6 | Rake $0.12
Board [5c Td 8c]
Seat 2: Luanto 14 (big blind) collected ($5.88)
Seat 6: MMike1948 (button) (small blind) folded on the Flop


PokerStars Hand #167633826031:  Hold'em Limit ($3/$6 USD) - 2017/03/15 16:46:10 ET
Table 'Achilles II' 6-max Seat #1 is the button
Seat 1: JCDurocher ($181 in chips)
Seat 2: Luanto 14 ($114.39 in chips)
JCDurocher: posts small blind $1
Luanto 14: posts big blind $3
*** HOLE CARDS ***
JCDurocher: folds
Uncalled bet ($2) returned to Luanto 14
Luanto 14 collected $2 from pot
Luanto 14: doesn't show hand
*** SUMMARY ***
Total pot $2 | Rake $0
Seat 1: JCDurocher (button) (small blind) folded before Flop
Seat 2: Luanto 14 (big blind) collected ($2)


PokerStars Hand #167633821156:  Hold'em Limit ($3/$6 USD) - 2017/03/15 16:46:04 ET
Table 'Achilles II' 6-max Seat #2 is the button
Seat 1: JCDurocher ($180 in chips)
Seat 2: Luanto 14 ($115.39 in chips)
Luanto 14: posts small blind $1
JCDurocher: posts big blind $3
*** HOLE CARDS ***
Luanto 14: folds
Uncalled bet ($2) returned to JCDurocher
JCDurocher collected $2 from pot
*** SUMMARY ***
Total pot $2 | Rake $0
Seat 1: JCDurocher (big blind) collected ($2)
Seat 2: Luanto 14 (button) (small blind) folded before Flop


PokerStars Hand #167633848895:  Hold'em Limit ($3/$6 USD) - 2017/03/15 16:46:36 ET
Table 'Achilles II' 6-max Seat #1 is the button
Seat 1: JCDurocher ($194.50 in chips)
Seat 2: Luanto 14 ($100.39 in chips)
JCDurocher: posts small blind $1
Luanto 14: posts big blind $3
*** HOLE CARDS ***
JCDurocher: raises $3 to $6
Luanto 14: calls $3
*** FLOP *** [Qs 7d 5h]
Luanto 14: checks
JCDurocher: checks
*** TURN *** [Qs 7d 5h] [8h]
Luanto 14: bets $6
JCDurocher: calls $6
*** RIVER *** [Qs 7d 5h 8h] [Kd]
Luanto 14: bets $6
JCDurocher: folds
Uncalled bet ($6) returned to Luanto 14
Luanto 14 collected $23.52 from pot
Luanto 14: doesn't show hand
*** SUMMARY ***
Total pot $24 | Rake $0.48
Board [Qs 7d 5h 8h Kd]
Seat 1: JCDurocher (button) (small blind) folded on the River
Seat 2: Luanto 14 (big blind) collected ($23.52)


PokerStars Hand #167633830394:  Hold'em Limit ($3/$6 USD) - 2017/03/15 16:46:15 ET
Table 'Achilles II' 6-max Seat #2 is the button
Seat 1: JCDurocher ($180 in chips)
Seat 2: Luanto 14 ($115.39 in chips)
Luanto 14: posts small blind $1
uglyghost101 was removed from the table for failing to post
JCDurocher: posts big blind $3
*** HOLE CARDS ***
Luanto 14: raises $3 to $6
JCDurocher: calls $3
*** FLOP *** [Tc 2h 4s]
JCDurocher: checks
Luanto 14: bets $3
JCDurocher: calls $3
*** TURN *** [Tc 2h 4s] [7h]
JCDurocher: checks
Luanto 14: bets $6
JCDurocher: calls $6
*** RIVER *** [Tc 2h 4s 7h] [9d]
JCDurocher: checks
Luanto 14: checks
*** SHOW DOWN ***
JCDurocher: shows [Ah 7c] (a pair of Sevens)
Luanto 14: mucks hand
JCDurocher collected $29.50 from pot
*** SUMMARY ***
Total pot $30 | Rake $0.50
Board [Tc 2h 4s 7h 9d]
Seat 1: JCDurocher (big blind) showed [Ah 7c] and won ($29.50) with a pair of Sevens
Seat 2: Luanto 14 (button) (small blind) mucked


PokerStars Hand #167633864772:  Hold'em Limit ($3/$6 USD) - 2017/03/15 16:46:53 ET
Table 'Achilles II' 6-max Seat #2 is the button
Seat 1: JCDurocher ($182.50 in chips)
Seat 2: Luanto 14 ($111.91 in chips)
Luanto 14: posts small blind $1
JCDurocher: posts big blind $3
*** HOLE CARDS ***
Luanto 14: raises $3 to $6
JCDurocher: folds
Uncalled bet ($3) returned to Luanto 14
Luanto 14 collected $6 from pot
Luanto 14: doesn't show hand
*** SUMMARY ***
Total pot $6 | Rake $0
Seat 1: JCDurocher (big blind) folded before Flop
Seat 2: Luanto 14 (button) (small blind) collected ($6)


PokerStars Hand #167633902268:  Hold'em Limit ($3/$6 USD) - 2017/03/15 16:47:35 ET
Table 'Achilles II' 6-max Seat #2 is the button
Seat 1: JCDurocher ($176.26 in chips)
Seat 2: Luanto 14 ($117.67 in chips)
Luanto 14: posts small blind $1
JCDurocher: posts big blind $3
*** HOLE CARDS ***
Luanto 14: raises $3 to $6
JCDurocher: folds
Uncalled bet ($3) returned to Luanto 14
Luanto 14 collected $6 from pot
Luanto 14: doesn't show hand
*** SUMMARY ***
Total pot $6 | Rake $0
Seat 1: JCDurocher (big blind) folded before Flop
Seat 2: Luanto 14 (button) (small blind) collected ($6)


PokerStars Hand #167633884015:  Hold'em Limit ($3/$6 USD) - 2017/03/15 16:47:15 ET
Table 'Achilles II' 6-max Seat #1 is the button
Seat 1: JCDurocher ($182.26 in chips)
Seat 2: Luanto 14 ($111.91 in chips)
JCDurocher: posts small blind $1
Luanto 14: posts big blind $3
*** HOLE CARDS ***
JCDurocher: raises $3 to $6
Luanto 14: calls $3
*** FLOP *** [Qs Kh Qh]
Luanto 14: checks
JCDurocher: checks
*** TURN *** [Qs Kh Qh] [7s]
Luanto 14: checks
JCDurocher: checks
*** RIVER *** [Qs Kh Qh 7s] [As]
Luanto 14: checks
JCDurocher: checks
*** SHOW DOWN ***
Luanto 14: shows [5c Jd] (a pair of Queens)
JCDurocher: mucks hand
Luanto 14 collected $11.76 from pot
*** SUMMARY ***
Total pot $12 | Rake $0.24
Board [Qs Kh Qh 7s As]
Seat 1: JCDurocher (button) (small blind) mucked
Seat 2: Luanto 14 (big blind) showed [5c Jd] and won ($11.76) with a pair of Queens


PokerStars Hand #167633879185:  Hold'em Limit ($3/$6 USD) - 2017/03/15 16:47:10 ET
Table 'Achilles II' 6-max Seat #2 is the button
Seat 1: JCDurocher ($185.26 in chips)
Seat 2: Luanto 14 ($108.91 in chips)
Luanto 14: posts small blind $1
JCDurocher: posts big blind $3
*** HOLE CARDS ***
Luanto 14: raises $3 to $6
JCDurocher: folds
Uncalled bet ($3) returned to Luanto 14
Luanto 14 collected $6 from pot
Luanto 14: doesn't show hand
*** SUMMARY ***
Total pot $6 | Rake $0
Seat 1: JCDurocher (big blind) folded before Flop
Seat 2: Luanto 14 (button) (small blind) collected ($6)


PokerStars Hand #167633869305:  Hold'em Limit ($3/$6 USD) - 2017/03/15 16:46:59 ET
Table 'Achilles II' 6-max Seat #1 is the button
Seat 1: JCDurocher ($179.50 in chips)
Seat 2: Luanto 14 ($114.91 in chips)
JCDurocher: posts small blind $1
Luanto 14: posts big blind $3
*** HOLE CARDS ***
JCDurocher: raises $3 to $6
Luanto 14: calls $3
*** FLOP *** [9s Kc 5s]
Luanto 14: checks
JCDurocher: bets $3
Luanto 14: folds
Uncalled bet ($3) returned to JCDurocher
JCDurocher collected $11.76 from pot
JCDurocher: doesn't show hand
*** SUMMARY ***
Total pot $12 | Rake $0.24
Board [9s Kc 5s]
Seat 1: JCDurocher (button) (small blind) collected ($11.76)
Seat 2: Luanto 14 (big blind) folded on the Flop


PokerStars Hand #167633922234:  Hold'em Limit ($3/$6 USD) - 2017/03/15 16:47:58 ET
Table 'Achilles II' 6-max Seat #2 is the button
Seat 1: JCDurocher ($149.26 in chips)
Seat 2: Luanto 14 ($144.17 in chips)
Luanto 14: posts small blind $1
JCDurocher: posts big blind $3
*** HOLE CARDS ***
Luanto 14: raises $3 to $6
JCDurocher: folds
Uncalled bet ($3) returned to Luanto 14
Luanto 14 collected $6 from pot
Luanto 14: doesn't show hand
*** SUMMARY ***
Total pot $6 | Rake $0
Seat 1: JCDurocher (big blind) folded before Flop
Seat 2: Luanto 14 (button) (small blind) collected ($6)


PokerStars Hand #167633906785:  Hold'em Limit ($3/$6 USD) - 2017/03/15 16:47:40 ET
Table 'Achilles II' 6-max Seat #1 is the button
Seat 1: JCDurocher ($173.26 in chips)
Seat 2: Luanto 14 ($120.67 in chips)
JCDurocher: posts small blind $1
Luanto 14: posts big blind $3
*** HOLE CARDS ***
JCDurocher: raises $3 to $6
Luanto 14: raises $3 to $9
JCDurocher: calls $3
*** FLOP *** [9d 8s Qs]
Luanto 14: bets $3
JCDurocher: calls $3
*** TURN *** [9d 8s Qs] [6c]
Luanto 14: bets $6
JCDurocher: calls $6
*** RIVER *** [9d 8s Qs 6c] [Qc]
Luanto 14: bets $6
JCDurocher: calls $6
*** SHOW DOWN ***
Luanto 14: shows [Ts Jd] (a straight, Eight to Queen)
JCDurocher: mucks hand
Luanto 14 collected $47.50 from pot
*** SUMMARY ***
Total pot $48 | Rake $0.50
Board [9d 8s Qs 6c Qc]
Seat 1: JCDurocher (button) (small blind) mucked
Seat 2: Luanto 14 (big blind) showed [Ts Jd] and won ($47.50) with a straight, Eight to Queen


PokerStars Hand #167633927213:  Hold'em Limit ($3/$6 USD) - 2017/03/15 16:48:03 ET
Table 'Achilles II' 6-max Seat #1 is the button
Seat 1: JCDurocher ($146.26 in chips)
Seat 2: Luanto 14 ($147.17 in chips)
JCDurocher: posts small blind $1
Luanto 14: posts big blind $3
*** HOLE CARDS ***
JCDurocher: raises $3 to $6
Luanto 14: raises $3 to $9
JCDurocher: calls $3
*** FLOP *** [6s 2h 8d]
Luanto 14: bets $3
JCDurocher: calls $3
*** TURN *** [6s 2h 8d] [Qs]
Luanto 14: bets $6
JCDurocher: folds
Uncalled bet ($6) returned to Luanto 14
Luanto 14 collected $23.52 from pot
Luanto 14: doesn't show hand
JCDurocher leaves the table
*** SUMMARY ***
Total pot $24 | Rake $0.48
Board [6s 2h 8d Qs]
Seat 1: JCDurocher (button) (small blind) folded on the Turn
Seat 2: Luanto 14 (big blind) collected ($23.52)


PokerStars Hand #167634478060:  Hold'em Limit ($3/$6 USD) - 2017/03/15 16:59:12 ET
Table 'Achilles II' 6-max Seat #2 is the button
Seat 2: Luanto 14 ($174.97 in chips)
Seat 4: uglyghost101 ($291 in chips)
Luanto 14: posts small blind $1
uglyghost101: posts big blind $3
*** HOLE CARDS ***
Luanto 14: folds
Uncalled bet ($2) returned to uglyghost101
uglyghost101 collected $2 from pot
uglyghost101: doesn't show hand
*** SUMMARY ***
Total pot $2 | Rake $0
Seat 2: Luanto 14 (button) (small blind) folded before Flop
Seat 4: uglyghost101 (big blind) collected ($2)


PokerStars Hand #167634452775:  Hold'em Limit ($3/$6 USD) - 2017/03/15 16:58:37 ET
Table 'Achilles II' 6-max Seat #4 is the button
Seat 2: Luanto 14 ($163.45 in chips)
Seat 4: uglyghost101 ($303 in chips)
uglyghost101: posts small blind $1
Luanto 14: posts big blind $3
*** HOLE CARDS ***
uglyghost101: raises $3 to $6
TheWizKids joins the table at seat #1
Luanto 14: calls $3
*** FLOP *** [4s 4h Th]
Luanto 14: checks
uglyghost101: bets $3
Luanto 14: raises $3 to $6
uglyghost101: calls $3
*** TURN *** [4s 4h Th] [9c]
Luanto 14: bets $6
uglyghost101: folds
Uncalled bet ($6) returned to Luanto 14
Luanto 14 collected $23.52 from pot
Luanto 14: doesn't show hand
*** SUMMARY ***
Total pot $24 | Rake $0.48
Board [4s 4h Th 9c]
Seat 2: Luanto 14 (big blind) collected ($23.52)
Seat 4: uglyghost101 (button) (small blind) folded on the Turn


PokerStars Hand #167637705407:  Hold'em Limit ($3/$6 USD) - 2017/03/15 18:03:45 ET
Table 'Achilles II' 6-max Seat #5 is the button
Seat 4: uglyghost101 ($243.49 in chips)
Seat 5: Chessnok ($198.10 in chips)
Chessnok: posts small blind $1
uglyghost101: posts big blind $3
*** HOLE CARDS ***
Chessnok: raises $3 to $6
uglyghost101: calls $3
*** FLOP *** [Ks 6h 4h]
uglyghost101: checks
Chessnok: bets $3
uglyghost101: raises $3 to $6
Chessnok: calls $3
*** TURN *** [Ks 6h 4h] [Qs]
uglyghost101: checks
Chessnok: checks
*** RIVER *** [Ks 6h 4h Qs] [4s]
uglyghost101: checks
Chessnok: checks
*** SHOW DOWN ***
uglyghost101: shows [7d 8d] (a pair of Fours)
Chessnok: shows [Jh 8h] (a pair of Fours - King+Queen+Jack kicker)
Chessnok collected $23.52 from pot
*** SUMMARY ***
Total pot $24 | Rake $0.48
Board [Ks 6h 4h Qs 4s]
Seat 4: uglyghost101 (big blind) showed [7d 8d] and lost with a pair of Fours
Seat 5: Chessnok (button) (small blind) showed [Jh 8h] and won ($23.52) with a pair of Fours


