PokerStars Hand #149700257613:  Hold'em Limit ($3/$6 USD) - 2016/03/01 21:35:21 ET
Table 'Aconcagua' 10-max Seat #6 is the button
Seat 6: VolkovDmitri ($120 in chips)
Seat 8: nashmed99 ($184.45 in chips)
VolkovDmitri: posts small blind $1
nashmed99: posts big blind $3
*** HOLE CARDS ***
VolkovDmitri: raises $3 to $6
nashmed99: folds
Uncalled bet ($3) returned to VolkovDmitri
VolkovDmitri collected $6 from pot
VolkovDmitri: doesn't show hand
*** SUMMARY ***
Total pot $6 | Rake $0
Seat 6: VolkovDmitri (button) (small blind) collected ($6)
Seat 8: nashmed99 (big blind) folded before Flop


PokerStars Hand #149700292746:  Hold'em Limit ($3/$6 USD) - 2016/03/01 21:36:44 ET
Table 'Aconcagua' 10-max Seat #8 is the button
Seat 6: VolkovDmitri ($120 in chips)
Seat 8: nashmed99 ($210.71 in chips)
nashmed99: posts small blind $1
VolkovDmitri: posts big blind $3
*** HOLE CARDS ***
nashmed99: folds
Uncalled bet ($2) returned to VolkovDmitri
VolkovDmitri collected $2 from pot
VolkovDmitri: doesn't show hand
*** SUMMARY ***
Total pot $2 | Rake $0
Seat 6: VolkovDmitri (big blind) collected ($2)
Seat 8: nashmed99 (button) (small blind) folded before Flop


PokerStars Hand #149700280503:  Hold'em Limit ($3/$6 USD) - 2016/03/01 21:36:15 ET
Table 'Aconcagua' 10-max Seat #6 is the button
Seat 6: VolkovDmitri ($120 in chips)
Seat 8: nashmed99 ($187.21 in chips)
VolkovDmitri: posts small blind $1
nashmed99: posts big blind $3
*** HOLE CARDS ***
VolkovDmitri: raises $3 to $6
nashmed99: calls $3
*** FLOP *** [7c 6d 4d]
nashmed99: checks
VolkovDmitri: bets $3
nashmed99: raises $3 to $6
VolkovDmitri: calls $3
*** TURN *** [7c 6d 4d] [2d]
nashmed99: bets $6
VolkovDmitri: calls $6
*** RIVER *** [7c 6d 4d 2d] [Ah]
nashmed99: bets $6
VolkovDmitri: calls $6
*** SHOW DOWN ***
nashmed99: shows [4c Ac] (two pair, Aces and Fours)
VolkovDmitri: mucks hand
nashmed99 collected $47.50 from pot
*** SUMMARY ***
Total pot $48 | Rake $0.50
Board [7c 6d 4d 2d Ah]
Seat 6: VolkovDmitri (button) (small blind) mucked
Seat 8: nashmed99 (big blind) showed [4c Ac] and won ($47.50) with two pair, Aces and Fours


PokerStars Hand #149700264315:  Hold'em Limit ($3/$6 USD) - 2016/03/01 21:35:37 ET
Table 'Aconcagua' 10-max Seat #8 is the button
Seat 6: VolkovDmitri ($123 in chips)
Seat 8: nashmed99 ($181.45 in chips)
nashmed99: posts small blind $1
VolkovDmitri: posts big blind $3
*** HOLE CARDS ***
nashmed99: raises $3 to $6
VolkovDmitri: calls $3
*** FLOP *** [Th Qh 7s]
VolkovDmitri: checks
nashmed99: bets $3
VolkovDmitri: folds
Uncalled bet ($3) returned to nashmed99
nashmed99 collected $11.76 from pot
nashmed99: doesn't show hand
*** SUMMARY ***
Total pot $12 | Rake $0.24
Board [Th Qh 7s]
Seat 6: VolkovDmitri (big blind) folded on the Flop
Seat 8: nashmed99 (button) (small blind) collected ($11.76)


PokerStars Hand #149700295062:  Hold'em Limit ($3/$6 USD) - 2016/03/01 21:36:50 ET
Table 'Aconcagua' 10-max Seat #6 is the button
Seat 6: VolkovDmitri ($121 in chips)
Seat 8: nashmed99 ($209.71 in chips)
VolkovDmitri: posts small blind $1
nashmed99: posts big blind $3
*** HOLE CARDS ***
VolkovDmitri: raises $3 to $6
nashmed99: calls $3
*** FLOP *** [6h 3d Ac]
nashmed99: checks
VolkovDmitri: bets $3
nashmed99: raises $3 to $6
VolkovDmitri: calls $3
*** TURN *** [6h 3d Ac] [8h]
nashmed99: bets $6
VolkovDmitri: calls $6
*** RIVER *** [6h 3d Ac 8h] [5s]
nashmed99: bets $6
VolkovDmitri: calls $6
*** SHOW DOWN ***
nashmed99: shows [6d 9c] (a pair of Sixes)
VolkovDmitri: shows [Tc 6c] (a pair of Sixes - Ace+Ten kicker)
VolkovDmitri collected $47.50 from pot
*** SUMMARY ***
Total pot $48 | Rake $0.50
Board [6h 3d Ac 8h 5s]
Seat 6: VolkovDmitri (button) (small blind) showed [Tc 6c] and won ($47.50) with a pair of Sixes
Seat 8: nashmed99 (big blind) showed [6d 9c] and lost with a pair of Sixes


PokerStars Hand #149700339957:  Hold'em Limit ($3/$6 USD) - 2016/03/01 21:38:37 ET
Table 'Aconcagua' 10-max Seat #8 is the button
Seat 6: VolkovDmitri ($138 in chips)
Seat 8: nashmed99 ($191.21 in chips)
nashmed99: posts small blind $1
VolkovDmitri: posts big blind $3
*** HOLE CARDS ***
nashmed99: raises $3 to $6
VolkovDmitri: calls $3
*** FLOP *** [Kc 9d Qd]
VolkovDmitri: checks
nashmed99: checks
*** TURN *** [Kc 9d Qd] [8c]
VolkovDmitri: bets $6
nashmed99: folds
Uncalled bet ($6) returned to VolkovDmitri
VolkovDmitri collected $11.76 from pot
VolkovDmitri: doesn't show hand
*** SUMMARY ***
Total pot $12 | Rake $0.24
Board [Kc 9d Qd 8c]
Seat 6: VolkovDmitri (big blind) collected ($11.76)
Seat 8: nashmed99 (button) (small blind) folded on the Turn


PokerStars Hand #149700322771:  Hold'em Limit ($3/$6 USD) - 2016/03/01 21:37:56 ET
Table 'Aconcagua' 10-max Seat #6 is the button
Seat 6: VolkovDmitri ($123.50 in chips)
Seat 8: nashmed99 ($206.21 in chips)
VolkovDmitri: posts small blind $1
nashmed99: posts big blind $3
*** HOLE CARDS ***
VolkovDmitri: raises $3 to $6
nashmed99: calls $3
*** FLOP *** [Jd 8s Ac]
nashmed99: checks
VolkovDmitri: bets $3
nashmed99: calls $3
*** TURN *** [Jd 8s Ac] [3c]
nashmed99: checks
VolkovDmitri: bets $6
nashmed99: calls $6
*** RIVER *** [Jd 8s Ac 3c] [4c]
nashmed99: checks
VolkovDmitri: bets $6
nashmed99: folds
Uncalled bet ($6) returned to VolkovDmitri
VolkovDmitri collected $29.50 from pot
VolkovDmitri: doesn't show hand
*** SUMMARY ***
Total pot $30 | Rake $0.50
Board [Jd 8s Ac 3c 4c]
Seat 6: VolkovDmitri (button) (small blind) collected ($29.50)
Seat 8: nashmed99 (big blind) folded on the River


PokerStars Hand #149700356225:  Hold'em Limit ($3/$6 USD) - 2016/03/01 21:39:16 ET
Table 'Aconcagua' 10-max Seat #6 is the button
Seat 6: VolkovDmitri ($143.76 in chips)
Seat 8: nashmed99 ($185.21 in chips)
VolkovDmitri: posts small blind $1
nashmed99: posts big blind $3
*** HOLE CARDS ***
VolkovDmitri: raises $3 to $6
nashmed99: calls $3
*** FLOP *** [Qh 2h 2c]
nashmed99: checks
VolkovDmitri: checks
*** TURN *** [Qh 2h 2c] [9c]
nashmed99: bets $6
VolkovDmitri: calls $6
*** RIVER *** [Qh 2h 2c 9c] [Ah]
nashmed99: bets $6
VolkovDmitri: calls $6
*** SHOW DOWN ***
nashmed99: shows [Jh Kd] (a pair of Deuces)
VolkovDmitri: shows [Ks 6s] (a pair of Deuces)
nashmed99 collected $17.75 from pot
VolkovDmitri collected $17.75 from pot
*** SUMMARY ***
Total pot $36 | Rake $0.50
Board [Qh 2h 2c 9c Ah]
Seat 6: VolkovDmitri (button) (small blind) showed [Ks 6s] and won ($17.75) with a pair of Deuces
Seat 8: nashmed99 (big blind) showed [Jh Kd] and won ($17.75) with a pair of Deuces


PokerStars Hand #149700352785:  Hold'em Limit ($3/$6 USD) - 2016/03/01 21:39:08 ET
Table 'Aconcagua' 10-max Seat #8 is the button
Seat 6: VolkovDmitri ($146.76 in chips)
Seat 8: nashmed99 ($182.21 in chips)
nashmed99: posts small blind $1
VolkovDmitri: posts big blind $3
*** HOLE CARDS ***
nashmed99: raises $3 to $6
VolkovDmitri: folds
Uncalled bet ($3) returned to nashmed99
nashmed99 collected $6 from pot
nashmed99: doesn't show hand
*** SUMMARY ***
Total pot $6 | Rake $0
Seat 6: VolkovDmitri (big blind) folded before Flop
Seat 8: nashmed99 (button) (small blind) collected ($6)


PokerStars Hand #149700347928:  Hold'em Limit ($3/$6 USD) - 2016/03/01 21:38:56 ET
Table 'Aconcagua' 10-max Seat #6 is the button
Seat 6: VolkovDmitri ($143.76 in chips)
Seat 8: nashmed99 ($185.21 in chips)
VolkovDmitri: posts small blind $1
nashmed99: posts big blind $3
*** HOLE CARDS ***
VolkovDmitri: raises $3 to $6
nashmed99: folds
Uncalled bet ($3) returned to VolkovDmitri
VolkovDmitri collected $6 from pot
VolkovDmitri: doesn't show hand
*** SUMMARY ***
Total pot $6 | Rake $0
Seat 6: VolkovDmitri (button) (small blind) collected ($6)
Seat 8: nashmed99 (big blind) folded before Flop


PokerStars Hand #149700387210:  Hold'em Limit ($3/$6 USD) - 2016/03/01 21:40:31 ET
Table 'Aconcagua' 10-max Seat #8 is the button
Seat 6: VolkovDmitri ($170.01 in chips)
Seat 8: nashmed99 ($157.96 in chips)
nashmed99: posts small blind $1
VolkovDmitri: posts big blind $3
*** HOLE CARDS ***
nashmed99: folds
Uncalled bet ($2) returned to VolkovDmitri
VolkovDmitri collected $2 from pot
VolkovDmitri: doesn't show hand
*** SUMMARY ***
Total pot $2 | Rake $0
Seat 6: VolkovDmitri (big blind) collected ($2)
Seat 8: nashmed99 (button) (small blind) folded before Flop


PokerStars Hand #149700382669:  Hold'em Limit ($3/$6 USD) - 2016/03/01 21:40:20 ET
Table 'Aconcagua' 10-max Seat #6 is the button
Seat 6: VolkovDmitri ($167.01 in chips)
Seat 8: nashmed99 ($160.96 in chips)
VolkovDmitri: posts small blind $1
nashmed99: posts big blind $3
*** HOLE CARDS ***
VolkovDmitri: raises $3 to $6
nashmed99: folds
Uncalled bet ($3) returned to VolkovDmitri
VolkovDmitri collected $6 from pot
VolkovDmitri: doesn't show hand
*** SUMMARY ***
Total pot $6 | Rake $0
Seat 6: VolkovDmitri (button) (small blind) collected ($6)
Seat 8: nashmed99 (big blind) folded before Flop


PokerStars Hand #149700370533:  Hold'em Limit ($3/$6 USD) - 2016/03/01 21:39:51 ET
Table 'Aconcagua' 10-max Seat #8 is the button
Seat 6: VolkovDmitri ($143.51 in chips)
Seat 8: nashmed99 ($184.96 in chips)
nashmed99: posts small blind $1
VolkovDmitri: posts big blind $3
*** HOLE CARDS ***
nashmed99: raises $3 to $6
VolkovDmitri: raises $3 to $9
nashmed99: calls $3
*** FLOP *** [4s 3h 3d]
VolkovDmitri: bets $3
nashmed99: calls $3
*** TURN *** [4s 3h 3d] [6d]
VolkovDmitri: bets $6
nashmed99: raises $6 to $12
VolkovDmitri: calls $6
*** RIVER *** [4s 3h 3d 6d] [Kc]
VolkovDmitri: checks
nashmed99: checks
*** SHOW DOWN ***
VolkovDmitri: shows [5s 5d] (two pair, Fives and Threes)
nashmed99: mucks hand
VolkovDmitri collected $47.50 from pot
*** SUMMARY ***
Total pot $48 | Rake $0.50
Board [4s 3h 3d 6d Kc]
Seat 6: VolkovDmitri (big blind) showed [5s 5d] and won ($47.50) with two pair, Fives and Threes
Seat 8: nashmed99 (button) (small blind) mucked


PokerStars Hand #149700442115:  Hold'em Limit ($3/$6 USD) - 2016/03/01 21:42:43 ET
Table 'Aconcagua' 10-max Seat #5 is the button
Seat 5: xcgxcg2005 ($97.26 in chips)
Seat 8: nashmed99 ($202.74 in chips)
xcgxcg2005: posts small blind $1
nashmed99: posts big blind $3
*** HOLE CARDS ***
xcgxcg2005: folds
Uncalled bet ($2) returned to nashmed99
nashmed99 collected $2 from pot
nashmed99: doesn't show hand
*** SUMMARY ***
Total pot $2 | Rake $0
Seat 5: xcgxcg2005 (button) (small blind) folded before Flop
Seat 8: nashmed99 (big blind) collected ($2)


PokerStars Hand #149700439671:  Hold'em Limit ($3/$6 USD) - 2016/03/01 21:42:38 ET
Table 'Aconcagua' 10-max Seat #8 is the button
Seat 5: xcgxcg2005 ($100.26 in chips)
Seat 8: nashmed99 ($199.74 in chips)
nashmed99: posts small blind $1
xcgxcg2005: posts big blind $3
*** HOLE CARDS ***
nashmed99: raises $3 to $6
xcgxcg2005: folds
Uncalled bet ($3) returned to nashmed99
nashmed99 collected $6 from pot
nashmed99: doesn't show hand
*** SUMMARY ***
Total pot $6 | Rake $0
Seat 5: xcgxcg2005 (big blind) folded before Flop
Seat 8: nashmed99 (button) (small blind) collected ($6)


PokerStars Hand #149700437553:  Hold'em Limit ($3/$6 USD) - 2016/03/01 21:42:32 ET
Table 'Aconcagua' 10-max Seat #5 is the button
Seat 5: xcgxcg2005 ($101.26 in chips)
Seat 8: nashmed99 ($198.74 in chips)
xcgxcg2005: posts small blind $1
nashmed99: posts big blind $3
*** HOLE CARDS ***
xcgxcg2005: folds
Uncalled bet ($2) returned to nashmed99
nashmed99 collected $2 from pot
nashmed99: doesn't show hand
*** SUMMARY ***
Total pot $2 | Rake $0
Seat 5: xcgxcg2005 (button) (small blind) folded before Flop
Seat 8: nashmed99 (big blind) collected ($2)


PokerStars Hand #149700431648:  Hold'em Limit ($3/$6 USD) - 2016/03/01 21:42:18 ET
Table 'Aconcagua' 10-max Seat #8 is the button
Seat 5: xcgxcg2005 ($77.76 in chips)
Seat 8: nashmed99 ($222.74 in chips)
nashmed99: posts small blind $1
xcgxcg2005: posts big blind $3
*** HOLE CARDS ***
nashmed99: raises $3 to $6
xcgxcg2005: raises $3 to $9
nashmed99: calls $3
*** FLOP *** [Jh 6d 7d]
xcgxcg2005: bets $3
VolkovDmitri leaves the table
nashmed99: calls $3
*** TURN *** [Jh 6d 7d] [9s]
xcgxcg2005: bets $6
nashmed99: calls $6
*** RIVER *** [Jh 6d 7d 9s] [Jd]
xcgxcg2005: bets $6
nashmed99: calls $6
*** SHOW DOWN ***
xcgxcg2005: shows [Td 9h] (two pair, Jacks and Nines)
nashmed99: mucks hand
xcgxcg2005 collected $47.50 from pot
*** SUMMARY ***
Total pot $48 | Rake $0.50
Board [Jh 6d 7d 9s Jd]
Seat 5: xcgxcg2005 (big blind) showed [Td 9h] and won ($47.50) with two pair, Jacks and Nines
Seat 8: nashmed99 (button) (small blind) mucked


PokerStars Hand #149700426041:  Hold'em Limit ($3/$6 USD) - 2016/03/01 21:42:04 ET
Table 'Aconcagua' 10-max Seat #5 is the button
Seat 5: xcgxcg2005 ($72 in chips)
Seat 8: nashmed99 ($228.74 in chips)
xcgxcg2005: posts small blind $1
nashmed99: posts big blind $3
*** HOLE CARDS ***
xcgxcg2005: raises $3 to $6
nashmed99: calls $3
*** FLOP *** [9d 4d Jc]
nashmed99: checks
xcgxcg2005: checks
*** TURN *** [9d 4d Jc] [Ah]
nashmed99: checks
xcgxcg2005: checks
*** RIVER *** [9d 4d Jc Ah] [Jh]
nashmed99: checks
xcgxcg2005: checks
*** SHOW DOWN ***
nashmed99: shows [7c 5h] (a pair of Jacks)
xcgxcg2005: shows [6h Kh] (a pair of Jacks - Ace+King kicker)
xcgxcg2005 collected $11.76 from pot
*** SUMMARY ***
Total pot $12 | Rake $0.24
Board [9d 4d Jc Ah Jh]
Seat 5: xcgxcg2005 (button) (small blind) showed [6h Kh] and won ($11.76) with a pair of Jacks
Seat 8: nashmed99 (big blind) showed [7c 5h] and lost with a pair of Jacks


PokerStars Hand #149700389723:  Hold'em Limit ($3/$6 USD) - 2016/03/01 21:40:37 ET
Table 'Aconcagua' 10-max Seat #6 is the button
Seat 6: VolkovDmitri ($171.01 in chips)
Seat 8: nashmed99 ($156.96 in chips)
VolkovDmitri: posts small blind $1
nashmed99: posts big blind $3
*** HOLE CARDS ***
VolkovDmitri: raises $3 to $6
nashmed99: calls $3
*** FLOP *** [2c Ad 7s]
nashmed99: checks
VolkovDmitri: bets $3
nashmed99: raises $3 to $6
VolkovDmitri: calls $3
*** TURN *** [2c Ad 7s] [3d]
nashmed99: bets $6
VolkovDmitri: calls $6
*** RIVER *** [2c Ad 7s 3d] [Qs]
xcgxcg2005 joins the table at seat #5
nashmed99: bets $6
VolkovDmitri: calls $6
*** SHOW DOWN ***
nashmed99: shows [2s 2d] (three of a kind, Deuces)
VolkovDmitri: mucks hand
nashmed99 collected $47.50 from pot
*** SUMMARY ***
Total pot $48 | Rake $0.50
Board [2c Ad 7s 3d Qs]
Seat 6: VolkovDmitri (button) (small blind) mucked
Seat 8: nashmed99 (big blind) showed [2s 2d] and won ($47.50) with three of a kind, Deuces


