PokerStars Hand #144489105664:  Hold'em Limit ($3/$6 USD) - 2015/11/27 21:42:37 ET
Table 'Aconcagua' 6-max Seat #3 is the button
Seat 3: FourAces1818 ($72 in chips)
Seat 4: BuzovaPro ($72 in chips)
FourAces1818: posts small blind $1
BuzovaPro: posts big blind $3
*** HOLE CARDS ***
FourAces1818: calls $2
BuzovaPro: checks
*** FLOP *** [Js 2d Qd]
BuzovaPro: bets $3
FourAces1818: calls $3
*** TURN *** [Js 2d Qd] [8d]
BuzovaPro: checks
GoliafUa joins the table at seat #6
FourAces1818: checks
*** RIVER *** [Js 2d Qd 8d] [2c]
BuzovaPro: bets $6
FourAces1818: folds
Uncalled bet ($6) returned to BuzovaPro
BuzovaPro collected $11.76 from pot
BuzovaPro: doesn't show hand
*** SUMMARY ***
Total pot $12 | Rake $0.24
Board [Js 2d Qd 8d 2c]
Seat 3: FourAces1818 (button) (small blind) folded on the River
Seat 4: BuzovaPro (big blind) collected ($11.76)


PokerStars Hand #144489733754:  Hold'em Limit ($3/$6 USD) - 2015/11/27 22:08:26 ET
Table 'Aconcagua' 6-max Seat #5 is the button
Seat 1: skyup ($215.78 in chips)
Seat 5: Velbor107 ($342.20 in chips)
Velbor107: posts small blind $1
SlickDickey: is sitting out
skyup: posts big blind $3
*** HOLE CARDS ***
Velbor107: raises $3 to $6
skyup: folds
Uncalled bet ($3) returned to Velbor107
Velbor107 collected $6 from pot
*** SUMMARY ***
Total pot $6 | Rake $0
Seat 1: skyup (big blind) folded before Flop
Seat 5: Velbor107 (button) (small blind) collected ($6)


