PokerStars Hand #147356917153:  Hold'em Limit ($3/$6 USD) - 2016/01/20 6:10:46 ET
Table 'Aconcagua' 2-max Seat #2 is the button
Seat 1: yur4ok ($93.50 in chips)
Seat 2: ChicagoBull4 ($98 in chips)
ChicagoBull4: posts small blind $1
yur4ok: posts big blind $3
*** HOLE CARDS ***
ChicagoBull4: raises $3 to $6
yur4ok: folds
Uncalled bet ($3) returned to ChicagoBull4
ChicagoBull4 collected $6 from pot
ChicagoBull4: doesn't show hand
*** SUMMARY ***
Total pot $6 | Rake $0
Seat 1: yur4ok (big blind) folded before Flop
Seat 2: ChicagoBull4 (button) (small blind) collected ($6)


PokerStars Hand #147356903147:  Hold'em Limit ($3/$6 USD) - 2016/01/20 6:10:19 ET
Table 'Aconcagua' 2-max Seat #1 is the button
Seat 1: yur4ok ($73 in chips)
Seat 2: ChicagoBull4 ($119 in chips)
yur4ok: posts small blind $1
ChicagoBull4: posts big blind $3
*** HOLE CARDS ***
yur4ok: raises $3 to $6
ChicagoBull4: calls $3
*** FLOP *** [7s 6d 8h]
ChicagoBull4: bets $3
yur4ok: calls $3
*** TURN *** [7s 6d 8h] [4c]
ChicagoBull4: bets $6
yur4ok: calls $6
*** RIVER *** [7s 6d 8h 4c] [8d]
ChicagoBull4: bets $6
yur4ok: calls $6
*** SHOW DOWN ***
ChicagoBull4: shows [6h Ts] (two pair, Eights and Sixes)
yur4ok: shows [7d Qd] (two pair, Eights and Sevens)
yur4ok collected $41.50 from pot
*** SUMMARY ***
Total pot $42 | Rake $0.50
Board [7s 6d 8h 4c 8d]
Seat 1: yur4ok (button) (small blind) showed [7d Qd] and won ($41.50) with two pair, Eights and Sevens
Seat 2: ChicagoBull4 (big blind) showed [6h Ts] and lost with two pair, Eights and Sixes


PokerStars Hand #147356920466:  Hold'em Limit ($3/$6 USD) - 2016/01/20 6:10:52 ET
Table 'Aconcagua' 2-max Seat #1 is the button
Seat 1: yur4ok ($90.50 in chips)
Seat 2: ChicagoBull4 ($101 in chips)
yur4ok: posts small blind $1
ChicagoBull4: posts big blind $3
*** HOLE CARDS ***
yur4ok: raises $3 to $6
ChicagoBull4: calls $3
*** FLOP *** [3s 7d Td]
ChicagoBull4: checks
yur4ok: bets $3
ChicagoBull4: calls $3
*** TURN *** [3s 7d Td] [8s]
ChicagoBull4: bets $6
yur4ok: calls $6
*** RIVER *** [3s 7d Td 8s] [5d]
ChicagoBull4: bets $6
yur4ok: calls $6
*** SHOW DOWN ***
ChicagoBull4: shows [8h 6d] (a pair of Eights)
yur4ok: shows [8c 9s] (a pair of Eights - Ten+Nine kicker)
yur4ok collected $41.50 from pot
*** SUMMARY ***
Total pot $42 | Rake $0.50
Board [3s 7d Td 8s 5d]
Seat 1: yur4ok (button) (small blind) showed [8c 9s] and won ($41.50) with a pair of Eights
Seat 2: ChicagoBull4 (big blind) showed [8h 6d] and lost with a pair of Eights


PokerStars Hand #147356952087:  Hold'em Limit ($3/$6 USD) - 2016/01/20 6:11:54 ET
Table 'Aconcagua' 2-max Seat #2 is the button
Seat 1: yur4ok ($141.50 in chips)
Seat 2: ChicagoBull4 ($49 in chips)
ChicagoBull4: posts small blind $1
yur4ok: posts big blind $3
*** HOLE CARDS ***
ChicagoBull4: raises $3 to $6
yur4ok: raises $3 to $9
ChicagoBull4: calls $3
*** FLOP *** [5s Js 8h]
yur4ok: bets $3
ChicagoBull4: calls $3
*** TURN *** [5s Js 8h] [Td]
yur4ok: bets $6
ChicagoBull4: raises $6 to $12
yur4ok: calls $6
*** RIVER *** [5s Js 8h Td] [Ac]
yur4ok: checks
ChicagoBull4: checks
*** SHOW DOWN ***
yur4ok: shows [Ks Jh] (a pair of Jacks)
ChicagoBull4: mucks hand
yur4ok collected $47.50 from pot
*** SUMMARY ***
Total pot $48 | Rake $0.50
Board [5s Js 8h Td Ac]
Seat 1: yur4ok (big blind) showed [Ks Jh] and won ($47.50) with a pair of Jacks
Seat 2: ChicagoBull4 (button) (small blind) mucked


PokerStars Hand #147356980083:  Hold'em Limit ($3/$6 USD) - 2016/01/20 6:12:48 ET
Table 'Aconcagua' 2-max Seat #1 is the button
Seat 1: yur4ok ($164.76 in chips)
Seat 2: ChicagoBull4 ($24.76 in chips)
yur4ok: posts small blind $1
ChicagoBull4: posts big blind $3
*** HOLE CARDS ***
yur4ok: raises $3 to $6
ChicagoBull4: calls $3
*** FLOP *** [6c 4d Ac]
ChicagoBull4: bets $3
yur4ok: raises $3 to $6
ChicagoBull4: calls $3
*** TURN *** [6c 4d Ac] [Kh]
ChicagoBull4: checks
yur4ok: bets $6
ChicagoBull4: calls $6
*** RIVER *** [6c 4d Ac Kh] [Qd]
ChicagoBull4: checks
yur4ok: bets $6
ChicagoBull4: folds
Uncalled bet ($6) returned to yur4ok
yur4ok collected $35.50 from pot
yur4ok: doesn't show hand
*** SUMMARY ***
Total pot $36 | Rake $0.50
Board [6c 4d Ac Kh Qd]
Seat 1: yur4ok (button) (small blind) collected ($35.50)
Seat 2: ChicagoBull4 (big blind) folded on the River


PokerStars Hand #147356967888:  Hold'em Limit ($3/$6 USD) - 2016/01/20 6:12:24 ET
Table 'Aconcagua' 2-max Seat #1 is the button
Seat 1: yur4ok ($165 in chips)
Seat 2: ChicagoBull4 ($25 in chips)
yur4ok: posts small blind $1
ChicagoBull4: posts big blind $3
*** HOLE CARDS ***
yur4ok: raises $3 to $6
ChicagoBull4: calls $3
*** FLOP *** [6d 4s Ad]
ChicagoBull4: checks
yur4ok: bets $3
ChicagoBull4: folds
Uncalled bet ($3) returned to yur4ok
yur4ok collected $11.76 from pot
yur4ok: doesn't show hand
*** SUMMARY ***
Total pot $12 | Rake $0.24
Board [6d 4s Ad]
Seat 1: yur4ok (button) (small blind) collected ($11.76)
Seat 2: ChicagoBull4 (big blind) folded on the Flop


PokerStars Hand #147356974014:  Hold'em Limit ($3/$6 USD) - 2016/01/20 6:12:36 ET
Table 'Aconcagua' 2-max Seat #2 is the button
Seat 1: yur4ok ($170.76 in chips)
Seat 2: ChicagoBull4 ($19 in chips)
ChicagoBull4: posts small blind $1
yur4ok: posts big blind $3
*** HOLE CARDS ***
ChicagoBull4: raises $3 to $6
yur4ok: calls $3
*** FLOP *** [Td 7s Ah]
yur4ok: checks
ChicagoBull4: bets $3
yur4ok: folds
Uncalled bet ($3) returned to ChicagoBull4
ChicagoBull4 collected $11.76 from pot
ChicagoBull4: doesn't show hand
*** SUMMARY ***
Total pot $12 | Rake $0.24
Board [Td 7s Ah]
Seat 1: yur4ok (big blind) folded on the Flop
Seat 2: ChicagoBull4 (button) (small blind) collected ($11.76)


PokerStars Hand #147356995171:  Hold'em Limit ($3/$6 USD) - 2016/01/20 6:13:17 ET
Table 'Aconcagua' 2-max Seat #2 is the button
Seat 1: yur4ok ($182.26 in chips)
Seat 2: ChicagoBull4 ($6.76 in chips)
ChicagoBull4: posts small blind $1
yur4ok: posts big blind $3
*** HOLE CARDS ***
ChicagoBull4: raises $3 to $6
yur4ok: calls $3
*** FLOP *** [3s 7c Qs]
yur4ok: checks
ChicagoBull4: bets $0.76 and is all-in
yur4ok: calls $0.76
*** TURN *** [3s 7c Qs] [6c]
*** RIVER *** [3s 7c Qs 6c] [Ah]
*** SHOW DOWN ***
yur4ok: shows [7d Ts] (a pair of Sevens)
ChicagoBull4: shows [As 5h] (a pair of Aces)
ChicagoBull4 collected $13.25 from pot
*** SUMMARY ***
Total pot $13.52 | Rake $0.27
Board [3s 7c Qs 6c Ah]
Seat 1: yur4ok (big blind) showed [7d Ts] and lost with a pair of Sevens
Seat 2: ChicagoBull4 (button) (small blind) showed [As 5h] and won ($13.25) with a pair of Aces


PokerStars Hand #147357002019:  Hold'em Limit ($3/$6 USD) - 2016/01/20 6:13:30 ET
Table 'Aconcagua' 2-max Seat #1 is the button
Seat 1: yur4ok ($175.50 in chips)
Seat 2: ChicagoBull4 ($13.25 in chips)
yur4ok: posts small blind $1
ChicagoBull4: posts big blind $3
*** HOLE CARDS ***
yur4ok: raises $3 to $6
ChicagoBull4: calls $3
*** FLOP *** [Ah 2s 9d]
ChicagoBull4: checks
yur4ok: bets $3
ChicagoBull4: calls $3
*** TURN *** [Ah 2s 9d] [Qh]
ChicagoBull4: bets $4.25 and is all-in
yur4ok: calls $4.25
*** RIVER *** [Ah 2s 9d Qh] [Jc]
*** SHOW DOWN ***
ChicagoBull4: shows [4d 5c] (high card Ace)
yur4ok: shows [Kh Jh] (a pair of Jacks)
yur4ok collected $26 from pot
*** SUMMARY ***
Total pot $26.50 | Rake $0.50
Board [Ah 2s 9d Qh Jc]
Seat 1: yur4ok (button) (small blind) showed [Kh Jh] and won ($26) with a pair of Jacks
Seat 2: ChicagoBull4 (big blind) showed [4d 5c] and lost with high card Ace


PokerStars Hand #147361158559:  Hold'em Limit ($3/$6 USD) - 2016/01/20 8:14:02 ET
Table 'Aconcagua' 2-max Seat #2 is the button
Seat 1: yur4ok ($202.77 in chips)
Seat 2: melyh82 ($63 in chips)
melyh82: posts small blind $1
yur4ok: posts big blind $3
*** HOLE CARDS ***
melyh82: raises $3 to $6
yur4ok: calls $3
*** FLOP *** [Qc Jh 4d]
yur4ok: checks
melyh82: bets $3
yur4ok: calls $3
*** TURN *** [Qc Jh 4d] [Qh]
yur4ok: checks
melyh82: bets $6
yur4ok: folds
Uncalled bet ($6) returned to melyh82
melyh82 collected $17.64 from pot
melyh82: doesn't show hand
*** SUMMARY ***
Total pot $18 | Rake $0.36
Board [Qc Jh 4d Qh]
Seat 1: yur4ok (big blind) folded on the Turn
Seat 2: melyh82 (button) (small blind) collected ($17.64)


PokerStars Hand #147361155216:  Hold'em Limit ($3/$6 USD) - 2016/01/20 8:13:57 ET
Table 'Aconcagua' 2-max Seat #1 is the button
Seat 1: yur4ok ($199.77 in chips)
Seat 2: melyh82 ($66 in chips)
yur4ok: posts small blind $1
melyh82: posts big blind $3
*** HOLE CARDS ***
yur4ok: raises $3 to $6
melyh82: folds
Uncalled bet ($3) returned to yur4ok
yur4ok collected $6 from pot
yur4ok: doesn't show hand
*** SUMMARY ***
Total pot $6 | Rake $0
Seat 1: yur4ok (button) (small blind) collected ($6)
Seat 2: melyh82 (big blind) folded before Flop


PokerStars Hand #147361146949:  Hold'em Limit ($3/$6 USD) - 2016/01/20 8:13:44 ET
Table 'Aconcagua' 2-max Seat #2 is the button
Seat 1: yur4ok ($188.25 in chips)
Seat 2: melyh82 ($78 in chips)
melyh82: posts small blind $1
yur4ok: posts big blind $3
*** HOLE CARDS ***
melyh82: raises $3 to $6
yur4ok: raises $3 to $9
melyh82: calls $3
*** FLOP *** [Ks Jd 9c]
yur4ok: bets $3
melyh82: calls $3
*** TURN *** [Ks Jd 9c] [Kc]
yur4ok: bets $6
melyh82: folds
Uncalled bet ($6) returned to yur4ok
yur4ok collected $23.52 from pot
yur4ok: doesn't show hand
*** SUMMARY ***
Total pot $24 | Rake $0.48
Board [Ks Jd 9c Kc]
Seat 1: yur4ok (big blind) collected ($23.52)
Seat 2: melyh82 (button) (small blind) folded on the Turn


PokerStars Hand #147361193700:  Hold'em Limit ($3/$6 USD) - 2016/01/20 8:14:58 ET
Table 'Aconcagua' 2-max Seat #2 is the button
Seat 1: yur4ok ($215.03 in chips)
Seat 2: melyh82 ($49.64 in chips)
melyh82: posts small blind $1
yur4ok: posts big blind $3
*** HOLE CARDS ***
melyh82: raises $3 to $6
yur4ok: calls $3
*** FLOP *** [As 3s 9c]
yur4ok: checks
melyh82: bets $3
yur4ok: folds
Uncalled bet ($3) returned to melyh82
melyh82 collected $11.76 from pot
melyh82: doesn't show hand
*** SUMMARY ***
Total pot $12 | Rake $0.24
Board [As 3s 9c]
Seat 1: yur4ok (big blind) folded on the Flop
Seat 2: melyh82 (button) (small blind) collected ($11.76)


PokerStars Hand #147361190811:  Hold'em Limit ($3/$6 USD) - 2016/01/20 8:14:53 ET
Table 'Aconcagua' 2-max Seat #1 is the button
Seat 1: yur4ok ($216.03 in chips)
Seat 2: melyh82 ($48.64 in chips)
yur4ok: posts small blind $1
melyh82: posts big blind $3
*** HOLE CARDS ***
yur4ok: folds
Uncalled bet ($2) returned to melyh82
melyh82 collected $2 from pot
melyh82: doesn't show hand
*** SUMMARY ***
Total pot $2 | Rake $0
Seat 1: yur4ok (button) (small blind) folded before Flop
Seat 2: melyh82 (big blind) collected ($2)


PokerStars Hand #147361187822:  Hold'em Limit ($3/$6 USD) - 2016/01/20 8:14:48 ET
Table 'Aconcagua' 2-max Seat #2 is the button
Seat 1: yur4ok ($215.03 in chips)
Seat 2: melyh82 ($49.64 in chips)
melyh82: posts small blind $1
yur4ok: posts big blind $3
*** HOLE CARDS ***
melyh82: folds
Uncalled bet ($2) returned to yur4ok
yur4ok collected $2 from pot
yur4ok: doesn't show hand
*** SUMMARY ***
Total pot $2 | Rake $0
Seat 1: yur4ok (big blind) collected ($2)
Seat 2: melyh82 (button) (small blind) folded before Flop


PokerStars Hand #147361181723:  Hold'em Limit ($3/$6 USD) - 2016/01/20 8:14:39 ET
Table 'Aconcagua' 2-max Seat #1 is the button
Seat 1: yur4ok ($209.27 in chips)
Seat 2: melyh82 ($55.64 in chips)
yur4ok: posts small blind $1
melyh82: posts big blind $3
*** HOLE CARDS ***
yur4ok: raises $3 to $6
melyh82: calls $3
*** FLOP *** [Jc Ts 5s]
melyh82: checks
yur4ok: bets $3
melyh82: folds
Uncalled bet ($3) returned to yur4ok
yur4ok collected $11.76 from pot
yur4ok: doesn't show hand
*** SUMMARY ***
Total pot $12 | Rake $0.24
Board [Jc Ts 5s]
Seat 1: yur4ok (button) (small blind) collected ($11.76)
Seat 2: melyh82 (big blind) folded on the Flop


PokerStars Hand #147361178526:  Hold'em Limit ($3/$6 USD) - 2016/01/20 8:14:34 ET
Table 'Aconcagua' 2-max Seat #2 is the button
Seat 1: yur4ok ($208.27 in chips)
Seat 2: melyh82 ($56.64 in chips)
melyh82: posts small blind $1
yur4ok: posts big blind $3
*** HOLE CARDS ***
melyh82: folds
Uncalled bet ($2) returned to yur4ok
yur4ok collected $2 from pot
yur4ok: doesn't show hand
*** SUMMARY ***
Total pot $2 | Rake $0
Seat 1: yur4ok (big blind) collected ($2)
Seat 2: melyh82 (button) (small blind) folded before Flop


PokerStars Hand #147361166065:  Hold'em Limit ($3/$6 USD) - 2016/01/20 8:14:14 ET
Table 'Aconcagua' 2-max Seat #1 is the button
Seat 1: yur4ok ($193.77 in chips)
Seat 2: melyh82 ($71.64 in chips)
yur4ok: posts small blind $1
melyh82: posts big blind $3
*** HOLE CARDS ***
yur4ok: raises $3 to $6
melyh82: calls $3
*** FLOP *** [Jh Tc 2h]
melyh82: checks
yur4ok: bets $3
melyh82: calls $3
*** TURN *** [Jh Tc 2h] [4s]
melyh82: checks
yur4ok: checks
*** RIVER *** [Jh Tc 2h 4s] [7d]
melyh82: checks
yur4ok: bets $6
melyh82: calls $6
*** SHOW DOWN ***
yur4ok: shows [9h 8s] (a straight, Seven to Jack)
melyh82: mucks hand
yur4ok collected $29.50 from pot
*** SUMMARY ***
Total pot $30 | Rake $0.50
Board [Jh Tc 2h 4s 7d]
Seat 1: yur4ok (button) (small blind) showed [9h 8s] and won ($29.50) with a straight, Seven to Jack
Seat 2: melyh82 (big blind) mucked


PokerStars Hand #147361217843:  Hold'em Limit ($3/$6 USD) - 2016/01/20 8:15:37 ET
Table 'Aconcagua' 2-max Seat #1 is the button
Seat 1: yur4ok ($217.42 in chips)
Seat 2: melyh82 ($46.15 in chips)
yur4ok: posts small blind $1
melyh82: posts big blind $3
*** HOLE CARDS ***
yur4ok: raises $3 to $6
melyh82: calls $3
*** FLOP *** [4d 2d 3h]
melyh82: checks
yur4ok: bets $3
melyh82: raises $3 to $6
yur4ok: calls $3
*** TURN *** [4d 2d 3h] [2c]
melyh82: bets $6
yur4ok: calls $6
*** RIVER *** [4d 2d 3h 2c] [7c]
melyh82: bets $6
yur4ok: raises $6 to $12
melyh82: raises $6 to $18
yur4ok: calls $6
*** SHOW DOWN ***
melyh82: shows [2h 4h] (a full house, Deuces full of Fours)
yur4ok: mucks hand
melyh82 collected $71.50 from pot
*** SUMMARY ***
Total pot $72 | Rake $0.50
Board [4d 2d 3h 2c 7c]
Seat 1: yur4ok (button) (small blind) mucked
Seat 2: melyh82 (big blind) showed [2h 4h] and won ($71.50) with a full house, Deuces full of Fours


PokerStars Hand #147361208118:  Hold'em Limit ($3/$6 USD) - 2016/01/20 8:15:20 ET
Table 'Aconcagua' 2-max Seat #2 is the button
Seat 1: yur4ok ($217.67 in chips)
Seat 2: melyh82 ($46.40 in chips)
melyh82: posts small blind $1
yur4ok: posts big blind $3
*** HOLE CARDS ***
melyh82: raises $3 to $6
yur4ok: raises $3 to $9
melyh82: calls $3
*** FLOP *** [Ah Qh 9d]
yur4ok: bets $3
melyh82: calls $3
*** TURN *** [Ah Qh 9d] [As]
yur4ok: bets $6
melyh82: calls $6
*** RIVER *** [Ah Qh 9d As] [9s]
yur4ok: bets $6
melyh82: raises $6 to $12
yur4ok: calls $6
*** SHOW DOWN ***
melyh82: shows [9h Jc] (a full house, Nines full of Aces)
yur4ok: shows [Tc 9c] (a full house, Nines full of Aces)
yur4ok collected $29.75 from pot
melyh82 collected $29.75 from pot
*** SUMMARY ***
Total pot $60 | Rake $0.50
Board [Ah Qh 9d As 9s]
Seat 1: yur4ok (big blind) showed [Tc 9c] and won ($29.75) with a full house, Nines full of Aces
Seat 2: melyh82 (button) (small blind) showed [9h Jc] and won ($29.75) with a full house, Nines full of Aces


PokerStars Hand #147361199663:  Hold'em Limit ($3/$6 USD) - 2016/01/20 8:15:07 ET
Table 'Aconcagua' 2-max Seat #1 is the button
Seat 1: yur4ok ($209.03 in chips)
Seat 2: melyh82 ($55.40 in chips)
yur4ok: posts small blind $1
melyh82: posts big blind $3
*** HOLE CARDS ***
yur4ok: raises $3 to $6
melyh82: calls $3
*** FLOP *** [8d 5c Ad]
melyh82: checks
yur4ok: bets $3
melyh82: calls $3
*** TURN *** [8d 5c Ad] [4c]
melyh82: checks
yur4ok: bets $6
melyh82: folds
Uncalled bet ($6) returned to yur4ok
yur4ok collected $17.64 from pot
yur4ok: doesn't show hand
*** SUMMARY ***
Total pot $18 | Rake $0.36
Board [8d 5c Ad 4c]
Seat 1: yur4ok (button) (small blind) collected ($17.64)
Seat 2: melyh82 (big blind) folded on the Turn


PokerStars Hand #147361263800:  Hold'em Limit ($3/$6 USD) - 2016/01/20 8:16:48 ET
Table 'Aconcagua' 2-max Seat #2 is the button
Seat 1: yur4ok ($216.42 in chips)
Seat 2: melyh82 ($45.65 in chips)
melyh82: posts small blind $1
yur4ok: posts big blind $3
*** HOLE CARDS ***
melyh82: raises $3 to $6
yur4ok: calls $3
*** FLOP *** [Jh 3s 5s]
yur4ok: checks
melyh82: checks
*** TURN *** [Jh 3s 5s] [Kd]
yur4ok: bets $6
melyh82: calls $6
*** RIVER *** [Jh 3s 5s Kd] [6c]
yur4ok: bets $6
melyh82: raises $6 to $12
yur4ok: calls $6
*** SHOW DOWN ***
melyh82: shows [Kh 7h] (a pair of Kings)
yur4ok: mucks hand
melyh82 collected $47.50 from pot
*** SUMMARY ***
Total pot $48 | Rake $0.50
Board [Jh 3s 5s Kd 6c]
Seat 1: yur4ok (big blind) mucked
Seat 2: melyh82 (button) (small blind) showed [Kh 7h] and won ($47.50) with a pair of Kings


PokerStars Hand #147361252004:  Hold'em Limit ($3/$6 USD) - 2016/01/20 8:16:30 ET
Table 'Aconcagua' 2-max Seat #1 is the button
Seat 1: yur4ok ($198.92 in chips)
Seat 2: melyh82 ($63.65 in chips)
yur4ok: posts small blind $1
melyh82: posts big blind $3
*** HOLE CARDS ***
yur4ok: raises $3 to $6
melyh82: calls $3
*** FLOP *** [Qh 6d Kh]
melyh82: checks
yur4ok: checks
*** TURN *** [Qh 6d Kh] [7h]
melyh82: bets $6
yur4ok: calls $6
*** RIVER *** [Qh 6d Kh 7h] [Qd]
melyh82: bets $6
yur4ok: calls $6
*** SHOW DOWN ***
melyh82: shows [8c 2s] (a pair of Queens)
yur4ok: shows [4d 6h] (two pair, Queens and Sixes)
yur4ok collected $35.50 from pot
*** SUMMARY ***
Total pot $36 | Rake $0.50
Board [Qh 6d Kh 7h Qd]
Seat 1: yur4ok (button) (small blind) showed [4d 6h] and won ($35.50) with two pair, Queens and Sixes
Seat 2: melyh82 (big blind) showed [8c 2s] and lost with a pair of Queens


PokerStars Hand #147361248309:  Hold'em Limit ($3/$6 USD) - 2016/01/20 8:16:24 ET
Table 'Aconcagua' 2-max Seat #2 is the button
Seat 1: yur4ok ($201.92 in chips)
Seat 2: melyh82 ($60.65 in chips)
melyh82: posts small blind $1
yur4ok: posts big blind $3
*** HOLE CARDS ***
melyh82: raises $3 to $6
yur4ok: folds
Uncalled bet ($3) returned to melyh82
melyh82 collected $6 from pot
melyh82: doesn't show hand
*** SUMMARY ***
Total pot $6 | Rake $0
Seat 1: yur4ok (big blind) folded before Flop
Seat 2: melyh82 (button) (small blind) collected ($6)


PokerStars Hand #147361244240:  Hold'em Limit ($3/$6 USD) - 2016/01/20 8:16:18 ET
Table 'Aconcagua' 2-max Seat #1 is the button
Seat 1: yur4ok ($198.92 in chips)
Seat 2: melyh82 ($63.65 in chips)
yur4ok: posts small blind $1
melyh82: posts big blind $3
*** HOLE CARDS ***
yur4ok: raises $3 to $6
melyh82: folds
Uncalled bet ($3) returned to yur4ok
yur4ok collected $6 from pot
yur4ok: doesn't show hand
*** SUMMARY ***
Total pot $6 | Rake $0
Seat 1: yur4ok (button) (small blind) collected ($6)
Seat 2: melyh82 (big blind) folded before Flop


PokerStars Hand #147361230354:  Hold'em Limit ($3/$6 USD) - 2016/01/20 8:15:56 ET
Table 'Aconcagua' 2-max Seat #2 is the button
Seat 1: yur4ok ($181.42 in chips)
Seat 2: melyh82 ($81.65 in chips)
melyh82: posts small blind $1
yur4ok: posts big blind $3
*** HOLE CARDS ***
melyh82: raises $3 to $6
yur4ok: raises $3 to $9
melyh82: calls $3
*** FLOP *** [7s As 4h]
yur4ok: bets $3
melyh82: raises $3 to $6
yur4ok: raises $3 to $9
melyh82: calls $3
*** TURN *** [7s As 4h] [Ks]
yur4ok: bets $6
melyh82: folds
Uncalled bet ($6) returned to yur4ok
yur4ok collected $35.50 from pot
yur4ok: doesn't show hand
*** SUMMARY ***
Total pot $36 | Rake $0.50
Board [7s As 4h Ks]
Seat 1: yur4ok (big blind) collected ($35.50)
Seat 2: melyh82 (button) (small blind) folded on the Turn


PokerStars Hand #147361304051:  Hold'em Limit ($3/$6 USD) - 2016/01/20 8:17:50 ET
Table 'Aconcagua' 2-max Seat #2 is the button
Seat 1: yur4ok ($247.42 in chips)
Seat 2: melyh82 ($13.15 in chips)
melyh82: posts small blind $1
yur4ok: posts big blind $3
*** HOLE CARDS ***
melyh82: raises $3 to $6
yur4ok: raises $3 to $9
melyh82: raises $3 to $12
Betting is capped
yur4ok: calls $3
*** FLOP *** [5d 8c 7h]
yur4ok: bets $3
melyh82: calls $1.15 and is all-in
Uncalled bet ($1.85) returned to yur4ok
*** TURN *** [5d 8c 7h] [8d]
*** RIVER *** [5d 8c 7h 8d] [Qs]
*** SHOW DOWN ***
yur4ok: shows [Ah 5h] (two pair, Eights and Fives)
melyh82: shows [9d 8h] (three of a kind, Eights)
melyh82 collected $25.80 from pot
*** SUMMARY ***
Total pot $26.30 | Rake $0.50
Board [5d 8c 7h 8d Qs]
Seat 1: yur4ok (big blind) showed [Ah 5h] and lost with two pair, Eights and Fives
Seat 2: melyh82 (button) (small blind) showed [9d 8h] and won ($25.80) with three of a kind, Eights


PokerStars Hand #147361301372:  Hold'em Limit ($3/$6 USD) - 2016/01/20 8:17:46 ET
Table 'Aconcagua' 2-max Seat #1 is the button
Seat 1: yur4ok ($248.42 in chips)
Seat 2: melyh82 ($12.15 in chips)
yur4ok: posts small blind $1
melyh82: posts big blind $3
*** HOLE CARDS ***
yur4ok: folds
Uncalled bet ($2) returned to melyh82
melyh82 collected $2 from pot
melyh82: doesn't show hand
*** SUMMARY ***
Total pot $2 | Rake $0
Seat 1: yur4ok (button) (small blind) folded before Flop
Seat 2: melyh82 (big blind) collected ($2)


PokerStars Hand #147361292240:  Hold'em Limit ($3/$6 USD) - 2016/01/20 8:17:32 ET
Table 'Aconcagua' 2-max Seat #2 is the button
Seat 1: yur4ok ($212.92 in chips)
Seat 2: melyh82 ($48.15 in chips)
melyh82: posts small blind $1
yur4ok: posts big blind $3
*** HOLE CARDS ***
melyh82: raises $3 to $6
yur4ok: raises $3 to $9
melyh82: calls $3
*** FLOP *** [Td 2s Ts]
yur4ok: bets $3
melyh82: calls $3
*** TURN *** [Td 2s Ts] [4d]
yur4ok: bets $6
melyh82: raises $6 to $12
yur4ok: calls $6
*** RIVER *** [Td 2s Ts 4d] [8d]
yur4ok: checks
melyh82: bets $6
yur4ok: raises $6 to $12
melyh82: calls $6
*** SHOW DOWN ***
yur4ok: shows [9d Jd] (a flush, Jack high)
melyh82: mucks hand
yur4ok collected $71.50 from pot
*** SUMMARY ***
Total pot $72 | Rake $0.50
Board [Td 2s Ts 4d 8d]
Seat 1: yur4ok (big blind) showed [9d Jd] and won ($71.50) with a flush, Jack high
Seat 2: melyh82 (button) (small blind) mucked


PokerStars Hand #147361278674:  Hold'em Limit ($3/$6 USD) - 2016/01/20 8:17:11 ET
Table 'Aconcagua' 2-max Seat #1 is the button
Seat 1: yur4ok ($192.42 in chips)
Seat 2: melyh82 ($69.15 in chips)
yur4ok: posts small blind $1
melyh82: posts big blind $3
*** HOLE CARDS ***
yur4ok: raises $3 to $6
melyh82: calls $3
*** FLOP *** [8s Th 6s]
melyh82: checks
yur4ok: bets $3
melyh82: calls $3
*** TURN *** [8s Th 6s] [Kh]
melyh82: checks
yur4ok: bets $6
melyh82: calls $6
*** RIVER *** [8s Th 6s Kh] [4d]
melyh82: checks
yur4ok: bets $6
melyh82: calls $6
*** SHOW DOWN ***
yur4ok: shows [Kd Ac] (a pair of Kings)
melyh82: mucks hand
yur4ok collected $41.50 from pot
*** SUMMARY ***
Total pot $42 | Rake $0.50
Board [8s Th 6s Kh 4d]
Seat 1: yur4ok (button) (small blind) showed [Kd Ac] and won ($41.50) with a pair of Kings
Seat 2: melyh82 (big blind) mucked


PokerStars Hand #147361337463:  Hold'em Limit ($3/$6 USD) - 2016/01/20 8:18:42 ET
Table 'Aconcagua' 2-max Seat #1 is the button
Seat 1: yur4ok ($215.77 in chips)
Seat 2: melyh82 ($231.33 in chips)
yur4ok: posts small blind $1
melyh82: posts big blind $3
*** HOLE CARDS ***
yur4ok: raises $3 to $6
melyh82: folds
Uncalled bet ($3) returned to yur4ok
yur4ok collected $6 from pot
yur4ok: doesn't show hand
*** SUMMARY ***
Total pot $6 | Rake $0
Seat 1: yur4ok (button) (small blind) collected ($6)
Seat 2: melyh82 (big blind) folded before Flop


PokerStars Hand #147361326790:  Hold'em Limit ($3/$6 USD) - 2016/01/20 8:18:25 ET
Table 'Aconcagua' 2-max Seat #2 is the button
Seat 1: yur4ok ($198.27 in chips)
Seat 2: melyh82 ($249.33 in chips)
melyh82: posts small blind $1
yur4ok: posts big blind $3
*** HOLE CARDS ***
melyh82: raises $3 to $6
yur4ok: calls $3
*** FLOP *** [Kc Tc Qc]
yur4ok: checks
melyh82: checks
*** TURN *** [Kc Tc Qc] [8c]
yur4ok: bets $6
melyh82: calls $6
*** RIVER *** [Kc Tc Qc 8c] [4h]
yur4ok: bets $6
melyh82: calls $6
*** SHOW DOWN ***
yur4ok: shows [Js 4c] (a flush, King high)
melyh82: mucks hand
yur4ok collected $35.50 from pot
*** SUMMARY ***
Total pot $36 | Rake $0.50
Board [Kc Tc Qc 8c 4h]
Seat 1: yur4ok (big blind) showed [Js 4c] and won ($35.50) with a flush, King high
Seat 2: melyh82 (button) (small blind) mucked


PokerStars Hand #147361314646:  Hold'em Limit ($3/$6 USD) - 2016/01/20 8:18:06 ET
Table 'Aconcagua' 2-max Seat #1 is the button
Seat 1: yur4ok ($234.27 in chips)
Seat 2: melyh82 ($213.83 in chips)
yur4ok: posts small blind $1
melyh82: posts big blind $3
*** HOLE CARDS ***
yur4ok: raises $3 to $6
melyh82: raises $3 to $9
yur4ok: calls $3
*** FLOP *** [3d 7d Qs]
melyh82: bets $3
yur4ok: calls $3
*** TURN *** [3d 7d Qs] [6s]
melyh82: bets $6
yur4ok: raises $6 to $12
melyh82: raises $6 to $18
yur4ok: calls $6
*** RIVER *** [3d 7d Qs 6s] [8s]
melyh82: bets $6
yur4ok: calls $6
*** SHOW DOWN ***
melyh82: shows [Qc Kc] (a pair of Queens)
yur4ok: mucks hand
melyh82 collected $71.50 from pot
*** SUMMARY ***
Total pot $72 | Rake $0.50
Board [3d 7d Qs 6s 8s]
Seat 1: yur4ok (button) (small blind) mucked
Seat 2: melyh82 (big blind) showed [Qc Kc] and won ($71.50) with a pair of Queens


PokerStars Hand #147361383914:  Hold'em Limit ($3/$6 USD) - 2016/01/20 8:19:53 ET
Table 'Aconcagua' 2-max Seat #1 is the button
Seat 1: yur4ok ($200.16 in chips)
Seat 2: melyh82 ($245.22 in chips)
yur4ok: posts small blind $1
melyh82: posts big blind $3
*** HOLE CARDS ***
yur4ok: raises $3 to $6
melyh82: calls $3
*** FLOP *** [3s Kh 9h]
melyh82: checks
yur4ok: bets $3
melyh82: calls $3
*** TURN *** [3s Kh 9h] [Js]
melyh82: checks
yur4ok: bets $6
melyh82: folds
Uncalled bet ($6) returned to yur4ok
yur4ok collected $17.64 from pot
yur4ok: doesn't show hand
*** SUMMARY ***
Total pot $18 | Rake $0.36
Board [3s Kh 9h Js]
Seat 1: yur4ok (button) (small blind) collected ($17.64)
Seat 2: melyh82 (big blind) folded on the Turn


PokerStars Hand #147361379290:  Hold'em Limit ($3/$6 USD) - 2016/01/20 8:19:46 ET
Table 'Aconcagua' 2-max Seat #2 is the button
Seat 1: yur4ok ($203.16 in chips)
Seat 2: melyh82 ($242.22 in chips)
melyh82: posts small blind $1
yur4ok: posts big blind $3
*** HOLE CARDS ***
melyh82: raises $3 to $6
yur4ok: folds
Uncalled bet ($3) returned to melyh82
melyh82 collected $6 from pot
melyh82: doesn't show hand
*** SUMMARY ***
Total pot $6 | Rake $0
Seat 1: yur4ok (big blind) folded before Flop
Seat 2: melyh82 (button) (small blind) collected ($6)


PokerStars Hand #147361370577:  Hold'em Limit ($3/$6 USD) - 2016/01/20 8:19:33 ET
Table 'Aconcagua' 2-max Seat #1 is the button
Seat 1: yur4ok ($218.16 in chips)
Seat 2: melyh82 ($227.72 in chips)
yur4ok: posts small blind $1
melyh82: posts big blind $3
*** HOLE CARDS ***
yur4ok: raises $3 to $6
melyh82: calls $3
*** FLOP *** [2c 6s 6h]
melyh82: checks
yur4ok: bets $3
melyh82: calls $3
*** TURN *** [2c 6s 6h] [9c]
melyh82: checks
yur4ok: bets $6
melyh82: raises $6 to $12
yur4ok: folds
Uncalled bet ($6) returned to melyh82
melyh82 collected $29.50 from pot
melyh82: doesn't show hand
*** SUMMARY ***
Total pot $30 | Rake $0.50
Board [2c 6s 6h 9c]
Seat 1: yur4ok (button) (small blind) folded on the Turn
Seat 2: melyh82 (big blind) collected ($29.50)


PokerStars Hand #147361361460:  Hold'em Limit ($3/$6 USD) - 2016/01/20 8:19:18 ET
Table 'Aconcagua' 2-max Seat #2 is the button
Seat 1: yur4ok ($209.52 in chips)
Seat 2: melyh82 ($236.72 in chips)
melyh82: posts small blind $1
yur4ok: posts big blind $3
*** HOLE CARDS ***
melyh82: raises $3 to $6
yur4ok: calls $3
*** FLOP *** [8h Qs 8d]
yur4ok: checks
melyh82: bets $3
yur4ok: raises $3 to $6
melyh82: folds
Uncalled bet ($3) returned to yur4ok
yur4ok collected $17.64 from pot
yur4ok: doesn't show hand
*** SUMMARY ***
Total pot $18 | Rake $0.36
Board [8h Qs 8d]
Seat 1: yur4ok (big blind) collected ($17.64)
Seat 2: melyh82 (button) (small blind) folded on the Flop


PokerStars Hand #147361348224:  Hold'em Limit ($3/$6 USD) - 2016/01/20 8:18:58 ET
Table 'Aconcagua' 2-max Seat #1 is the button
Seat 1: yur4ok ($218.52 in chips)
Seat 2: melyh82 ($228.08 in chips)
yur4ok: posts small blind $1
melyh82: posts big blind $3
*** HOLE CARDS ***
yur4ok: raises $3 to $6
melyh82: calls $3
*** FLOP *** [2h 4c 8d]
melyh82: checks
yur4ok: bets $3
melyh82: calls $3
*** TURN *** [2h 4c 8d] [Qh]
melyh82: checks
yur4ok: checks
*** RIVER *** [2h 4c 8d Qh] [Kc]
melyh82: checks
yur4ok: checks
*** SHOW DOWN ***
melyh82: shows [Kh 2d] (two pair, Kings and Deuces)
yur4ok: mucks hand
melyh82 collected $17.64 from pot
*** SUMMARY ***
Total pot $18 | Rake $0.36
Board [2h 4c 8d Qh Kc]
Seat 1: yur4ok (button) (small blind) mucked
Seat 2: melyh82 (big blind) showed [Kh 2d] and won ($17.64) with two pair, Kings and Deuces


PokerStars Hand #147361431853:  Hold'em Limit ($3/$6 USD) - 2016/01/20 8:21:07 ET
Table 'Aconcagua' 2-max Seat #2 is the button
Seat 1: yur4ok ($222.82 in chips)
Seat 2: melyh82 ($220.48 in chips)
melyh82: posts small blind $1
yur4ok: posts big blind $3
*** HOLE CARDS ***
melyh82: folds
Uncalled bet ($2) returned to yur4ok
yur4ok collected $2 from pot
yur4ok: doesn't show hand
*** SUMMARY ***
Total pot $2 | Rake $0
Seat 1: yur4ok (big blind) collected ($2)
Seat 2: melyh82 (button) (small blind) folded before Flop


PokerStars Hand #147361422565:  Hold'em Limit ($3/$6 USD) - 2016/01/20 8:20:53 ET
Table 'Aconcagua' 2-max Seat #1 is the button
Seat 1: yur4ok ($211.30 in chips)
Seat 2: melyh82 ($232.48 in chips)
yur4ok: posts small blind $1
melyh82: posts big blind $3
*** HOLE CARDS ***
yur4ok: raises $3 to $6
melyh82: calls $3
*** FLOP *** [Ad Qd Kd]
melyh82: checks
yur4ok: bets $3
melyh82: raises $3 to $6
yur4ok: calls $3
*** TURN *** [Ad Qd Kd] [4c]
melyh82: checks
yur4ok: bets $6
melyh82: folds
Uncalled bet ($6) returned to yur4ok
yur4ok collected $23.52 from pot
yur4ok: doesn't show hand
*** SUMMARY ***
Total pot $24 | Rake $0.48
Board [Ad Qd Kd 4c]
Seat 1: yur4ok (button) (small blind) collected ($23.52)
Seat 2: melyh82 (big blind) folded on the Turn


PokerStars Hand #147361412843:  Hold'em Limit ($3/$6 USD) - 2016/01/20 8:20:38 ET
Table 'Aconcagua' 2-max Seat #2 is the button
Seat 1: yur4ok ($226.30 in chips)
Seat 2: melyh82 ($217.98 in chips)
melyh82: posts small blind $1
yur4ok: posts big blind $3
*** HOLE CARDS ***
melyh82: raises $3 to $6
yur4ok: calls $3
*** FLOP *** [Qc Js 3c]
yur4ok: checks
melyh82: bets $3
yur4ok: calls $3
*** TURN *** [Qc Js 3c] [7c]
yur4ok: checks
melyh82: bets $6
yur4ok: calls $6
*** RIVER *** [Qc Js 3c 7c] [8c]
yur4ok: checks
melyh82: bets $6
yur4ok: folds
Uncalled bet ($6) returned to melyh82
melyh82 collected $29.50 from pot
melyh82: doesn't show hand
*** SUMMARY ***
Total pot $30 | Rake $0.50
Board [Qc Js 3c 7c 8c]
Seat 1: yur4ok (big blind) folded on the River
Seat 2: melyh82 (button) (small blind) collected ($29.50)


PokerStars Hand #147361400773:  Hold'em Limit ($3/$6 USD) - 2016/01/20 8:20:19 ET
Table 'Aconcagua' 2-max Seat #1 is the button
Seat 1: yur4ok ($202.80 in chips)
Seat 2: melyh82 ($241.98 in chips)
yur4ok: posts small blind $1
melyh82: posts big blind $3
*** HOLE CARDS ***
yur4ok: raises $3 to $6
melyh82: calls $3
*** FLOP *** [5d Kh Th]
melyh82: checks
yur4ok: bets $3
melyh82: raises $3 to $6
yur4ok: calls $3
*** TURN *** [5d Kh Th] [9d]
melyh82: bets $6
yur4ok: calls $6
*** RIVER *** [5d Kh Th 9d] [Js]
melyh82: bets $6
yur4ok: raises $6 to $12
melyh82: folds
Uncalled bet ($6) returned to yur4ok
yur4ok collected $47.50 from pot
yur4ok: doesn't show hand
*** SUMMARY ***
Total pot $48 | Rake $0.50
Board [5d Kh Th 9d Js]
Seat 1: yur4ok (button) (small blind) collected ($47.50)
Seat 2: melyh82 (big blind) folded on the River


PokerStars Hand #147361392172:  Hold'em Limit ($3/$6 USD) - 2016/01/20 8:20:06 ET
Table 'Aconcagua' 2-max Seat #2 is the button
Seat 1: yur4ok ($208.80 in chips)
Seat 2: melyh82 ($236.22 in chips)
melyh82: posts small blind $1
yur4ok: posts big blind $3
*** HOLE CARDS ***
melyh82: raises $3 to $6
yur4ok: calls $3
*** FLOP *** [5c Td 2h]
yur4ok: checks
melyh82: checks
*** TURN *** [5c Td 2h] [Jc]
yur4ok: checks
melyh82: checks
*** RIVER *** [5c Td 2h Jc] [7c]
yur4ok: checks
melyh82: checks
*** SHOW DOWN ***
yur4ok: shows [Qd 6c] (high card Queen)
melyh82: shows [Kh 8c] (high card King)
melyh82 collected $11.76 from pot
*** SUMMARY ***
Total pot $12 | Rake $0.24
Board [5c Td 2h Jc 7c]
Seat 1: yur4ok (big blind) showed [Qd 6c] and lost with high card Queen
Seat 2: melyh82 (button) (small blind) showed [Kh 8c] and won ($11.76) with high card King


PokerStars Hand #147361462349:  Hold'em Limit ($3/$6 USD) - 2016/01/20 8:21:54 ET
Table 'Aconcagua' 2-max Seat #1 is the button
Seat 1: yur4ok ($245.08 in chips)
Seat 2: melyh82 ($197.12 in chips)
yur4ok: posts small blind $1
melyh82: posts big blind $3
*** HOLE CARDS ***
yur4ok: raises $3 to $6
melyh82: calls $3
*** FLOP *** [Jh 5h 8d]
melyh82: checks
yur4ok: checks
*** TURN *** [Jh 5h 8d] [6h]
melyh82: checks
yur4ok: checks
*** RIVER *** [Jh 5h 8d 6h] [5c]
melyh82: checks
yur4ok: checks
*** SHOW DOWN ***
melyh82: shows [2s Th] (a pair of Fives)
yur4ok: shows [3s Ad] (a pair of Fives - Ace kicker)
yur4ok collected $11.76 from pot
*** SUMMARY ***
Total pot $12 | Rake $0.24
Board [Jh 5h 8d 6h 5c]
Seat 1: yur4ok (button) (small blind) showed [3s Ad] and won ($11.76) with a pair of Fives
Seat 2: melyh82 (big blind) showed [2s Th] and lost with a pair of Fives


PokerStars Hand #147361452481:  Hold'em Limit ($3/$6 USD) - 2016/01/20 8:21:39 ET
Table 'Aconcagua' 2-max Seat #2 is the button
Seat 1: yur4ok ($221.58 in chips)
Seat 2: melyh82 ($221.12 in chips)
melyh82: posts small blind $1
yur4ok: posts big blind $3
*** HOLE CARDS ***
melyh82: raises $3 to $6
yur4ok: calls $3
*** FLOP *** [3d Kd Kc]
yur4ok: checks
melyh82: bets $3
yur4ok: raises $3 to $6
melyh82: calls $3
*** TURN *** [3d Kd Kc] [7c]
yur4ok: bets $6
melyh82: calls $6
*** RIVER *** [3d Kd Kc 7c] [8c]
yur4ok: bets $6
melyh82: calls $6
*** SHOW DOWN ***
yur4ok: shows [Ah 3c] (two pair, Kings and Threes)
melyh82: mucks hand
yur4ok collected $47.50 from pot
*** SUMMARY ***
Total pot $48 | Rake $0.50
Board [3d Kd Kc 7c 8c]
Seat 1: yur4ok (big blind) showed [Ah 3c] and won ($47.50) with two pair, Kings and Threes
Seat 2: melyh82 (button) (small blind) mucked


PokerStars Hand #147361443531:  Hold'em Limit ($3/$6 USD) - 2016/01/20 8:21:25 ET
Table 'Aconcagua' 2-max Seat #1 is the button
Seat 1: yur4ok ($230.58 in chips)
Seat 2: melyh82 ($212.48 in chips)
yur4ok: posts small blind $1
melyh82: posts big blind $3
*** HOLE CARDS ***
yur4ok: raises $3 to $6
melyh82: calls $3
*** FLOP *** [7d 9c 2h]
melyh82: checks
yur4ok: bets $3
melyh82: calls $3
*** TURN *** [7d 9c 2h] [9h]
melyh82: checks
yur4ok: checks
*** RIVER *** [7d 9c 2h 9h] [Th]
melyh82: bets $6
yur4ok: folds
Uncalled bet ($6) returned to melyh82
melyh82 collected $17.64 from pot
melyh82: doesn't show hand
*** SUMMARY ***
Total pot $18 | Rake $0.36
Board [7d 9c 2h 9h Th]
Seat 1: yur4ok (button) (small blind) folded on the River
Seat 2: melyh82 (big blind) collected ($17.64)


PokerStars Hand #147361440546:  Hold'em Limit ($3/$6 USD) - 2016/01/20 8:21:21 ET
Table 'Aconcagua' 2-max Seat #2 is the button
Seat 1: yur4ok ($229.58 in chips)
Seat 2: melyh82 ($213.48 in chips)
melyh82: posts small blind $1
yur4ok: posts big blind $3
*** HOLE CARDS ***
melyh82: folds
Uncalled bet ($2) returned to yur4ok
yur4ok collected $2 from pot
yur4ok: doesn't show hand
*** SUMMARY ***
Total pot $2 | Rake $0
Seat 1: yur4ok (big blind) collected ($2)
Seat 2: melyh82 (button) (small blind) folded before Flop


PokerStars Hand #147361435045:  Hold'em Limit ($3/$6 USD) - 2016/01/20 8:21:12 ET
Table 'Aconcagua' 2-max Seat #1 is the button
Seat 1: yur4ok ($223.82 in chips)
Seat 2: melyh82 ($219.48 in chips)
yur4ok: posts small blind $1
melyh82: posts big blind $3
*** HOLE CARDS ***
yur4ok: raises $3 to $6
melyh82: calls $3
*** FLOP *** [Kc 5c Tc]
melyh82: checks
yur4ok: bets $3
melyh82: folds
Uncalled bet ($3) returned to yur4ok
yur4ok collected $11.76 from pot
yur4ok: doesn't show hand
*** SUMMARY ***
Total pot $12 | Rake $0.24
Board [Kc 5c Tc]
Seat 1: yur4ok (button) (small blind) collected ($11.76)
Seat 2: melyh82 (big blind) folded on the Flop


PokerStars Hand #147361501372:  Hold'em Limit ($3/$6 USD) - 2016/01/20 8:22:54 ET
Table 'Aconcagua' 2-max Seat #2 is the button
Seat 1: yur4ok ($310.48 in chips)
Seat 2: melyh82 ($130.12 in chips)
melyh82: posts small blind $1
yur4ok: posts big blind $3
*** HOLE CARDS ***
melyh82: raises $3 to $6
yur4ok: calls $3
*** FLOP *** [5h 7h 5s]
yur4ok: checks
melyh82: bets $3
yur4ok: raises $3 to $6
melyh82: calls $3
*** TURN *** [5h 7h 5s] [Jd]
yur4ok: bets $6
melyh82: raises $6 to $12
yur4ok: calls $6
*** RIVER *** [5h 7h 5s Jd] [9s]
yur4ok: checks
melyh82: bets $6
yur4ok: calls $6
*** SHOW DOWN ***
melyh82: shows [7d Ac] (two pair, Sevens and Fives)
yur4ok: mucks hand
melyh82 collected $59.50 from pot
*** SUMMARY ***
Total pot $60 | Rake $0.50
Board [5h 7h 5s Jd 9s]
Seat 1: yur4ok (big blind) mucked
Seat 2: melyh82 (button) (small blind) showed [7d Ac] and won ($59.50) with two pair, Sevens and Fives


PokerStars Hand #147361490224:  Hold'em Limit ($3/$6 USD) - 2016/01/20 8:22:37 ET
Table 'Aconcagua' 2-max Seat #1 is the button
Seat 1: yur4ok ($280.98 in chips)
Seat 2: melyh82 ($160.12 in chips)
yur4ok: posts small blind $1
melyh82: posts big blind $3
*** HOLE CARDS ***
yur4ok: raises $3 to $6
melyh82: raises $3 to $9
yur4ok: calls $3
*** FLOP *** [7c Js As]
melyh82: bets $3
yur4ok: calls $3
*** TURN *** [7c Js As] [Qd]
melyh82: bets $6
yur4ok: calls $6
*** RIVER *** [7c Js As Qd] [2h]
melyh82: bets $6
yur4ok: raises $6 to $12
melyh82: calls $6
*** SHOW DOWN ***
yur4ok: shows [Ad 2s] (two pair, Aces and Deuces)
melyh82: mucks hand
yur4ok collected $59.50 from pot
*** SUMMARY ***
Total pot $60 | Rake $0.50
Board [7c Js As Qd 2h]
Seat 1: yur4ok (button) (small blind) showed [Ad 2s] and won ($59.50) with two pair, Aces and Deuces
Seat 2: melyh82 (big blind) mucked


PokerStars Hand #147361487175:  Hold'em Limit ($3/$6 USD) - 2016/01/20 8:22:32 ET
Table 'Aconcagua' 2-max Seat #2 is the button
Seat 1: yur4ok ($279.98 in chips)
Seat 2: melyh82 ($161.12 in chips)
melyh82: posts small blind $1
yur4ok: posts big blind $3
*** HOLE CARDS ***
melyh82: folds
Uncalled bet ($2) returned to yur4ok
yur4ok collected $2 from pot
yur4ok: doesn't show hand
*** SUMMARY ***
Total pot $2 | Rake $0
Seat 1: yur4ok (big blind) collected ($2)
Seat 2: melyh82 (button) (small blind) folded before Flop


PokerStars Hand #147361476704:  Hold'em Limit ($3/$6 USD) - 2016/01/20 8:22:16 ET
Table 'Aconcagua' 2-max Seat #1 is the button
Seat 1: yur4ok ($259.48 in chips)
Seat 2: melyh82 ($182.12 in chips)
yur4ok: posts small blind $1
melyh82: posts big blind $3
*** HOLE CARDS ***
yur4ok: raises $3 to $6
melyh82: calls $3
*** FLOP *** [6d Tc 5s]
melyh82: checks
yur4ok: bets $3
melyh82: calls $3
*** TURN *** [6d Tc 5s] [Jd]
melyh82: checks
yur4ok: bets $6
melyh82: calls $6
*** RIVER *** [6d Tc 5s Jd] [Ts]
melyh82: checks
yur4ok: bets $6
melyh82: calls $6
*** SHOW DOWN ***
yur4ok: shows [Qh Jc] (two pair, Jacks and Tens)
melyh82: mucks hand
yur4ok collected $41.50 from pot
*** SUMMARY ***
Total pot $42 | Rake $0.50
Board [6d Tc 5s Jd Ts]
Seat 1: yur4ok (button) (small blind) showed [Qh Jc] and won ($41.50) with two pair, Jacks and Tens
Seat 2: melyh82 (big blind) mucked


PokerStars Hand #147361470252:  Hold'em Limit ($3/$6 USD) - 2016/01/20 8:22:06 ET
Table 'Aconcagua' 2-max Seat #2 is the button
Seat 1: yur4ok ($250.84 in chips)
Seat 2: melyh82 ($191.12 in chips)
melyh82: posts small blind $1
yur4ok: posts big blind $3
*** HOLE CARDS ***
melyh82: raises $3 to $6
yur4ok: calls $3
*** FLOP *** [Tc 8s Ah]
yur4ok: checks
melyh82: bets $3
yur4ok: raises $3 to $6
melyh82: folds
Uncalled bet ($3) returned to yur4ok
yur4ok collected $17.64 from pot
yur4ok: doesn't show hand
*** SUMMARY ***
Total pot $18 | Rake $0.36
Board [Tc 8s Ah]
Seat 1: yur4ok (big blind) collected ($17.64)
Seat 2: melyh82 (button) (small blind) folded on the Flop


PokerStars Hand #147361547409:  Hold'em Limit ($3/$6 USD) - 2016/01/20 8:24:05 ET
Table 'Aconcagua' 2-max Seat #2 is the button
Seat 1: yur4ok ($252.24 in chips)
Seat 2: melyh82 ($186.62 in chips)
melyh82: posts small blind $1
yur4ok: posts big blind $3
*** HOLE CARDS ***
melyh82: raises $3 to $6
yur4ok: calls $3
*** FLOP *** [4h 3h 4s]
yur4ok: checks
melyh82: bets $3
yur4ok: folds
Uncalled bet ($3) returned to melyh82
melyh82 collected $11.76 from pot
melyh82: doesn't show hand
*** SUMMARY ***
Total pot $12 | Rake $0.24
Board [4h 3h 4s]
Seat 1: yur4ok (big blind) folded on the Flop
Seat 2: melyh82 (button) (small blind) collected ($11.76)


PokerStars Hand #147361540802:  Hold'em Limit ($3/$6 USD) - 2016/01/20 8:23:55 ET
Table 'Aconcagua' 2-max Seat #1 is the button
Seat 1: yur4ok ($246.48 in chips)
Seat 2: melyh82 ($192.62 in chips)
yur4ok: posts small blind $1
melyh82: posts big blind $3
*** HOLE CARDS ***
yur4ok: raises $3 to $6
melyh82: calls $3
*** FLOP *** [Tc Qs Qc]
melyh82: checks
yur4ok: bets $3
melyh82: folds
Uncalled bet ($3) returned to yur4ok
yur4ok collected $11.76 from pot
yur4ok: doesn't show hand
*** SUMMARY ***
Total pot $12 | Rake $0.24
Board [Tc Qs Qc]
Seat 1: yur4ok (button) (small blind) collected ($11.76)
Seat 2: melyh82 (big blind) folded on the Flop


PokerStars Hand #147361537885:  Hold'em Limit ($3/$6 USD) - 2016/01/20 8:23:50 ET
Table 'Aconcagua' 2-max Seat #2 is the button
Seat 1: yur4ok ($245.48 in chips)
Seat 2: melyh82 ($193.62 in chips)
melyh82: posts small blind $1
yur4ok: posts big blind $3
*** HOLE CARDS ***
melyh82: folds
Uncalled bet ($2) returned to yur4ok
yur4ok collected $2 from pot
yur4ok: doesn't show hand
*** SUMMARY ***
Total pot $2 | Rake $0
Seat 1: yur4ok (big blind) collected ($2)
Seat 2: melyh82 (button) (small blind) folded before Flop


PokerStars Hand #147361528502:  Hold'em Limit ($3/$6 USD) - 2016/01/20 8:23:36 ET
Table 'Aconcagua' 2-max Seat #1 is the button
Seat 1: yur4ok ($263.48 in chips)
Seat 2: melyh82 ($176.12 in chips)
yur4ok: posts small blind $1
melyh82: posts big blind $3
*** HOLE CARDS ***
yur4ok: raises $3 to $6
melyh82: calls $3
*** FLOP *** [Jd Jc 7d]
melyh82: checks
yur4ok: bets $3
melyh82: raises $3 to $6
yur4ok: calls $3
*** TURN *** [Jd Jc 7d] [7h]
melyh82: checks
yur4ok: bets $6
melyh82: raises $6 to $12
yur4ok: folds
Uncalled bet ($6) returned to melyh82
melyh82 collected $35.50 from pot
melyh82: doesn't show hand
*** SUMMARY ***
Total pot $36 | Rake $0.50
Board [Jd Jc 7d 7h]
Seat 1: yur4ok (button) (small blind) folded on the Turn
Seat 2: melyh82 (big blind) collected ($35.50)


PokerStars Hand #147361525059:  Hold'em Limit ($3/$6 USD) - 2016/01/20 8:23:31 ET
Table 'Aconcagua' 2-max Seat #2 is the button
Seat 1: yur4ok ($262.48 in chips)
Seat 2: melyh82 ($177.12 in chips)
melyh82: posts small blind $1
yur4ok: posts big blind $3
*** HOLE CARDS ***
melyh82: folds
Uncalled bet ($2) returned to yur4ok
yur4ok collected $2 from pot
yur4ok: doesn't show hand
*** SUMMARY ***
Total pot $2 | Rake $0
Seat 1: yur4ok (big blind) collected ($2)
Seat 2: melyh82 (button) (small blind) folded before Flop


PokerStars Hand #147361513323:  Hold'em Limit ($3/$6 USD) - 2016/01/20 8:23:13 ET
Table 'Aconcagua' 2-max Seat #1 is the button
Seat 1: yur4ok ($280.48 in chips)
Seat 2: melyh82 ($159.62 in chips)
yur4ok: posts small blind $1
melyh82: posts big blind $3
*** HOLE CARDS ***
yur4ok: raises $3 to $6
melyh82: raises $3 to $9
yur4ok: calls $3
*** FLOP *** [5d Kd 9d]
melyh82: bets $3
yur4ok: calls $3
*** TURN *** [5d Kd 9d] [7h]
melyh82: bets $6
yur4ok: calls $6
*** RIVER *** [5d Kd 9d 7h] [6d]
melyh82: bets $6
yur4ok: folds
Uncalled bet ($6) returned to melyh82
melyh82 collected $35.50 from pot
melyh82: doesn't show hand
*** SUMMARY ***
Total pot $36 | Rake $0.50
Board [5d Kd 9d 7h 6d]
Seat 1: yur4ok (button) (small blind) folded on the River
Seat 2: melyh82 (big blind) collected ($35.50)


PokerStars Hand #147361584319:  Hold'em Limit ($3/$6 USD) - 2016/01/20 8:25:02 ET
Table 'Aconcagua' 2-max Seat #2 is the button
Seat 1: yur4ok ($218.24 in chips)
Seat 2: melyh82 ($219.64 in chips)
melyh82: posts small blind $1
yur4ok: posts big blind $3
*** HOLE CARDS ***
melyh82: raises $3 to $6
yur4ok: calls $3
*** FLOP *** [8c Ks 2h]
yur4ok: checks
melyh82: bets $3
yur4ok: folds
Uncalled bet ($3) returned to melyh82
melyh82 collected $11.76 from pot
melyh82: doesn't show hand
*** SUMMARY ***
Total pot $12 | Rake $0.24
Board [8c Ks 2h]
Seat 1: yur4ok (big blind) folded on the Flop
Seat 2: melyh82 (button) (small blind) collected ($11.76)


PokerStars Hand #147361581104:  Hold'em Limit ($3/$6 USD) - 2016/01/20 8:24:57 ET
Table 'Aconcagua' 2-max Seat #1 is the button
Seat 1: yur4ok ($215.24 in chips)
Seat 2: melyh82 ($222.64 in chips)
yur4ok: posts small blind $1
melyh82: posts big blind $3
*** HOLE CARDS ***
yur4ok: raises $3 to $6
melyh82: folds
Uncalled bet ($3) returned to yur4ok
yur4ok collected $6 from pot
yur4ok: doesn't show hand
*** SUMMARY ***
Total pot $6 | Rake $0
Seat 1: yur4ok (button) (small blind) collected ($6)
Seat 2: melyh82 (big blind) folded before Flop


PokerStars Hand #147361577490:  Hold'em Limit ($3/$6 USD) - 2016/01/20 8:24:51 ET
Table 'Aconcagua' 2-max Seat #2 is the button
Seat 1: yur4ok ($218.24 in chips)
Seat 2: melyh82 ($219.64 in chips)
melyh82: posts small blind $1
yur4ok: posts big blind $3
*** HOLE CARDS ***
melyh82: raises $3 to $6
yur4ok: folds
Uncalled bet ($3) returned to melyh82
melyh82 collected $6 from pot
melyh82: doesn't show hand
*** SUMMARY ***
Total pot $6 | Rake $0
Seat 1: yur4ok (big blind) folded before Flop
Seat 2: melyh82 (button) (small blind) collected ($6)


PokerStars Hand #147361573752:  Hold'em Limit ($3/$6 USD) - 2016/01/20 8:24:45 ET
Table 'Aconcagua' 2-max Seat #1 is the button
Seat 1: yur4ok ($219.24 in chips)
Seat 2: melyh82 ($218.64 in chips)
yur4ok: posts small blind $1
melyh82: posts big blind $3
*** HOLE CARDS ***
yur4ok: folds
Uncalled bet ($2) returned to melyh82
melyh82 collected $2 from pot
melyh82: doesn't show hand
*** SUMMARY ***
Total pot $2 | Rake $0
Seat 1: yur4ok (button) (small blind) folded before Flop
Seat 2: melyh82 (big blind) collected ($2)


PokerStars Hand #147361566722:  Hold'em Limit ($3/$6 USD) - 2016/01/20 8:24:35 ET
Table 'Aconcagua' 2-max Seat #2 is the button
Seat 1: yur4ok ($225.24 in chips)
Seat 2: melyh82 ($212.88 in chips)
melyh82: posts small blind $1
yur4ok: posts big blind $3
*** HOLE CARDS ***
melyh82: raises $3 to $6
yur4ok: calls $3
*** FLOP *** [Js 4d Jd]
yur4ok: checks
melyh82: bets $3
yur4ok: folds
Uncalled bet ($3) returned to melyh82
melyh82 collected $11.76 from pot
melyh82: doesn't show hand
*** SUMMARY ***
Total pot $12 | Rake $0.24
Board [Js 4d Jd]
Seat 1: yur4ok (big blind) folded on the Flop
Seat 2: melyh82 (button) (small blind) collected ($11.76)


PokerStars Hand #147361552715:  Hold'em Limit ($3/$6 USD) - 2016/01/20 8:24:13 ET
Table 'Aconcagua' 2-max Seat #1 is the button
Seat 1: yur4ok ($246.24 in chips)
Seat 2: melyh82 ($192.38 in chips)
yur4ok: posts small blind $1
melyh82: posts big blind $3
*** HOLE CARDS ***
yur4ok: raises $3 to $6
melyh82: calls $3
*** FLOP *** [5s 4c 2h]
melyh82: checks
yur4ok: bets $3
melyh82: raises $3 to $6
yur4ok: raises $3 to $9
melyh82: calls $3
*** TURN *** [5s 4c 2h] [6h]
melyh82: checks
yur4ok: checks
*** RIVER *** [5s 4c 2h 6h] [Kc]
melyh82: bets $6
yur4ok: calls $6
*** SHOW DOWN ***
melyh82: shows [3d 3c] (a straight, Deuce to Six)
yur4ok: mucks hand
melyh82 collected $41.50 from pot
*** SUMMARY ***
Total pot $42 | Rake $0.50
Board [5s 4c 2h 6h Kc]
Seat 1: yur4ok (button) (small blind) mucked
Seat 2: melyh82 (big blind) showed [3d 3c] and won ($41.50) with a straight, Deuce to Six


PokerStars Hand #147361625696:  Hold'em Limit ($3/$6 USD) - 2016/01/20 8:26:05 ET
Table 'Aconcagua' 2-max Seat #2 is the button
Seat 1: yur4ok ($204 in chips)
Seat 2: melyh82 ($232.68 in chips)
melyh82: posts small blind $1
yur4ok: posts big blind $3
*** HOLE CARDS ***
melyh82: raises $3 to $6
yur4ok: folds
Uncalled bet ($3) returned to melyh82
melyh82 collected $6 from pot
melyh82: doesn't show hand
*** SUMMARY ***
Total pot $6 | Rake $0
Seat 1: yur4ok (big blind) folded before Flop
Seat 2: melyh82 (button) (small blind) collected ($6)


PokerStars Hand #147361617315:  Hold'em Limit ($3/$6 USD) - 2016/01/20 8:25:52 ET
Table 'Aconcagua' 2-max Seat #1 is the button
Seat 1: yur4ok ($213 in chips)
Seat 2: melyh82 ($224.04 in chips)
yur4ok: posts small blind $1
melyh82: posts big blind $3
*** HOLE CARDS ***
yur4ok: raises $3 to $6
melyh82: calls $3
*** FLOP *** [2s Qc Qd]
melyh82: checks
yur4ok: bets $3
melyh82: raises $3 to $6
yur4ok: folds
Uncalled bet ($3) returned to melyh82
melyh82 collected $17.64 from pot
melyh82: doesn't show hand
*** SUMMARY ***
Total pot $18 | Rake $0.36
Board [2s Qc Qd]
Seat 1: yur4ok (button) (small blind) folded on the Flop
Seat 2: melyh82 (big blind) collected ($17.64)


PokerStars Hand #147361614314:  Hold'em Limit ($3/$6 USD) - 2016/01/20 8:25:48 ET
Table 'Aconcagua' 2-max Seat #2 is the button
Seat 1: yur4ok ($212 in chips)
Seat 2: melyh82 ($225.04 in chips)
melyh82: posts small blind $1
yur4ok: posts big blind $3
*** HOLE CARDS ***
melyh82: folds
Uncalled bet ($2) returned to yur4ok
yur4ok collected $2 from pot
yur4ok: doesn't show hand
*** SUMMARY ***
Total pot $2 | Rake $0
Seat 1: yur4ok (big blind) collected ($2)
Seat 2: melyh82 (button) (small blind) folded before Flop


PokerStars Hand #147361603879:  Hold'em Limit ($3/$6 USD) - 2016/01/20 8:25:32 ET
Table 'Aconcagua' 2-max Seat #1 is the button
Seat 1: yur4ok ($221 in chips)
Seat 2: melyh82 ($216.40 in chips)
yur4ok: posts small blind $1
melyh82: posts big blind $3
*** HOLE CARDS ***
yur4ok: raises $3 to $6
melyh82: calls $3
*** FLOP *** [9h As 8d]
melyh82: checks
yur4ok: bets $3
melyh82: calls $3
*** TURN *** [9h As 8d] [7s]
melyh82: checks
yur4ok: checks
*** RIVER *** [9h As 8d 7s] [8s]
melyh82: bets $6
yur4ok: folds
Uncalled bet ($6) returned to melyh82
melyh82 collected $17.64 from pot
melyh82: doesn't show hand
*** SUMMARY ***
Total pot $18 | Rake $0.36
Board [9h As 8d 7s 8s]
Seat 1: yur4ok (button) (small blind) folded on the River
Seat 2: melyh82 (big blind) collected ($17.64)


PokerStars Hand #147361595263:  Hold'em Limit ($3/$6 USD) - 2016/01/20 8:25:18 ET
Table 'Aconcagua' 2-max Seat #2 is the button
Seat 1: yur4ok ($215.24 in chips)
Seat 2: melyh82 ($222.40 in chips)
melyh82: posts small blind $1
yur4ok: posts big blind $3
*** HOLE CARDS ***
melyh82: raises $3 to $6
yur4ok: calls $3
*** FLOP *** [Ah As 6s]
yur4ok: checks
melyh82: checks
*** TURN *** [Ah As 6s] [9h]
yur4ok: bets $6
melyh82: folds
Uncalled bet ($6) returned to yur4ok
yur4ok collected $11.76 from pot
yur4ok: doesn't show hand
*** SUMMARY ***
Total pot $12 | Rake $0.24
Board [Ah As 6s 9h]
Seat 1: yur4ok (big blind) collected ($11.76)
Seat 2: melyh82 (button) (small blind) folded on the Turn


PokerStars Hand #147361591989:  Hold'em Limit ($3/$6 USD) - 2016/01/20 8:25:13 ET
Table 'Aconcagua' 2-max Seat #1 is the button
Seat 1: yur4ok ($212.24 in chips)
Seat 2: melyh82 ($225.40 in chips)
yur4ok: posts small blind $1
melyh82: posts big blind $3
*** HOLE CARDS ***
yur4ok: raises $3 to $6
melyh82: folds
Uncalled bet ($3) returned to yur4ok
yur4ok collected $6 from pot
yur4ok: doesn't show hand
*** SUMMARY ***
Total pot $6 | Rake $0
Seat 1: yur4ok (button) (small blind) collected ($6)
Seat 2: melyh82 (big blind) folded before Flop


PokerStars Hand #147361659977:  Hold'em Limit ($3/$6 USD) - 2016/01/20 8:26:58 ET
Table 'Aconcagua' 2-max Seat #2 is the button
Seat 1: yur4ok ($256.76 in chips)
Seat 2: melyh82 ($178.68 in chips)
melyh82: posts small blind $1
yur4ok: posts big blind $3
*** HOLE CARDS ***
melyh82: raises $3 to $6
yur4ok: folds
Uncalled bet ($3) returned to melyh82
melyh82 collected $6 from pot
melyh82: doesn't show hand
*** SUMMARY ***
Total pot $6 | Rake $0
Seat 1: yur4ok (big blind) folded before Flop
Seat 2: melyh82 (button) (small blind) collected ($6)


PokerStars Hand #147361653370:  Hold'em Limit ($3/$6 USD) - 2016/01/20 8:26:47 ET
Table 'Aconcagua' 2-max Seat #1 is the button
Seat 1: yur4ok ($251 in chips)
Seat 2: melyh82 ($184.68 in chips)
yur4ok: posts small blind $1
melyh82: posts big blind $3
*** HOLE CARDS ***
yur4ok: raises $3 to $6
melyh82: calls $3
*** FLOP *** [4d 6h 7d]
melyh82: checks
yur4ok: bets $3
melyh82: folds
Uncalled bet ($3) returned to yur4ok
yur4ok collected $11.76 from pot
yur4ok: doesn't show hand
*** SUMMARY ***
Total pot $12 | Rake $0.24
Board [4d 6h 7d]
Seat 1: yur4ok (button) (small blind) collected ($11.76)
Seat 2: melyh82 (big blind) folded on the Flop


PokerStars Hand #147361641741:  Hold'em Limit ($3/$6 USD) - 2016/01/20 8:26:30 ET
Table 'Aconcagua' 2-max Seat #2 is the button
Seat 1: yur4ok ($215.50 in chips)
Seat 2: melyh82 ($220.68 in chips)
melyh82: posts small blind $1
yur4ok: posts big blind $3
*** HOLE CARDS ***
melyh82: raises $3 to $6
yur4ok: raises $3 to $9
melyh82: calls $3
*** FLOP *** [5d 2d 6s]
yur4ok: bets $3
melyh82: calls $3
*** TURN *** [5d 2d 6s] [4d]
yur4ok: checks
melyh82: bets $6
yur4ok: calls $6
*** RIVER *** [5d 2d 6s 4d] [7s]
yur4ok: checks
melyh82: bets $6
yur4ok: raises $6 to $12
melyh82: raises $6 to $18
yur4ok: calls $6
*** SHOW DOWN ***
melyh82: shows [Js 9s] (high card Jack)
yur4ok: shows [8h Th] (a straight, Four to Eight)
yur4ok collected $71.50 from pot
*** SUMMARY ***
Total pot $72 | Rake $0.50
Board [5d 2d 6s 4d 7s]
Seat 1: yur4ok (big blind) showed [8h Th] and won ($71.50) with a straight, Four to Eight
Seat 2: melyh82 (button) (small blind) showed [Js 9s] and lost with high card Jack


PokerStars Hand #147361629721:  Hold'em Limit ($3/$6 USD) - 2016/01/20 8:26:11 ET
Table 'Aconcagua' 2-max Seat #1 is the button
Seat 1: yur4ok ($201 in chips)
Seat 2: melyh82 ($235.68 in chips)
yur4ok: posts small blind $1
melyh82: posts big blind $3
*** HOLE CARDS ***
yur4ok: raises $3 to $6
melyh82: calls $3
*** FLOP *** [Jd 9h 2h]
melyh82: checks
yur4ok: bets $3
melyh82: calls $3
*** TURN *** [Jd 9h 2h] [8h]
melyh82: checks
yur4ok: checks
*** RIVER *** [Jd 9h 2h 8h] [Kc]
melyh82: bets $6
yur4ok: raises $6 to $12
melyh82: folds
Uncalled bet ($6) returned to yur4ok
yur4ok collected $29.50 from pot
yur4ok: doesn't show hand
*** SUMMARY ***
Total pot $30 | Rake $0.50
Board [Jd 9h 2h 8h Kc]
Seat 1: yur4ok (button) (small blind) collected ($29.50)
Seat 2: melyh82 (big blind) folded on the River


PokerStars Hand #147361663854:  Hold'em Limit ($3/$6 USD) - 2016/01/20 8:27:04 ET
Table 'Aconcagua' 2-max Seat #1 is the button
Seat 1: yur4ok ($253.76 in chips)
Seat 2: melyh82 ($181.68 in chips)
yur4ok: posts small blind $1
melyh82: posts big blind $3
*** HOLE CARDS ***
yur4ok: raises $3 to $6
melyh82: raises $3 to $9
yur4ok: calls $3
*** FLOP *** [4h Qc 2s]
melyh82: bets $3
yur4ok: calls $3
*** TURN *** [4h Qc 2s] [8s]
melyh82: bets $6
yur4ok: calls $6
*** RIVER *** [4h Qc 2s 8s] [Qs]
melyh82: bets $6
yur4ok: calls $6
*** SHOW DOWN ***
melyh82: shows [6h 5c] (a pair of Queens)
yur4ok: shows [Jh 2d] (two pair, Queens and Deuces)
yur4ok collected $47.50 from pot
*** SUMMARY ***
Total pot $48 | Rake $0.50
Board [4h Qc 2s 8s Qs]
Seat 1: yur4ok (button) (small blind) showed [Jh 2d] and won ($47.50) with two pair, Queens and Deuces
Seat 2: melyh82 (big blind) showed [6h 5c] and lost with a pair of Queens


PokerStars Hand #147361672685:  Hold'em Limit ($3/$6 USD) - 2016/01/20 8:27:17 ET
Table 'Aconcagua' 2-max Seat #2 is the button
Seat 1: yur4ok ($277.26 in chips)
Seat 2: melyh82 ($157.68 in chips)
melyh82: posts small blind $1
yur4ok: posts big blind $3
*** HOLE CARDS ***
melyh82: raises $3 to $6
yur4ok: calls $3
*** FLOP *** [2d Jh Kh]
yur4ok: checks
melyh82: bets $3
yur4ok: calls $3
*** TURN *** [2d Jh Kh] [Jc]
yur4ok: checks
melyh82: checks
*** RIVER *** [2d Jh Kh Jc] [Ac]
yur4ok: checks
melyh82: bets $6
yur4ok: calls $6
*** SHOW DOWN ***
melyh82: shows [Ts Ad] (two pair, Aces and Jacks)
yur4ok: shows [Ah 7d] (two pair, Aces and Jacks)
yur4ok collected $14.75 from pot
melyh82 collected $14.75 from pot
*** SUMMARY ***
Total pot $30 | Rake $0.50
Board [2d Jh Kh Jc Ac]
Seat 1: yur4ok (big blind) showed [Ah 7d] and won ($14.75) with two pair, Aces and Jacks
Seat 2: melyh82 (button) (small blind) showed [Ts Ad] and won ($14.75) with two pair, Aces and Jacks


PokerStars Hand #147361682463:  Hold'em Limit ($3/$6 USD) - 2016/01/20 8:27:32 ET
Table 'Aconcagua' 2-max Seat #1 is the button
Seat 1: yur4ok ($277.01 in chips)
Seat 2: melyh82 ($157.43 in chips)
yur4ok: posts small blind $1
melyh82: posts big blind $3
*** HOLE CARDS ***
yur4ok: raises $3 to $6
melyh82: calls $3
*** FLOP *** [4s 2c Jc]
melyh82: checks
yur4ok: bets $3
melyh82: calls $3
*** TURN *** [4s 2c Jc] [7c]
melyh82: checks
yur4ok: bets $6
melyh82: raises $6 to $12
yur4ok: calls $6
*** RIVER *** [4s 2c Jc 7c] [Kh]
melyh82: bets $6
yur4ok: raises $6 to $12
melyh82: raises $6 to $18
yur4ok: raises $6 to $24
Betting is capped
melyh82: folds
Uncalled bet ($6) returned to yur4ok
yur4ok collected $77.50 from pot
yur4ok: doesn't show hand
*** SUMMARY ***
Total pot $78 | Rake $0.50
Board [4s 2c Jc 7c Kh]
Seat 1: yur4ok (button) (small blind) collected ($77.50)
Seat 2: melyh82 (big blind) folded on the River


PokerStars Hand #147361696191:  Hold'em Limit ($3/$6 USD) - 2016/01/20 8:27:53 ET
Table 'Aconcagua' 2-max Seat #2 is the button
Seat 1: yur4ok ($315.51 in chips)
Seat 2: melyh82 ($118.43 in chips)
melyh82: posts small blind $1
yur4ok: posts big blind $3
*** HOLE CARDS ***
melyh82: raises $3 to $6
yur4ok: calls $3
*** FLOP *** [5d Ah 3h]
yur4ok: checks
melyh82: bets $3
yur4ok: calls $3
*** TURN *** [5d Ah 3h] [Kc]
yur4ok: checks
melyh82: checks
*** RIVER *** [5d Ah 3h Kc] [Ks]
yur4ok: checks
melyh82: checks
*** SHOW DOWN ***
yur4ok: shows [2s Qc] (a pair of Kings)
melyh82: shows [6d Qs] (a pair of Kings - Ace+Queen+Six kicker)
melyh82 collected $17.64 from pot
*** SUMMARY ***
Total pot $18 | Rake $0.36
Board [5d Ah 3h Kc Ks]
Seat 1: yur4ok (big blind) showed [2s Qc] and lost with a pair of Kings
Seat 2: melyh82 (button) (small blind) showed [6d Qs] and won ($17.64) with a pair of Kings


PokerStars Hand #147361704228:  Hold'em Limit ($3/$6 USD) - 2016/01/20 8:28:06 ET
Table 'Aconcagua' 2-max Seat #1 is the button
Seat 1: yur4ok ($306.51 in chips)
Seat 2: melyh82 ($127.07 in chips)
yur4ok: posts small blind $1
melyh82: posts big blind $3
*** HOLE CARDS ***
yur4ok: raises $3 to $6
melyh82: calls $3
*** FLOP *** [3c 7h 8d]
melyh82: checks
yur4ok: bets $3
melyh82: raises $3 to $6
yur4ok: calls $3
*** TURN *** [3c 7h 8d] [2h]
melyh82: checks
yur4ok: checks
*** RIVER *** [3c 7h 8d 2h] [5s]
melyh82: bets $6
yur4ok: calls $6
*** SHOW DOWN ***
melyh82: shows [4c 2c] (a pair of Deuces)
yur4ok: mucks hand
melyh82 collected $35.50 from pot
*** SUMMARY ***
Total pot $36 | Rake $0.50
Board [3c 7h 8d 2h 5s]
Seat 1: yur4ok (button) (small blind) mucked
Seat 2: melyh82 (big blind) showed [4c 2c] and won ($35.50) with a pair of Deuces


PokerStars Hand #147361715736:  Hold'em Limit ($3/$6 USD) - 2016/01/20 8:28:23 ET
Table 'Aconcagua' 2-max Seat #2 is the button
Seat 1: yur4ok ($288.51 in chips)
Seat 2: melyh82 ($144.57 in chips)
melyh82: posts small blind $1
yur4ok: posts big blind $3
*** HOLE CARDS ***
melyh82: raises $3 to $6
yur4ok: folds
Uncalled bet ($3) returned to melyh82
melyh82 collected $6 from pot
melyh82: doesn't show hand
*** SUMMARY ***
Total pot $6 | Rake $0
Seat 1: yur4ok (big blind) folded before Flop
Seat 2: melyh82 (button) (small blind) collected ($6)


PokerStars Hand #147361719204:  Hold'em Limit ($3/$6 USD) - 2016/01/20 8:28:28 ET
Table 'Aconcagua' 2-max Seat #1 is the button
Seat 1: yur4ok ($285.51 in chips)
Seat 2: melyh82 ($147.57 in chips)
yur4ok: posts small blind $1
melyh82: posts big blind $3
*** HOLE CARDS ***
yur4ok: raises $3 to $6
melyh82: calls $3
*** FLOP *** [Kc 6d As]
melyh82: checks
yur4ok: bets $3
melyh82: raises $3 to $6
yur4ok: folds
Uncalled bet ($3) returned to melyh82
melyh82 collected $17.64 from pot
melyh82: doesn't show hand
*** SUMMARY ***
Total pot $18 | Rake $0.36
Board [Kc 6d As]
Seat 1: yur4ok (button) (small blind) folded on the Flop
Seat 2: melyh82 (big blind) collected ($17.64)


PokerStars Hand #147361725533:  Hold'em Limit ($3/$6 USD) - 2016/01/20 8:28:38 ET
Table 'Aconcagua' 2-max Seat #2 is the button
Seat 1: yur4ok ($276.51 in chips)
Seat 2: melyh82 ($156.21 in chips)
melyh82: posts small blind $1
yur4ok: posts big blind $3
*** HOLE CARDS ***
melyh82: raises $3 to $6
yur4ok: raises $3 to $9
melyh82: calls $3
*** FLOP *** [2c 8h 9d]
yur4ok: bets $3
melyh82: calls $3
*** TURN *** [2c 8h 9d] [7h]
yur4ok: checks
melyh82: bets $6
yur4ok: calls $6
*** RIVER *** [2c 8h 9d 7h] [7c]
yur4ok: checks
melyh82: bets $6
yur4ok: calls $6
*** SHOW DOWN ***
melyh82: shows [4c Qc] (a pair of Sevens)
yur4ok: shows [Jd Ac] (a pair of Sevens - Ace kicker)
yur4ok collected $47.50 from pot
*** SUMMARY ***
Total pot $48 | Rake $0.50
Board [2c 8h 9d 7h 7c]
Seat 1: yur4ok (big blind) showed [Jd Ac] and won ($47.50) with a pair of Sevens
Seat 2: melyh82 (button) (small blind) showed [4c Qc] and lost with a pair of Sevens


PokerStars Hand #147361738708:  Hold'em Limit ($3/$6 USD) - 2016/01/20 8:28:58 ET
Table 'Aconcagua' 2-max Seat #1 is the button
Seat 1: yur4ok ($300.01 in chips)
Seat 2: melyh82 ($132.21 in chips)
yur4ok: posts small blind $1
melyh82: posts big blind $3
*** HOLE CARDS ***
yur4ok: raises $3 to $6
melyh82: raises $3 to $9
yur4ok: calls $3
*** FLOP *** [7s 9d 2c]
melyh82: bets $3
yur4ok: calls $3
*** TURN *** [7s 9d 2c] [9s]
melyh82: bets $6
yur4ok: calls $6
*** RIVER *** [7s 9d 2c 9s] [Ac]
melyh82: bets $6
yur4ok: raises $6 to $12
melyh82: raises $6 to $18
yur4ok: calls $6
*** SHOW DOWN ***
melyh82: shows [7h 7d] (a full house, Sevens full of Nines)
yur4ok: mucks hand
melyh82 collected $71.50 from pot
*** SUMMARY ***
Total pot $72 | Rake $0.50
Board [7s 9d 2c 9s Ac]
Seat 1: yur4ok (button) (small blind) mucked
Seat 2: melyh82 (big blind) showed [7h 7d] and won ($71.50) with a full house, Sevens full of Nines


PokerStars Hand #147361752237:  Hold'em Limit ($3/$6 USD) - 2016/01/20 8:29:19 ET
Table 'Aconcagua' 2-max Seat #2 is the button
Seat 1: yur4ok ($264.01 in chips)
Seat 2: melyh82 ($167.71 in chips)
melyh82: posts small blind $1
yur4ok: posts big blind $3
*** HOLE CARDS ***
melyh82: raises $3 to $6
yur4ok: calls $3
*** FLOP *** [Jc Jd 2h]
yur4ok: checks
melyh82: bets $3
yur4ok: folds
Uncalled bet ($3) returned to melyh82
melyh82 collected $11.76 from pot
melyh82: doesn't show hand
*** SUMMARY ***
Total pot $12 | Rake $0.24
Board [Jc Jd 2h]
Seat 1: yur4ok (big blind) folded on the Flop
Seat 2: melyh82 (button) (small blind) collected ($11.76)


PokerStars Hand #147361760999:  Hold'em Limit ($3/$6 USD) - 2016/01/20 8:29:32 ET
Table 'Aconcagua' 2-max Seat #1 is the button
Seat 1: yur4ok ($258.01 in chips)
Seat 2: melyh82 ($173.47 in chips)
yur4ok: posts small blind $1
melyh82: posts big blind $3
*** HOLE CARDS ***
yur4ok: raises $3 to $6
melyh82: calls $3
*** FLOP *** [2h 5h 8c]
melyh82: checks
yur4ok: bets $3
melyh82: calls $3
*** TURN *** [2h 5h 8c] [Kh]
melyh82: checks
yur4ok: bets $6
melyh82: raises $6 to $12
yur4ok: calls $6
*** RIVER *** [2h 5h 8c Kh] [6h]
melyh82: bets $6
yur4ok: calls $6
*** SHOW DOWN ***
melyh82: shows [Th 6c] (a flush, King high)
yur4ok: mucks hand
melyh82 collected $53.50 from pot
*** SUMMARY ***
Total pot $54 | Rake $0.50
Board [2h 5h 8c Kh 6h]
Seat 1: yur4ok (button) (small blind) mucked
Seat 2: melyh82 (big blind) showed [Th 6c] and won ($53.50) with a flush, King high


PokerStars Hand #147361773615:  Hold'em Limit ($3/$6 USD) - 2016/01/20 8:29:52 ET
Table 'Aconcagua' 2-max Seat #2 is the button
Seat 1: yur4ok ($231.01 in chips)
Seat 2: melyh82 ($199.97 in chips)
melyh82: posts small blind $1
yur4ok: posts big blind $3
*** HOLE CARDS ***
melyh82: raises $3 to $6
yur4ok: raises $3 to $9
melyh82: calls $3
*** FLOP *** [Jd 3c Jc]
yur4ok: bets $3
melyh82: raises $3 to $6
yur4ok: calls $3
*** TURN *** [Jd 3c Jc] [7h]
yur4ok: checks
melyh82: bets $6
yur4ok: raises $6 to $12
melyh82: calls $6
*** RIVER *** [Jd 3c Jc 7h] [9s]
yur4ok: bets $6
melyh82: calls $6
*** SHOW DOWN ***
yur4ok: shows [Th 9h] (two pair, Jacks and Nines)
melyh82: mucks hand
yur4ok collected $65.50 from pot
*** SUMMARY ***
Total pot $66 | Rake $0.50
Board [Jd 3c Jc 7h 9s]
Seat 1: yur4ok (big blind) showed [Th 9h] and won ($65.50) with two pair, Jacks and Nines
Seat 2: melyh82 (button) (small blind) mucked


PokerStars Hand #147361787722:  Hold'em Limit ($3/$6 USD) - 2016/01/20 8:30:12 ET
Table 'Aconcagua' 2-max Seat #1 is the button
Seat 1: yur4ok ($263.51 in chips)
Seat 2: melyh82 ($166.97 in chips)
yur4ok: posts small blind $1
melyh82: posts big blind $3
*** HOLE CARDS ***
yur4ok: raises $3 to $6
melyh82: calls $3
*** FLOP *** [Ts As 6h]
melyh82: checks
yur4ok: bets $3
melyh82: raises $3 to $6
yur4ok: calls $3
*** TURN *** [Ts As 6h] [8c]
melyh82: checks
yur4ok: bets $6
melyh82: folds
Uncalled bet ($6) returned to yur4ok
yur4ok collected $23.52 from pot
yur4ok: doesn't show hand
*** SUMMARY ***
Total pot $24 | Rake $0.48
Board [Ts As 6h 8c]
Seat 1: yur4ok (button) (small blind) collected ($23.52)
Seat 2: melyh82 (big blind) folded on the Turn


PokerStars Hand #147361799004:  Hold'em Limit ($3/$6 USD) - 2016/01/20 8:30:29 ET
Table 'Aconcagua' 2-max Seat #1 is the button
Seat 1: yur4ok ($272.03 in chips)
Seat 2: melyh82 ($157.97 in chips)
yur4ok: posts small blind $1
melyh82: posts big blind $3
*** HOLE CARDS ***
yur4ok: folds
Uncalled bet ($2) returned to melyh82
melyh82 collected $2 from pot
melyh82: doesn't show hand
*** SUMMARY ***
Total pot $2 | Rake $0
Seat 1: yur4ok (button) (small blind) folded before Flop
Seat 2: melyh82 (big blind) collected ($2)


PokerStars Hand #147361795506:  Hold'em Limit ($3/$6 USD) - 2016/01/20 8:30:23 ET
Table 'Aconcagua' 2-max Seat #2 is the button
Seat 1: yur4ok ($275.03 in chips)
Seat 2: melyh82 ($154.97 in chips)
melyh82: posts small blind $1
yur4ok: posts big blind $3
*** HOLE CARDS ***
melyh82: raises $3 to $6
yur4ok: folds
Uncalled bet ($3) returned to melyh82
melyh82 collected $6 from pot
melyh82: doesn't show hand
*** SUMMARY ***
Total pot $6 | Rake $0
Seat 1: yur4ok (big blind) folded before Flop
Seat 2: melyh82 (button) (small blind) collected ($6)


PokerStars Hand #147361802620:  Hold'em Limit ($3/$6 USD) - 2016/01/20 8:30:34 ET
Table 'Aconcagua' 2-max Seat #2 is the button
Seat 1: yur4ok ($271.03 in chips)
Seat 2: melyh82 ($158.97 in chips)
melyh82: posts small blind $1
yur4ok: posts big blind $3
*** HOLE CARDS ***
melyh82: raises $3 to $6
yur4ok: raises $3 to $9
melyh82: calls $3
*** FLOP *** [7c 8h 5c]
yur4ok: bets $3
melyh82: raises $3 to $6
yur4ok: calls $3
*** TURN *** [7c 8h 5c] [Ks]
yur4ok: checks
melyh82: bets $6
yur4ok: raises $6 to $12
melyh82: calls $6
*** RIVER *** [7c 8h 5c Ks] [Td]
yur4ok: bets $6
melyh82: calls $6
*** SHOW DOWN ***
yur4ok: shows [Kd 9d] (a pair of Kings)
melyh82: mucks hand
yur4ok collected $65.50 from pot
*** SUMMARY ***
Total pot $66 | Rake $0.50
Board [7c 8h 5c Ks Td]
Seat 1: yur4ok (big blind) showed [Kd 9d] and won ($65.50) with a pair of Kings
Seat 2: melyh82 (button) (small blind) mucked


PokerStars Hand #147361813557:  Hold'em Limit ($3/$6 USD) - 2016/01/20 8:30:51 ET
Table 'Aconcagua' 2-max Seat #1 is the button
Seat 1: yur4ok ($303.53 in chips)
Seat 2: melyh82 ($125.97 in chips)
yur4ok: posts small blind $1
melyh82: posts big blind $3
*** HOLE CARDS ***
yur4ok: raises $3 to $6
melyh82: calls $3
*** FLOP *** [Js 6s 3h]
melyh82: checks
yur4ok: checks
*** TURN *** [Js 6s 3h] [2h]
melyh82: bets $6
yur4ok: folds
Uncalled bet ($6) returned to melyh82
melyh82 collected $11.76 from pot
melyh82: doesn't show hand
*** SUMMARY ***
Total pot $12 | Rake $0.24
Board [Js 6s 3h 2h]
Seat 1: yur4ok (button) (small blind) folded on the Turn
Seat 2: melyh82 (big blind) collected ($11.76)


PokerStars Hand #147361822538:  Hold'em Limit ($3/$6 USD) - 2016/01/20 8:31:05 ET
Table 'Aconcagua' 2-max Seat #2 is the button
Seat 1: yur4ok ($297.53 in chips)
Seat 2: melyh82 ($131.73 in chips)
melyh82: posts small blind $1
yur4ok: posts big blind $3
*** HOLE CARDS ***
melyh82: raises $3 to $6
yur4ok: calls $3
*** FLOP *** [6c 3s 8h]
yur4ok: checks
melyh82: bets $3
yur4ok: folds
Uncalled bet ($3) returned to melyh82
melyh82 collected $11.76 from pot
melyh82: doesn't show hand
*** SUMMARY ***
Total pot $12 | Rake $0.24
Board [6c 3s 8h]
Seat 1: yur4ok (big blind) folded on the Flop
Seat 2: melyh82 (button) (small blind) collected ($11.76)


PokerStars Hand #147361827985:  Hold'em Limit ($3/$6 USD) - 2016/01/20 8:31:13 ET
Table 'Aconcagua' 2-max Seat #1 is the button
Seat 1: yur4ok ($291.53 in chips)
Seat 2: melyh82 ($137.49 in chips)
yur4ok: posts small blind $1
melyh82: posts big blind $3
*** HOLE CARDS ***
yur4ok: raises $3 to $6
melyh82: raises $3 to $9
yur4ok: calls $3
*** FLOP *** [7c 9s 3d]
melyh82: bets $3
yur4ok: folds
Uncalled bet ($3) returned to melyh82
melyh82 collected $17.64 from pot
melyh82: doesn't show hand
*** SUMMARY ***
Total pot $18 | Rake $0.36
Board [7c 9s 3d]
Seat 1: yur4ok (button) (small blind) folded on the Flop
Seat 2: melyh82 (big blind) collected ($17.64)


PokerStars Hand #147361833633:  Hold'em Limit ($3/$6 USD) - 2016/01/20 8:31:21 ET
Table 'Aconcagua' 2-max Seat #2 is the button
Seat 1: yur4ok ($282.53 in chips)
Seat 2: melyh82 ($146.13 in chips)
melyh82: posts small blind $1
yur4ok: posts big blind $3
*** HOLE CARDS ***
melyh82: raises $3 to $6
yur4ok: calls $3
*** FLOP *** [9h 7s 3c]
yur4ok: checks
melyh82: bets $3
yur4ok: folds
Uncalled bet ($3) returned to melyh82
melyh82 collected $11.76 from pot
melyh82: doesn't show hand
*** SUMMARY ***
Total pot $12 | Rake $0.24
Board [9h 7s 3c]
Seat 1: yur4ok (big blind) folded on the Flop
Seat 2: melyh82 (button) (small blind) collected ($11.76)


PokerStars Hand #147361838826:  Hold'em Limit ($3/$6 USD) - 2016/01/20 8:31:29 ET
Table 'Aconcagua' 2-max Seat #1 is the button
Seat 1: yur4ok ($276.53 in chips)
Seat 2: melyh82 ($151.89 in chips)
yur4ok: posts small blind $1
melyh82: posts big blind $3
*** HOLE CARDS ***
yur4ok: raises $3 to $6
melyh82: calls $3
*** FLOP *** [Tc 8h 6d]
melyh82: checks
yur4ok: checks
*** TURN *** [Tc 8h 6d] [9s]
melyh82: bets $6
yur4ok: raises $6 to $12
melyh82: folds
Uncalled bet ($6) returned to yur4ok
yur4ok collected $23.52 from pot
yur4ok: doesn't show hand
*** SUMMARY ***
Total pot $24 | Rake $0.48
Board [Tc 8h 6d 9s]
Seat 1: yur4ok (button) (small blind) collected ($23.52)
Seat 2: melyh82 (big blind) folded on the Turn


PokerStars Hand #147361845611:  Hold'em Limit ($3/$6 USD) - 2016/01/20 8:31:39 ET
Table 'Aconcagua' 2-max Seat #2 is the button
Seat 1: yur4ok ($288.05 in chips)
Seat 2: melyh82 ($139.89 in chips)
melyh82: posts small blind $1
yur4ok: posts big blind $3
*** HOLE CARDS ***
melyh82: raises $3 to $6
yur4ok: calls $3
*** FLOP *** [7d Ac Jh]
yur4ok: checks
melyh82: bets $3
yur4ok: raises $3 to $6
melyh82: calls $3
*** TURN *** [7d Ac Jh] [Kc]
yur4ok: bets $6
melyh82: raises $6 to $12
yur4ok: calls $6
*** RIVER *** [7d Ac Jh Kc] [2c]
yur4ok: checks
melyh82: bets $6
yur4ok: calls $6
*** SHOW DOWN ***
melyh82: shows [Jd 7h] (two pair, Jacks and Sevens)
yur4ok: mucks hand
melyh82 collected $59.50 from pot
*** SUMMARY ***
Total pot $60 | Rake $0.50
Board [7d Ac Jh Kc 2c]
Seat 1: yur4ok (big blind) mucked
Seat 2: melyh82 (button) (small blind) showed [Jd 7h] and won ($59.50) with two pair, Jacks and Sevens


PokerStars Hand #147361871409:  Hold'em Limit ($3/$6 USD) - 2016/01/20 8:32:18 ET
Table 'Aconcagua' 2-max Seat #2 is the button
Seat 1: yur4ok ($263.81 in chips)
Seat 2: melyh82 ($163.39 in chips)
melyh82: posts small blind $1
yur4ok: posts big blind $3
*** HOLE CARDS ***
melyh82: folds
Uncalled bet ($2) returned to yur4ok
yur4ok collected $2 from pot
yur4ok: doesn't show hand
*** SUMMARY ***
Total pot $2 | Rake $0
Seat 1: yur4ok (big blind) collected ($2)
Seat 2: melyh82 (button) (small blind) folded before Flop


PokerStars Hand #147361857106:  Hold'em Limit ($3/$6 USD) - 2016/01/20 8:31:56 ET
Table 'Aconcagua' 2-max Seat #1 is the button
Seat 1: yur4ok ($258.05 in chips)
Seat 2: melyh82 ($169.39 in chips)
yur4ok: posts small blind $1
melyh82: posts big blind $3
*** HOLE CARDS ***
yur4ok: raises $3 to $6
melyh82: calls $3
*** FLOP *** [9s Ks Jh]
melyh82: checks
yur4ok: checks
*** TURN *** [9s Ks Jh] [6h]
melyh82: checks
yur4ok: checks
*** RIVER *** [9s Ks Jh 6h] [2s]
melyh82: checks
yur4ok: bets $6
melyh82: folds
Uncalled bet ($6) returned to yur4ok
yur4ok collected $11.76 from pot
yur4ok: doesn't show hand
*** SUMMARY ***
Total pot $12 | Rake $0.24
Board [9s Ks Jh 6h 2s]
Seat 1: yur4ok (button) (small blind) collected ($11.76)
Seat 2: melyh82 (big blind) folded on the River


PokerStars Hand #147361874966:  Hold'em Limit ($3/$6 USD) - 2016/01/20 8:32:23 ET
Table 'Aconcagua' 2-max Seat #1 is the button
Seat 1: yur4ok ($264.81 in chips)
Seat 2: melyh82 ($162.39 in chips)
yur4ok: posts small blind $1
melyh82: posts big blind $3
*** HOLE CARDS ***
yur4ok: raises $3 to $6
melyh82: raises $3 to $9
yur4ok: calls $3
*** FLOP *** [8d Qd 8c]
melyh82: bets $3
yur4ok: calls $3
*** TURN *** [8d Qd 8c] [7s]
melyh82: bets $6
yur4ok: folds
Uncalled bet ($6) returned to melyh82
melyh82 collected $23.52 from pot
melyh82: doesn't show hand
*** SUMMARY ***
Total pot $24 | Rake $0.48
Board [8d Qd 8c 7s]
Seat 1: yur4ok (button) (small blind) folded on the Turn
Seat 2: melyh82 (big blind) collected ($23.52)


PokerStars Hand #147361883521:  Hold'em Limit ($3/$6 USD) - 2016/01/20 8:32:36 ET
Table 'Aconcagua' 2-max Seat #2 is the button
Seat 1: yur4ok ($252.81 in chips)
Seat 2: melyh82 ($173.91 in chips)
melyh82: posts small blind $1
yur4ok: posts big blind $3
*** HOLE CARDS ***
melyh82: raises $3 to $6
yur4ok: folds
Uncalled bet ($3) returned to melyh82
melyh82 collected $6 from pot
melyh82: doesn't show hand
*** SUMMARY ***
Total pot $6 | Rake $0
Seat 1: yur4ok (big blind) folded before Flop
Seat 2: melyh82 (button) (small blind) collected ($6)


PokerStars Hand #147361886581:  Hold'em Limit ($3/$6 USD) - 2016/01/20 8:32:41 ET
Table 'Aconcagua' 2-max Seat #1 is the button
Seat 1: yur4ok ($249.81 in chips)
Seat 2: melyh82 ($176.91 in chips)
yur4ok: posts small blind $1
melyh82: posts big blind $3
*** HOLE CARDS ***
yur4ok: raises $3 to $6
melyh82: calls $3
*** FLOP *** [6c 2s 9d]
melyh82: checks
yur4ok: bets $3
melyh82: raises $3 to $6
yur4ok: calls $3
*** TURN *** [6c 2s 9d] [5h]
melyh82: bets $6
yur4ok: calls $6
*** RIVER *** [6c 2s 9d 5h] [9c]
melyh82: bets $6
yur4ok: folds
Uncalled bet ($6) returned to melyh82
melyh82 collected $35.50 from pot
melyh82: doesn't show hand
*** SUMMARY ***
Total pot $36 | Rake $0.50
Board [6c 2s 9d 5h 9c]
Seat 1: yur4ok (button) (small blind) folded on the River
Seat 2: melyh82 (big blind) collected ($35.50)


PokerStars Hand #147361895912:  Hold'em Limit ($3/$6 USD) - 2016/01/20 8:32:55 ET
Table 'Aconcagua' 2-max Seat #2 is the button
Seat 1: yur4ok ($231.81 in chips)
Seat 2: melyh82 ($194.41 in chips)
melyh82: posts small blind $1
yur4ok: posts big blind $3
*** HOLE CARDS ***
melyh82: raises $3 to $6
yur4ok: calls $3
*** FLOP *** [Js Jh Kh]
yur4ok: checks
melyh82: checks
*** TURN *** [Js Jh Kh] [4d]
yur4ok: checks
melyh82: checks
*** RIVER *** [Js Jh Kh 4d] [9h]
yur4ok: checks
melyh82: bets $6
yur4ok: folds
Uncalled bet ($6) returned to melyh82
melyh82 collected $11.76 from pot
melyh82: doesn't show hand
*** SUMMARY ***
Total pot $12 | Rake $0.24
Board [Js Jh Kh 4d 9h]
Seat 1: yur4ok (big blind) folded on the River
Seat 2: melyh82 (button) (small blind) collected ($11.76)


PokerStars Hand #147361905056:  Hold'em Limit ($3/$6 USD) - 2016/01/20 8:33:08 ET
Table 'Aconcagua' 2-max Seat #1 is the button
Seat 1: yur4ok ($225.81 in chips)
Seat 2: melyh82 ($200.17 in chips)
yur4ok: posts small blind $1
melyh82: posts big blind $3
*** HOLE CARDS ***
yur4ok: raises $3 to $6
melyh82: calls $3
*** FLOP *** [2h Ad 6s]
melyh82: checks
yur4ok: bets $3
melyh82: folds
Uncalled bet ($3) returned to yur4ok
yur4ok collected $11.76 from pot
yur4ok: doesn't show hand
*** SUMMARY ***
Total pot $12 | Rake $0.24
Board [2h Ad 6s]
Seat 1: yur4ok (button) (small blind) collected ($11.76)
Seat 2: melyh82 (big blind) folded on the Flop


PokerStars Hand #147361912899:  Hold'em Limit ($3/$6 USD) - 2016/01/20 8:33:20 ET
Table 'Aconcagua' 2-max Seat #2 is the button
Seat 1: yur4ok ($231.57 in chips)
Seat 2: melyh82 ($194.17 in chips)
melyh82: posts small blind $1
yur4ok: posts big blind $3
*** HOLE CARDS ***
melyh82: raises $3 to $6
yur4ok: raises $3 to $9
melyh82: calls $3
*** FLOP *** [3c 6c As]
yur4ok: bets $3
melyh82: calls $3
*** TURN *** [3c 6c As] [7s]
yur4ok: bets $6
melyh82: folds
Uncalled bet ($6) returned to yur4ok
yur4ok collected $23.52 from pot
yur4ok: doesn't show hand
*** SUMMARY ***
Total pot $24 | Rake $0.48
Board [3c 6c As 7s]
Seat 1: yur4ok (big blind) collected ($23.52)
Seat 2: melyh82 (button) (small blind) folded on the Turn


PokerStars Hand #147361919980:  Hold'em Limit ($3/$6 USD) - 2016/01/20 8:33:31 ET
Table 'Aconcagua' 2-max Seat #1 is the button
Seat 1: yur4ok ($243.09 in chips)
Seat 2: melyh82 ($182.17 in chips)
yur4ok: posts small blind $1
melyh82: posts big blind $3
*** HOLE CARDS ***
yur4ok: raises $3 to $6
melyh82: calls $3
*** FLOP *** [4s Jd Qd]
melyh82: checks
yur4ok: bets $3
melyh82: calls $3
*** TURN *** [4s Jd Qd] [Th]
melyh82: checks
yur4ok: checks
*** RIVER *** [4s Jd Qd Th] [2c]
melyh82: bets $6
yur4ok: calls $6
*** SHOW DOWN ***
melyh82: shows [7c 6h] (high card Queen)
yur4ok: shows [Jc 5h] (a pair of Jacks)
yur4ok collected $29.50 from pot
*** SUMMARY ***
Total pot $30 | Rake $0.50
Board [4s Jd Qd Th 2c]
Seat 1: yur4ok (button) (small blind) showed [Jc 5h] and won ($29.50) with a pair of Jacks
Seat 2: melyh82 (big blind) showed [7c 6h] and lost with high card Queen


PokerStars Hand #147361939542:  Hold'em Limit ($3/$6 USD) - 2016/01/20 8:34:00 ET
Table 'Aconcagua' 2-max Seat #1 is the button
Seat 1: yur4ok ($266.23 in chips)
Seat 2: melyh82 ($158.17 in chips)
yur4ok: posts small blind $1
melyh82: posts big blind $3
*** HOLE CARDS ***
yur4ok: folds
Uncalled bet ($2) returned to melyh82
melyh82 collected $2 from pot
melyh82: doesn't show hand
*** SUMMARY ***
Total pot $2 | Rake $0
Seat 1: yur4ok (button) (small blind) folded before Flop
Seat 2: melyh82 (big blind) collected ($2)


PokerStars Hand #147361930332:  Hold'em Limit ($3/$6 USD) - 2016/01/20 8:33:46 ET
Table 'Aconcagua' 2-max Seat #2 is the button
Seat 1: yur4ok ($257.59 in chips)
Seat 2: melyh82 ($167.17 in chips)
melyh82: posts small blind $1
yur4ok: posts big blind $3
*** HOLE CARDS ***
melyh82: raises $3 to $6
yur4ok: calls $3
*** FLOP *** [5d 8d 4c]
yur4ok: checks
melyh82: bets $3
yur4ok: calls $3
*** TURN *** [5d 8d 4c] [9c]
yur4ok: checks
melyh82: checks
*** RIVER *** [5d 8d 4c 9c] [4h]
yur4ok: bets $6
melyh82: folds
Uncalled bet ($6) returned to yur4ok
yur4ok collected $17.64 from pot
yur4ok: doesn't show hand
*** SUMMARY ***
Total pot $18 | Rake $0.36
Board [5d 8d 4c 9c 4h]
Seat 1: yur4ok (big blind) collected ($17.64)
Seat 2: melyh82 (button) (small blind) folded on the River


PokerStars Hand #147361942466:  Hold'em Limit ($3/$6 USD) - 2016/01/20 8:34:05 ET
Table 'Aconcagua' 2-max Seat #2 is the button
Seat 1: yur4ok ($265.23 in chips)
Seat 2: melyh82 ($159.17 in chips)
melyh82: posts small blind $1
yur4ok: posts big blind $3
*** HOLE CARDS ***
melyh82: raises $3 to $6
yur4ok: calls $3
*** FLOP *** [6d Kh Ah]
yur4ok: checks
melyh82: bets $3
yur4ok: folds
Uncalled bet ($3) returned to melyh82
melyh82 collected $11.76 from pot
melyh82: doesn't show hand
*** SUMMARY ***
Total pot $12 | Rake $0.24
Board [6d Kh Ah]
Seat 1: yur4ok (big blind) folded on the Flop
Seat 2: melyh82 (button) (small blind) collected ($11.76)


PokerStars Hand #147361949040:  Hold'em Limit ($3/$6 USD) - 2016/01/20 8:34:14 ET
Table 'Aconcagua' 2-max Seat #1 is the button
Seat 1: yur4ok ($259.23 in chips)
Seat 2: melyh82 ($164.93 in chips)
yur4ok: posts small blind $1
melyh82: posts big blind $3
*** HOLE CARDS ***
yur4ok: raises $3 to $6
melyh82: raises $3 to $9
yur4ok: calls $3
*** FLOP *** [Ts Qc Ac]
melyh82: bets $3
yur4ok: calls $3
*** TURN *** [Ts Qc Ac] [Kh]
melyh82: checks
yur4ok: bets $6
melyh82: folds
Uncalled bet ($6) returned to yur4ok
yur4ok collected $23.52 from pot
yur4ok: doesn't show hand
*** SUMMARY ***
Total pot $24 | Rake $0.48
Board [Ts Qc Ac Kh]
Seat 1: yur4ok (button) (small blind) collected ($23.52)
Seat 2: melyh82 (big blind) folded on the Turn


PokerStars Hand #147361961599:  Hold'em Limit ($3/$6 USD) - 2016/01/20 8:34:33 ET
Table 'Aconcagua' 2-max Seat #2 is the button
Seat 1: yur4ok ($270.75 in chips)
Seat 2: melyh82 ($152.93 in chips)
melyh82: posts small blind $1
yur4ok: posts big blind $3
*** HOLE CARDS ***
melyh82: raises $3 to $6
yur4ok: calls $3
*** FLOP *** [4d 7d 8s]
yur4ok: checks
melyh82: bets $3
yur4ok: calls $3
*** TURN *** [4d 7d 8s] [As]
yur4ok: checks
melyh82: bets $6
yur4ok: folds
Uncalled bet ($6) returned to melyh82
melyh82 collected $17.64 from pot
melyh82: doesn't show hand
*** SUMMARY ***
Total pot $18 | Rake $0.36
Board [4d 7d 8s As]
Seat 1: yur4ok (big blind) folded on the Turn
Seat 2: melyh82 (button) (small blind) collected ($17.64)


PokerStars Hand #147361970993:  Hold'em Limit ($3/$6 USD) - 2016/01/20 8:34:47 ET
Table 'Aconcagua' 2-max Seat #1 is the button
Seat 1: yur4ok ($261.75 in chips)
Seat 2: melyh82 ($161.57 in chips)
yur4ok: posts small blind $1
melyh82: posts big blind $3
*** HOLE CARDS ***
yur4ok: raises $3 to $6
melyh82: raises $3 to $9
yur4ok: calls $3
*** FLOP *** [3h 5h 2c]
melyh82: bets $3
yur4ok: calls $3
*** TURN *** [3h 5h 2c] [8h]
melyh82: checks
yur4ok: bets $6
melyh82: raises $6 to $12
yur4ok: calls $6
*** RIVER *** [3h 5h 2c 8h] [4c]
melyh82: bets $6
yur4ok: calls $6
*** SHOW DOWN ***
melyh82: shows [6s 6h] (a straight, Deuce to Six)
yur4ok: mucks hand
melyh82 collected $59.50 from pot
*** SUMMARY ***
Total pot $60 | Rake $0.50
Board [3h 5h 2c 8h 4c]
Seat 1: yur4ok (button) (small blind) mucked
Seat 2: melyh82 (big blind) showed [6s 6h] and won ($59.50) with a straight, Deuce to Six


PokerStars Hand #147361982687:  Hold'em Limit ($3/$6 USD) - 2016/01/20 8:35:05 ET
Table 'Aconcagua' 2-max Seat #2 is the button
Seat 1: yur4ok ($231.75 in chips)
Seat 2: melyh82 ($191.07 in chips)
melyh82: posts small blind $1
yur4ok: posts big blind $3
*** HOLE CARDS ***
melyh82: raises $3 to $6
yur4ok: calls $3
*** FLOP *** [2c Ad 7s]
yur4ok: checks
melyh82: bets $3
yur4ok: raises $3 to $6
melyh82: calls $3
*** TURN *** [2c Ad 7s] [8s]
yur4ok: bets $6
melyh82: raises $6 to $12
yur4ok: calls $6
*** RIVER *** [2c Ad 7s 8s] [Jc]
yur4ok: checks
melyh82: bets $6
yur4ok: calls $6
*** SHOW DOWN ***
melyh82: shows [6d Ts] (high card Ace)
yur4ok: shows [6c 8h] (a pair of Eights)
yur4ok collected $59.50 from pot
*** SUMMARY ***
Total pot $60 | Rake $0.50
Board [2c Ad 7s 8s Jc]
Seat 1: yur4ok (big blind) showed [6c 8h] and won ($59.50) with a pair of Eights
Seat 2: melyh82 (button) (small blind) showed [6d Ts] and lost with high card Ace


PokerStars Hand #147362006018:  Hold'em Limit ($3/$6 USD) - 2016/01/20 8:35:40 ET
Table 'Aconcagua' 2-max Seat #1 is the button
Seat 1: yur4ok ($261.25 in chips)
Seat 2: melyh82 ($161.07 in chips)
yur4ok: posts small blind $1
melyh82: posts big blind $3
*** HOLE CARDS ***
yur4ok: raises $3 to $6
melyh82: raises $3 to $9
yur4ok: calls $3
*** FLOP *** [4d 3s Qd]
melyh82: bets $3
yur4ok: calls $3
*** TURN *** [4d 3s Qd] [7d]
melyh82: bets $6
yur4ok: calls $6
*** RIVER *** [4d 3s Qd 7d] [Qs]
melyh82: bets $6
yur4ok: calls $6
*** SHOW DOWN ***
melyh82: shows [Jd 7s] (two pair, Queens and Sevens)
yur4ok: mucks hand
melyh82 collected $47.50 from pot
*** SUMMARY ***
Total pot $48 | Rake $0.50
Board [4d 3s Qd 7d Qs]
Seat 1: yur4ok (button) (small blind) mucked
Seat 2: melyh82 (big blind) showed [Jd 7s] and won ($47.50) with two pair, Queens and Sevens


PokerStars Hand #147362020688:  Hold'em Limit ($3/$6 USD) - 2016/01/20 8:36:01 ET
Table 'Aconcagua' 2-max Seat #1 is the button
Seat 1: yur4ok ($238.25 in chips)
Seat 2: melyh82 ($183.57 in chips)
yur4ok: posts small blind $1
melyh82: posts big blind $3
*** HOLE CARDS ***
yur4ok: folds
Uncalled bet ($2) returned to melyh82
melyh82 collected $2 from pot
melyh82: doesn't show hand
*** SUMMARY ***
Total pot $2 | Rake $0
Seat 1: yur4ok (button) (small blind) folded before Flop
Seat 2: melyh82 (big blind) collected ($2)


PokerStars Hand #147362017358:  Hold'em Limit ($3/$6 USD) - 2016/01/20 8:35:56 ET
Table 'Aconcagua' 2-max Seat #2 is the button
Seat 1: yur4ok ($237.25 in chips)
Seat 2: melyh82 ($184.57 in chips)
melyh82: posts small blind $1
yur4ok: posts big blind $3
*** HOLE CARDS ***
melyh82: folds
Uncalled bet ($2) returned to yur4ok
yur4ok collected $2 from pot
yur4ok: doesn't show hand
*** SUMMARY ***
Total pot $2 | Rake $0
Seat 1: yur4ok (big blind) collected ($2)
Seat 2: melyh82 (button) (small blind) folded before Flop


PokerStars Hand #147362023533:  Hold'em Limit ($3/$6 USD) - 2016/01/20 8:36:06 ET
Table 'Aconcagua' 2-max Seat #2 is the button
Seat 1: yur4ok ($237.25 in chips)
Seat 2: melyh82 ($184.57 in chips)
melyh82: posts small blind $1
yur4ok: posts big blind $3
*** HOLE CARDS ***
melyh82: raises $3 to $6
yur4ok: calls $3
*** FLOP *** [3c 5d Th]
yur4ok: checks
melyh82: checks
*** TURN *** [3c 5d Th] [Tc]
yur4ok: checks
melyh82: checks
*** RIVER *** [3c 5d Th Tc] [9c]
yur4ok: bets $6
melyh82: folds
Uncalled bet ($6) returned to yur4ok
yur4ok collected $11.76 from pot
yur4ok: doesn't show hand
*** SUMMARY ***
Total pot $12 | Rake $0.24
Board [3c 5d Th Tc 9c]
Seat 1: yur4ok (big blind) collected ($11.76)
Seat 2: melyh82 (button) (small blind) folded on the River


PokerStars Hand #147362031588:  Hold'em Limit ($3/$6 USD) - 2016/01/20 8:36:18 ET
Table 'Aconcagua' 2-max Seat #1 is the button
Seat 1: yur4ok ($243.01 in chips)
Seat 2: melyh82 ($178.57 in chips)
yur4ok: posts small blind $1
melyh82: posts big blind $3
*** HOLE CARDS ***
yur4ok: raises $3 to $6
melyh82: raises $3 to $9
yur4ok: calls $3
*** FLOP *** [Jh Jc 6d]
melyh82: bets $3
yur4ok: calls $3
*** TURN *** [Jh Jc 6d] [4c]
melyh82: bets $6
yur4ok: calls $6
*** RIVER *** [Jh Jc 6d 4c] [9d]
melyh82: bets $6
yur4ok: calls $6
*** SHOW DOWN ***
melyh82: shows [5s 4s] (two pair, Jacks and Fours)
yur4ok: mucks hand
melyh82 collected $47.50 from pot
*** SUMMARY ***
Total pot $48 | Rake $0.50
Board [Jh Jc 6d 4c 9d]
Seat 1: yur4ok (button) (small blind) mucked
Seat 2: melyh82 (big blind) showed [5s 4s] and won ($47.50) with two pair, Jacks and Fours


PokerStars Hand #147362061612:  Hold'em Limit ($3/$6 USD) - 2016/01/20 8:37:02 ET
Table 'Aconcagua' 2-max Seat #1 is the button
Seat 1: yur4ok ($218.76 in chips)
Seat 2: melyh82 ($201.82 in chips)
yur4ok: posts small blind $1
melyh82: posts big blind $3
*** HOLE CARDS ***
yur4ok: folds
Uncalled bet ($2) returned to melyh82
melyh82 collected $2 from pot
melyh82: doesn't show hand
*** SUMMARY ***
Total pot $2 | Rake $0
Seat 1: yur4ok (button) (small blind) folded before Flop
Seat 2: melyh82 (big blind) collected ($2)


PokerStars Hand #147362046315:  Hold'em Limit ($3/$6 USD) - 2016/01/20 8:36:40 ET
Table 'Aconcagua' 2-max Seat #2 is the button
Seat 1: yur4ok ($219.01 in chips)
Seat 2: melyh82 ($202.07 in chips)
melyh82: posts small blind $1
yur4ok: posts big blind $3
*** HOLE CARDS ***
melyh82: raises $3 to $6
yur4ok: calls $3
*** FLOP *** [5d Th 4h]
yur4ok: checks
melyh82: bets $3
yur4ok: calls $3
*** TURN *** [5d Th 4h] [As]
yur4ok: checks
melyh82: bets $6
yur4ok: raises $6 to $12
melyh82: calls $6
*** RIVER *** [5d Th 4h As] [Tc]
yur4ok: checks
melyh82: bets $6
yur4ok: calls $6
*** SHOW DOWN ***
melyh82: shows [5c Ac] (two pair, Aces and Tens)
yur4ok: shows [Ah 4d] (two pair, Aces and Tens)
yur4ok collected $26.75 from pot
melyh82 collected $26.75 from pot
*** SUMMARY ***
Total pot $54 | Rake $0.50
Board [5d Th 4h As Tc]
Seat 1: yur4ok (big blind) showed [Ah 4d] and won ($26.75) with two pair, Aces and Tens
Seat 2: melyh82 (button) (small blind) showed [5c Ac] and won ($26.75) with two pair, Aces and Tens


PokerStars Hand #147362064745:  Hold'em Limit ($3/$6 USD) - 2016/01/20 8:37:07 ET
Table 'Aconcagua' 2-max Seat #2 is the button
Seat 1: yur4ok ($217.76 in chips)
Seat 2: melyh82 ($202.82 in chips)
melyh82: posts small blind $1
yur4ok: posts big blind $3
*** HOLE CARDS ***
melyh82: raises $3 to $6
yur4ok: calls $3
*** FLOP *** [3h As Jd]
yur4ok: checks
melyh82: checks
*** TURN *** [3h As Jd] [8h]
yur4ok: bets $6
melyh82: raises $6 to $12
yur4ok: folds
Uncalled bet ($6) returned to melyh82
melyh82 collected $23.52 from pot
melyh82: doesn't show hand
*** SUMMARY ***
Total pot $24 | Rake $0.48
Board [3h As Jd 8h]
Seat 1: yur4ok (big blind) folded on the Turn
Seat 2: melyh82 (button) (small blind) collected ($23.52)


PokerStars Hand #147362072577:  Hold'em Limit ($3/$6 USD) - 2016/01/20 8:37:18 ET
Table 'Aconcagua' 2-max Seat #1 is the button
Seat 1: yur4ok ($205.76 in chips)
Seat 2: melyh82 ($214.34 in chips)
yur4ok: posts small blind $1
melyh82: posts big blind $3
*** HOLE CARDS ***
yur4ok: raises $3 to $6
melyh82: calls $3
*** FLOP *** [3h 7s Td]
melyh82: checks
yur4ok: bets $3
melyh82: calls $3
*** TURN *** [3h 7s Td] [2c]
melyh82: checks
yur4ok: bets $6
melyh82: calls $6
*** RIVER *** [3h 7s Td 2c] [9h]
melyh82: checks
yur4ok: bets $6
melyh82: folds
Uncalled bet ($6) returned to yur4ok
yur4ok collected $29.50 from pot
yur4ok: doesn't show hand
*** SUMMARY ***
Total pot $30 | Rake $0.50
Board [3h 7s Td 2c 9h]
Seat 1: yur4ok (button) (small blind) collected ($29.50)
Seat 2: melyh82 (big blind) folded on the River


PokerStars Hand #147362083470:  Hold'em Limit ($3/$6 USD) - 2016/01/20 8:37:34 ET
Table 'Aconcagua' 2-max Seat #2 is the button
Seat 1: yur4ok ($220.26 in chips)
Seat 2: melyh82 ($199.34 in chips)
melyh82: posts small blind $1
yur4ok: posts big blind $3
*** HOLE CARDS ***
melyh82: raises $3 to $6
yur4ok: calls $3
*** FLOP *** [5h 7d 5c]
yur4ok: checks
melyh82: bets $3
yur4ok: raises $3 to $6
melyh82: calls $3
*** TURN *** [5h 7d 5c] [Ac]
yur4ok: bets $6
melyh82: calls $6
*** RIVER *** [5h 7d 5c Ac] [Ah]
yur4ok: bets $6
melyh82: calls $6
*** SHOW DOWN ***
yur4ok: shows [Qd 7h] (two pair, Aces and Sevens)
melyh82: mucks hand
yur4ok collected $47.50 from pot
*** SUMMARY ***
Total pot $48 | Rake $0.50
Board [5h 7d 5c Ac Ah]
Seat 1: yur4ok (big blind) showed [Qd 7h] and won ($47.50) with two pair, Aces and Sevens
Seat 2: melyh82 (button) (small blind) mucked


PokerStars Hand #147362093449:  Hold'em Limit ($3/$6 USD) - 2016/01/20 8:37:49 ET
Table 'Aconcagua' 2-max Seat #1 is the button
Seat 1: yur4ok ($243.76 in chips)
Seat 2: melyh82 ($175.34 in chips)
yur4ok: posts small blind $1
melyh82: posts big blind $3
*** HOLE CARDS ***
yur4ok: raises $3 to $6
melyh82: raises $3 to $9
yur4ok: calls $3
*** FLOP *** [9s Ac 8d]
melyh82: bets $3
yur4ok: calls $3
*** TURN *** [9s Ac 8d] [4s]
melyh82: bets $6
yur4ok: folds
Uncalled bet ($6) returned to melyh82
melyh82 collected $23.52 from pot
melyh82: doesn't show hand
*** SUMMARY ***
Total pot $24 | Rake $0.48
Board [9s Ac 8d 4s]
Seat 1: yur4ok (button) (small blind) folded on the Turn
Seat 2: melyh82 (big blind) collected ($23.52)


PokerStars Hand #147362101119:  Hold'em Limit ($3/$6 USD) - 2016/01/20 8:38:01 ET
Table 'Aconcagua' 2-max Seat #2 is the button
Seat 1: yur4ok ($231.76 in chips)
Seat 2: melyh82 ($186.86 in chips)
melyh82: posts small blind $1
yur4ok: posts big blind $3
*** HOLE CARDS ***
melyh82: raises $3 to $6
yur4ok: calls $3
*** FLOP *** [Jc Kd 7s]
yur4ok: checks
melyh82: bets $3
yur4ok: calls $3
*** TURN *** [Jc Kd 7s] [4d]
yur4ok: checks
melyh82: checks
*** RIVER *** [Jc Kd 7s 4d] [3c]
yur4ok: bets $6
melyh82: raises $6 to $12
yur4ok: calls $6
*** SHOW DOWN ***
melyh82: shows [6h 9h] (high card King)
yur4ok: shows [2c Ks] (a pair of Kings)
yur4ok collected $41.50 from pot
*** SUMMARY ***
Total pot $42 | Rake $0.50
Board [Jc Kd 7s 4d 3c]
Seat 1: yur4ok (big blind) showed [2c Ks] and won ($41.50) with a pair of Kings
Seat 2: melyh82 (button) (small blind) showed [6h 9h] and lost with high card King


PokerStars Hand #147362110964:  Hold'em Limit ($3/$6 USD) - 2016/01/20 8:38:15 ET
Table 'Aconcagua' 2-max Seat #1 is the button
Seat 1: yur4ok ($252.26 in chips)
Seat 2: melyh82 ($165.86 in chips)
yur4ok: posts small blind $1
melyh82: posts big blind $3
*** HOLE CARDS ***
yur4ok: raises $3 to $6
melyh82: calls $3
*** FLOP *** [7h 6s 5h]
melyh82: checks
yur4ok: checks
*** TURN *** [7h 6s 5h] [8s]
melyh82: checks
yur4ok: bets $6
melyh82: folds
Uncalled bet ($6) returned to yur4ok
yur4ok collected $11.76 from pot
yur4ok: doesn't show hand
*** SUMMARY ***
Total pot $12 | Rake $0.24
Board [7h 6s 5h 8s]
Seat 1: yur4ok (button) (small blind) collected ($11.76)
Seat 2: melyh82 (big blind) folded on the Turn


PokerStars Hand #147362117457:  Hold'em Limit ($3/$6 USD) - 2016/01/20 8:38:25 ET
Table 'Aconcagua' 2-max Seat #2 is the button
Seat 1: yur4ok ($258.02 in chips)
Seat 2: melyh82 ($159.86 in chips)
melyh82: posts small blind $1
yur4ok: posts big blind $3
*** HOLE CARDS ***
melyh82: raises $3 to $6
yur4ok: calls $3
*** FLOP *** [Ks 6h 5h]
yur4ok: checks
melyh82: bets $3
yur4ok: calls $3
*** TURN *** [Ks 6h 5h] [4c]
yur4ok: checks
melyh82: checks
*** RIVER *** [Ks 6h 5h 4c] [3d]
yur4ok: bets $6
melyh82: folds
Uncalled bet ($6) returned to yur4ok
yur4ok collected $17.64 from pot
yur4ok: doesn't show hand
*** SUMMARY ***
Total pot $18 | Rake $0.36
Board [Ks 6h 5h 4c 3d]
Seat 1: yur4ok (big blind) collected ($17.64)
Seat 2: melyh82 (button) (small blind) folded on the River


PokerStars Hand #147362125859:  Hold'em Limit ($3/$6 USD) - 2016/01/20 8:38:37 ET
Table 'Aconcagua' 2-max Seat #1 is the button
Seat 1: yur4ok ($266.66 in chips)
Seat 2: melyh82 ($150.86 in chips)
yur4ok: posts small blind $1
melyh82: posts big blind $3
*** HOLE CARDS ***
yur4ok: raises $3 to $6
melyh82: folds
Uncalled bet ($3) returned to yur4ok
yur4ok collected $6 from pot
yur4ok: doesn't show hand
*** SUMMARY ***
Total pot $6 | Rake $0
Seat 1: yur4ok (button) (small blind) collected ($6)
Seat 2: melyh82 (big blind) folded before Flop


PokerStars Hand #147362129317:  Hold'em Limit ($3/$6 USD) - 2016/01/20 8:38:43 ET
Table 'Aconcagua' 2-max Seat #2 is the button
Seat 1: yur4ok ($269.66 in chips)
Seat 2: melyh82 ($147.86 in chips)
melyh82: posts small blind $1
yur4ok: posts big blind $3
*** HOLE CARDS ***
melyh82: raises $3 to $6
yur4ok: calls $3
*** FLOP *** [5s 2s 7h]
yur4ok: checks
melyh82: bets $3
yur4ok: calls $3
*** TURN *** [5s 2s 7h] [6c]
yur4ok: checks
melyh82: bets $6
yur4ok: calls $6
*** RIVER *** [5s 2s 7h 6c] [Ah]
yur4ok: checks
melyh82: bets $6
yur4ok: folds
Uncalled bet ($6) returned to melyh82
melyh82 collected $29.50 from pot
melyh82: doesn't show hand
*** SUMMARY ***
Total pot $30 | Rake $0.50
Board [5s 2s 7h 6c Ah]
Seat 1: yur4ok (big blind) folded on the River
Seat 2: melyh82 (button) (small blind) collected ($29.50)


PokerStars Hand #147362138629:  Hold'em Limit ($3/$6 USD) - 2016/01/20 8:38:56 ET
Table 'Aconcagua' 2-max Seat #1 is the button
Seat 1: yur4ok ($254.66 in chips)
Seat 2: melyh82 ($162.36 in chips)
yur4ok: posts small blind $1
melyh82: posts big blind $3
*** HOLE CARDS ***
yur4ok: raises $3 to $6
melyh82: calls $3
*** FLOP *** [3s 2h 4s]
melyh82: checks
yur4ok: bets $3
melyh82: calls $3
*** TURN *** [3s 2h 4s] [Qd]
melyh82: checks
yur4ok: checks
*** RIVER *** [3s 2h 4s Qd] [3c]
melyh82: bets $6
yur4ok: calls $6
*** SHOW DOWN ***
melyh82: shows [Td 3d] (three of a kind, Threes)
yur4ok: mucks hand
melyh82 collected $29.50 from pot
*** SUMMARY ***
Total pot $30 | Rake $0.50
Board [3s 2h 4s Qd 3c]
Seat 1: yur4ok (button) (small blind) mucked
Seat 2: melyh82 (big blind) showed [Td 3d] and won ($29.50) with three of a kind, Threes


PokerStars Hand #147362149207:  Hold'em Limit ($3/$6 USD) - 2016/01/20 8:39:12 ET
Table 'Aconcagua' 2-max Seat #2 is the button
Seat 1: yur4ok ($239.66 in chips)
Seat 2: melyh82 ($176.86 in chips)
melyh82: posts small blind $1
yur4ok: posts big blind $3
*** HOLE CARDS ***
melyh82: raises $3 to $6
yur4ok: raises $3 to $9
melyh82: calls $3
*** FLOP *** [7d Ks 2s]
yur4ok: bets $3
melyh82: calls $3
*** TURN *** [7d Ks 2s] [8c]
yur4ok: bets $6
melyh82: folds
Uncalled bet ($6) returned to yur4ok
yur4ok collected $23.52 from pot
yur4ok: doesn't show hand
*** SUMMARY ***
Total pot $24 | Rake $0.48
Board [7d Ks 2s 8c]
Seat 1: yur4ok (big blind) collected ($23.52)
Seat 2: melyh82 (button) (small blind) folded on the Turn


PokerStars Hand #147362168090:  Hold'em Limit ($3/$6 USD) - 2016/01/20 8:39:40 ET
Table 'Aconcagua' 2-max Seat #2 is the button
Seat 1: yur4ok ($271.68 in chips)
Seat 2: melyh82 ($143.86 in chips)
melyh82: posts small blind $1
yur4ok: posts big blind $3
*** HOLE CARDS ***
melyh82: raises $3 to $6
yur4ok: calls $3
*** FLOP *** [8s 9h Ts]
yur4ok: checks
melyh82: bets $3
yur4ok: folds
Uncalled bet ($3) returned to melyh82
melyh82 collected $11.76 from pot
melyh82: doesn't show hand
*** SUMMARY ***
Total pot $12 | Rake $0.24
Board [8s 9h Ts]
Seat 1: yur4ok (big blind) folded on the Flop
Seat 2: melyh82 (button) (small blind) collected ($11.76)


PokerStars Hand #147362157656:  Hold'em Limit ($3/$6 USD) - 2016/01/20 8:39:25 ET
Table 'Aconcagua' 2-max Seat #1 is the button
Seat 1: yur4ok ($251.18 in chips)
Seat 2: melyh82 ($164.86 in chips)
yur4ok: posts small blind $1
melyh82: posts big blind $3
*** HOLE CARDS ***
yur4ok: raises $3 to $6
melyh82: calls $3
*** FLOP *** [As 8s Qc]
melyh82: checks
yur4ok: bets $3
melyh82: calls $3
*** TURN *** [As 8s Qc] [Qh]
melyh82: checks
yur4ok: bets $6
melyh82: calls $6
*** RIVER *** [As 8s Qc Qh] [6c]
melyh82: checks
yur4ok: bets $6
melyh82: calls $6
*** SHOW DOWN ***
yur4ok: shows [5h Qd] (three of a kind, Queens)
melyh82: mucks hand
yur4ok collected $41.50 from pot
*** SUMMARY ***
Total pot $42 | Rake $0.50
Board [As 8s Qc Qh 6c]
Seat 1: yur4ok (button) (small blind) showed [5h Qd] and won ($41.50) with three of a kind, Queens
Seat 2: melyh82 (big blind) mucked


PokerStars Hand #147362173077:  Hold'em Limit ($3/$6 USD) - 2016/01/20 8:39:48 ET
Table 'Aconcagua' 2-max Seat #1 is the button
Seat 1: yur4ok ($265.68 in chips)
Seat 2: melyh82 ($149.62 in chips)
yur4ok: posts small blind $1
melyh82: posts big blind $3
*** HOLE CARDS ***
yur4ok: raises $3 to $6
melyh82: calls $3
*** FLOP *** [Ks Qh Qd]
melyh82: checks
yur4ok: bets $3
melyh82: raises $3 to $6
yur4ok: folds
Uncalled bet ($3) returned to melyh82
melyh82 collected $17.64 from pot
melyh82: doesn't show hand
*** SUMMARY ***
Total pot $18 | Rake $0.36
Board [Ks Qh Qd]
Seat 1: yur4ok (button) (small blind) folded on the Flop
Seat 2: melyh82 (big blind) collected ($17.64)


PokerStars Hand #147362179231:  Hold'em Limit ($3/$6 USD) - 2016/01/20 8:39:57 ET
Table 'Aconcagua' 2-max Seat #2 is the button
Seat 1: yur4ok ($256.68 in chips)
Seat 2: melyh82 ($158.26 in chips)
melyh82: posts small blind $1
yur4ok: posts big blind $3
*** HOLE CARDS ***
melyh82: raises $3 to $6
yur4ok: calls $3
*** FLOP *** [6s 6h Jh]
yur4ok: checks
melyh82: bets $3
yur4ok: folds
Uncalled bet ($3) returned to melyh82
melyh82 collected $11.76 from pot
melyh82: doesn't show hand
*** SUMMARY ***
Total pot $12 | Rake $0.24
Board [6s 6h Jh]
Seat 1: yur4ok (big blind) folded on the Flop
Seat 2: melyh82 (button) (small blind) collected ($11.76)


PokerStars Hand #147362185279:  Hold'em Limit ($3/$6 USD) - 2016/01/20 8:40:06 ET
Table 'Aconcagua' 2-max Seat #1 is the button
Seat 1: yur4ok ($250.68 in chips)
Seat 2: melyh82 ($164.02 in chips)
yur4ok: posts small blind $1
melyh82: posts big blind $3
*** HOLE CARDS ***
yur4ok: raises $3 to $6
melyh82: calls $3
*** FLOP *** [2d Th 8h]
melyh82: checks
yur4ok: bets $3
melyh82: calls $3
*** TURN *** [2d Th 8h] [7c]
melyh82: checks
yur4ok: checks
*** RIVER *** [2d Th 8h 7c] [9c]
melyh82: checks
yur4ok: bets $6
melyh82: calls $6
*** SHOW DOWN ***
yur4ok: shows [Qd Jd] (a straight, Eight to Queen)
melyh82: mucks hand
yur4ok collected $29.50 from pot
*** SUMMARY ***
Total pot $30 | Rake $0.50
Board [2d Th 8h 7c 9c]
Seat 1: yur4ok (button) (small blind) showed [Qd Jd] and won ($29.50) with a straight, Eight to Queen
Seat 2: melyh82 (big blind) mucked


PokerStars Hand #147362211472:  Hold'em Limit ($3/$6 USD) - 2016/01/20 8:40:46 ET
Table 'Aconcagua' 2-max Seat #1 is the button
Seat 1: yur4ok ($229.18 in chips)
Seat 2: melyh82 ($184.52 in chips)
yur4ok: posts small blind $1
melyh82: posts big blind $3
*** HOLE CARDS ***
yur4ok: raises $3 to $6
melyh82: calls $3
*** FLOP *** [8d 2h 4s]
melyh82: checks
yur4ok: bets $3
melyh82: raises $3 to $6
yur4ok: calls $3
*** TURN *** [8d 2h 4s] [Ac]
melyh82: bets $6
yur4ok: calls $6
*** RIVER *** [8d 2h 4s Ac] [7d]
melyh82: bets $6
yur4ok: calls $6
*** SHOW DOWN ***
melyh82: shows [8s 5h] (a pair of Eights)
yur4ok: mucks hand
melyh82 collected $47.50 from pot
*** SUMMARY ***
Total pot $48 | Rake $0.50
Board [8d 2h 4s Ac 7d]
Seat 1: yur4ok (button) (small blind) mucked
Seat 2: melyh82 (big blind) showed [8s 5h] and won ($47.50) with a pair of Eights


PokerStars Hand #147362221845:  Hold'em Limit ($3/$6 USD) - 2016/01/20 8:41:01 ET
Table 'Aconcagua' 2-max Seat #2 is the button
Seat 1: yur4ok ($205.18 in chips)
Seat 2: melyh82 ($208.02 in chips)
melyh82: posts small blind $1
yur4ok: posts big blind $3
*** HOLE CARDS ***
melyh82: raises $3 to $6
yur4ok: calls $3
*** FLOP *** [6s Jc Tc]
yur4ok: checks
melyh82: bets $3
yur4ok: raises $3 to $6
melyh82: calls $3
*** TURN *** [6s Jc Tc] [Qc]
yur4ok: bets $6
melyh82: raises $6 to $12
yur4ok: calls $6
*** RIVER *** [6s Jc Tc Qc] [9s]
yur4ok: checks
melyh82: bets $6
yur4ok: calls $6
*** SHOW DOWN ***
melyh82: shows [8d Kc] (a straight, Nine to King)
yur4ok: mucks hand
melyh82 collected $59.50 from pot
*** SUMMARY ***
Total pot $60 | Rake $0.50
Board [6s Jc Tc Qc 9s]
Seat 1: yur4ok (big blind) mucked
Seat 2: melyh82 (button) (small blind) showed [8d Kc] and won ($59.50) with a straight, Nine to King


PokerStars Hand #147362234687:  Hold'em Limit ($3/$6 USD) - 2016/01/20 8:41:21 ET
Table 'Aconcagua' 2-max Seat #1 is the button
Seat 1: yur4ok ($175.18 in chips)
Seat 2: melyh82 ($237.52 in chips)
yur4ok: posts small blind $1
melyh82: posts big blind $3
*** HOLE CARDS ***
yur4ok: raises $3 to $6
melyh82: calls $3
*** FLOP *** [9d Qc As]
melyh82: checks
yur4ok: bets $3
melyh82: calls $3
*** TURN *** [9d Qc As] [4h]
melyh82: checks
yur4ok: bets $6
melyh82: folds
Uncalled bet ($6) returned to yur4ok
yur4ok collected $17.64 from pot
yur4ok: doesn't show hand
*** SUMMARY ***
Total pot $18 | Rake $0.36
Board [9d Qc As 4h]
Seat 1: yur4ok (button) (small blind) collected ($17.64)
Seat 2: melyh82 (big blind) folded on the Turn


PokerStars Hand #147362245100:  Hold'em Limit ($3/$6 USD) - 2016/01/20 8:41:36 ET
Table 'Aconcagua' 2-max Seat #2 is the button
Seat 1: yur4ok ($183.82 in chips)
Seat 2: melyh82 ($228.52 in chips)
melyh82: posts small blind $1
yur4ok: posts big blind $3
*** HOLE CARDS ***
melyh82: folds
Uncalled bet ($2) returned to yur4ok
yur4ok collected $2 from pot
yur4ok: doesn't show hand
*** SUMMARY ***
Total pot $2 | Rake $0
Seat 1: yur4ok (big blind) collected ($2)
Seat 2: melyh82 (button) (small blind) folded before Flop


PokerStars Hand #147362248620:  Hold'em Limit ($3/$6 USD) - 2016/01/20 8:41:41 ET
Table 'Aconcagua' 2-max Seat #1 is the button
Seat 1: yur4ok ($184.82 in chips)
Seat 2: melyh82 ($227.52 in chips)
yur4ok: posts small blind $1
melyh82: posts big blind $3
*** HOLE CARDS ***
yur4ok: raises $3 to $6
melyh82: calls $3
*** FLOP *** [6d 8h 5d]
melyh82: checks
yur4ok: bets $3
melyh82: raises $3 to $6
yur4ok: calls $3
*** TURN *** [6d 8h 5d] [Kd]
melyh82: bets $6
yur4ok: calls $6
*** RIVER *** [6d 8h 5d Kd] [Qh]
melyh82: bets $6
yur4ok: raises $6 to $12
melyh82: folds
Uncalled bet ($6) returned to yur4ok
yur4ok collected $47.50 from pot
yur4ok: doesn't show hand
*** SUMMARY ***
Total pot $48 | Rake $0.50
Board [6d 8h 5d Kd Qh]
Seat 1: yur4ok (button) (small blind) collected ($47.50)
Seat 2: melyh82 (big blind) folded on the River


PokerStars Hand #147362261059:  Hold'em Limit ($3/$6 USD) - 2016/01/20 8:42:00 ET
Table 'Aconcagua' 2-max Seat #2 is the button
Seat 1: yur4ok ($208.32 in chips)
Seat 2: melyh82 ($203.52 in chips)
melyh82: posts small blind $1
yur4ok: posts big blind $3
*** HOLE CARDS ***
melyh82: raises $3 to $6
yur4ok: calls $3
*** FLOP *** [8h 8s 2s]
yur4ok: checks
melyh82: checks
*** TURN *** [8h 8s 2s] [Ah]
yur4ok: checks
melyh82: bets $6
yur4ok: raises $6 to $12
melyh82: calls $6
*** RIVER *** [8h 8s 2s Ah] [6d]
yur4ok: bets $6
melyh82: calls $6
*** SHOW DOWN ***
yur4ok: shows [9c Jd] (a pair of Eights)
melyh82: shows [Jh Qd] (a pair of Eights - Ace+Queen kicker)
melyh82 collected $47.50 from pot
*** SUMMARY ***
Total pot $48 | Rake $0.50
Board [8h 8s 2s Ah 6d]
Seat 1: yur4ok (big blind) showed [9c Jd] and lost with a pair of Eights
Seat 2: melyh82 (button) (small blind) showed [Jh Qd] and won ($47.50) with a pair of Eights


PokerStars Hand #147362303769:  Hold'em Limit ($3/$6 USD) - 2016/01/20 8:42:59 ET
Table 'Aconcagua' 2-max Seat #1 is the button
Seat 1: yur4ok ($186.70 in chips)
Seat 2: melyh82 ($223.30 in chips)
yur4ok: posts small blind $1
melyh82: posts big blind $3
*** HOLE CARDS ***
yur4ok: raises $3 to $6
melyh82: calls $3
*** FLOP *** [4s 6d 8d]
melyh82: checks
yur4ok: checks
*** TURN *** [4s 6d 8d] [7h]
melyh82: checks
yur4ok: bets $6
melyh82: calls $6
*** RIVER *** [4s 6d 8d 7h] [7s]
melyh82: checks
yur4ok: bets $6
melyh82: raises $6 to $12
yur4ok: raises $6 to $18
melyh82: calls $6
*** SHOW DOWN ***
yur4ok: shows [Ks 5h] (a straight, Four to Eight)
melyh82: mucks hand
yur4ok collected $59.50 from pot
*** SUMMARY ***
Total pot $60 | Rake $0.50
Board [4s 6d 8d 7h 7s]
Seat 1: yur4ok (button) (small blind) showed [Ks 5h] and won ($59.50) with a straight, Four to Eight
Seat 2: melyh82 (big blind) mucked


PokerStars Hand #147362297620:  Hold'em Limit ($3/$6 USD) - 2016/01/20 8:42:50 ET
Table 'Aconcagua' 2-max Seat #2 is the button
Seat 1: yur4ok ($183.82 in chips)
Seat 2: melyh82 ($226.30 in chips)
melyh82: posts small blind $1
yur4ok: posts big blind $3
*** HOLE CARDS ***
melyh82: calls $2
yur4ok: checks
*** FLOP *** [9c Js 7c]
yur4ok: checks
melyh82: checks
*** TURN *** [9c Js 7c] [7d]
yur4ok: bets $6
melyh82: folds
Uncalled bet ($6) returned to yur4ok
yur4ok collected $5.88 from pot
yur4ok: doesn't show hand
*** SUMMARY ***
Total pot $6 | Rake $0.12
Board [9c Js 7c 7d]
Seat 1: yur4ok (big blind) collected ($5.88)
Seat 2: melyh82 (button) (small blind) folded on the Turn


PokerStars Hand #147362287640:  Hold'em Limit ($3/$6 USD) - 2016/01/20 8:42:36 ET
Table 'Aconcagua' 2-max Seat #1 is the button
Seat 1: yur4ok ($166.32 in chips)
Seat 2: melyh82 ($244.30 in chips)
yur4ok: posts small blind $1
melyh82: posts big blind $3
*** HOLE CARDS ***
yur4ok: raises $3 to $6
melyh82: raises $3 to $9
yur4ok: calls $3
*** FLOP *** [7c 6d Qh]
melyh82: bets $3
yur4ok: calls $3
*** TURN *** [7c 6d Qh] [4d]
melyh82: bets $6
yur4ok: calls $6
*** RIVER *** [7c 6d Qh 4d] [3d]
melyh82: checks
yur4ok: bets $6
melyh82: folds
Uncalled bet ($6) returned to yur4ok
yur4ok collected $35.50 from pot
yur4ok: doesn't show hand
*** SUMMARY ***
Total pot $36 | Rake $0.50
Board [7c 6d Qh 4d 3d]
Seat 1: yur4ok (button) (small blind) collected ($35.50)
Seat 2: melyh82 (big blind) folded on the River


PokerStars Hand #147362280238:  Hold'em Limit ($3/$6 USD) - 2016/01/20 8:42:26 ET
Table 'Aconcagua' 2-max Seat #2 is the button
Seat 1: yur4ok ($172.32 in chips)
Seat 2: melyh82 ($238.54 in chips)
melyh82: posts small blind $1
yur4ok: posts big blind $3
*** HOLE CARDS ***
melyh82: raises $3 to $6
yur4ok: calls $3
*** FLOP *** [2c 6c Ts]
yur4ok: checks
melyh82: checks
*** TURN *** [2c 6c Ts] [4s]
yur4ok: checks
melyh82: checks
*** RIVER *** [2c 6c Ts 4s] [Ac]
yur4ok: checks
melyh82: checks
*** SHOW DOWN ***
yur4ok: shows [Qd 8c] (high card Ace)
melyh82: shows [5d Kh] (high card Ace - King kicker)
melyh82 collected $11.76 from pot
*** SUMMARY ***
Total pot $12 | Rake $0.24
Board [2c 6c Ts 4s Ac]
Seat 1: yur4ok (big blind) showed [Qd 8c] and lost with high card Ace
Seat 2: melyh82 (button) (small blind) showed [5d Kh] and won ($11.76) with high card Ace


PokerStars Hand #147362271722:  Hold'em Limit ($3/$6 USD) - 2016/01/20 8:42:13 ET
Table 'Aconcagua' 2-max Seat #1 is the button
Seat 1: yur4ok ($184.32 in chips)
Seat 2: melyh82 ($227.02 in chips)
yur4ok: posts small blind $1
melyh82: posts big blind $3
*** HOLE CARDS ***
yur4ok: raises $3 to $6
melyh82: calls $3
*** FLOP *** [5c 5h 2s]
melyh82: checks
yur4ok: bets $3
melyh82: raises $3 to $6
yur4ok: calls $3
*** TURN *** [5c 5h 2s] [Ah]
melyh82: checks
yur4ok: checks
*** RIVER *** [5c 5h 2s Ah] [3s]
melyh82: bets $6
yur4ok: folds
Uncalled bet ($6) returned to melyh82
melyh82 collected $23.52 from pot
melyh82: doesn't show hand
*** SUMMARY ***
Total pot $24 | Rake $0.48
Board [5c 5h 2s Ah 3s]
Seat 1: yur4ok (button) (small blind) folded on the River
Seat 2: melyh82 (big blind) collected ($23.52)


PokerStars Hand #147362347604:  Hold'em Limit ($3/$6 USD) - 2016/01/20 8:44:00 ET
Table 'Aconcagua' 2-max Seat #2 is the button
Seat 1: yur4ok ($205.70 in chips)
Seat 2: melyh82 ($202.44 in chips)
melyh82: posts small blind $1
yur4ok: posts big blind $3
*** HOLE CARDS ***
melyh82: folds
Uncalled bet ($2) returned to yur4ok
yur4ok collected $2 from pot
yur4ok: doesn't show hand
*** SUMMARY ***
Total pot $2 | Rake $0
Seat 1: yur4ok (big blind) collected ($2)
Seat 2: melyh82 (button) (small blind) folded before Flop


PokerStars Hand #147362337544:  Hold'em Limit ($3/$6 USD) - 2016/01/20 8:43:46 ET
Table 'Aconcagua' 2-max Seat #1 is the button
Seat 1: yur4ok ($229.70 in chips)
Seat 2: melyh82 ($178.94 in chips)
yur4ok: posts small blind $1
melyh82: posts big blind $3
*** HOLE CARDS ***
yur4ok: raises $3 to $6
melyh82: calls $3
*** FLOP *** [2h Js Jh]
melyh82: checks
yur4ok: bets $3
melyh82: raises $3 to $6
yur4ok: calls $3
*** TURN *** [2h Js Jh] [9d]
melyh82: bets $6
yur4ok: calls $6
*** RIVER *** [2h Js Jh 9d] [Qc]
melyh82: bets $6
yur4ok: calls $6
*** SHOW DOWN ***
melyh82: shows [3h 2s] (two pair, Jacks and Deuces)
yur4ok: mucks hand
melyh82 collected $47.50 from pot
*** SUMMARY ***
Total pot $48 | Rake $0.50
Board [2h Js Jh 9d Qc]
Seat 1: yur4ok (button) (small blind) mucked
Seat 2: melyh82 (big blind) showed [3h 2s] and won ($47.50) with two pair, Jacks and Deuces


PokerStars Hand #147362328569:  Hold'em Limit ($3/$6 USD) - 2016/01/20 8:43:34 ET
Table 'Aconcagua' 2-max Seat #2 is the button
Seat 1: yur4ok ($206.20 in chips)
Seat 2: melyh82 ($202.94 in chips)
melyh82: posts small blind $1
yur4ok: posts big blind $3
*** HOLE CARDS ***
melyh82: raises $3 to $6
yur4ok: calls $3
*** FLOP *** [Qs 6s 5c]
yur4ok: checks
melyh82: bets $3
yur4ok: raises $3 to $6
melyh82: calls $3
*** TURN *** [Qs 6s 5c] [7h]
yur4ok: bets $6
melyh82: calls $6
*** RIVER *** [Qs 6s 5c 7h] [3s]
yur4ok: bets $6
melyh82: calls $6
*** SHOW DOWN ***
yur4ok: shows [5h Qd] (two pair, Queens and Fives)
melyh82: mucks hand
yur4ok collected $47.50 from pot
*** SUMMARY ***
Total pot $48 | Rake $0.50
Board [Qs 6s 5c 7h 3s]
Seat 1: yur4ok (big blind) showed [5h Qd] and won ($47.50) with two pair, Queens and Fives
Seat 2: melyh82 (button) (small blind) mucked


PokerStars Hand #147362325544:  Hold'em Limit ($3/$6 USD) - 2016/01/20 8:43:29 ET
Table 'Aconcagua' 2-max Seat #1 is the button
Seat 1: yur4ok ($207.20 in chips)
Seat 2: melyh82 ($201.94 in chips)
yur4ok: posts small blind $1
melyh82: posts big blind $3
*** HOLE CARDS ***
yur4ok: folds
Uncalled bet ($2) returned to melyh82
melyh82 collected $2 from pot
melyh82: doesn't show hand
*** SUMMARY ***
Total pot $2 | Rake $0
Seat 1: yur4ok (button) (small blind) folded before Flop
Seat 2: melyh82 (big blind) collected ($2)


PokerStars Hand #147362316013:  Hold'em Limit ($3/$6 USD) - 2016/01/20 8:43:16 ET
Table 'Aconcagua' 2-max Seat #2 is the button
Seat 1: yur4ok ($216.20 in chips)
Seat 2: melyh82 ($193.30 in chips)
melyh82: posts small blind $1
yur4ok: posts big blind $3
*** HOLE CARDS ***
melyh82: raises $3 to $6
yur4ok: calls $3
*** FLOP *** [3h Kh Qs]
yur4ok: checks
melyh82: bets $3
yur4ok: calls $3
*** TURN *** [3h Kh Qs] [Jh]
yur4ok: checks
melyh82: checks
*** RIVER *** [3h Kh Qs Jh] [9s]
yur4ok: checks
melyh82: bets $6
yur4ok: folds
Uncalled bet ($6) returned to melyh82
melyh82 collected $17.64 from pot
melyh82: doesn't show hand
*** SUMMARY ***
Total pot $18 | Rake $0.36
Board [3h Kh Qs Jh 9s]
Seat 1: yur4ok (big blind) folded on the River
Seat 2: melyh82 (button) (small blind) collected ($17.64)


PokerStars Hand #147362394145:  Hold'em Limit ($3/$6 USD) - 2016/01/20 8:45:04 ET
Table 'Aconcagua' 2-max Seat #2 is the button
Seat 1: yur4ok ($164.22 in chips)
Seat 2: melyh82 ($242.58 in chips)
melyh82: posts small blind $1
yur4ok: posts big blind $3
*** HOLE CARDS ***
melyh82: raises $3 to $6
yur4ok: calls $3
*** FLOP *** [Ad Qh Tc]
yur4ok: checks
melyh82: bets $3
yur4ok: calls $3
*** TURN *** [Ad Qh Tc] [Qs]
yur4ok: checks
melyh82: bets $6
yur4ok: calls $6
*** RIVER *** [Ad Qh Tc Qs] [6s]
yur4ok: checks
melyh82: bets $6
yur4ok: folds
Uncalled bet ($6) returned to melyh82
melyh82 collected $29.50 from pot
melyh82: doesn't show hand
*** SUMMARY ***
Total pot $30 | Rake $0.50
Board [Ad Qh Tc Qs 6s]
Seat 1: yur4ok (big blind) folded on the River
Seat 2: melyh82 (button) (small blind) collected ($29.50)


PokerStars Hand #147362384570:  Hold'em Limit ($3/$6 USD) - 2016/01/20 8:44:51 ET
Table 'Aconcagua' 2-max Seat #1 is the button
Seat 1: yur4ok ($173.22 in chips)
Seat 2: melyh82 ($233.94 in chips)
yur4ok: posts small blind $1
melyh82: posts big blind $3
*** HOLE CARDS ***
yur4ok: raises $3 to $6
melyh82: calls $3
*** FLOP *** [Kc 9h 6h]
melyh82: checks
yur4ok: bets $3
melyh82: calls $3
*** TURN *** [Kc 9h 6h] [6s]
melyh82: checks
yur4ok: checks
*** RIVER *** [Kc 9h 6h 6s] [2h]
melyh82: bets $6
yur4ok: folds
Uncalled bet ($6) returned to melyh82
melyh82 collected $17.64 from pot
melyh82: doesn't show hand
*** SUMMARY ***
Total pot $18 | Rake $0.36
Board [Kc 9h 6h 6s 2h]
Seat 1: yur4ok (button) (small blind) folded on the River
Seat 2: melyh82 (big blind) collected ($17.64)


PokerStars Hand #147362377049:  Hold'em Limit ($3/$6 USD) - 2016/01/20 8:44:41 ET
Table 'Aconcagua' 2-max Seat #2 is the button
Seat 1: yur4ok ($161.70 in chips)
Seat 2: melyh82 ($245.94 in chips)
melyh82: posts small blind $1
yur4ok: posts big blind $3
*** HOLE CARDS ***
melyh82: raises $3 to $6
yur4ok: raises $3 to $9
melyh82: calls $3
*** FLOP *** [9h Qs 3h]
yur4ok: bets $3
melyh82: calls $3
*** TURN *** [9h Qs 3h] [4h]
yur4ok: bets $6
melyh82: folds
Uncalled bet ($6) returned to yur4ok
yur4ok collected $23.52 from pot
yur4ok: doesn't show hand
*** SUMMARY ***
Total pot $24 | Rake $0.48
Board [9h Qs 3h 4h]
Seat 1: yur4ok (big blind) collected ($23.52)
Seat 2: melyh82 (button) (small blind) folded on the Turn


PokerStars Hand #147362351252:  Hold'em Limit ($3/$6 USD) - 2016/01/20 8:44:05 ET
Table 'Aconcagua' 2-max Seat #1 is the button
Seat 1: yur4ok ($206.70 in chips)
Seat 2: melyh82 ($201.44 in chips)
yur4ok: posts small blind $1
melyh82: posts big blind $3
*** HOLE CARDS ***
yur4ok: raises $3 to $6
melyh82: calls $3
*** FLOP *** [6s Qh 5h]
melyh82: checks
yur4ok: bets $3
melyh82: calls $3
*** TURN *** [6s Qh 5h] [Jd]
melyh82: checks
yur4ok: bets $6
melyh82: raises $6 to $12
yur4ok: calls $6
*** RIVER *** [6s Qh 5h Jd] [Ac]
melyh82: bets $6
yur4ok: raises $6 to $12
melyh82: raises $6 to $18
yur4ok: raises $6 to $24
Betting is capped
melyh82: calls $6
*** SHOW DOWN ***
yur4ok: shows [4h 7d] (high card Ace)
melyh82: shows [Kd Ts] (a straight, Ten to Ace)
melyh82 collected $89.50 from pot
*** SUMMARY ***
Total pot $90 | Rake $0.50
Board [6s Qh 5h Jd Ac]
Seat 1: yur4ok (button) (small blind) showed [4h 7d] and lost with high card Ace
Seat 2: melyh82 (big blind) showed [Kd Ts] and won ($89.50) with a straight, Ten to Ace


PokerStars Hand #147362567970:  Hold'em Limit ($3/$6 USD) - 2016/01/20 8:49:04 ET
Table 'Aconcagua' 2-max Seat #1 is the button
Seat 1: yur4ok ($149.22 in chips)
Seat 2: melyh82 ($257.08 in chips)
yur4ok: posts small blind $1
melyh82: posts big blind $3
*** HOLE CARDS ***
yur4ok: raises $3 to $6
melyh82: calls $3
*** FLOP *** [8s Js 9c]
melyh82: checks
yur4ok: bets $3
melyh82: calls $3
*** TURN *** [8s Js 9c] [4h]
melyh82: checks
yur4ok: bets $6
melyh82: folds
Uncalled bet ($6) returned to yur4ok
yur4ok collected $17.64 from pot
yur4ok: doesn't show hand
*** SUMMARY ***
Total pot $18 | Rake $0.36
Board [8s Js 9c 4h]
Seat 1: yur4ok (button) (small blind) collected ($17.64)
Seat 2: melyh82 (big blind) folded on the Turn


PokerStars Hand #147362607604:  Hold'em Limit ($3/$6 USD) - 2016/01/20 8:50:00 ET
Table 'Aconcagua' 2-max Seat #2 is the button
Seat 1: yur4ok ($144.50 in chips)
Seat 2: melyh82 ($260.58 in chips)
melyh82: posts small blind $1
yur4ok: posts big blind $3
*** HOLE CARDS ***
melyh82: raises $3 to $6
yur4ok: calls $3
*** FLOP *** [Td Th 4h]
yur4ok: checks
melyh82: bets $3
yur4ok: folds
Uncalled bet ($3) returned to melyh82
melyh82 collected $11.76 from pot
melyh82: doesn't show hand
*** SUMMARY ***
Total pot $12 | Rake $0.24
Board [Td Th 4h]
Seat 1: yur4ok (big blind) folded on the Flop
Seat 2: melyh82 (button) (small blind) collected ($11.76)


PokerStars Hand #147362604606:  Hold'em Limit ($3/$6 USD) - 2016/01/20 8:49:55 ET
Table 'Aconcagua' 2-max Seat #1 is the button
Seat 1: yur4ok ($145.50 in chips)
Seat 2: melyh82 ($259.58 in chips)
yur4ok: posts small blind $1
melyh82: posts big blind $3
*** HOLE CARDS ***
yur4ok: folds
Uncalled bet ($2) returned to melyh82
melyh82 collected $2 from pot
melyh82: doesn't show hand
*** SUMMARY ***
Total pot $2 | Rake $0
Seat 1: yur4ok (button) (small blind) folded before Flop
Seat 2: melyh82 (big blind) collected ($2)


PokerStars Hand #147362597101:  Hold'em Limit ($3/$6 USD) - 2016/01/20 8:49:45 ET
Table 'Aconcagua' 2-max Seat #2 is the button
Seat 1: yur4ok ($136.86 in chips)
Seat 2: melyh82 ($268.58 in chips)
melyh82: posts small blind $1
yur4ok: posts big blind $3
*** HOLE CARDS ***
melyh82: raises $3 to $6
yur4ok: calls $3
*** FLOP *** [Kc Jd 8d]
yur4ok: checks
melyh82: bets $3
yur4ok: raises $3 to $6
melyh82: folds
Uncalled bet ($3) returned to yur4ok
yur4ok collected $17.64 from pot
yur4ok: doesn't show hand
*** SUMMARY ***
Total pot $18 | Rake $0.36
Board [Kc Jd 8d]
Seat 1: yur4ok (big blind) collected ($17.64)
Seat 2: melyh82 (button) (small blind) folded on the Flop


PokerStars Hand #147362589397:  Hold'em Limit ($3/$6 USD) - 2016/01/20 8:49:34 ET
Table 'Aconcagua' 2-max Seat #1 is the button
Seat 1: yur4ok ($133.86 in chips)
Seat 2: melyh82 ($271.58 in chips)
yur4ok: posts small blind $1
melyh82: posts big blind $3
*** HOLE CARDS ***
yur4ok: raises $3 to $6
melyh82: folds
Uncalled bet ($3) returned to yur4ok
yur4ok collected $6 from pot
yur4ok: doesn't show hand
*** SUMMARY ***
Total pot $6 | Rake $0
Seat 1: yur4ok (button) (small blind) collected ($6)
Seat 2: melyh82 (big blind) folded before Flop


PokerStars Hand #147362577093:  Hold'em Limit ($3/$6 USD) - 2016/01/20 8:49:17 ET
Table 'Aconcagua' 2-max Seat #2 is the button
Seat 1: yur4ok ($157.86 in chips)
Seat 2: melyh82 ($248.08 in chips)
melyh82: posts small blind $1
yur4ok: posts big blind $3
*** HOLE CARDS ***
melyh82: raises $3 to $6
yur4ok: raises $3 to $9
melyh82: calls $3
*** FLOP *** [Jh 5h 6c]
yur4ok: bets $3
melyh82: calls $3
*** TURN *** [Jh 5h 6c] [4c]
yur4ok: bets $6
melyh82: calls $6
*** RIVER *** [Jh 5h 6c 4c] [Jc]
yur4ok: checks
melyh82: bets $6
yur4ok: calls $6
*** SHOW DOWN ***
melyh82: shows [6d 7h] (two pair, Jacks and Sixes)
yur4ok: mucks hand
melyh82 collected $47.50 from pot
*** SUMMARY ***
Total pot $48 | Rake $0.50
Board [Jh 5h 6c 4c Jc]
Seat 1: yur4ok (big blind) mucked
Seat 2: melyh82 (button) (small blind) showed [6d 7h] and won ($47.50) with two pair, Jacks and Sixes


PokerStars Hand #147362649706:  Hold'em Limit ($3/$6 USD) - 2016/01/20 8:50:59 ET
Table 'Aconcagua' 2-max Seat #2 is the button
Seat 1: yur4ok ($117.50 in chips)
Seat 2: melyh82 ($286.38 in chips)
melyh82: posts small blind $1
yur4ok: posts big blind $3
*** HOLE CARDS ***
melyh82: raises $3 to $6
yur4ok: calls $3
*** FLOP *** [2d Kd 7h]
yur4ok: checks
melyh82: bets $3
yur4ok: folds
Uncalled bet ($3) returned to melyh82
melyh82 collected $11.76 from pot
melyh82: doesn't show hand
*** SUMMARY ***
Total pot $12 | Rake $0.24
Board [2d Kd 7h]
Seat 1: yur4ok (big blind) folded on the Flop
Seat 2: melyh82 (button) (small blind) collected ($11.76)


PokerStars Hand #147362641867:  Hold'em Limit ($3/$6 USD) - 2016/01/20 8:50:48 ET
Table 'Aconcagua' 2-max Seat #1 is the button
Seat 1: yur4ok ($114.50 in chips)
Seat 2: melyh82 ($289.38 in chips)
yur4ok: posts small blind $1
melyh82: posts big blind $3
*** HOLE CARDS ***
yur4ok: raises $3 to $6
melyh82: folds
Uncalled bet ($3) returned to yur4ok
yur4ok collected $6 from pot
yur4ok: doesn't show hand
*** SUMMARY ***
Total pot $6 | Rake $0
Seat 1: yur4ok (button) (small blind) collected ($6)
Seat 2: melyh82 (big blind) folded before Flop


PokerStars Hand #147362628451:  Hold'em Limit ($3/$6 USD) - 2016/01/20 8:50:29 ET
Table 'Aconcagua' 2-max Seat #2 is the button
Seat 1: yur4ok ($126.50 in chips)
Seat 2: melyh82 ($277.86 in chips)
melyh82: posts small blind $1
yur4ok: posts big blind $3
*** HOLE CARDS ***
melyh82: raises $3 to $6
yur4ok: calls $3
*** FLOP *** [Ts Td Ks]
yur4ok: checks
melyh82: checks
*** TURN *** [Ts Td Ks] [9h]
yur4ok: bets $6
melyh82: calls $6
*** RIVER *** [Ts Td Ks 9h] [Jh]
yur4ok: checks
melyh82: checks
*** SHOW DOWN ***
yur4ok: shows [7d Ac] (a pair of Tens)
melyh82: shows [8d Jc] (two pair, Jacks and Tens)
melyh82 collected $23.52 from pot
*** SUMMARY ***
Total pot $24 | Rake $0.48
Board [Ts Td Ks 9h Jh]
Seat 1: yur4ok (big blind) showed [7d Ac] and lost with a pair of Tens
Seat 2: melyh82 (button) (small blind) showed [8d Jc] and won ($23.52) with two pair, Jacks and Tens


PokerStars Hand #147362613232:  Hold'em Limit ($3/$6 USD) - 2016/01/20 8:50:08 ET
Table 'Aconcagua' 2-max Seat #1 is the button
Seat 1: yur4ok ($138.50 in chips)
Seat 2: melyh82 ($266.34 in chips)
yur4ok: posts small blind $1
melyh82: posts big blind $3
*** HOLE CARDS ***
yur4ok: raises $3 to $6
melyh82: raises $3 to $9
yur4ok: calls $3
*** FLOP *** [8h 9d 2s]
melyh82: bets $3
yur4ok: calls $3
*** TURN *** [8h 9d 2s] [7c]
melyh82: checks
yur4ok: checks
*** RIVER *** [8h 9d 2s 7c] [6d]
melyh82: checks
yur4ok: checks
*** SHOW DOWN ***
melyh82: shows [Qh Ac] (high card Ace)
yur4ok: mucks hand
melyh82 collected $23.52 from pot
*** SUMMARY ***
Total pot $24 | Rake $0.48
Board [8h 9d 2s 7c 6d]
Seat 1: yur4ok (button) (small blind) mucked
Seat 2: melyh82 (big blind) showed [Qh Ac] and won ($23.52) with high card Ace


PokerStars Hand #147362698226:  Hold'em Limit ($3/$6 USD) - 2016/01/20 8:52:07 ET
Table 'Aconcagua' 2-max Seat #1 is the button
Seat 1: yur4ok ($121 in chips)
Seat 2: melyh82 ($281.40 in chips)
yur4ok: posts small blind $1
melyh82: posts big blind $3
*** HOLE CARDS ***
yur4ok: raises $3 to $6
melyh82: calls $3
*** FLOP *** [Td Jc 6s]
melyh82: checks
yur4ok: bets $3
melyh82: folds
Uncalled bet ($3) returned to yur4ok
yur4ok collected $11.76 from pot
yur4ok: doesn't show hand
*** SUMMARY ***
Total pot $12 | Rake $0.24
Board [Td Jc 6s]
Seat 1: yur4ok (button) (small blind) collected ($11.76)
Seat 2: melyh82 (big blind) folded on the Flop


PokerStars Hand #147362693012:  Hold'em Limit ($3/$6 USD) - 2016/01/20 8:52:00 ET
Table 'Aconcagua' 2-max Seat #2 is the button
Seat 1: yur4ok ($120 in chips)
Seat 2: melyh82 ($282.40 in chips)
melyh82: posts small blind $1
yur4ok: posts big blind $3
*** HOLE CARDS ***
melyh82: folds
Uncalled bet ($2) returned to yur4ok
yur4ok collected $2 from pot
yur4ok: doesn't show hand
*** SUMMARY ***
Total pot $2 | Rake $0
Seat 1: yur4ok (big blind) collected ($2)
Seat 2: melyh82 (button) (small blind) folded before Flop


PokerStars Hand #147362679200:  Hold'em Limit ($3/$6 USD) - 2016/01/20 8:51:40 ET
Table 'Aconcagua' 2-max Seat #1 is the button
Seat 1: yur4ok ($135 in chips)
Seat 2: melyh82 ($267.90 in chips)
yur4ok: posts small blind $1
melyh82: posts big blind $3
*** HOLE CARDS ***
yur4ok: raises $3 to $6
melyh82: calls $3
*** FLOP *** [Td 2s Qh]
melyh82: checks
yur4ok: bets $3
melyh82: calls $3
*** TURN *** [Td 2s Qh] [6s]
melyh82: checks
yur4ok: checks
*** RIVER *** [Td 2s Qh 6s] [Kc]
melyh82: checks
yur4ok: bets $6
melyh82: calls $6
*** SHOW DOWN ***
yur4ok: shows [6d 5c] (a pair of Sixes)
melyh82: shows [Jc 6c] (a pair of Sixes - King+Queen+Jack kicker)
melyh82 collected $29.50 from pot
*** SUMMARY ***
Total pot $30 | Rake $0.50
Board [Td 2s Qh 6s Kc]
Seat 1: yur4ok (button) (small blind) showed [6d 5c] and lost with a pair of Sixes
Seat 2: melyh82 (big blind) showed [Jc 6c] and won ($29.50) with a pair of Sixes


PokerStars Hand #147362671842:  Hold'em Limit ($3/$6 USD) - 2016/01/20 8:51:30 ET
Table 'Aconcagua' 2-max Seat #2 is the button
Seat 1: yur4ok ($141 in chips)
Seat 2: melyh82 ($262.14 in chips)
melyh82: posts small blind $1
yur4ok: posts big blind $3
*** HOLE CARDS ***
melyh82: raises $3 to $6
yur4ok: calls $3
*** FLOP *** [8s 9h 6c]
yur4ok: checks
melyh82: bets $3
yur4ok: folds
Uncalled bet ($3) returned to melyh82
melyh82 collected $11.76 from pot
melyh82: doesn't show hand
*** SUMMARY ***
Total pot $12 | Rake $0.24
Board [8s 9h 6c]
Seat 1: yur4ok (big blind) folded on the Flop
Seat 2: melyh82 (button) (small blind) collected ($11.76)


PokerStars Hand #147362656777:  Hold'em Limit ($3/$6 USD) - 2016/01/20 8:51:09 ET
Table 'Aconcagua' 2-max Seat #1 is the button
Seat 1: yur4ok ($111.50 in chips)
Seat 2: melyh82 ($292.14 in chips)
yur4ok: posts small blind $1
melyh82: posts big blind $3
*** HOLE CARDS ***
yur4ok: raises $3 to $6
melyh82: raises $3 to $9
yur4ok: calls $3
*** FLOP *** [2d 3c 2c]
melyh82: bets $3
yur4ok: calls $3
*** TURN *** [2d 3c 2c] [Th]
melyh82: bets $6
yur4ok: calls $6
*** RIVER *** [2d 3c 2c Th] [As]
melyh82: bets $6
yur4ok: raises $6 to $12
melyh82: calls $6
*** SHOW DOWN ***
yur4ok: shows [Ah 4d] (two pair, Aces and Deuces)
melyh82: mucks hand
yur4ok collected $59.50 from pot
*** SUMMARY ***
Total pot $60 | Rake $0.50
Board [2d 3c 2c Th As]
Seat 1: yur4ok (button) (small blind) showed [Ah 4d] and won ($59.50) with two pair, Aces and Deuces
Seat 2: melyh82 (big blind) mucked


PokerStars Hand #147362727582:  Hold'em Limit ($3/$6 USD) - 2016/01/20 8:52:48 ET
Table 'Aconcagua' 2-max Seat #2 is the button
Seat 1: yur4ok ($101.76 in chips)
Seat 2: melyh82 ($299.90 in chips)
melyh82: posts small blind $1
yur4ok: posts big blind $3
*** HOLE CARDS ***
melyh82: raises $3 to $6
yur4ok: raises $3 to $9
melyh82: calls $3
*** FLOP *** [9s Qc 9h]
yur4ok: bets $3
melyh82: folds
Uncalled bet ($3) returned to yur4ok
yur4ok collected $17.64 from pot
yur4ok: doesn't show hand
*** SUMMARY ***
Total pot $18 | Rake $0.36
Board [9s Qc 9h]
Seat 1: yur4ok (big blind) collected ($17.64)
Seat 2: melyh82 (button) (small blind) folded on the Flop


PokerStars Hand #147362724338:  Hold'em Limit ($3/$6 USD) - 2016/01/20 8:52:43 ET
Table 'Aconcagua' 2-max Seat #1 is the button
Seat 1: yur4ok ($102.76 in chips)
Seat 2: melyh82 ($298.90 in chips)
yur4ok: posts small blind $1
melyh82: posts big blind $3
*** HOLE CARDS ***
yur4ok: folds
Uncalled bet ($2) returned to melyh82
melyh82 collected $2 from pot
melyh82: doesn't show hand
*** SUMMARY ***
Total pot $2 | Rake $0
Seat 1: yur4ok (button) (small blind) folded before Flop
Seat 2: melyh82 (big blind) collected ($2)


PokerStars Hand #147362707415:  Hold'em Limit ($3/$6 USD) - 2016/01/20 8:52:20 ET
Table 'Aconcagua' 2-max Seat #2 is the button
Seat 1: yur4ok ($126.76 in chips)
Seat 2: melyh82 ($275.40 in chips)
melyh82: posts small blind $1
yur4ok: posts big blind $3
*** HOLE CARDS ***
melyh82: raises $3 to $6
yur4ok: raises $3 to $9
melyh82: calls $3
*** FLOP *** [4h Ac Td]
yur4ok: bets $3
melyh82: calls $3
*** TURN *** [4h Ac Td] [Kc]
yur4ok: bets $6
melyh82: calls $6
*** RIVER *** [4h Ac Td Kc] [Qd]
yur4ok: bets $6
melyh82: calls $6
*** SHOW DOWN ***
yur4ok: shows [6h 8h] (high card Ace)
melyh82: shows [3d Qc] (a pair of Queens)
melyh82 collected $47.50 from pot
*** SUMMARY ***
Total pot $48 | Rake $0.50
Board [4h Ac Td Kc Qd]
Seat 1: yur4ok (big blind) showed [6h 8h] and lost with high card Ace
Seat 2: melyh82 (button) (small blind) showed [3d Qc] and won ($47.50) with a pair of Queens


PokerStars Hand #147362783553:  Hold'em Limit ($3/$6 USD) - 2016/01/20 8:54:07 ET
Table 'Aconcagua' 2-max Seat #2 is the button
Seat 1: yur4ok ($171.90 in chips)
Seat 2: melyh82 ($227.90 in chips)
melyh82: posts small blind $1
yur4ok: posts big blind $3
*** HOLE CARDS ***
melyh82: raises $3 to $6
yur4ok: raises $3 to $9
melyh82: calls $3
*** FLOP *** [3h 8h 6c]
yur4ok: bets $3
melyh82: calls $3
*** TURN *** [3h 8h 6c] [2d]
yur4ok: bets $6
melyh82: folds
Uncalled bet ($6) returned to yur4ok
yur4ok collected $23.52 from pot
yur4ok: doesn't show hand
*** SUMMARY ***
Total pot $24 | Rake $0.48
Board [3h 8h 6c 2d]
Seat 1: yur4ok (big blind) collected ($23.52)
Seat 2: melyh82 (button) (small blind) folded on the Turn


PokerStars Hand #147362767999:  Hold'em Limit ($3/$6 USD) - 2016/01/20 8:53:45 ET
Table 'Aconcagua' 2-max Seat #1 is the button
Seat 1: yur4ok ($148.40 in chips)
Seat 2: melyh82 ($251.90 in chips)
yur4ok: posts small blind $1
melyh82: posts big blind $3
*** HOLE CARDS ***
yur4ok: raises $3 to $6
melyh82: raises $3 to $9
yur4ok: calls $3
*** FLOP *** [6h Qc Kh]
melyh82: bets $3
yur4ok: calls $3
*** TURN *** [6h Qc Kh] [6c]
melyh82: checks
yur4ok: bets $6
melyh82: calls $6
*** RIVER *** [6h Qc Kh 6c] [3h]
melyh82: checks
yur4ok: bets $6
melyh82: calls $6
*** SHOW DOWN ***
yur4ok: shows [Tc 6s] (three of a kind, Sixes)
melyh82: mucks hand
yur4ok collected $47.50 from pot
*** SUMMARY ***
Total pot $48 | Rake $0.50
Board [6h Qc Kh 6c 3h]
Seat 1: yur4ok (button) (small blind) showed [Tc 6s] and won ($47.50) with three of a kind, Sixes
Seat 2: melyh82 (big blind) mucked


PokerStars Hand #147362754240:  Hold'em Limit ($3/$6 USD) - 2016/01/20 8:53:25 ET
Table 'Aconcagua' 2-max Seat #2 is the button
Seat 1: yur4ok ($133.90 in chips)
Seat 2: melyh82 ($266.90 in chips)
melyh82: posts small blind $1
yur4ok: posts big blind $3
*** HOLE CARDS ***
melyh82: raises $3 to $6
yur4ok: calls $3
*** FLOP *** [Th Kd Qd]
yur4ok: checks
melyh82: bets $3
yur4ok: calls $3
*** TURN *** [Th Kd Qd] [Ks]
yur4ok: checks
melyh82: bets $6
yur4ok: calls $6
*** RIVER *** [Th Kd Qd Ks] [Qs]
yur4ok: checks
melyh82: checks
*** SHOW DOWN ***
yur4ok: shows [Jd 2h] (two pair, Kings and Queens)
melyh82: mucks hand
yur4ok collected $29.50 from pot
*** SUMMARY ***
Total pot $30 | Rake $0.50
Board [Th Kd Qd Ks Qs]
Seat 1: yur4ok (big blind) showed [Jd 2h] and won ($29.50) with two pair, Kings and Queens
Seat 2: melyh82 (button) (small blind) mucked


PokerStars Hand #147362741712:  Hold'em Limit ($3/$6 USD) - 2016/01/20 8:53:08 ET
Table 'Aconcagua' 2-max Seat #1 is the button
Seat 1: yur4ok ($110.40 in chips)
Seat 2: melyh82 ($290.90 in chips)
yur4ok: posts small blind $1
melyh82: posts big blind $3
*** HOLE CARDS ***
yur4ok: raises $3 to $6
melyh82: calls $3
*** FLOP *** [2c Th 8h]
melyh82: checks
yur4ok: checks
*** TURN *** [2c Th 8h] [Jd]
melyh82: bets $6
yur4ok: raises $6 to $12
melyh82: calls $6
*** RIVER *** [2c Th 8h Jd] [5h]
melyh82: checks
yur4ok: bets $6
melyh82: calls $6
*** SHOW DOWN ***
yur4ok: shows [4d Js] (a pair of Jacks)
melyh82: mucks hand
yur4ok collected $47.50 from pot
*** SUMMARY ***
Total pot $48 | Rake $0.50
Board [2c Th 8h Jd 5h]
Seat 1: yur4ok (button) (small blind) showed [4d Js] and won ($47.50) with a pair of Jacks
Seat 2: melyh82 (big blind) mucked


PokerStars Hand #147362818006:  Hold'em Limit ($3/$6 USD) - 2016/01/20 8:54:55 ET
Table 'Aconcagua' 2-max Seat #2 is the button
Seat 1: yur4ok ($146.42 in chips)
Seat 2: melyh82 ($251.92 in chips)
melyh82: posts small blind $1
yur4ok: posts big blind $3
*** HOLE CARDS ***
melyh82: raises $3 to $6
yur4ok: calls $3
*** FLOP *** [3s 5h Jc]
yur4ok: checks
melyh82: checks
*** TURN *** [3s 5h Jc] [7s]
yur4ok: bets $6
melyh82: raises $6 to $12
yur4ok: raises $6 to $18
melyh82: calls $6
*** RIVER *** [3s 5h Jc 7s] [6s]
yur4ok: checks
melyh82: checks
*** SHOW DOWN ***
yur4ok: shows [7c Ad] (a pair of Sevens)
melyh82: shows [2h Js] (a pair of Jacks)
melyh82 collected $47.50 from pot
*** SUMMARY ***
Total pot $48 | Rake $0.50
Board [3s 5h Jc 7s 6s]
Seat 1: yur4ok (big blind) showed [7c Ad] and lost with a pair of Sevens
Seat 2: melyh82 (button) (small blind) showed [2h Js] and won ($47.50) with a pair of Jacks


PokerStars Hand #147362814875:  Hold'em Limit ($3/$6 USD) - 2016/01/20 8:54:51 ET
Table 'Aconcagua' 2-max Seat #1 is the button
Seat 1: yur4ok ($147.42 in chips)
Seat 2: melyh82 ($250.92 in chips)
yur4ok: posts small blind $1
melyh82: posts big blind $3
*** HOLE CARDS ***
yur4ok: folds
Uncalled bet ($2) returned to melyh82
melyh82 collected $2 from pot
melyh82: doesn't show hand
*** SUMMARY ***
Total pot $2 | Rake $0
Seat 1: yur4ok (button) (small blind) folded before Flop
Seat 2: melyh82 (big blind) collected ($2)


PokerStars Hand #147362801098:  Hold'em Limit ($3/$6 USD) - 2016/01/20 8:54:32 ET
Table 'Aconcagua' 2-max Seat #2 is the button
Seat 1: yur4ok ($171.42 in chips)
Seat 2: melyh82 ($227.42 in chips)
melyh82: posts small blind $1
yur4ok: posts big blind $3
*** HOLE CARDS ***
melyh82: raises $3 to $6
yur4ok: calls $3
*** FLOP *** [8c 4d Kd]
yur4ok: checks
melyh82: bets $3
yur4ok: raises $3 to $6
melyh82: calls $3
*** TURN *** [8c 4d Kd] [4c]
yur4ok: checks
melyh82: bets $6
yur4ok: calls $6
*** RIVER *** [8c 4d Kd 4c] [5d]
yur4ok: checks
melyh82: bets $6
yur4ok: calls $6
*** SHOW DOWN ***
melyh82: shows [Ad Kc] (two pair, Kings and Fours)
yur4ok: mucks hand
melyh82 collected $47.50 from pot
*** SUMMARY ***
Total pot $48 | Rake $0.50
Board [8c 4d Kd 4c 5d]
Seat 1: yur4ok (big blind) mucked
Seat 2: melyh82 (button) (small blind) showed [Ad Kc] and won ($47.50) with two pair, Kings and Fours


PokerStars Hand #147362792734:  Hold'em Limit ($3/$6 USD) - 2016/01/20 8:54:20 ET
Table 'Aconcagua' 2-max Seat #1 is the button
Seat 1: yur4ok ($183.42 in chips)
Seat 2: melyh82 ($215.90 in chips)
yur4ok: posts small blind $1
melyh82: posts big blind $3
*** HOLE CARDS ***
yur4ok: raises $3 to $6
melyh82: raises $3 to $9
yur4ok: calls $3
*** FLOP *** [Jd 9s 5s]
melyh82: bets $3
yur4ok: calls $3
*** TURN *** [Jd 9s 5s] [4d]
melyh82: bets $6
yur4ok: folds
Uncalled bet ($6) returned to melyh82
melyh82 collected $23.52 from pot
melyh82: doesn't show hand
*** SUMMARY ***
Total pot $24 | Rake $0.48
Board [Jd 9s 5s 4d]
Seat 1: yur4ok (button) (small blind) folded on the Turn
Seat 2: melyh82 (big blind) collected ($23.52)


PokerStars Hand #147362851377:  Hold'em Limit ($3/$6 USD) - 2016/01/20 8:55:50 ET
Table 'Aconcagua' 2-max Seat #2 is the button
Seat 1: yur4ok ($106.17 in chips)
Seat 2: melyh82 ($290.67 in chips)
melyh82: posts small blind $1
yur4ok: posts big blind $3
*** HOLE CARDS ***
melyh82: raises $3 to $6
yur4ok: calls $3
*** FLOP *** [Qs Jd 7s]
yur4ok: checks
melyh82: checks
*** TURN *** [Qs Jd 7s] [Qc]
yur4ok: bets $6
melyh82: calls $6
*** RIVER *** [Qs Jd 7s Qc] [Jh]
yur4ok: bets $6
melyh82: calls $6
*** SHOW DOWN ***
yur4ok: shows [5s Ac] (two pair, Queens and Jacks)
melyh82: mucks hand
yur4ok collected $35.50 from pot
*** SUMMARY ***
Total pot $36 | Rake $0.50
Board [Qs Jd 7s Qc Jh]
Seat 1: yur4ok (big blind) showed [5s Ac] and won ($35.50) with two pair, Queens and Jacks
Seat 2: melyh82 (button) (small blind) mucked


PokerStars Hand #147362849001:  Hold'em Limit ($3/$6 USD) - 2016/01/20 8:55:46 ET
Table 'Aconcagua' 2-max Seat #1 is the button
Seat 1: yur4ok ($107.17 in chips)
Seat 2: melyh82 ($289.67 in chips)
yur4ok: posts small blind $1
melyh82: posts big blind $3
*** HOLE CARDS ***
yur4ok: folds
Uncalled bet ($2) returned to melyh82
melyh82 collected $2 from pot
*** SUMMARY ***
Total pot $2 | Rake $0
Seat 1: yur4ok (button) (small blind) folded before Flop
Seat 2: melyh82 (big blind) collected ($2)


PokerStars Hand #147362838950:  Hold'em Limit ($3/$6 USD) - 2016/01/20 8:55:28 ET
Table 'Aconcagua' 2-max Seat #2 is the button
Seat 1: yur4ok ($122.17 in chips)
Seat 2: melyh82 ($275.17 in chips)
melyh82: posts small blind $1
yur4ok: posts big blind $3
*** HOLE CARDS ***
melyh82: raises $3 to $6
yur4ok: calls $3
*** FLOP *** [Tc Ks 9s]
yur4ok: checks
melyh82: bets $3
yur4ok: calls $3
*** TURN *** [Tc Ks 9s] [Jc]
yur4ok: checks
melyh82: checks
*** RIVER *** [Tc Ks 9s Jc] [Ad]
yur4ok: checks
melyh82: bets $6
yur4ok: calls $6
*** SHOW DOWN ***
melyh82: shows [Qs 3c] (a straight, Ten to Ace)
yur4ok: mucks hand
melyh82 collected $29.50 from pot
*** SUMMARY ***
Total pot $30 | Rake $0.50
Board [Tc Ks 9s Jc Ad]
Seat 1: yur4ok (big blind) mucked
Seat 2: melyh82 (button) (small blind) showed [Qs 3c] and won ($29.50) with a straight, Ten to Ace


PokerStars Hand #147362829550:  Hold'em Limit ($3/$6 USD) - 2016/01/20 8:55:12 ET
Table 'Aconcagua' 2-max Seat #1 is the button
Seat 1: yur4ok ($122.42 in chips)
Seat 2: melyh82 ($275.42 in chips)
yur4ok: posts small blind $1
melyh82: posts big blind $3
*** HOLE CARDS ***
yur4ok: raises $3 to $6
melyh82: calls $3
*** FLOP *** [8d 7d 6s]
melyh82: checks
yur4ok: bets $3
melyh82: raises $3 to $6
yur4ok: calls $3
*** TURN *** [8d 7d 6s] [5s]
melyh82: bets $6
yur4ok: calls $6
*** RIVER *** [8d 7d 6s 5s] [4s]
melyh82: bets $6
yur4ok: calls $6
*** SHOW DOWN ***
melyh82: shows [Kd 4d] (a straight, Four to Eight)
yur4ok: shows [Tc Ah] (a straight, Four to Eight)
melyh82 collected $23.75 from pot
yur4ok collected $23.75 from pot
*** SUMMARY ***
Total pot $48 | Rake $0.50
Board [8d 7d 6s 5s 4s]
Seat 1: yur4ok (button) (small blind) showed [Tc Ah] and won ($23.75) with a straight, Four to Eight
Seat 2: melyh82 (big blind) showed [Kd 4d] and won ($23.75) with a straight, Four to Eight


PokerStars Hand #147362898428:  Hold'em Limit ($3/$6 USD) - 2016/01/20 8:57:12 ET
Table 'Aconcagua' 2-max Seat #1 is the button
Seat 1: yur4ok ($122.81 in chips)
Seat 2: melyh82 ($272.17 in chips)
yur4ok: posts small blind $1
melyh82: posts big blind $3
*** HOLE CARDS ***
yur4ok: folds
Uncalled bet ($2) returned to melyh82
melyh82 collected $2 from pot
melyh82: doesn't show hand
*** SUMMARY ***
Total pot $2 | Rake $0
Seat 1: yur4ok (button) (small blind) folded before Flop
Seat 2: melyh82 (big blind) collected ($2)


PokerStars Hand #147362891669:  Hold'em Limit ($3/$6 USD) - 2016/01/20 8:57:00 ET
Table 'Aconcagua' 2-max Seat #2 is the button
Seat 1: yur4ok ($114.17 in chips)
Seat 2: melyh82 ($281.17 in chips)
melyh82: posts small blind $1
yur4ok: posts big blind $3
*** HOLE CARDS ***
melyh82: raises $3 to $6
yur4ok: calls $3
*** FLOP *** [Kc Qd Jh]
yur4ok: checks
melyh82: bets $3
yur4ok: raises $3 to $6
melyh82: folds
Uncalled bet ($3) returned to yur4ok
yur4ok collected $17.64 from pot
yur4ok: doesn't show hand
*** SUMMARY ***
Total pot $18 | Rake $0.36
Board [Kc Qd Jh]
Seat 1: yur4ok (big blind) collected ($17.64)
Seat 2: melyh82 (button) (small blind) folded on the Flop


PokerStars Hand #147362879839:  Hold'em Limit ($3/$6 USD) - 2016/01/20 8:56:39 ET
Table 'Aconcagua' 2-max Seat #1 is the button
Seat 1: yur4ok ($144.17 in chips)
Seat 2: melyh82 ($251.67 in chips)
yur4ok: posts small blind $1
melyh82: posts big blind $3
*** HOLE CARDS ***
yur4ok: raises $3 to $6
melyh82: calls $3
*** FLOP *** [Jd 4s 4d]
melyh82: checks
yur4ok: bets $3
melyh82: raises $3 to $6
yur4ok: calls $3
*** TURN *** [Jd 4s 4d] [Ad]
melyh82: checks
yur4ok: bets $6
melyh82: raises $6 to $12
yur4ok: calls $6
*** RIVER *** [Jd 4s 4d Ad] [Td]
melyh82: bets $6
yur4ok: calls $6
*** SHOW DOWN ***
melyh82: shows [Tc 4h] (a full house, Fours full of Tens)
yur4ok: mucks hand
melyh82 collected $59.50 from pot
*** SUMMARY ***
Total pot $60 | Rake $0.50
Board [Jd 4s 4d Ad Td]
Seat 1: yur4ok (button) (small blind) mucked
Seat 2: melyh82 (big blind) showed [Tc 4h] and won ($59.50) with a full house, Fours full of Tens


PokerStars Hand #147362876464:  Hold'em Limit ($3/$6 USD) - 2016/01/20 8:56:33 ET
Table 'Aconcagua' 2-max Seat #2 is the button
Seat 1: yur4ok ($147.17 in chips)
Seat 2: melyh82 ($248.67 in chips)
melyh82: posts small blind $1
yur4ok: posts big blind $3
*** HOLE CARDS ***
melyh82: raises $3 to $6
yur4ok: folds
Uncalled bet ($3) returned to melyh82
melyh82 collected $6 from pot
melyh82: doesn't show hand
*** SUMMARY ***
Total pot $6 | Rake $0
Seat 1: yur4ok (big blind) folded before Flop
Seat 2: melyh82 (button) (small blind) collected ($6)


PokerStars Hand #147362865237:  Hold'em Limit ($3/$6 USD) - 2016/01/20 8:56:14 ET
Table 'Aconcagua' 2-max Seat #1 is the button
Seat 1: yur4ok ($123.67 in chips)
Seat 2: melyh82 ($272.67 in chips)
yur4ok: posts small blind $1
melyh82: posts big blind $3
*** HOLE CARDS ***
yur4ok: raises $3 to $6
melyh82: calls $3
*** FLOP *** [Th 2d Kh]
melyh82: checks
yur4ok: bets $3
melyh82: raises $3 to $6
yur4ok: calls $3
*** TURN *** [Th 2d Kh] [6h]
melyh82: checks
yur4ok: bets $6
melyh82: calls $6
*** RIVER *** [Th 2d Kh 6h] [8d]
melyh82: checks
yur4ok: bets $6
melyh82: calls $6
*** SHOW DOWN ***
yur4ok: shows [Qd Ks] (a pair of Kings)
melyh82: mucks hand
yur4ok collected $47.50 from pot
*** SUMMARY ***
Total pot $48 | Rake $0.50
Board [Th 2d Kh 6h 8d]
Seat 1: yur4ok (button) (small blind) showed [Qd Ks] and won ($47.50) with a pair of Kings
Seat 2: melyh82 (big blind) mucked


PokerStars Hand #147362900865:  Hold'em Limit ($3/$6 USD) - 2016/01/20 8:57:16 ET
Table 'Aconcagua' 2-max Seat #2 is the button
Seat 1: yur4ok ($121.81 in chips)
Seat 2: melyh82 ($273.17 in chips)
melyh82: posts small blind $1
yur4ok: posts big blind $3
*** HOLE CARDS ***
melyh82: raises $3 to $6
yur4ok: calls $3
*** FLOP *** [2d Ah 6c]
yur4ok: checks
melyh82: bets $3
yur4ok: folds
Uncalled bet ($3) returned to melyh82
melyh82 collected $11.76 from pot
melyh82: doesn't show hand
*** SUMMARY ***
Total pot $12 | Rake $0.24
Board [2d Ah 6c]
Seat 1: yur4ok (big blind) folded on the Flop
Seat 2: melyh82 (button) (small blind) collected ($11.76)


PokerStars Hand #147362907410:  Hold'em Limit ($3/$6 USD) - 2016/01/20 8:57:27 ET
Table 'Aconcagua' 2-max Seat #1 is the button
Seat 1: yur4ok ($115.81 in chips)
Seat 2: melyh82 ($278.93 in chips)
yur4ok: posts small blind $1
melyh82: posts big blind $3
*** HOLE CARDS ***
yur4ok: raises $3 to $6
melyh82: calls $3
*** FLOP *** [Jd 4c Ad]
melyh82: checks
yur4ok: bets $3
melyh82: calls $3
*** TURN *** [Jd 4c Ad] [6s]
melyh82: checks
yur4ok: checks
*** RIVER *** [Jd 4c Ad 6s] [3s]
melyh82: bets $6
yur4ok: calls $6
*** SHOW DOWN ***
melyh82: shows [2s Qh] (high card Ace)
yur4ok: shows [4d 5h] (a pair of Fours)
yur4ok collected $29.50 from pot
*** SUMMARY ***
Total pot $30 | Rake $0.50
Board [Jd 4c Ad 6s 3s]
Seat 1: yur4ok (button) (small blind) showed [4d 5h] and won ($29.50) with a pair of Fours
Seat 2: melyh82 (big blind) showed [2s Qh] and lost with high card Ace


PokerStars Hand #147362915867:  Hold'em Limit ($3/$6 USD) - 2016/01/20 8:57:42 ET
Table 'Aconcagua' 2-max Seat #2 is the button
Seat 1: yur4ok ($130.31 in chips)
Seat 2: melyh82 ($263.93 in chips)
melyh82: posts small blind $1
yur4ok: posts big blind $3
*** HOLE CARDS ***
melyh82: folds
Uncalled bet ($2) returned to yur4ok
yur4ok collected $2 from pot
yur4ok: doesn't show hand
*** SUMMARY ***
Total pot $2 | Rake $0
Seat 1: yur4ok (big blind) collected ($2)
Seat 2: melyh82 (button) (small blind) folded before Flop


PokerStars Hand #147362918815:  Hold'em Limit ($3/$6 USD) - 2016/01/20 8:57:47 ET
Table 'Aconcagua' 2-max Seat #1 is the button
Seat 1: yur4ok ($131.31 in chips)
Seat 2: melyh82 ($262.93 in chips)
yur4ok: posts small blind $1
melyh82: posts big blind $3
*** HOLE CARDS ***
yur4ok: raises $3 to $6
melyh82: calls $3
*** FLOP *** [7s 3h 3s]
melyh82: checks
yur4ok: bets $3
melyh82: calls $3
*** TURN *** [7s 3h 3s] [5h]
melyh82: checks
yur4ok: checks
*** RIVER *** [7s 3h 3s 5h] [Kh]
melyh82: checks
yur4ok: checks
*** SHOW DOWN ***
melyh82: shows [9c Js] (a pair of Threes)
yur4ok: mucks hand
melyh82 collected $17.64 from pot
*** SUMMARY ***
Total pot $18 | Rake $0.36
Board [7s 3h 3s 5h Kh]
Seat 1: yur4ok (button) (small blind) mucked
Seat 2: melyh82 (big blind) showed [9c Js] and won ($17.64) with a pair of Threes


PokerStars Hand #147362927708:  Hold'em Limit ($3/$6 USD) - 2016/01/20 8:58:02 ET
Table 'Aconcagua' 2-max Seat #2 is the button
Seat 1: yur4ok ($122.31 in chips)
Seat 2: melyh82 ($271.57 in chips)
melyh82: posts small blind $1
yur4ok: posts big blind $3
*** HOLE CARDS ***
melyh82: raises $3 to $6
yur4ok: raises $3 to $9
melyh82: calls $3
*** FLOP *** [As 6h 9c]
yur4ok: bets $3
melyh82: calls $3
*** TURN *** [As 6h 9c] [3d]
yur4ok: bets $6
melyh82: raises $6 to $12
yur4ok: raises $6 to $18
melyh82: raises $6 to $24
Betting is capped
yur4ok: calls $6
*** RIVER *** [As 6h 9c 3d] [Kd]
yur4ok: bets $6
melyh82: raises $6 to $12
yur4ok: raises $6 to $18
melyh82: calls $6
*** SHOW DOWN ***
yur4ok: shows [Kh Ad] (two pair, Aces and Kings)
melyh82: shows [3s 3h] (three of a kind, Threes)
melyh82 collected $107.50 from pot
*** SUMMARY ***
Total pot $108 | Rake $0.50
Board [As 6h 9c 3d Kd]
Seat 1: yur4ok (big blind) showed [Kh Ad] and lost with two pair, Aces and Kings
Seat 2: melyh82 (button) (small blind) showed [3s 3h] and won ($107.50) with three of a kind, Threes


PokerStars Hand #147362947990:  Hold'em Limit ($3/$6 USD) - 2016/01/20 8:58:24 ET
Table 'Aconcagua' 2-max Seat #1 is the button
Seat 1: yur4ok ($72 in chips)
Seat 2: melyh82 ($325.07 in chips)
yur4ok: posts small blind $1
melyh82: posts big blind $3
*** HOLE CARDS ***
yur4ok: raises $3 to $6
melyh82: calls $3
*** FLOP *** [Ks 9c Jh]
melyh82: checks
yur4ok: bets $3
melyh82: raises $3 to $6
yur4ok: calls $3
*** TURN *** [Ks 9c Jh] [Qs]
melyh82: bets $6
yur4ok: calls $6
*** RIVER *** [Ks 9c Jh Qs] [9s]
melyh82: bets $6
yur4ok: raises $6 to $12
melyh82: calls $6
*** SHOW DOWN ***
yur4ok: shows [Qc Td] (a straight, Nine to King)
melyh82: shows [Ts 6h] (a straight, Nine to King)
melyh82 collected $29.75 from pot
yur4ok collected $29.75 from pot
*** SUMMARY ***
Total pot $60 | Rake $0.50
Board [Ks 9c Jh Qs 9s]
Seat 1: yur4ok (button) (small blind) showed [Qc Td] and won ($29.75) with a straight, Nine to King
Seat 2: melyh82 (big blind) showed [Ts 6h] and won ($29.75) with a straight, Nine to King


PokerStars Hand #147362964095:  Hold'em Limit ($3/$6 USD) - 2016/01/20 8:58:42 ET
Table 'Aconcagua' 2-max Seat #2 is the button
Seat 1: yur4ok ($72 in chips)
Seat 2: melyh82 ($324.82 in chips)
melyh82: posts small blind $1
yur4ok: posts big blind $3
*** HOLE CARDS ***
melyh82: raises $3 to $6
yur4ok: raises $3 to $9
melyh82: calls $3
*** FLOP *** [3c 6h 2d]
yur4ok: bets $3
melyh82: raises $3 to $6
yur4ok: calls $3
*** TURN *** [3c 6h 2d] [Ts]
yur4ok: checks
melyh82: bets $6
yur4ok: calls $6
*** RIVER *** [3c 6h 2d Ts] [Ah]
yur4ok: checks
melyh82: bets $6
yur4ok: calls $6
*** SHOW DOWN ***
melyh82: shows [6c Tc] (two pair, Tens and Sixes)
yur4ok: mucks hand
melyh82 collected $53.50 from pot
*** SUMMARY ***
Total pot $54 | Rake $0.50
Board [3c 6h 2d Ts Ah]
Seat 1: yur4ok (big blind) mucked
Seat 2: melyh82 (button) (small blind) showed [6c Tc] and won ($53.50) with two pair, Tens and Sixes


PokerStars Hand #147362979097:  Hold'em Limit ($3/$6 USD) - 2016/01/20 8:59:05 ET
Table 'Aconcagua' 2-max Seat #1 is the button
Seat 1: yur4ok ($72 in chips)
Seat 2: melyh82 ($351.32 in chips)
yur4ok: posts small blind $1
melyh82: posts big blind $3
*** HOLE CARDS ***
yur4ok: raises $3 to $6
melyh82: calls $3
*** FLOP *** [Js 7c 9s]
melyh82: checks
yur4ok: bets $3
melyh82: raises $3 to $6
yur4ok: raises $3 to $9
melyh82: calls $3
*** TURN *** [Js 7c 9s] [2d]
melyh82: checks
yur4ok: bets $6
melyh82: calls $6
*** RIVER *** [Js 7c 9s 2d] [2h]
melyh82: checks
yur4ok: bets $6
melyh82: calls $6
*** SHOW DOWN ***
yur4ok: shows [Tc 8h] (a straight, Seven to Jack)
melyh82: mucks hand
yur4ok collected $53.50 from pot
*** SUMMARY ***
Total pot $54 | Rake $0.50
Board [Js 7c 9s 2d 2h]
Seat 1: yur4ok (button) (small blind) showed [Tc 8h] and won ($53.50) with a straight, Seven to Jack
Seat 2: melyh82 (big blind) mucked


PokerStars Hand #147362991606:  Hold'em Limit ($3/$6 USD) - 2016/01/20 8:59:26 ET
Table 'Aconcagua' 2-max Seat #2 is the button
Seat 1: yur4ok ($98.50 in chips)
Seat 2: melyh82 ($324.32 in chips)
melyh82: posts small blind $1
yur4ok: posts big blind $3
*** HOLE CARDS ***
melyh82: raises $3 to $6
yur4ok: calls $3
*** FLOP *** [As 5c 4d]
yur4ok: checks
melyh82: bets $3
yur4ok: calls $3
*** TURN *** [As 5c 4d] [3h]
yur4ok: checks
melyh82: checks
*** RIVER *** [As 5c 4d 3h] [9c]
yur4ok: bets $6
melyh82: calls $6
*** SHOW DOWN ***
yur4ok: shows [9s Kc] (a pair of Nines)
melyh82: mucks hand
yur4ok collected $29.50 from pot
*** SUMMARY ***
Total pot $30 | Rake $0.50
Board [As 5c 4d 3h 9c]
Seat 1: yur4ok (big blind) showed [9s Kc] and won ($29.50) with a pair of Nines
Seat 2: melyh82 (button) (small blind) mucked


PokerStars Hand #147363000104:  Hold'em Limit ($3/$6 USD) - 2016/01/20 8:59:40 ET
Table 'Aconcagua' 2-max Seat #1 is the button
Seat 1: yur4ok ($113 in chips)
Seat 2: melyh82 ($309.32 in chips)
yur4ok: posts small blind $1
melyh82: posts big blind $3
*** HOLE CARDS ***
yur4ok: raises $3 to $6
melyh82: raises $3 to $9
yur4ok: calls $3
*** FLOP *** [3c 5s Jd]
melyh82: bets $3
yur4ok: calls $3
*** TURN *** [3c 5s Jd] [7h]
melyh82: checks
yur4ok: bets $6
melyh82: calls $6
*** RIVER *** [3c 5s Jd 7h] [4c]
melyh82: checks
yur4ok: bets $6
melyh82: calls $6
*** SHOW DOWN ***
yur4ok: shows [6d 4d] (a straight, Three to Seven)
melyh82: mucks hand
yur4ok collected $47.50 from pot
*** SUMMARY ***
Total pot $48 | Rake $0.50
Board [3c 5s Jd 7h 4c]
Seat 1: yur4ok (button) (small blind) showed [6d 4d] and won ($47.50) with a straight, Three to Seven
Seat 2: melyh82 (big blind) mucked


PokerStars Hand #147363016642:  Hold'em Limit ($3/$6 USD) - 2016/01/20 9:00:08 ET
Table 'Aconcagua' 2-max Seat #1 is the button
Seat 1: yur4ok ($142.26 in chips)
Seat 2: melyh82 ($279.32 in chips)
yur4ok: posts small blind $1
melyh82: posts big blind $3
*** HOLE CARDS ***
yur4ok: folds
Uncalled bet ($2) returned to melyh82
melyh82 collected $2 from pot
melyh82: doesn't show hand
*** SUMMARY ***
Total pot $2 | Rake $0
Seat 1: yur4ok (button) (small blind) folded before Flop
Seat 2: melyh82 (big blind) collected ($2)


PokerStars Hand #147363009952:  Hold'em Limit ($3/$6 USD) - 2016/01/20 8:59:57 ET
Table 'Aconcagua' 2-max Seat #2 is the button
Seat 1: yur4ok ($136.50 in chips)
Seat 2: melyh82 ($285.32 in chips)
melyh82: posts small blind $1
yur4ok: posts big blind $3
*** HOLE CARDS ***
melyh82: raises $3 to $6
yur4ok: calls $3
*** FLOP *** [8s Ts Jh]
yur4ok: checks
melyh82: checks
*** TURN *** [8s Ts Jh] [3c]
yur4ok: bets $6
melyh82: folds
Uncalled bet ($6) returned to yur4ok
yur4ok collected $11.76 from pot
yur4ok: doesn't show hand
*** SUMMARY ***
Total pot $12 | Rake $0.24
Board [8s Ts Jh 3c]
Seat 1: yur4ok (big blind) collected ($11.76)
Seat 2: melyh82 (button) (small blind) folded on the Turn


PokerStars Hand #147363019574:  Hold'em Limit ($3/$6 USD) - 2016/01/20 9:00:13 ET
Table 'Aconcagua' 2-max Seat #2 is the button
Seat 1: yur4ok ($141.26 in chips)
Seat 2: melyh82 ($280.32 in chips)
melyh82: posts small blind $1
yur4ok: posts big blind $3
*** HOLE CARDS ***
melyh82: raises $3 to $6
yur4ok: raises $3 to $9
melyh82: calls $3
*** FLOP *** [Qs 7d Jc]
yur4ok: bets $3
melyh82: calls $3
*** TURN *** [Qs 7d Jc] [Ac]
yur4ok: bets $6
melyh82: folds
Uncalled bet ($6) returned to yur4ok
yur4ok collected $23.52 from pot
yur4ok: doesn't show hand
*** SUMMARY ***
Total pot $24 | Rake $0.48
Board [Qs 7d Jc Ac]
Seat 1: yur4ok (big blind) collected ($23.52)
Seat 2: melyh82 (button) (small blind) folded on the Turn


PokerStars Hand #147363026625:  Hold'em Limit ($3/$6 USD) - 2016/01/20 9:00:25 ET
Table 'Aconcagua' 2-max Seat #1 is the button
Seat 1: yur4ok ($152.78 in chips)
Seat 2: melyh82 ($268.32 in chips)
yur4ok: posts small blind $1
melyh82: posts big blind $3
*** HOLE CARDS ***
yur4ok: raises $3 to $6
melyh82: raises $3 to $9
yur4ok: calls $3
*** FLOP *** [Qd 8s Kd]
melyh82: bets $3
yur4ok: calls $3
*** TURN *** [Qd 8s Kd] [Ac]
melyh82: bets $6
yur4ok: calls $6
*** RIVER *** [Qd 8s Kd Ac] [Ah]
melyh82: bets $6
yur4ok: folds
Uncalled bet ($6) returned to melyh82
melyh82 collected $35.50 from pot
melyh82: doesn't show hand
*** SUMMARY ***
Total pot $36 | Rake $0.50
Board [Qd 8s Kd Ac Ah]
Seat 1: yur4ok (button) (small blind) folded on the River
Seat 2: melyh82 (big blind) collected ($35.50)


PokerStars Hand #147363046226:  Hold'em Limit ($3/$6 USD) - 2016/01/20 9:00:56 ET
Table 'Aconcagua' 2-max Seat #1 is the button
Seat 1: yur4ok ($152.28 in chips)
Seat 2: melyh82 ($267.82 in chips)
yur4ok: posts small blind $1
melyh82: posts big blind $3
*** HOLE CARDS ***
yur4ok: folds
Uncalled bet ($2) returned to melyh82
melyh82 collected $2 from pot
melyh82: doesn't show hand
*** SUMMARY ***
Total pot $2 | Rake $0
Seat 1: yur4ok (button) (small blind) folded before Flop
Seat 2: melyh82 (big blind) collected ($2)


PokerStars Hand #147363037641:  Hold'em Limit ($3/$6 USD) - 2016/01/20 9:00:43 ET
Table 'Aconcagua' 2-max Seat #2 is the button
Seat 1: yur4ok ($134.78 in chips)
Seat 2: melyh82 ($285.82 in chips)
melyh82: posts small blind $1
yur4ok: posts big blind $3
*** HOLE CARDS ***
melyh82: raises $3 to $6
yur4ok: raises $3 to $9
melyh82: calls $3
*** FLOP *** [Jc 3d 7d]
yur4ok: bets $3
melyh82: raises $3 to $6
yur4ok: raises $3 to $9
melyh82: calls $3
*** TURN *** [Jc 3d 7d] [Kc]
yur4ok: bets $6
melyh82: folds
Uncalled bet ($6) returned to yur4ok
yur4ok collected $35.50 from pot
yur4ok: doesn't show hand
*** SUMMARY ***
Total pot $36 | Rake $0.50
Board [Jc 3d 7d Kc]
Seat 1: yur4ok (big blind) collected ($35.50)
Seat 2: melyh82 (button) (small blind) folded on the Turn


PokerStars Hand #147363056128:  Hold'em Limit ($3/$6 USD) - 2016/01/20 9:01:12 ET
Table 'Aconcagua' 2-max Seat #1 is the button
Seat 1: yur4ok ($145.28 in chips)
Seat 2: melyh82 ($274.58 in chips)
yur4ok: posts small blind $1
melyh82: posts big blind $3
*** HOLE CARDS ***
yur4ok: folds
Uncalled bet ($2) returned to melyh82
melyh82 collected $2 from pot
melyh82: doesn't show hand
*** SUMMARY ***
Total pot $2 | Rake $0
Seat 1: yur4ok (button) (small blind) folded before Flop
Seat 2: melyh82 (big blind) collected ($2)


PokerStars Hand #147363048935:  Hold'em Limit ($3/$6 USD) - 2016/01/20 9:01:01 ET
Table 'Aconcagua' 2-max Seat #2 is the button
Seat 1: yur4ok ($151.28 in chips)
Seat 2: melyh82 ($268.82 in chips)
melyh82: posts small blind $1
yur4ok: posts big blind $3
*** HOLE CARDS ***
melyh82: raises $3 to $6
yur4ok: calls $3
*** FLOP *** [9s Qh 2d]
yur4ok: checks
melyh82: checks
*** TURN *** [9s Qh 2d] [3d]
yur4ok: checks
melyh82: bets $6
yur4ok: folds
Uncalled bet ($6) returned to melyh82
melyh82 collected $11.76 from pot
melyh82: doesn't show hand
*** SUMMARY ***
Total pot $12 | Rake $0.24
Board [9s Qh 2d 3d]
Seat 1: yur4ok (big blind) folded on the Turn
Seat 2: melyh82 (button) (small blind) collected ($11.76)


PokerStars Hand #147363058793:  Hold'em Limit ($3/$6 USD) - 2016/01/20 9:01:16 ET
Table 'Aconcagua' 2-max Seat #2 is the button
Seat 1: yur4ok ($144.28 in chips)
Seat 2: melyh82 ($275.58 in chips)
melyh82: posts small blind $1
yur4ok: posts big blind $3
*** HOLE CARDS ***
melyh82: raises $3 to $6
yur4ok: raises $3 to $9
melyh82: calls $3
*** FLOP *** [8h 3h 4h]
yur4ok: bets $3
melyh82: raises $3 to $6
yur4ok: calls $3
*** TURN *** [8h 3h 4h] [8s]
yur4ok: checks
melyh82: checks
*** RIVER *** [8h 3h 4h 8s] [Qs]
yur4ok: checks
melyh82: bets $6
yur4ok: folds
Uncalled bet ($6) returned to melyh82
melyh82 collected $29.50 from pot
melyh82: doesn't show hand
*** SUMMARY ***
Total pot $30 | Rake $0.50
Board [8h 3h 4h 8s Qs]
Seat 1: yur4ok (big blind) folded on the River
Seat 2: melyh82 (button) (small blind) collected ($29.50)


PokerStars Hand #147363072172:  Hold'em Limit ($3/$6 USD) - 2016/01/20 9:01:36 ET
Table 'Aconcagua' 2-max Seat #1 is the button
Seat 1: yur4ok ($129.28 in chips)
Seat 2: melyh82 ($290.08 in chips)
yur4ok: posts small blind $1
melyh82: posts big blind $3
*** HOLE CARDS ***
yur4ok: raises $3 to $6
melyh82: calls $3
*** FLOP *** [4d 6c Jd]
melyh82: checks
yur4ok: checks
*** TURN *** [4d 6c Jd] [Tc]
melyh82: bets $6
yur4ok: folds
Uncalled bet ($6) returned to melyh82
melyh82 collected $11.76 from pot
melyh82: doesn't show hand
*** SUMMARY ***
Total pot $12 | Rake $0.24
Board [4d 6c Jd Tc]
Seat 1: yur4ok (button) (small blind) folded on the Turn
Seat 2: melyh82 (big blind) collected ($11.76)


PokerStars Hand #147363081133:  Hold'em Limit ($3/$6 USD) - 2016/01/20 9:01:50 ET
Table 'Aconcagua' 2-max Seat #2 is the button
Seat 1: yur4ok ($123.28 in chips)
Seat 2: melyh82 ($295.84 in chips)
melyh82: posts small blind $1
yur4ok: posts big blind $3
*** HOLE CARDS ***
melyh82: raises $3 to $6
yur4ok: calls $3
*** FLOP *** [5c 5h Js]
yur4ok: checks
melyh82: checks
*** TURN *** [5c 5h Js] [9s]
yur4ok: checks
melyh82: checks
*** RIVER *** [5c 5h Js 9s] [7s]
yur4ok: bets $6
melyh82: calls $6
*** SHOW DOWN ***
yur4ok: shows [7d Kc] (two pair, Sevens and Fives)
melyh82: shows [7c Kd] (two pair, Sevens and Fives)
yur4ok collected $11.76 from pot
melyh82 collected $11.76 from pot
*** SUMMARY ***
Total pot $24 | Rake $0.48
Board [5c 5h Js 9s 7s]
Seat 1: yur4ok (big blind) showed [7d Kc] and won ($11.76) with two pair, Sevens and Fives
Seat 2: melyh82 (button) (small blind) showed [7c Kd] and won ($11.76) with two pair, Sevens and Fives


PokerStars Hand #147363094434:  Hold'em Limit ($3/$6 USD) - 2016/01/20 9:02:10 ET
Table 'Aconcagua' 2-max Seat #2 is the button
Seat 1: yur4ok ($126.04 in chips)
Seat 2: melyh82 ($292.60 in chips)
melyh82: posts small blind $1
yur4ok: posts big blind $3
*** HOLE CARDS ***
melyh82: raises $3 to $6
yur4ok: folds
Uncalled bet ($3) returned to melyh82
melyh82 collected $6 from pot
melyh82: doesn't show hand
*** SUMMARY ***
Total pot $6 | Rake $0
Seat 1: yur4ok (big blind) folded before Flop
Seat 2: melyh82 (button) (small blind) collected ($6)


PokerStars Hand #147363090206:  Hold'em Limit ($3/$6 USD) - 2016/01/20 9:02:04 ET
Table 'Aconcagua' 2-max Seat #1 is the button
Seat 1: yur4ok ($123.04 in chips)
Seat 2: melyh82 ($295.60 in chips)
yur4ok: posts small blind $1
melyh82: posts big blind $3
*** HOLE CARDS ***
yur4ok: raises $3 to $6
melyh82: folds
Uncalled bet ($3) returned to yur4ok
yur4ok collected $6 from pot
yur4ok: doesn't show hand
*** SUMMARY ***
Total pot $6 | Rake $0
Seat 1: yur4ok (button) (small blind) collected ($6)
Seat 2: melyh82 (big blind) folded before Flop


PokerStars Hand #147363098788:  Hold'em Limit ($3/$6 USD) - 2016/01/20 9:02:16 ET
Table 'Aconcagua' 2-max Seat #1 is the button
Seat 1: yur4ok ($123.04 in chips)
Seat 2: melyh82 ($295.60 in chips)
yur4ok: posts small blind $1
melyh82: posts big blind $3
*** HOLE CARDS ***
yur4ok: raises $3 to $6
melyh82: calls $3
*** FLOP *** [Jh As 7c]
melyh82: checks
yur4ok: bets $3
melyh82: calls $3
*** TURN *** [Jh As 7c] [Ad]
melyh82: checks
yur4ok: bets $6
melyh82: calls $6
*** RIVER *** [Jh As 7c Ad] [9c]
melyh82: checks
yur4ok: bets $6
melyh82: calls $6
*** SHOW DOWN ***
yur4ok: shows [8h 9d] (two pair, Aces and Nines)
melyh82: shows [9h Kd] (two pair, Aces and Nines - King kicker)
melyh82 collected $41.50 from pot
*** SUMMARY ***
Total pot $42 | Rake $0.50
Board [Jh As 7c Ad 9c]
Seat 1: yur4ok (button) (small blind) showed [8h 9d] and lost with two pair, Aces and Nines
Seat 2: melyh82 (big blind) showed [9h Kd] and won ($41.50) with two pair, Aces and Nines


PokerStars Hand #147363109459:  Hold'em Limit ($3/$6 USD) - 2016/01/20 9:02:32 ET
Table 'Aconcagua' 2-max Seat #2 is the button
Seat 1: yur4ok ($102.04 in chips)
Seat 2: melyh82 ($316.10 in chips)
melyh82: posts small blind $1
yur4ok: posts big blind $3
*** HOLE CARDS ***
melyh82: raises $3 to $6
yur4ok: calls $3
*** FLOP *** [5d Ac Js]
yur4ok: checks
melyh82: bets $3
yur4ok: folds
Uncalled bet ($3) returned to melyh82
melyh82 collected $11.76 from pot
melyh82: doesn't show hand
*** SUMMARY ***
Total pot $12 | Rake $0.24
Board [5d Ac Js]
Seat 1: yur4ok (big blind) folded on the Flop
Seat 2: melyh82 (button) (small blind) collected ($11.76)


PokerStars Hand #147363117817:  Hold'em Limit ($3/$6 USD) - 2016/01/20 9:02:44 ET
Table 'Aconcagua' 2-max Seat #1 is the button
Seat 1: yur4ok ($96.04 in chips)
Seat 2: melyh82 ($321.86 in chips)
yur4ok: posts small blind $1
melyh82: posts big blind $3
*** HOLE CARDS ***
yur4ok: raises $3 to $6
melyh82: raises $3 to $9
yur4ok: calls $3
*** FLOP *** [As 2s Tc]
melyh82: bets $3
yur4ok: folds
Uncalled bet ($3) returned to melyh82
melyh82 collected $17.64 from pot
melyh82: doesn't show hand
*** SUMMARY ***
Total pot $18 | Rake $0.36
Board [As 2s Tc]
Seat 1: yur4ok (button) (small blind) folded on the Flop
Seat 2: melyh82 (big blind) collected ($17.64)


PokerStars Hand #147363127629:  Hold'em Limit ($3/$6 USD) - 2016/01/20 9:02:56 ET
Table 'Aconcagua' 2-max Seat #2 is the button
Seat 1: yur4ok ($87.04 in chips)
Seat 2: melyh82 ($330.50 in chips)
melyh82: posts small blind $1
yur4ok: posts big blind $3
*** HOLE CARDS ***
melyh82: raises $3 to $6
yur4ok: folds
Uncalled bet ($3) returned to melyh82
melyh82 collected $6 from pot
melyh82: doesn't show hand
*** SUMMARY ***
Total pot $6 | Rake $0
Seat 1: yur4ok (big blind) folded before Flop
Seat 2: melyh82 (button) (small blind) collected ($6)


PokerStars Hand #147363132259:  Hold'em Limit ($3/$6 USD) - 2016/01/20 9:03:03 ET
Table 'Aconcagua' 2-max Seat #1 is the button
Seat 1: yur4ok ($84.04 in chips)
Seat 2: melyh82 ($333.50 in chips)
yur4ok: posts small blind $1
melyh82: posts big blind $3
*** HOLE CARDS ***
yur4ok: raises $3 to $6
melyh82: calls $3
*** FLOP *** [4h Kc 2d]
melyh82: checks
yur4ok: bets $3
melyh82: calls $3
*** TURN *** [4h Kc 2d] [4c]
melyh82: checks
yur4ok: bets $6
melyh82: calls $6
*** RIVER *** [4h Kc 2d 4c] [6c]
melyh82: checks
yur4ok: bets $6
melyh82: folds
Uncalled bet ($6) returned to yur4ok
yur4ok collected $29.50 from pot
yur4ok: doesn't show hand
*** SUMMARY ***
Total pot $30 | Rake $0.50
Board [4h Kc 2d 4c 6c]
Seat 1: yur4ok (button) (small blind) collected ($29.50)
Seat 2: melyh82 (big blind) folded on the River


PokerStars Hand #147363142777:  Hold'em Limit ($3/$6 USD) - 2016/01/20 9:03:18 ET
Table 'Aconcagua' 2-max Seat #2 is the button
Seat 1: yur4ok ($98.54 in chips)
Seat 2: melyh82 ($318.50 in chips)
melyh82: posts small blind $1
yur4ok: posts big blind $3
*** HOLE CARDS ***
melyh82: raises $3 to $6
yur4ok: raises $3 to $9
melyh82: calls $3
*** FLOP *** [4s Qs Th]
yur4ok: bets $3
melyh82: calls $3
*** TURN *** [4s Qs Th] [Ks]
yur4ok: bets $6
melyh82: folds
Uncalled bet ($6) returned to yur4ok
yur4ok collected $23.52 from pot
yur4ok: doesn't show hand
*** SUMMARY ***
Total pot $24 | Rake $0.48
Board [4s Qs Th Ks]
Seat 1: yur4ok (big blind) collected ($23.52)
Seat 2: melyh82 (button) (small blind) folded on the Turn


PokerStars Hand #147363149691:  Hold'em Limit ($3/$6 USD) - 2016/01/20 9:03:28 ET
Table 'Aconcagua' 2-max Seat #1 is the button
Seat 1: yur4ok ($110.06 in chips)
Seat 2: melyh82 ($306.50 in chips)
yur4ok: posts small blind $1
melyh82: posts big blind $3
*** HOLE CARDS ***
yur4ok: raises $3 to $6
melyh82: calls $3
*** FLOP *** [Ad 7c Kd]
melyh82: checks
yur4ok: bets $3
melyh82: raises $3 to $6
yur4ok: raises $3 to $9
melyh82: calls $3
*** TURN *** [Ad 7c Kd] [Th]
melyh82: checks
yur4ok: checks
*** RIVER *** [Ad 7c Kd Th] [3c]
melyh82: bets $6
yur4ok: folds
Uncalled bet ($6) returned to melyh82
melyh82 collected $29.50 from pot
melyh82: doesn't show hand
*** SUMMARY ***
Total pot $30 | Rake $0.50
Board [Ad 7c Kd Th 3c]
Seat 1: yur4ok (button) (small blind) folded on the River
Seat 2: melyh82 (big blind) collected ($29.50)


PokerStars Hand #147363160734:  Hold'em Limit ($3/$6 USD) - 2016/01/20 9:03:44 ET
Table 'Aconcagua' 2-max Seat #2 is the button
Seat 1: yur4ok ($95.06 in chips)
Seat 2: melyh82 ($321 in chips)
melyh82: posts small blind $1
yur4ok: posts big blind $3
*** HOLE CARDS ***
melyh82: raises $3 to $6
yur4ok: calls $3
*** FLOP *** [Jd 7c 8d]
yur4ok: checks
melyh82: checks
*** TURN *** [Jd 7c 8d] [Td]
yur4ok: checks
melyh82: bets $6
yur4ok: folds
Uncalled bet ($6) returned to melyh82
melyh82 collected $11.76 from pot
melyh82: doesn't show hand
*** SUMMARY ***
Total pot $12 | Rake $0.24
Board [Jd 7c 8d Td]
Seat 1: yur4ok (big blind) folded on the Turn
Seat 2: melyh82 (button) (small blind) collected ($11.76)


PokerStars Hand #147363169141:  Hold'em Limit ($3/$6 USD) - 2016/01/20 9:03:56 ET
Table 'Aconcagua' 2-max Seat #1 is the button
Seat 1: yur4ok ($89.06 in chips)
Seat 2: melyh82 ($326.76 in chips)
yur4ok: posts small blind $1
melyh82: posts big blind $3
*** HOLE CARDS ***
yur4ok: raises $3 to $6
melyh82: calls $3
*** FLOP *** [Jd 2d Qc]
melyh82: checks
yur4ok: bets $3
melyh82: raises $3 to $6
yur4ok: calls $3
*** TURN *** [Jd 2d Qc] [2c]
melyh82: checks
yur4ok: bets $6
melyh82: calls $6
*** RIVER *** [Jd 2d Qc 2c] [Th]
melyh82: checks
yur4ok: checks
*** SHOW DOWN ***
melyh82: shows [9h Tc] (two pair, Tens and Deuces)
yur4ok: mucks hand
melyh82 collected $35.50 from pot
*** SUMMARY ***
Total pot $36 | Rake $0.50
Board [Jd 2d Qc 2c Th]
Seat 1: yur4ok (button) (small blind) mucked
Seat 2: melyh82 (big blind) showed [9h Tc] and won ($35.50) with two pair, Tens and Deuces


PokerStars Hand #147363181428:  Hold'em Limit ($3/$6 USD) - 2016/01/20 9:04:12 ET
Table 'Aconcagua' 2-max Seat #2 is the button
Seat 1: yur4ok ($72 in chips)
Seat 2: melyh82 ($344.26 in chips)
melyh82: posts small blind $1
yur4ok: posts big blind $3
*** HOLE CARDS ***
melyh82: raises $3 to $6
yur4ok: calls $3
*** FLOP *** [Jd 7s Qs]
yur4ok: checks
melyh82: bets $3
yur4ok: folds
Uncalled bet ($3) returned to melyh82
melyh82 collected $11.76 from pot
melyh82: doesn't show hand
*** SUMMARY ***
Total pot $12 | Rake $0.24
Board [Jd 7s Qs]
Seat 1: yur4ok (big blind) folded on the Flop
Seat 2: melyh82 (button) (small blind) collected ($11.76)


PokerStars Hand #147363189040:  Hold'em Limit ($3/$6 USD) - 2016/01/20 9:04:23 ET
Table 'Aconcagua' 2-max Seat #1 is the button
Seat 1: yur4ok ($72 in chips)
Seat 2: melyh82 ($350.02 in chips)
yur4ok: posts small blind $1
melyh82: posts big blind $3
*** HOLE CARDS ***
yur4ok: raises $3 to $6
melyh82: calls $3
*** FLOP *** [3h 2s Th]
melyh82: checks
yur4ok: checks
*** TURN *** [3h 2s Th] [Td]
melyh82: bets $6
yur4ok: folds
Uncalled bet ($6) returned to melyh82
melyh82 collected $11.76 from pot
melyh82: doesn't show hand
*** SUMMARY ***
Total pot $12 | Rake $0.24
Board [3h 2s Th Td]
Seat 1: yur4ok (button) (small blind) folded on the Turn
Seat 2: melyh82 (big blind) collected ($11.76)


PokerStars Hand #147363197318:  Hold'em Limit ($3/$6 USD) - 2016/01/20 9:04:35 ET
Table 'Aconcagua' 2-max Seat #2 is the button
Seat 1: yur4ok ($72 in chips)
Seat 2: melyh82 ($355.78 in chips)
melyh82: posts small blind $1
yur4ok: posts big blind $3
*** HOLE CARDS ***
melyh82: raises $3 to $6
yur4ok: raises $3 to $9
melyh82: calls $3
*** FLOP *** [8c Qh Tc]
yur4ok: bets $3
melyh82: calls $3
*** TURN *** [8c Qh Tc] [6h]
yur4ok: bets $6
melyh82: folds
Uncalled bet ($6) returned to yur4ok
yur4ok collected $23.52 from pot
yur4ok: doesn't show hand
*** SUMMARY ***
Total pot $24 | Rake $0.48
Board [8c Qh Tc 6h]
Seat 1: yur4ok (big blind) collected ($23.52)
Seat 2: melyh82 (button) (small blind) folded on the Turn


PokerStars Hand #147363205676:  Hold'em Limit ($3/$6 USD) - 2016/01/20 9:04:46 ET
Table 'Aconcagua' 2-max Seat #1 is the button
Seat 1: yur4ok ($83.52 in chips)
Seat 2: melyh82 ($343.78 in chips)
yur4ok: posts small blind $1
melyh82: posts big blind $3
*** HOLE CARDS ***
yur4ok: raises $3 to $6
melyh82: calls $3
*** FLOP *** [9h Qs 4d]
melyh82: checks
yur4ok: bets $3
melyh82: calls $3
*** TURN *** [9h Qs 4d] [Ad]
melyh82: checks
yur4ok: bets $6
melyh82: calls $6
*** RIVER *** [9h Qs 4d Ad] [As]
melyh82: checks
yur4ok: checks
*** SHOW DOWN ***
melyh82: shows [2c 2d] (two pair, Aces and Deuces)
yur4ok: mucks hand
melyh82 collected $29.50 from pot
*** SUMMARY ***
Total pot $30 | Rake $0.50
Board [9h Qs 4d Ad As]
Seat 1: yur4ok (button) (small blind) mucked
Seat 2: melyh82 (big blind) showed [2c 2d] and won ($29.50) with two pair, Aces and Deuces


PokerStars Hand #147363218358:  Hold'em Limit ($3/$6 USD) - 2016/01/20 9:05:03 ET
Table 'Aconcagua' 2-max Seat #2 is the button
Seat 1: yur4ok ($72 in chips)
Seat 2: melyh82 ($358.28 in chips)
melyh82: posts small blind $1
yur4ok: posts big blind $3
*** HOLE CARDS ***
melyh82: raises $3 to $6
yur4ok: raises $3 to $9
melyh82: calls $3
*** FLOP *** [9c 4c Jh]
yur4ok: bets $3
melyh82: calls $3
*** TURN *** [9c 4c Jh] [2d]
yur4ok: bets $6
melyh82: raises $6 to $12
yur4ok: calls $6
*** RIVER *** [9c 4c Jh 2d] [Jd]
yur4ok: checks
melyh82: bets $6
yur4ok: calls $6
*** SHOW DOWN ***
melyh82: shows [7c Ts] (a pair of Jacks)
yur4ok: shows [Kc Tc] (a pair of Jacks - King kicker)
yur4ok collected $59.50 from pot
*** SUMMARY ***
Total pot $60 | Rake $0.50
Board [9c 4c Jh 2d Jd]
Seat 1: yur4ok (big blind) showed [Kc Tc] and won ($59.50) with a pair of Jacks
Seat 2: melyh82 (button) (small blind) showed [7c Ts] and lost with a pair of Jacks


PokerStars Hand #147363244502:  Hold'em Limit ($3/$6 USD) - 2016/01/20 9:05:38 ET
Table 'Aconcagua' 2-max Seat #2 is the button
Seat 1: yur4ok ($131 in chips)
Seat 2: melyh82 ($298.28 in chips)
melyh82: posts small blind $1
yur4ok: posts big blind $3
*** HOLE CARDS ***
melyh82: folds
Uncalled bet ($2) returned to yur4ok
melyh82 leaves the table
yur4ok collected $2 from pot
yur4ok: doesn't show hand
*** SUMMARY ***
Total pot $2 | Rake $0
Seat 1: yur4ok (big blind) collected ($2)
Seat 2: melyh82 (button) (small blind) folded before Flop


PokerStars Hand #147363232117:  Hold'em Limit ($3/$6 USD) - 2016/01/20 9:05:21 ET
Table 'Aconcagua' 2-max Seat #1 is the button
Seat 1: yur4ok ($101.50 in chips)
Seat 2: melyh82 ($328.28 in chips)
yur4ok: posts small blind $1
melyh82: posts big blind $3
*** HOLE CARDS ***
yur4ok: raises $3 to $6
melyh82: raises $3 to $9
yur4ok: calls $3
*** FLOP *** [Qd 2c 4s]
melyh82: bets $3
yur4ok: calls $3
*** TURN *** [Qd 2c 4s] [Kd]
melyh82: bets $6
yur4ok: raises $6 to $12
melyh82: calls $6
*** RIVER *** [Qd 2c 4s Kd] [9c]
melyh82: checks
yur4ok: bets $6
melyh82: calls $6
*** SHOW DOWN ***
yur4ok: shows [Kc Qs] (two pair, Kings and Queens)
melyh82: mucks hand
yur4ok collected $59.50 from pot
*** SUMMARY ***
Total pot $60 | Rake $0.50
Board [Qd 2c 4s Kd 9c]
Seat 1: yur4ok (button) (small blind) showed [Kc Qs] and won ($59.50) with two pair, Kings and Queens
Seat 2: melyh82 (big blind) mucked


