PokerStars Hand #157168963404:  Hold'em Limit ($3/$6 USD) - 2016/08/11 23:15:32 ET
Table 'Acrab II' 6-max Seat #4 is the button
Seat 1: LeandroNSN ($123 in chips)
Seat 4: AzureCaper ($72 in chips)
AzureCaper: posts small blind $1
LeandroNSN: posts big blind $3
*** HOLE CARDS ***
AzureCaper: folds
Uncalled bet ($2) returned to LeandroNSN
LeandroNSN collected $2 from pot
*** SUMMARY ***
Total pot $2 | Rake $0
Seat 1: LeandroNSN (big blind) collected ($2)
Seat 4: AzureCaper (button) (small blind) folded before Flop


PokerStars Hand #157168959048:  Hold'em Limit ($3/$6 USD) - 2016/08/11 23:15:16 ET
Table 'Acrab II' 6-max Seat #1 is the button
Seat 1: LeandroNSN ($120 in chips)
Seat 4: AzureCaper ($72 in chips)
LeandroNSN: posts small blind $1
AzureCaper: posts big blind $3
*** HOLE CARDS ***
LeandroNSN: raises $3 to $6
AzureCaper: folds
Uncalled bet ($3) returned to LeandroNSN
LeandroNSN collected $6 from pot
*** SUMMARY ***
Total pot $6 | Rake $0
Seat 1: LeandroNSN (button) (small blind) collected ($6)
Seat 4: AzureCaper (big blind) folded before Flop


PokerStars Hand #157168964914:  Hold'em Limit ($3/$6 USD) - 2016/08/11 23:15:37 ET
Table 'Acrab II' 6-max Seat #1 is the button
Seat 1: LeandroNSN ($124 in chips)
Seat 4: AzureCaper ($72 in chips)
LeandroNSN: posts small blind $1
AzureCaper: posts big blind $3
*** HOLE CARDS ***
LeandroNSN: raises $3 to $6
AzureCaper: calls $3
*** FLOP *** [5c 6s Qs]
AzureCaper: checks
LeandroNSN: bets $3
AzureCaper: raises $3 to $6
LeandroNSN: calls $3
*** TURN *** [5c 6s Qs] [3s]
AzureCaper: bets $6
LeandroNSN: raises $6 to $12
AzureCaper: calls $6
*** RIVER *** [5c 6s Qs 3s] [8d]
AzureCaper: checks
LeandroNSN: bets $6
AzureCaper: calls $6
*** SHOW DOWN ***
LeandroNSN: shows [Qc Ts] (a pair of Queens)
AzureCaper: mucks hand
LeandroNSN collected $59.50 from pot
*** SUMMARY ***
Total pot $60 | Rake $0.50
Board [5c 6s Qs 3s 8d]
Seat 1: LeandroNSN (button) (small blind) showed [Qc Ts] and won ($59.50) with a pair of Queens
Seat 4: AzureCaper (big blind) mucked


PokerStars Hand #157169027150:  Hold'em Limit ($3/$6 USD) - 2016/08/11 23:19:25 ET
Table 'Acrab II' 6-max Seat #4 is the button
Seat 2: LeandroNSN ($120 in chips)
Seat 4: AzureCaper ($72 in chips)
AzureCaper: posts small blind $1
LeandroNSN: posts big blind $3
*** HOLE CARDS ***
AzureCaper: raises $3 to $6
LeandroNSN: raises $3 to $9
AzureCaper: calls $3
*** FLOP *** [6d Th 3s]
LeandroNSN: bets $3
alpha2777 joins the table at seat #6
AzureCaper: calls $3
*** TURN *** [6d Th 3s] [5c]
LeandroNSN: bets $6
AzureCaper: folds
Uncalled bet ($6) returned to LeandroNSN
LeandroNSN collected $23.52 from pot
*** SUMMARY ***
Total pot $24 | Rake $0.48
Board [6d Th 3s 5c]
Seat 2: LeandroNSN (big blind) collected ($23.52)
Seat 4: AzureCaper (button) (small blind) folded on the Turn


PokerStars Hand #157169033278:  Hold'em Limit ($3/$6 USD) - 2016/08/11 23:19:47 ET
Table 'Acrab II' 6-max Seat #2 is the button
Seat 2: LeandroNSN ($131.52 in chips)
Seat 4: AzureCaper ($72 in chips)
LeandroNSN: posts small blind $1
AzureCaper: posts big blind $3
*** HOLE CARDS ***
LeandroNSN: folds
Uncalled bet ($2) returned to AzureCaper
AzureCaper collected $2 from pot
AzureCaper: doesn't show hand
*** SUMMARY ***
Total pot $2 | Rake $0
Seat 2: LeandroNSN (button) (small blind) folded before Flop
Seat 4: AzureCaper (big blind) collected ($2)


