PokerStars Hand #165593839382:  Hold'em Limit ($3/$6 USD) - 2017/02/02 22:50:38 ET
Table 'Acrab' 6-max Seat #2 is the button
Seat 1: LifeisagameX ($90.76 in chips)
Seat 2: habari786 ($54 in chips)
habari786: posts small blind $1
LifeisagameX: posts big blind $3
*** HOLE CARDS ***
habari786: folds
Uncalled bet ($2) returned to LifeisagameX
LifeisagameX collected $2 from pot
LifeisagameX: doesn't show hand
*** SUMMARY ***
Total pot $2 | Rake $0
Seat 1: LifeisagameX (big blind) collected ($2)
Seat 2: habari786 (button) (small blind) folded before Flop


PokerStars Hand #165593827426:  Hold'em Limit ($3/$6 USD) - 2017/02/02 22:50:05 ET
Table 'Acrab' 6-max Seat #1 is the button
Seat 1: LifeisagameX ($85 in chips)
Seat 2: habari786 ($60 in chips)
LifeisagameX: posts small blind $1
habari786: posts big blind $3
*** HOLE CARDS ***
LifeisagameX: raises $3 to $6
habari786: calls $3
*** FLOP *** [9h As Kc]
habari786: checks
LifeisagameX: bets $3
habari786: folds
Uncalled bet ($3) returned to LifeisagameX
LifeisagameX collected $11.76 from pot
LifeisagameX: doesn't show hand
*** SUMMARY ***
Total pot $12 | Rake $0.24
Board [9h As Kc]
Seat 1: LifeisagameX (button) (small blind) collected ($11.76)
Seat 2: habari786 (big blind) folded on the Flop


PokerStars Hand #165593842659:  Hold'em Limit ($3/$6 USD) - 2017/02/02 22:50:47 ET
Table 'Acrab' 6-max Seat #1 is the button
Seat 1: LifeisagameX ($91.76 in chips)
Seat 2: habari786 ($53 in chips)
LifeisagameX: posts small blind $1
habari786: posts big blind $3
*** HOLE CARDS ***
LifeisagameX: raises $3 to $6
habari786: raises $3 to $9
LifeisagameX: calls $3
*** FLOP *** [6s Jc Qs]
habari786: bets $3
LifeisagameX: calls $3
*** TURN *** [6s Jc Qs] [Ac]
habari786: bets $6
Icecold joins the table at seat #6
LifeisagameX: raises $6 to $12
habari786: calls $6
*** RIVER *** [6s Jc Qs Ac] [9h]
habari786: checks
LifeisagameX: bets $6
habari786: folds
Uncalled bet ($6) returned to LifeisagameX
LifeisagameX collected $47.50 from pot
LifeisagameX: doesn't show hand
*** SUMMARY ***
Total pot $48 | Rake $0.50
Board [6s Jc Qs Ac 9h]
Seat 1: LifeisagameX (button) (small blind) collected ($47.50)
Seat 2: habari786 (big blind) folded on the River


PokerStars Hand #165593886298:  Hold'em Limit ($3/$6 USD) - 2017/02/02 22:52:48 ET
Table 'Acrab' 6-max Seat #2 is the button
Seat 2: habari786 ($27 in chips)
Seat 6: Icecold ($71.90 in chips)
habari786: posts small blind $1
Icecold: posts big blind $3
*** HOLE CARDS ***
habari786: raises $3 to $6
Icecold: calls $3
*** FLOP *** [Jc Tc 8c]
Icecold: checks
Velbor107 joins the table at seat #1
habari786: bets $3
Icecold: calls $3
*** TURN *** [Jc Tc 8c] [Qc]
Icecold: checks
habari786: checks
*** RIVER *** [Jc Tc 8c Qc] [6d]
Icecold: bets $6
habari786: folds
Uncalled bet ($6) returned to Icecold
Icecold collected $17.64 from pot
*** SUMMARY ***
Total pot $18 | Rake $0.36
Board [Jc Tc 8c Qc 6d]
Seat 2: habari786 (button) (small blind) folded on the River
Seat 6: Icecold (big blind) collected ($17.64)


PokerStars Hand #165595454201:  Hold'em Limit ($3/$6 USD) - 2017/02/03 0:14:23 ET
Table 'Acrab' 6-max Seat #2 is the button
Seat 2: lanford ($118.61 in chips)
Seat 3: RaisemyNut$ ($191.98 in chips)
lanford: posts small blind $1
RaisemyNut$: posts big blind $3
*** HOLE CARDS ***
lanford: folds
Uncalled bet ($2) returned to RaisemyNut$
RaisemyNut$ collected $2 from pot
RaisemyNut$: doesn't show hand
*** SUMMARY ***
Total pot $2 | Rake $0
Seat 2: lanford (button) (small blind) folded before Flop
Seat 3: RaisemyNut$ (big blind) collected ($2)


PokerStars Hand #165595452015:  Hold'em Limit ($3/$6 USD) - 2017/02/03 0:14:16 ET
Table 'Acrab' 6-max Seat #3 is the button
Seat 2: lanford ($121.61 in chips)
Seat 3: RaisemyNut$ ($188.98 in chips)
RaisemyNut$: posts small blind $1
beng_51: is sitting out
lanford: posts big blind $3
*** HOLE CARDS ***
RaisemyNut$: raises $3 to $6
beng_51 leaves the table
lanford: folds
Uncalled bet ($3) returned to RaisemyNut$
RaisemyNut$ collected $6 from pot
RaisemyNut$: doesn't show hand
*** SUMMARY ***
Total pot $6 | Rake $0
Seat 2: lanford (big blind) folded before Flop
Seat 3: RaisemyNut$ (button) (small blind) collected ($6)


