PokerStars Hand #144686900712:  Hold'em Limit ($3/$6 USD) - 2015/12/01 18:51:12 ET
Table 'Acrab II' 6-max Seat #3 is the button
Seat 1: mdif ($123 in chips)
Seat 3: minger80 ($40.54 in chips)
minger80: posts small blind $1
mdif: posts big blind $3
*** HOLE CARDS ***
minger80: raises $3 to $6
mdif: raises $3 to $9
minger80: calls $3
*** FLOP *** [Ac 6s 8h]
mdif: bets $3
minger80: calls $3
*** TURN *** [Ac 6s 8h] [Qh]
mdif: checks
minger80: bets $6
mdif: folds
Uncalled bet ($6) returned to minger80
minger80 collected $23.52 from pot
minger80: doesn't show hand
*** SUMMARY ***
Total pot $24 | Rake $0.48
Board [Ac 6s 8h Qh]
Seat 1: mdif (big blind) folded on the Turn
Seat 3: minger80 (button) (small blind) collected ($23.52)


PokerStars Hand #144686895252:  Hold'em Limit ($3/$6 USD) - 2015/12/01 18:51:05 ET
Table 'Acrab II' 6-max Seat #1 is the button
Seat 1: mdif ($120 in chips)
Seat 3: minger80 ($43.54 in chips)
mdif: posts small blind $1
minger80: posts big blind $3
*** HOLE CARDS ***
mdif: raises $3 to $6
minger80: folds
Uncalled bet ($3) returned to mdif
mdif collected $6 from pot
mdif: doesn't show hand
*** SUMMARY ***
Total pot $6 | Rake $0
Seat 1: mdif (button) (small blind) collected ($6)
Seat 3: minger80 (big blind) folded before Flop


PokerStars Hand #144686885094:  Hold'em Limit ($3/$6 USD) - 2015/12/01 18:50:50 ET
Table 'Acrab II' 6-max Seat #3 is the button
Seat 1: mdif ($123 in chips)
Seat 3: minger80 ($37.78 in chips)
minger80: posts small blind $1
mdif: posts big blind $3
*** HOLE CARDS ***
minger80: raises $3 to $6
mdif: calls $3
*** FLOP *** [8s Th 6s]
mdif: checks
minger80: bets $3
mdif: folds
Uncalled bet ($3) returned to minger80
minger80 collected $11.76 from pot
minger80: doesn't show hand
*** SUMMARY ***
Total pot $12 | Rake $0.24
Board [8s Th 6s]
Seat 1: mdif (big blind) folded on the Flop
Seat 3: minger80 (button) (small blind) collected ($11.76)


PokerStars Hand #144686917576:  Hold'em Limit ($3/$6 USD) - 2015/12/01 18:51:37 ET
Table 'Acrab II' 6-max Seat #1 is the button
Seat 1: mdif ($120 in chips)
Seat 3: minger80 ($52.06 in chips)
mdif: posts small blind $1
minger80: posts big blind $3
*** HOLE CARDS ***
mdif: raises $3 to $6
minger80: calls $3
*** FLOP *** [7d Kh Qd]
minger80: checks
mdif: bets $3
minger80: calls $3
*** TURN *** [7d Kh Qd] [4s]
minger80: checks
mdif: checks
*** RIVER *** [7d Kh Qd 4s] [Js]
minger80: checks
mdif: checks
*** SHOW DOWN ***
minger80: shows [Td 6d] (high card King)
mdif: shows [6s 4c] (a pair of Fours)
mdif collected $17.64 from pot
*** SUMMARY ***
Total pot $18 | Rake $0.36
Board [7d Kh Qd 4s Js]
Seat 1: mdif (button) (small blind) showed [6s 4c] and won ($17.64) with a pair of Fours
Seat 3: minger80 (big blind) showed [Td 6d] and lost with high card King


PokerStars Hand #144686970654:  Hold'em Limit ($3/$6 USD) - 2015/12/01 18:52:53 ET
Table 'Acrab II' 6-max Seat #1 is the button
Seat 1: mdif ($122.64 in chips)
Seat 3: minger80 ($48.82 in chips)
mdif: posts small blind $1
minger80: posts big blind $3
*** HOLE CARDS ***
mdif: raises $3 to $6
minger80: calls $3
*** FLOP *** [Jh Tc 3s]
minger80: checks
mdif: bets $3
Arisin joins the table at seat #4
minger80: folds
Uncalled bet ($3) returned to mdif
mdif collected $11.76 from pot
mdif: doesn't show hand
*** SUMMARY ***
Total pot $12 | Rake $0.24
Board [Jh Tc 3s]
Seat 1: mdif (button) (small blind) collected ($11.76)
Seat 3: minger80 (big blind) folded on the Flop


PokerStars Hand #144686967474:  Hold'em Limit ($3/$6 USD) - 2015/12/01 18:52:49 ET
Table 'Acrab II' 6-max Seat #3 is the button
Seat 1: mdif ($121.64 in chips)
Seat 3: minger80 ($49.82 in chips)
minger80: posts small blind $1
mdif: posts big blind $3
*** HOLE CARDS ***
minger80: folds
Uncalled bet ($2) returned to mdif
mdif collected $2 from pot
mdif: doesn't show hand
*** SUMMARY ***
Total pot $2 | Rake $0
Seat 1: mdif (big blind) collected ($2)
Seat 3: minger80 (button) (small blind) folded before Flop


PokerStars Hand #144686962711:  Hold'em Limit ($3/$6 USD) - 2015/12/01 18:52:42 ET
Table 'Acrab II' 6-max Seat #1 is the button
Seat 1: mdif ($122.64 in chips)
Seat 3: minger80 ($48.82 in chips)
mdif: posts small blind $1
minger80: posts big blind $3
*** HOLE CARDS ***
mdif: folds
Uncalled bet ($2) returned to minger80
minger80 collected $2 from pot
minger80: doesn't show hand
*** SUMMARY ***
Total pot $2 | Rake $0
Seat 1: mdif (button) (small blind) folded before Flop
Seat 3: minger80 (big blind) collected ($2)


PokerStars Hand #144686944671:  Hold'em Limit ($3/$6 USD) - 2015/12/01 18:52:16 ET
Table 'Acrab II' 6-max Seat #3 is the button
Seat 1: mdif ($128.64 in chips)
Seat 3: minger80 ($43.06 in chips)
minger80: posts small blind $1
mdif: posts big blind $3
*** HOLE CARDS ***
minger80: calls $2
mdif: checks
*** FLOP *** [5d 2s 7d]
mdif: checks
minger80: bets $3
mdif: calls $3
*** TURN *** [5d 2s 7d] [7s]
mdif: checks
minger80: bets $6
mdif: folds
Uncalled bet ($6) returned to minger80
minger80 collected $11.76 from pot
minger80: doesn't show hand
*** SUMMARY ***
Total pot $12 | Rake $0.24
Board [5d 2s 7d 7s]
Seat 1: mdif (big blind) folded on the Turn
Seat 3: minger80 (button) (small blind) collected ($11.76)


