PokerStars Hand #157390349841:  Hold'em Limit ($3/$6 USD) - 2016/08/17 11:05:14 ET
Table 'Acrux II' 6-max Seat #4 is the button
Seat 4: 19woody58 ($103 in chips)
Seat 5: TbIP-TbIP 88 ($88.50 in chips)
19woody58: posts small blind $1
TbIP-TbIP 88: posts big blind $3
*** HOLE CARDS ***
19woody58: raises $3 to $6
TbIP-TbIP 88: calls $3
*** FLOP *** [Qs 9c Ts]
TbIP-TbIP 88: checks
19woody58: bets $3
TbIP-TbIP 88: folds
Uncalled bet ($3) returned to 19woody58
19woody58 collected $11.76 from pot
*** SUMMARY ***
Total pot $12 | Rake $0.24
Board [Qs 9c Ts]
Seat 4: 19woody58 (button) (small blind) collected ($11.76)
Seat 5: TbIP-TbIP 88 (big blind) folded on the Flop


PokerStars Hand #157390345385:  Hold'em Limit ($3/$6 USD) - 2016/08/17 11:05:06 ET
Table 'Acrux II' 6-max Seat #5 is the button
Seat 4: 19woody58 ($102 in chips)
Seat 5: TbIP-TbIP 88 ($89.50 in chips)
TbIP-TbIP 88: posts small blind $1
19woody58: posts big blind $3
*** HOLE CARDS ***
TbIP-TbIP 88: folds
Uncalled bet ($2) returned to 19woody58
19woody58 collected $2 from pot
*** SUMMARY ***
Total pot $2 | Rake $0
Seat 4: 19woody58 (big blind) collected ($2)
Seat 5: TbIP-TbIP 88 (button) (small blind) folded before Flop


PokerStars Hand #157390330823:  Hold'em Limit ($3/$6 USD) - 2016/08/17 11:04:41 ET
Table 'Acrux II' 6-max Seat #4 is the button
Seat 4: 19woody58 ($120 in chips)
Seat 5: TbIP-TbIP 88 ($72 in chips)
19woody58: posts small blind $1
TbIP-TbIP 88: posts big blind $3
*** HOLE CARDS ***
19woody58: raises $3 to $6
TbIP-TbIP 88: calls $3
*** FLOP *** [Qh 2d 9d]
TbIP-TbIP 88: checks
19woody58: checks
*** TURN *** [Qh 2d 9d] [5c]
TbIP-TbIP 88: bets $6
19woody58: calls $6
*** RIVER *** [Qh 2d 9d 5c] [5s]
TbIP-TbIP 88: bets $6
19woody58: calls $6
*** SHOW DOWN ***
TbIP-TbIP 88: shows [9c Ks] (two pair, Nines and Fives)
19woody58: mucks hand
TbIP-TbIP 88 collected $35.50 from pot
*** SUMMARY ***
Total pot $36 | Rake $0.50
Board [Qh 2d 9d 5c 5s]
Seat 4: 19woody58 (button) (small blind) mucked
Seat 5: TbIP-TbIP 88 (big blind) showed [9c Ks] and won ($35.50) with two pair, Nines and Fives


PokerStars Hand #157390377572:  Hold'em Limit ($3/$6 USD) - 2016/08/17 11:06:01 ET
Table 'Acrux II' 6-max Seat #5 is the button
Seat 4: 19woody58 ($104.76 in chips)
Seat 5: TbIP-TbIP 88 ($86.50 in chips)
TbIP-TbIP 88: posts small blind $1
19woody58: posts big blind $3
*** HOLE CARDS ***
TbIP-TbIP 88: raises $3 to $6
19woody58: calls $3
*** FLOP *** [4d 3h 3d]
19woody58: checks
TbIP-TbIP 88: bets $3
19woody58: folds
Uncalled bet ($3) returned to TbIP-TbIP 88
TbIP-TbIP 88 collected $11.76 from pot
TbIP-TbIP 88: doesn't show hand
*** SUMMARY ***
Total pot $12 | Rake $0.24
Board [4d 3h 3d]
Seat 4: 19woody58 (big blind) folded on the Flop
Seat 5: TbIP-TbIP 88 (button) (small blind) collected ($11.76)


PokerStars Hand #157390374924:  Hold'em Limit ($3/$6 USD) - 2016/08/17 11:05:57 ET
Table 'Acrux II' 6-max Seat #4 is the button
Seat 4: 19woody58 ($105.76 in chips)
Seat 5: TbIP-TbIP 88 ($85.50 in chips)
19woody58: posts small blind $1
TbIP-TbIP 88: posts big blind $3
*** HOLE CARDS ***
19woody58: folds
Uncalled bet ($2) returned to TbIP-TbIP 88
TbIP-TbIP 88 collected $2 from pot
*** SUMMARY ***
Total pot $2 | Rake $0
Seat 4: 19woody58 (button) (small blind) folded before Flop
Seat 5: TbIP-TbIP 88 (big blind) collected ($2)


PokerStars Hand #157390369969:  Hold'em Limit ($3/$6 USD) - 2016/08/17 11:05:48 ET
Table 'Acrux II' 6-max Seat #5 is the button
Seat 4: 19woody58 ($108.76 in chips)
Seat 5: TbIP-TbIP 88 ($82.50 in chips)
TbIP-TbIP 88: posts small blind $1
19woody58: posts big blind $3
*** HOLE CARDS ***
TbIP-TbIP 88: raises $3 to $6
19woody58: folds
Uncalled bet ($3) returned to TbIP-TbIP 88
TbIP-TbIP 88 collected $6 from pot
TbIP-TbIP 88: doesn't show hand
*** SUMMARY ***
Total pot $6 | Rake $0
Seat 4: 19woody58 (big blind) folded before Flop
Seat 5: TbIP-TbIP 88 (button) (small blind) collected ($6)


PokerStars Hand #157390367160:  Hold'em Limit ($3/$6 USD) - 2016/08/17 11:05:43 ET
Table 'Acrux II' 6-max Seat #4 is the button
Seat 4: 19woody58 ($109.76 in chips)
Seat 5: TbIP-TbIP 88 ($81.50 in chips)
19woody58: posts small blind $1
TbIP-TbIP 88: posts big blind $3
*** HOLE CARDS ***
19woody58: folds
Uncalled bet ($2) returned to TbIP-TbIP 88
TbIP-TbIP 88 collected $2 from pot
TbIP-TbIP 88: doesn't show hand
*** SUMMARY ***
Total pot $2 | Rake $0
Seat 4: 19woody58 (button) (small blind) folded before Flop
Seat 5: TbIP-TbIP 88 (big blind) collected ($2)


PokerStars Hand #157390361682:  Hold'em Limit ($3/$6 USD) - 2016/08/17 11:05:34 ET
Table 'Acrux II' 6-max Seat #5 is the button
Seat 4: 19woody58 ($108.76 in chips)
Seat 5: TbIP-TbIP 88 ($82.50 in chips)
TbIP-TbIP 88: posts small blind $1
19woody58: posts big blind $3
*** HOLE CARDS ***
TbIP-TbIP 88: folds
Uncalled bet ($2) returned to 19woody58
19woody58 collected $2 from pot
*** SUMMARY ***
Total pot $2 | Rake $0
Seat 4: 19woody58 (big blind) collected ($2)
Seat 5: TbIP-TbIP 88 (button) (small blind) folded before Flop


PokerStars Hand #157390409431:  Hold'em Limit ($3/$6 USD) - 2016/08/17 11:06:56 ET
Table 'Acrux II' 6-max Seat #5 is the button
Seat 4: 19woody58 ($113.26 in chips)
Seat 5: TbIP-TbIP 88 ($77.26 in chips)
TbIP-TbIP 88: posts small blind $1
19woody58: posts big blind $3
*** HOLE CARDS ***
TbIP-TbIP 88: raises $3 to $6
19woody58: calls $3
*** FLOP *** [4s Ks 6d]
19woody58: checks
TbIP-TbIP 88: bets $3
19woody58: folds
Uncalled bet ($3) returned to TbIP-TbIP 88
TbIP-TbIP 88 collected $11.76 from pot
TbIP-TbIP 88: doesn't show hand
*** SUMMARY ***
Total pot $12 | Rake $0.24
Board [4s Ks 6d]
Seat 4: 19woody58 (big blind) folded on the Flop
Seat 5: TbIP-TbIP 88 (button) (small blind) collected ($11.76)


PokerStars Hand #157390406672:  Hold'em Limit ($3/$6 USD) - 2016/08/17 11:06:51 ET
Table 'Acrux II' 6-max Seat #4 is the button
Seat 4: 19woody58 ($114.26 in chips)
Seat 5: TbIP-TbIP 88 ($76.26 in chips)
19woody58: posts small blind $1
TbIP-TbIP 88: posts big blind $3
*** HOLE CARDS ***
19woody58: folds
Uncalled bet ($2) returned to TbIP-TbIP 88
TbIP-TbIP 88 collected $2 from pot
TbIP-TbIP 88: doesn't show hand
*** SUMMARY ***
Total pot $2 | Rake $0
Seat 4: 19woody58 (button) (small blind) folded before Flop
Seat 5: TbIP-TbIP 88 (big blind) collected ($2)


PokerStars Hand #157390404123:  Hold'em Limit ($3/$6 USD) - 2016/08/17 11:06:47 ET
Table 'Acrux II' 6-max Seat #5 is the button
Seat 4: 19woody58 ($113.26 in chips)
Seat 5: TbIP-TbIP 88 ($77.26 in chips)
TbIP-TbIP 88: posts small blind $1
19woody58: posts big blind $3
*** HOLE CARDS ***
TbIP-TbIP 88: folds
Uncalled bet ($2) returned to 19woody58
19woody58 collected $2 from pot
*** SUMMARY ***
Total pot $2 | Rake $0
Seat 4: 19woody58 (big blind) collected ($2)
Seat 5: TbIP-TbIP 88 (button) (small blind) folded before Flop


PokerStars Hand #157390388335:  Hold'em Limit ($3/$6 USD) - 2016/08/17 11:06:20 ET
Table 'Acrux II' 6-max Seat #4 is the button
Seat 4: 19woody58 ($98.76 in chips)
Seat 5: TbIP-TbIP 88 ($92.26 in chips)
19woody58: posts small blind $1
TbIP-TbIP 88: posts big blind $3
*** HOLE CARDS ***
19woody58: raises $3 to $6
TbIP-TbIP 88: calls $3
*** FLOP *** [Th 5s 3c]
TbIP-TbIP 88: checks
19woody58: bets $3
TbIP-TbIP 88: calls $3
*** TURN *** [Th 5s 3c] [8d]
TbIP-TbIP 88: checks
19woody58: checks
*** RIVER *** [Th 5s 3c 8d] [7h]
TbIP-TbIP 88: bets $6
19woody58: calls $6
*** SHOW DOWN ***
TbIP-TbIP 88: shows [Qh Jd] (high card Queen)
19woody58: shows [Ad 7s] (a pair of Sevens)
19woody58 collected $29.50 from pot
*** SUMMARY ***
Total pot $30 | Rake $0.50
Board [Th 5s 3c 8d 7h]
Seat 4: 19woody58 (button) (small blind) showed [Ad 7s] and won ($29.50) with a pair of Sevens
Seat 5: TbIP-TbIP 88 (big blind) showed [Qh Jd] and lost with high card Queen


PokerStars Hand #157390453494:  Hold'em Limit ($3/$6 USD) - 2016/08/17 11:08:12 ET
Table 'Acrux II' 6-max Seat #4 is the button
Seat 4: 19woody58 ($114.02 in chips)
Seat 5: TbIP-TbIP 88 ($76.02 in chips)
19woody58: posts small blind $1
TbIP-TbIP 88: posts big blind $3
*** HOLE CARDS ***
19woody58: raises $3 to $6
TbIP-TbIP 88: calls $3
*** FLOP *** [Jd 2s 3c]
TbIP-TbIP 88: checks
19woody58: bets $3
TbIP-TbIP 88: folds
Uncalled bet ($3) returned to 19woody58
19woody58 collected $11.76 from pot
*** SUMMARY ***
Total pot $12 | Rake $0.24
Board [Jd 2s 3c]
Seat 4: 19woody58 (button) (small blind) collected ($11.76)
Seat 5: TbIP-TbIP 88 (big blind) folded on the Flop


PokerStars Hand #157390450031:  Hold'em Limit ($3/$6 USD) - 2016/08/17 11:08:06 ET
Table 'Acrux II' 6-max Seat #5 is the button
Seat 4: 19woody58 ($113.02 in chips)
Seat 5: TbIP-TbIP 88 ($77.02 in chips)
TbIP-TbIP 88: posts small blind $1
19woody58: posts big blind $3
*** HOLE CARDS ***
TbIP-TbIP 88: folds
Uncalled bet ($2) returned to 19woody58
19woody58 collected $2 from pot
*** SUMMARY ***
Total pot $2 | Rake $0
Seat 4: 19woody58 (big blind) collected ($2)
Seat 5: TbIP-TbIP 88 (button) (small blind) folded before Flop


PokerStars Hand #157390447334:  Hold'em Limit ($3/$6 USD) - 2016/08/17 11:08:01 ET
Table 'Acrux II' 6-max Seat #4 is the button
Seat 4: 19woody58 ($114.02 in chips)
Seat 5: TbIP-TbIP 88 ($76.02 in chips)
19woody58: posts small blind $1
TbIP-TbIP 88: posts big blind $3
*** HOLE CARDS ***
19woody58: folds
Uncalled bet ($2) returned to TbIP-TbIP 88
TbIP-TbIP 88 collected $2 from pot
TbIP-TbIP 88: doesn't show hand
*** SUMMARY ***
Total pot $2 | Rake $0
Seat 4: 19woody58 (button) (small blind) folded before Flop
Seat 5: TbIP-TbIP 88 (big blind) collected ($2)


PokerStars Hand #157390439460:  Hold'em Limit ($3/$6 USD) - 2016/08/17 11:07:48 ET
Table 'Acrux II' 6-max Seat #5 is the button
Seat 4: 19woody58 ($113.02 in chips)
Seat 5: TbIP-TbIP 88 ($77.02 in chips)
TbIP-TbIP 88: posts small blind $1
19woody58: posts big blind $3
*** HOLE CARDS ***
TbIP-TbIP 88: folds
Uncalled bet ($2) returned to 19woody58
19woody58 collected $2 from pot
*** SUMMARY ***
Total pot $2 | Rake $0
Seat 4: 19woody58 (big blind) collected ($2)
Seat 5: TbIP-TbIP 88 (button) (small blind) folded before Flop


PokerStars Hand #157390422198:  Hold'em Limit ($3/$6 USD) - 2016/08/17 11:07:18 ET
Table 'Acrux II' 6-max Seat #4 is the button
Seat 4: 19woody58 ($107.26 in chips)
Seat 5: TbIP-TbIP 88 ($83.02 in chips)
19woody58: posts small blind $1
TbIP-TbIP 88: posts big blind $3
*** HOLE CARDS ***
19woody58: raises $3 to $6
TbIP-TbIP 88: calls $3
*** FLOP *** [5c Td Qd]
TbIP-TbIP 88: checks
19woody58: checks
*** TURN *** [5c Td Qd] [6h]
TbIP-TbIP 88: checks
19woody58: checks
*** RIVER *** [5c Td Qd 6h] [Ah]
TbIP-TbIP 88: checks
19woody58: bets $6
TbIP-TbIP 88: folds
Uncalled bet ($6) returned to 19woody58
19woody58 collected $11.76 from pot
*** SUMMARY ***
Total pot $12 | Rake $0.24
Board [5c Td Qd 6h Ah]
Seat 4: 19woody58 (button) (small blind) collected ($11.76)
Seat 5: TbIP-TbIP 88 (big blind) folded on the River


PokerStars Hand #157390485078:  Hold'em Limit ($3/$6 USD) - 2016/08/17 11:09:06 ET
Table 'Acrux II' 6-max Seat #4 is the button
Seat 4: 19woody58 ($128.42 in chips)
Seat 5: TbIP-TbIP 88 ($72 in chips)
19woody58: posts small blind $1
TbIP-TbIP 88: posts big blind $3
*** HOLE CARDS ***
19woody58: calls $2
TbIP-TbIP 88: checks
*** FLOP *** [2h 8h Th]
TbIP-TbIP 88: bets $3
19woody58: calls $3
*** TURN *** [2h 8h Th] [9h]
TbIP-TbIP 88: checks
19woody58: checks
*** RIVER *** [2h 8h Th 9h] [Ts]
TbIP-TbIP 88: checks
19woody58: checks
*** SHOW DOWN ***
TbIP-TbIP 88: shows [8s 4d] (two pair, Tens and Eights)
19woody58: shows [3c 3h] (a flush, Ten high)
19woody58 collected $11.76 from pot
*** SUMMARY ***
Total pot $12 | Rake $0.24
Board [2h 8h Th 9h Ts]
Seat 4: 19woody58 (button) (small blind) showed [3c 3h] and won ($11.76) with a flush, Ten high
Seat 5: TbIP-TbIP 88 (big blind) showed [8s 4d] and lost with two pair, Tens and Eights


PokerStars Hand #157390463728:  Hold'em Limit ($3/$6 USD) - 2016/08/17 11:08:29 ET
Table 'Acrux II' 6-max Seat #5 is the button
Seat 4: 19woody58 ($119.78 in chips)
Seat 5: TbIP-TbIP 88 ($72 in chips)
TbIP-TbIP 88: posts small blind $1
19woody58: posts big blind $3
*** HOLE CARDS ***
TbIP-TbIP 88: raises $3 to $6
19woody58: calls $3
*** FLOP *** [4s 9h 5c]
19woody58: checks
TbIP-TbIP 88: bets $3
19woody58: calls $3
*** TURN *** [4s 9h 5c] [Qd]
19woody58: checks
TbIP-TbIP 88: checks
*** RIVER *** [4s 9h 5c Qd] [3h]
19woody58: bets $6
TbIP-TbIP 88: folds
Uncalled bet ($6) returned to 19woody58
19woody58 collected $17.64 from pot
*** SUMMARY ***
Total pot $18 | Rake $0.36
Board [4s 9h 5c Qd 3h]
Seat 4: 19woody58 (big blind) collected ($17.64)
Seat 5: TbIP-TbIP 88 (button) (small blind) folded on the River


PokerStars Hand #157390506369:  Hold'em Limit ($3/$6 USD) - 2016/08/17 11:09:43 ET
Table 'Acrux II' 6-max Seat #4 is the button
Seat 4: 19woody58 ($131.18 in chips)
Seat 5: TbIP-TbIP 88 ($75 in chips)
19woody58: posts small blind $1
TbIP-TbIP 88: posts big blind $3
*** HOLE CARDS ***
19woody58: folds
Uncalled bet ($2) returned to TbIP-TbIP 88
TbIP-TbIP 88 collected $2 from pot
TbIP-TbIP 88: doesn't show hand
*** SUMMARY ***
Total pot $2 | Rake $0
Seat 4: 19woody58 (button) (small blind) folded before Flop
Seat 5: TbIP-TbIP 88 (big blind) collected ($2)


PokerStars Hand #157390499634:  Hold'em Limit ($3/$6 USD) - 2016/08/17 11:09:31 ET
Table 'Acrux II' 6-max Seat #5 is the button
Seat 4: 19woody58 ($134.18 in chips)
Seat 5: TbIP-TbIP 88 ($72 in chips)
TbIP-TbIP 88: posts small blind $1
19woody58: posts big blind $3
*** HOLE CARDS ***
TbIP-TbIP 88: raises $3 to $6
19woody58: folds
Uncalled bet ($3) returned to TbIP-TbIP 88
TbIP-TbIP 88 collected $6 from pot
TbIP-TbIP 88: doesn't show hand
*** SUMMARY ***
Total pot $6 | Rake $0
Seat 4: 19woody58 (big blind) folded before Flop
Seat 5: TbIP-TbIP 88 (button) (small blind) collected ($6)


PokerStars Hand #157390715333:  Hold'em Limit ($3/$6 USD) - 2016/08/17 11:15:40 ET
Table 'Acrux II' 6-max Seat #4 is the button
Seat 4: dirk 0001 ($95.50 in chips)
Seat 5: TbIP-TbIP 88 ($72 in chips)
dirk 0001: posts small blind $1
TbIP-TbIP 88: posts big blind $3
*** HOLE CARDS ***
dirk 0001: folds
Uncalled bet ($2) returned to TbIP-TbIP 88
TbIP-TbIP 88 collected $2 from pot
TbIP-TbIP 88: doesn't show hand
*** SUMMARY ***
Total pot $2 | Rake $0
Seat 4: dirk 0001 (button) (small blind) folded before Flop
Seat 5: TbIP-TbIP 88 (big blind) collected ($2)


PokerStars Hand #157390700392:  Hold'em Limit ($3/$6 USD) - 2016/08/17 11:15:14 ET
Table 'Acrux II' 6-max Seat #5 is the button
Seat 4: dirk 0001 ($72 in chips)
Seat 5: TbIP-TbIP 88 ($76 in chips)
TbIP-TbIP 88: posts small blind $1
dirk 0001: posts big blind $3
*** HOLE CARDS ***
TbIP-TbIP 88: raises $3 to $6
dirk 0001: calls $3
*** FLOP *** [Ah 6h 5h]
dirk 0001: checks
TbIP-TbIP 88: bets $3
dirk 0001: raises $3 to $6
TbIP-TbIP 88: calls $3
*** TURN *** [Ah 6h 5h] [4c]
dirk 0001: bets $6
TbIP-TbIP 88: calls $6
*** RIVER *** [Ah 6h 5h 4c] [8h]
dirk 0001: bets $6
TbIP-TbIP 88: calls $6
*** SHOW DOWN ***
dirk 0001: shows [Jh 9d] (a flush, Ace high)
TbIP-TbIP 88: mucks hand
dirk 0001 collected $47.50 from pot
*** SUMMARY ***
Total pot $48 | Rake $0.50
Board [Ah 6h 5h 4c 8h]
Seat 4: dirk 0001 (big blind) showed [Jh 9d] and won ($47.50) with a flush, Ace high
Seat 5: TbIP-TbIP 88 (button) (small blind) mucked


PokerStars Hand #157390722493:  Hold'em Limit ($3/$6 USD) - 2016/08/17 11:15:52 ET
Table 'Acrux II' 6-max Seat #4 is the button
Seat 4: dirk 0001 ($91.50 in chips)
Seat 5: TbIP-TbIP 88 ($76 in chips)
dirk 0001: posts small blind $1
TbIP-TbIP 88: posts big blind $3
*** HOLE CARDS ***
dirk 0001: folds
Uncalled bet ($2) returned to TbIP-TbIP 88
TbIP-TbIP 88 collected $2 from pot
TbIP-TbIP 88: doesn't show hand
*** SUMMARY ***
Total pot $2 | Rake $0
Seat 4: dirk 0001 (button) (small blind) folded before Flop
Seat 5: TbIP-TbIP 88 (big blind) collected ($2)


PokerStars Hand #157390717857:  Hold'em Limit ($3/$6 USD) - 2016/08/17 11:15:44 ET
Table 'Acrux II' 6-max Seat #5 is the button
Seat 4: dirk 0001 ($94.50 in chips)
Seat 5: TbIP-TbIP 88 ($73 in chips)
TbIP-TbIP 88: posts small blind $1
dirk 0001: posts big blind $3
*** HOLE CARDS ***
TbIP-TbIP 88: raises $3 to $6
dirk 0001: folds
Uncalled bet ($3) returned to TbIP-TbIP 88
TbIP-TbIP 88 collected $6 from pot
TbIP-TbIP 88: doesn't show hand
*** SUMMARY ***
Total pot $6 | Rake $0
Seat 4: dirk 0001 (big blind) folded before Flop
Seat 5: TbIP-TbIP 88 (button) (small blind) collected ($6)


PokerStars Hand #157390725883:  Hold'em Limit ($3/$6 USD) - 2016/08/17 11:15:58 ET
Table 'Acrux II' 6-max Seat #5 is the button
Seat 4: dirk 0001 ($90.50 in chips)
Seat 5: TbIP-TbIP 88 ($77 in chips)
TbIP-TbIP 88: posts small blind $1
dirk 0001: posts big blind $3
*** HOLE CARDS ***
TbIP-TbIP 88: raises $3 to $6
dirk 0001: calls $3
*** FLOP *** [7s 2s 3c]
dirk 0001: checks
TbIP-TbIP 88: bets $3
dirk 0001: raises $3 to $6
TbIP-TbIP 88: calls $3
*** TURN *** [7s 2s 3c] [3d]
dirk 0001: bets $6
TbIP-TbIP 88: calls $6
*** RIVER *** [7s 2s 3c 3d] [7d]
dirk 0001: bets $6
TbIP-TbIP 88: calls $6
*** SHOW DOWN ***
dirk 0001: shows [6h 5h] (two pair, Sevens and Threes)
TbIP-TbIP 88: shows [4h 4d] (two pair, Sevens and Fours)
TbIP-TbIP 88 collected $47.50 from pot
*** SUMMARY ***
Total pot $48 | Rake $0.50
Board [7s 2s 3c 3d 7d]
Seat 4: dirk 0001 (big blind) showed [6h 5h] and lost with two pair, Sevens and Threes
Seat 5: TbIP-TbIP 88 (button) (small blind) showed [4h 4d] and won ($47.50) with two pair, Sevens and Fours


PokerStars Hand #157390758611:  Hold'em Limit ($3/$6 USD) - 2016/08/17 11:16:53 ET
Table 'Acrux II' 6-max Seat #5 is the button
Seat 4: dirk 0001 ($87 in chips)
Seat 5: TbIP-TbIP 88 ($79.50 in chips)
TbIP-TbIP 88: posts small blind $1
dirk 0001: posts big blind $3
*** HOLE CARDS ***
TbIP-TbIP 88: folds
Uncalled bet ($2) returned to dirk 0001
dirk 0001 collected $2 from pot
dirk 0001: doesn't show hand
*** SUMMARY ***
Total pot $2 | Rake $0
Seat 4: dirk 0001 (big blind) collected ($2)
Seat 5: TbIP-TbIP 88 (button) (small blind) folded before Flop


PokerStars Hand #157390734821:  Hold'em Limit ($3/$6 USD) - 2016/08/17 11:16:13 ET
Table 'Acrux II' 6-max Seat #4 is the button
Seat 4: dirk 0001 ($66.50 in chips)
Seat 5: TbIP-TbIP 88 ($100.50 in chips)
dirk 0001: posts small blind $1
TbIP-TbIP 88: posts big blind $3
*** HOLE CARDS ***
dirk 0001: raises $3 to $6
TbIP-TbIP 88: calls $3
*** FLOP *** [Kd Tc Jc]
TbIP-TbIP 88: checks
dirk 0001: bets $3
TbIP-TbIP 88: calls $3
*** TURN *** [Kd Tc Jc] [Qs]
TbIP-TbIP 88: checks
dirk 0001: bets $6
TbIP-TbIP 88: calls $6
*** RIVER *** [Kd Tc Jc Qs] [2c]
TbIP-TbIP 88: checks
dirk 0001: bets $6
TbIP-TbIP 88: calls $6
*** SHOW DOWN ***
dirk 0001: shows [Ac 6h] (a straight, Ten to Ace)
TbIP-TbIP 88: mucks hand
dirk 0001 collected $41.50 from pot
*** SUMMARY ***
Total pot $42 | Rake $0.50
Board [Kd Tc Jc Qs 2c]
Seat 4: dirk 0001 (button) (small blind) showed [Ac 6h] and won ($41.50) with a straight, Ten to Ace
Seat 5: TbIP-TbIP 88 (big blind) mucked


PokerStars Hand #157390761743:  Hold'em Limit ($3/$6 USD) - 2016/08/17 11:16:58 ET
Table 'Acrux II' 6-max Seat #4 is the button
Seat 4: dirk 0001 ($88 in chips)
Seat 5: TbIP-TbIP 88 ($78.50 in chips)
dirk 0001: posts small blind $1
TbIP-TbIP 88: posts big blind $3
*** HOLE CARDS ***
dirk 0001: folds
Uncalled bet ($2) returned to TbIP-TbIP 88
TbIP-TbIP 88 collected $2 from pot
TbIP-TbIP 88: doesn't show hand
*** SUMMARY ***
Total pot $2 | Rake $0
Seat 4: dirk 0001 (button) (small blind) folded before Flop
Seat 5: TbIP-TbIP 88 (big blind) collected ($2)


PokerStars Hand #157390768821:  Hold'em Limit ($3/$6 USD) - 2016/08/17 11:17:10 ET
Table 'Acrux II' 6-max Seat #4 is the button
Seat 4: dirk 0001 ($88 in chips)
Seat 5: TbIP-TbIP 88 ($78.50 in chips)
dirk 0001: posts small blind $1
TbIP-TbIP 88: posts big blind $3
*** HOLE CARDS ***
dirk 0001: folds
Uncalled bet ($2) returned to TbIP-TbIP 88
TbIP-TbIP 88 collected $2 from pot
TbIP-TbIP 88: doesn't show hand
*** SUMMARY ***
Total pot $2 | Rake $0
Seat 4: dirk 0001 (button) (small blind) folded before Flop
Seat 5: TbIP-TbIP 88 (big blind) collected ($2)


PokerStars Hand #157390764983:  Hold'em Limit ($3/$6 USD) - 2016/08/17 11:17:04 ET
Table 'Acrux II' 6-max Seat #5 is the button
Seat 4: dirk 0001 ($87 in chips)
Seat 5: TbIP-TbIP 88 ($79.50 in chips)
TbIP-TbIP 88: posts small blind $1
dirk 0001: posts big blind $3
*** HOLE CARDS ***
TbIP-TbIP 88: folds
Uncalled bet ($2) returned to dirk 0001
dirk 0001 collected $2 from pot
dirk 0001: doesn't show hand
*** SUMMARY ***
Total pot $2 | Rake $0
Seat 4: dirk 0001 (big blind) collected ($2)
Seat 5: TbIP-TbIP 88 (button) (small blind) folded before Flop


PokerStars Hand #157390771505:  Hold'em Limit ($3/$6 USD) - 2016/08/17 11:17:15 ET
Table 'Acrux II' 6-max Seat #5 is the button
Seat 4: dirk 0001 ($87 in chips)
Seat 5: TbIP-TbIP 88 ($79.50 in chips)
TbIP-TbIP 88: posts small blind $1
dirk 0001: posts big blind $3
*** HOLE CARDS ***
TbIP-TbIP 88: raises $3 to $6
dirk 0001: calls $3
*** FLOP *** [7s Ad 6h]
dirk 0001: checks
TbIP-TbIP 88: bets $3
dirk 0001: folds
Uncalled bet ($3) returned to TbIP-TbIP 88
TbIP-TbIP 88 collected $11.76 from pot
TbIP-TbIP 88: doesn't show hand
*** SUMMARY ***
Total pot $12 | Rake $0.24
Board [7s Ad 6h]
Seat 4: dirk 0001 (big blind) folded on the Flop
Seat 5: TbIP-TbIP 88 (button) (small blind) collected ($11.76)


PokerStars Hand #157390779850:  Hold'em Limit ($3/$6 USD) - 2016/08/17 11:17:29 ET
Table 'Acrux II' 6-max Seat #4 is the button
Seat 4: dirk 0001 ($81 in chips)
Seat 5: TbIP-TbIP 88 ($85.26 in chips)
dirk 0001: posts small blind $1
TbIP-TbIP 88: posts big blind $3
*** HOLE CARDS ***
dirk 0001: raises $3 to $6
TbIP-TbIP 88: calls $3
*** FLOP *** [8c 7h Tc]
TbIP-TbIP 88: checks
dirk 0001: checks
*** TURN *** [8c 7h Tc] [8s]
TbIP-TbIP 88: checks
dirk 0001: bets $6
TbIP-TbIP 88: calls $6
*** RIVER *** [8c 7h Tc 8s] [9s]
TbIP-TbIP 88: checks
dirk 0001: checks
*** SHOW DOWN ***
TbIP-TbIP 88: shows [7d 4d] (two pair, Eights and Sevens)
dirk 0001: mucks hand
TbIP-TbIP 88 collected $23.52 from pot
*** SUMMARY ***
Total pot $24 | Rake $0.48
Board [8c 7h Tc 8s 9s]
Seat 4: dirk 0001 (button) (small blind) mucked
Seat 5: TbIP-TbIP 88 (big blind) showed [7d 4d] and won ($23.52) with two pair, Eights and Sevens


PokerStars Hand #157390797464:  Hold'em Limit ($3/$6 USD) - 2016/08/17 11:17:59 ET
Table 'Acrux II' 6-max Seat #5 is the button
Seat 4: dirk 0001 ($69 in chips)
Seat 5: TbIP-TbIP 88 ($96.78 in chips)
TbIP-TbIP 88: posts small blind $1
dirk 0001: posts big blind $3
*** HOLE CARDS ***
TbIP-TbIP 88: raises $3 to $6
dirk 0001: raises $3 to $9
TbIP-TbIP 88: calls $3
*** FLOP *** [Ts 6s 7s]
dirk 0001: bets $3
TbIP-TbIP 88: calls $3
*** TURN *** [Ts 6s 7s] [3s]
dirk 0001: checks
TbIP-TbIP 88: checks
*** RIVER *** [Ts 6s 7s 3s] [3h]
dirk 0001: bets $6
TbIP-TbIP 88: calls $6
*** SHOW DOWN ***
dirk 0001: shows [8s As] (a flush, Ace high)
TbIP-TbIP 88: mucks hand
dirk 0001 collected $35.50 from pot
*** SUMMARY ***
Total pot $36 | Rake $0.50
Board [Ts 6s 7s 3s 3h]
Seat 4: dirk 0001 (big blind) showed [8s As] and won ($35.50) with a flush, Ace high
Seat 5: TbIP-TbIP 88 (button) (small blind) mucked


PokerStars Hand #157390828273:  Hold'em Limit ($3/$6 USD) - 2016/08/17 11:18:51 ET
Table 'Acrux II' 6-max Seat #5 is the button
Seat 4: dirk 0001 ($62.50 in chips)
Seat 5: TbIP-TbIP 88 ($102.28 in chips)
TbIP-TbIP 88: posts small blind $1
dirk 0001: posts big blind $3
*** HOLE CARDS ***
TbIP-TbIP 88: folds
Uncalled bet ($2) returned to dirk 0001
dirk 0001 collected $2 from pot
dirk 0001: doesn't show hand
*** SUMMARY ***
Total pot $2 | Rake $0
Seat 4: dirk 0001 (big blind) collected ($2)
Seat 5: TbIP-TbIP 88 (button) (small blind) folded before Flop


PokerStars Hand #157390813805:  Hold'em Limit ($3/$6 USD) - 2016/08/17 11:18:26 ET
Table 'Acrux II' 6-max Seat #4 is the button
Seat 4: dirk 0001 ($86.50 in chips)
Seat 5: TbIP-TbIP 88 ($78.78 in chips)
dirk 0001: posts small blind $1
TbIP-TbIP 88: posts big blind $3
*** HOLE CARDS ***
dirk 0001: calls $2
TbIP-TbIP 88: checks
*** FLOP *** [7h 6s Tc]
TbIP-TbIP 88: checks
dirk 0001: bets $3
TbIP-TbIP 88: calls $3
*** TURN *** [7h 6s Tc] [Kd]
TbIP-TbIP 88: checks
dirk 0001: bets $6
TbIP-TbIP 88: raises $6 to $12
dirk 0001: calls $6
*** RIVER *** [7h 6s Tc Kd] [3s]
TbIP-TbIP 88: bets $6
dirk 0001: calls $6
*** SHOW DOWN ***
TbIP-TbIP 88: shows [6d Kc] (two pair, Kings and Sixes)
dirk 0001: mucks hand
TbIP-TbIP 88 collected $47.50 from pot
*** SUMMARY ***
Total pot $48 | Rake $0.50
Board [7h 6s Tc Kd 3s]
Seat 4: dirk 0001 (button) (small blind) mucked
Seat 5: TbIP-TbIP 88 (big blind) showed [6d Kc] and won ($47.50) with two pair, Kings and Sixes


PokerStars Hand #157392053987:  Hold'em Limit ($3/$6 USD) - 2016/08/17 11:52:46 ET
Table 'Acrux II' 6-max Seat #2 is the button
Seat 2: jagnaras ($30 in chips)
Seat 3: Ale4o ($120 in chips)
jagnaras: posts small blind $1
Ale4o: posts big blind $3
*** HOLE CARDS ***
jagnaras: calls $2
Ale4o: checks
*** FLOP *** [9h 8d Jh]
Ale4o: checks
jagnaras: checks
*** TURN *** [9h 8d Jh] [8h]
Ale4o: checks
jagnaras: bets $6
Ale4o: folds
Uncalled bet ($6) returned to jagnaras
jagnaras collected $5.88 from pot
jagnaras: doesn't show hand
*** SUMMARY ***
Total pot $6 | Rake $0.12
Board [9h 8d Jh 8h]
Seat 2: jagnaras (button) (small blind) collected ($5.88)
Seat 3: Ale4o (big blind) folded on the Turn


PokerStars Hand #157392105510:  Hold'em Limit ($3/$6 USD) - 2016/08/17 11:54:11 ET
Table 'Acrux II' 6-max Seat #3 is the button
Seat 2: jagnaras ($79.42 in chips)
Seat 3: Ale4o ($69 in chips)
Ale4o: posts small blind $1
jagnaras: posts big blind $3
*** HOLE CARDS ***
Ale4o: calls $2
jagnaras: raises $3 to $6
Ale4o: calls $3
*** FLOP *** [3d Qh Qs]
jagnaras: bets $3
Ale4o: folds
Uncalled bet ($3) returned to jagnaras
jagnaras collected $11.76 from pot
jagnaras: doesn't show hand
*** SUMMARY ***
Total pot $12 | Rake $0.24
Board [3d Qh Qs]
Seat 2: jagnaras (big blind) collected ($11.76)
Seat 3: Ale4o (button) (small blind) folded on the Flop


PokerStars Hand #157392101373:  Hold'em Limit ($3/$6 USD) - 2016/08/17 11:54:05 ET
Table 'Acrux II' 6-max Seat #2 is the button
Seat 2: jagnaras ($76.42 in chips)
Seat 3: Ale4o ($72 in chips)
jagnaras: posts small blind $1
Ale4o: posts big blind $3
*** HOLE CARDS ***
jagnaras: raises $3 to $6
Ale4o: folds
Uncalled bet ($3) returned to jagnaras
jagnaras collected $6 from pot
jagnaras: doesn't show hand
*** SUMMARY ***
Total pot $6 | Rake $0
Seat 2: jagnaras (button) (small blind) collected ($6)
Seat 3: Ale4o (big blind) folded before Flop


PokerStars Hand #157392092352:  Hold'em Limit ($3/$6 USD) - 2016/08/17 11:53:50 ET
Table 'Acrux II' 6-max Seat #3 is the button
Seat 2: jagnaras ($55.92 in chips)
Seat 3: Ale4o ($93 in chips)
Ale4o: posts small blind $1
jagnaras: posts big blind $3
*** HOLE CARDS ***
Ale4o: calls $2
jagnaras: raises $3 to $6
Ale4o: calls $3
*** FLOP *** [6c 2s 7c]
jagnaras: bets $3
Ale4o: calls $3
*** TURN *** [6c 2s 7c] [4d]
jagnaras: bets $6
Ale4o: calls $6
*** RIVER *** [6c 2s 7c 4d] [Qd]
jagnaras: bets $6
Ale4o: calls $6
*** SHOW DOWN ***
jagnaras: shows [7h As] (a pair of Sevens)
Ale4o: mucks hand
jagnaras collected $41.50 from pot
*** SUMMARY ***
Total pot $42 | Rake $0.50
Board [6c 2s 7c 4d Qd]
Seat 2: jagnaras (big blind) showed [7h As] and won ($41.50) with a pair of Sevens
Seat 3: Ale4o (button) (small blind) mucked


PokerStars Hand #157392080825:  Hold'em Limit ($3/$6 USD) - 2016/08/17 11:53:30 ET
Table 'Acrux II' 6-max Seat #2 is the button
Seat 2: jagnaras ($44.40 in chips)
Seat 3: Ale4o ($105 in chips)
jagnaras: posts small blind $1
Ale4o: posts big blind $3
*** HOLE CARDS ***
jagnaras: calls $2
Ale4o: checks
*** FLOP *** [Js Ks 3c]
Ale4o: checks
jagnaras: bets $3
Ale4o: calls $3
*** TURN *** [Js Ks 3c] [6c]
Ale4o: checks
jagnaras: bets $6
Ale4o: calls $6
*** RIVER *** [Js Ks 3c 6c] [Jd]
Ale4o: checks
jagnaras: bets $6
Ale4o: folds
Uncalled bet ($6) returned to jagnaras
jagnaras collected $23.52 from pot
jagnaras: doesn't show hand
*** SUMMARY ***
Total pot $24 | Rake $0.48
Board [Js Ks 3c 6c Jd]
Seat 2: jagnaras (button) (small blind) collected ($23.52)
Seat 3: Ale4o (big blind) folded on the River


PokerStars Hand #157392069296:  Hold'em Limit ($3/$6 USD) - 2016/08/17 11:53:11 ET
Table 'Acrux II' 6-max Seat #3 is the button
Seat 2: jagnaras ($32.88 in chips)
Seat 3: Ale4o ($117 in chips)
Ale4o: posts small blind $1
jagnaras: posts big blind $3
*** HOLE CARDS ***
Ale4o: calls $2
jagnaras: checks
*** FLOP *** [2d 3h 8s]
jagnaras: bets $3
Ale4o: calls $3
*** TURN *** [2d 3h 8s] [9s]
jagnaras: bets $6
Ale4o: calls $6
*** RIVER *** [2d 3h 8s 9s] [Ah]
jagnaras: bets $6
Ale4o: folds
Uncalled bet ($6) returned to jagnaras
jagnaras collected $23.52 from pot
jagnaras: doesn't show hand
*** SUMMARY ***
Total pot $24 | Rake $0.48
Board [2d 3h 8s 9s Ah]
Seat 2: jagnaras (big blind) collected ($23.52)
Seat 3: Ale4o (button) (small blind) folded on the River


PokerStars Hand #157395094843:  Hold'em Limit ($3/$6 USD) - 2016/08/17 13:13:53 ET
Table 'Acrux II' 6-max Seat #4 is the button
Seat 3: jagnaras ($30 in chips)
Seat 4: Ale4o ($120 in chips)
Ale4o: posts small blind $1
jagnaras: posts big blind $3
*** HOLE CARDS ***
Ale4o: raises $3 to $6
jagnaras: calls $3
*** FLOP *** [9s 8h Kd]
jagnaras: bets $3
Ale4o: calls $3
*** TURN *** [9s 8h Kd] [9d]
jagnaras: bets $6
Ale4o: calls $6
*** RIVER *** [9s 8h Kd 9d] [Qs]
jagnaras: bets $6
Ale4o: calls $6
*** SHOW DOWN ***
jagnaras: shows [2s 9h] (three of a kind, Nines)
Ale4o: mucks hand
jagnaras collected $41.50 from pot
*** SUMMARY ***
Total pot $42 | Rake $0.50
Board [9s 8h Kd 9d Qs]
Seat 3: jagnaras (big blind) showed [2s 9h] and won ($41.50) with three of a kind, Nines
Seat 4: Ale4o (button) (small blind) mucked


PokerStars Hand #157395150674:  Hold'em Limit ($3/$6 USD) - 2016/08/17 13:15:13 ET
Table 'Acrux II' 6-max Seat #3 is the button
Seat 3: jagnaras ($24.38 in chips)
Seat 4: Ale4o ($124.14 in chips)
jagnaras: posts small blind $1
Ale4o: posts big blind $3
*** HOLE CARDS ***
jagnaras: raises $3 to $6
Ale4o: folds
Uncalled bet ($3) returned to jagnaras
jagnaras collected $6 from pot
jagnaras: doesn't show hand
*** SUMMARY ***
Total pot $6 | Rake $0
Seat 3: jagnaras (button) (small blind) collected ($6)
Seat 4: Ale4o (big blind) folded before Flop


PokerStars Hand #157395148022:  Hold'em Limit ($3/$6 USD) - 2016/08/17 13:15:09 ET
Table 'Acrux II' 6-max Seat #4 is the button
Seat 3: jagnaras ($23.38 in chips)
Seat 4: Ale4o ($125.14 in chips)
Ale4o: posts small blind $1
jagnaras: posts big blind $3
*** HOLE CARDS ***
Ale4o: folds
Uncalled bet ($2) returned to jagnaras
jagnaras collected $2 from pot
jagnaras: doesn't show hand
*** SUMMARY ***
Total pot $2 | Rake $0
Seat 3: jagnaras (big blind) collected ($2)
Seat 4: Ale4o (button) (small blind) folded before Flop


PokerStars Hand #157395136983:  Hold'em Limit ($3/$6 USD) - 2016/08/17 13:14:54 ET
Table 'Acrux II' 6-max Seat #3 is the button
Seat 3: jagnaras ($44.38 in chips)
Seat 4: Ale4o ($104.64 in chips)
jagnaras: posts small blind $1
Ale4o: posts big blind $3
*** HOLE CARDS ***
jagnaras: raises $3 to $6
Ale4o: calls $3
*** FLOP *** [Js Th Kd]
Ale4o: checks
jagnaras: bets $3
Ale4o: calls $3
*** TURN *** [Js Th Kd] [Kc]
Ale4o: checks
jagnaras: bets $6
Ale4o: calls $6
*** RIVER *** [Js Th Kd Kc] [5d]
Ale4o: checks
jagnaras: bets $6
Ale4o: calls $6
*** SHOW DOWN ***
jagnaras: shows [4h 3h] (a pair of Kings)
Ale4o: shows [Tc 5c] (two pair, Kings and Tens)
Ale4o collected $41.50 from pot
*** SUMMARY ***
Total pot $42 | Rake $0.50
Board [Js Th Kd Kc 5d]
Seat 3: jagnaras (button) (small blind) showed [4h 3h] and lost with a pair of Kings
Seat 4: Ale4o (big blind) showed [Tc 5c] and won ($41.50) with two pair, Kings and Tens


PokerStars Hand #157395126712:  Hold'em Limit ($3/$6 USD) - 2016/08/17 13:14:39 ET
Table 'Acrux II' 6-max Seat #4 is the button
Seat 3: jagnaras ($53.38 in chips)
Seat 4: Ale4o ($96 in chips)
Ale4o: posts small blind $1
jagnaras: posts big blind $3
*** HOLE CARDS ***
Ale4o: raises $3 to $6
jagnaras: calls $3
*** FLOP *** [Ac Ts Qs]
jagnaras: bets $3
Ale4o: raises $3 to $6
jagnaras: folds
Uncalled bet ($3) returned to Ale4o
Ale4o collected $17.64 from pot
Ale4o: doesn't show hand
*** SUMMARY ***
Total pot $18 | Rake $0.36
Board [Ac Ts Qs]
Seat 3: jagnaras (big blind) folded on the Flop
Seat 4: Ale4o (button) (small blind) collected ($17.64)


PokerStars Hand #157395116359:  Hold'em Limit ($3/$6 USD) - 2016/08/17 13:14:24 ET
Table 'Acrux II' 6-max Seat #3 is the button
Seat 3: jagnaras ($50.50 in chips)
Seat 4: Ale4o ($99 in chips)
jagnaras: posts small blind $1
Ale4o: posts big blind $3
*** HOLE CARDS ***
jagnaras: calls $2
Ale4o: checks
*** FLOP *** [9c Qs Qd]
Ale4o: checks
jagnaras: bets $3
Ale4o: folds
Uncalled bet ($3) returned to jagnaras
jagnaras collected $5.88 from pot
jagnaras: doesn't show hand
*** SUMMARY ***
Total pot $6 | Rake $0.12
Board [9c Qs Qd]
Seat 3: jagnaras (button) (small blind) collected ($5.88)
Seat 4: Ale4o (big blind) folded on the Flop


PokerStars Hand #157395184365:  Hold'em Limit ($3/$6 USD) - 2016/08/17 13:16:02 ET
Table 'Acrux II' 6-max Seat #4 is the button
Seat 3: jagnaras ($68.38 in chips)
Seat 4: Ale4o ($79.14 in chips)
Ale4o: posts small blind $1
jagnaras: posts big blind $3
*** HOLE CARDS ***
Ale4o: calls $2
jagnaras: raises $3 to $6
Ale4o: calls $3
*** FLOP *** [Qc 7h 5h]
jagnaras: bets $3
Ale4o: calls $3
*** TURN *** [Qc 7h 5h] [6h]
jagnaras: checks
Ale4o: bets $6
jagnaras: calls $6
*** RIVER *** [Qc 7h 5h 6h] [Ad]
jagnaras: bets $6
Ale4o: raises $6 to $12
jagnaras: calls $6
*** SHOW DOWN ***
Ale4o: shows [5s 6s] (two pair, Sixes and Fives)
jagnaras: mucks hand
Ale4o collected $53.50 from pot
*** SUMMARY ***
Total pot $54 | Rake $0.50
Board [Qc 7h 5h 6h Ad]
Seat 3: jagnaras (big blind) mucked
Seat 4: Ale4o (button) (small blind) showed [5s 6s] and won ($53.50) with two pair, Sixes and Fives


PokerStars Hand #157395157796:  Hold'em Limit ($3/$6 USD) - 2016/08/17 13:15:24 ET
Table 'Acrux II' 6-max Seat #4 is the button
Seat 3: jagnaras ($27.38 in chips)
Seat 4: Ale4o ($121.14 in chips)
Ale4o: posts small blind $1
jagnaras: posts big blind $3
*** HOLE CARDS ***
Ale4o: raises $3 to $6
jagnaras: raises $3 to $9
Ale4o: calls $3
*** FLOP *** [3d 5h 4h]
jagnaras: bets $3
Ale4o: calls $3
*** TURN *** [3d 5h 4h] [8c]
jagnaras: bets $6
Ale4o: calls $6
*** RIVER *** [3d 5h 4h 8c] [Th]
jagnaras: bets $6
Ale4o: folds
Uncalled bet ($6) returned to jagnaras
jagnaras collected $35.50 from pot
jagnaras: doesn't show hand
*** SUMMARY ***
Total pot $36 | Rake $0.50
Board [3d 5h 4h 8c Th]
Seat 3: jagnaras (big blind) collected ($35.50)
Seat 4: Ale4o (button) (small blind) folded on the River


PokerStars Hand #157395198546:  Hold'em Limit ($3/$6 USD) - 2016/08/17 13:16:23 ET
Table 'Acrux II' 6-max Seat #3 is the button
Seat 3: jagnaras ($41.38 in chips)
Seat 4: Ale4o ($105.64 in chips)
jagnaras: posts small blind $1
Ale4o: posts big blind $3
*** HOLE CARDS ***
jagnaras: raises $3 to $6
Ale4o: raises $3 to $9
jagnaras: raises $3 to $12
Betting is capped
Ale4o: calls $3
*** FLOP *** [8h 5c 9d]
Ale4o: checks
jagnaras: bets $3
Ale4o: raises $3 to $6
jagnaras: calls $3
*** TURN *** [8h 5c 9d] [Qs]
Ale4o: checks
jagnaras: bets $6
Ale4o: raises $6 to $12
jagnaras: calls $6
*** RIVER *** [8h 5c 9d Qs] [3s]
Ale4o: bets $6
jagnaras: raises $5.38 to $11.38 and is all-in
Ale4o: calls $5.38
*** SHOW DOWN ***
jagnaras: shows [As 6h] (high card Ace)
Ale4o: shows [5d 5s] (three of a kind, Fives)
Ale4o collected $82.26 from pot
*** SUMMARY ***
Total pot $82.76 | Rake $0.50
Board [8h 5c 9d Qs 3s]
Seat 3: jagnaras (button) (small blind) showed [As 6h] and lost with high card Ace
Seat 4: Ale4o (big blind) showed [5d 5s] and won ($82.26) with three of a kind, Fives


PokerStars Hand #157395257231:  Hold'em Limit ($3/$6 USD) - 2016/08/17 13:17:48 ET
Table 'Acrux II' 6-max Seat #6 is the button
Seat 1: Ale4o ($116 in chips)
Seat 6: jagnaras ($33.88 in chips)
jagnaras: posts small blind $1
Ale4o: posts big blind $3
*** HOLE CARDS ***
jagnaras: calls $2
Ale4o: checks
*** FLOP *** [Ks 3d 6h]
Ale4o: checks
jagnaras: bets $3
Ale4o: calls $3
*** TURN *** [Ks 3d 6h] [9s]
Ale4o: checks
jagnaras: bets $6
Ale4o: raises $6 to $12
jagnaras: calls $6
*** RIVER *** [Ks 3d 6h 9s] [6c]
Ale4o: checks
jagnaras: checks
*** SHOW DOWN ***
Ale4o: shows [Td 9h] (two pair, Nines and Sixes)
jagnaras: mucks hand
Ale4o collected $35.50 from pot
*** SUMMARY ***
Total pot $36 | Rake $0.50
Board [Ks 3d 6h 9s 6c]
Seat 1: Ale4o (big blind) showed [Td 9h] and won ($35.50) with two pair, Nines and Sixes
Seat 6: jagnaras (button) (small blind) mucked


PokerStars Hand #157395245468:  Hold'em Limit ($3/$6 USD) - 2016/08/17 13:17:31 ET
Table 'Acrux II' 6-max Seat #6 is the button
Seat 1: Ale4o ($120 in chips)
Seat 6: jagnaras ($30 in chips)
jagnaras: posts small blind $1
Ale4o: posts big blind $3
*** HOLE CARDS ***
jagnaras: calls $2
Ale4o: checks
*** FLOP *** [5d Ah Qh]
Ale4o: checks
jagnaras: bets $3
Ale4o: folds
Uncalled bet ($3) returned to jagnaras
jagnaras collected $5.88 from pot
jagnaras: doesn't show hand
*** SUMMARY ***
Total pot $6 | Rake $0.12
Board [5d Ah Qh]
Seat 1: Ale4o (big blind) folded on the Flop
Seat 6: jagnaras (button) (small blind) collected ($5.88)


PokerStars Hand #157395254630:  Hold'em Limit ($3/$6 USD) - 2016/08/17 13:17:44 ET
Table 'Acrux II' 6-max Seat #1 is the button
Seat 1: Ale4o ($117 in chips)
Seat 6: jagnaras ($32.88 in chips)
Ale4o: posts small blind $1
jagnaras: posts big blind $3
*** HOLE CARDS ***
Ale4o: folds
Uncalled bet ($2) returned to jagnaras
jagnaras collected $2 from pot
jagnaras: doesn't show hand
*** SUMMARY ***
Total pot $2 | Rake $0
Seat 1: Ale4o (button) (small blind) folded before Flop
Seat 6: jagnaras (big blind) collected ($2)


PokerStars Hand #157395279186:  Hold'em Limit ($3/$6 USD) - 2016/08/17 13:18:20 ET
Table 'Acrux II' 6-max Seat #1 is the button
Seat 1: Ale4o ($133.50 in chips)
Seat 6: jagnaras ($15.88 in chips)
Ale4o: posts small blind $1
jagnaras: posts big blind $3
*** HOLE CARDS ***
Ale4o: calls $2
jagnaras: checks
*** FLOP *** [7h 2c Qd]
jagnaras: bets $3
Ale4o: raises $3 to $6
jagnaras: calls $3
*** TURN *** [7h 2c Qd] [2s]
jagnaras: bets $6
Ale4o: raises $6 to $12
jagnaras: calls $0.88 and is all-in
Uncalled bet ($5.12) returned to Ale4o
*** RIVER *** [7h 2c Qd 2s] [4h]
*** SHOW DOWN ***
jagnaras: shows [4c Kd] (two pair, Fours and Deuces)
Ale4o: shows [7d 6s] (two pair, Sevens and Deuces)
Ale4o collected $31.26 from pot
*** SUMMARY ***
Total pot $31.76 | Rake $0.50
Board [7h 2c Qd 2s 4h]
Seat 1: Ale4o (button) (small blind) showed [7d 6s] and won ($31.26) with two pair, Sevens and Deuces
Seat 6: jagnaras (big blind) showed [4c Kd] and lost with two pair, Fours and Deuces


PokerStars Hand #157398635246:  Hold'em Limit ($3/$6 USD) - 2016/08/17 14:39:04 ET
Table 'Acrux II' 6-max Seat #3 is the button
Seat 3: robertass84 ($120 in chips)
Seat 4: TheU10 ($123 in chips)
robertass84: posts small blind $1
TheU10: posts big blind $3
*** HOLE CARDS ***
**Geka**555 joins the table at seat #2
robertass84: raises $3 to $6
TheU10: calls $3
*** FLOP *** [3s 2d Jh]
TheU10: checks
robertass84: bets $3
TheU10: calls $3
*** TURN *** [3s 2d Jh] [8c]
TheU10: checks
robertass84: bets $6
TheU10: calls $6
*** RIVER *** [3s 2d Jh 8c] [2c]
TheU10: checks
robertass84: bets $6
TheU10: raises $6 to $12
robertass84: calls $6
*** SHOW DOWN ***
TheU10: shows [Js 8h] (two pair, Jacks and Eights)
robertass84: shows [Kc Ks] (two pair, Kings and Deuces)
robertass84 collected $53.50 from pot
*** SUMMARY ***
Total pot $54 | Rake $0.50
Board [3s 2d Jh 8c 2c]
Seat 3: robertass84 (button) (small blind) showed [Kc Ks] and won ($53.50) with two pair, Kings and Deuces
Seat 4: TheU10 (big blind) showed [Js 8h] and lost with two pair, Jacks and Eights


PokerStars Hand #157398716219:  Hold'em Limit ($3/$6 USD) - 2016/08/17 14:40:56 ET
Table 'Acrux II' 6-max Seat #4 is the button
Seat 3: robertass84 ($127.50 in chips)
Seat 4: TheU10 ($106.87 in chips)
TheU10: posts small blind $1
robertass84: posts big blind $3
*** HOLE CARDS ***
TheU10: raises $3 to $6
robertass84: raises $3 to $9
TheU10: calls $3
*** FLOP *** [6s 5d 3c]
robertass84: bets $3
TheU10: calls $3
*** TURN *** [6s 5d 3c] [Kd]
robertass84: bets $6
TheU10: folds
Uncalled bet ($6) returned to robertass84
robertass84 collected $23.52 from pot
robertass84: doesn't show hand
*** SUMMARY ***
Total pot $24 | Rake $0.48
Board [6s 5d 3c Kd]
Seat 3: robertass84 (big blind) collected ($23.52)
Seat 4: TheU10 (button) (small blind) folded on the Turn


PokerStars Hand #157398692502:  Hold'em Limit ($3/$6 USD) - 2016/08/17 14:40:23 ET
Table 'Acrux II' 6-max Seat #4 is the button
Seat 3: robertass84 ($142.50 in chips)
Seat 4: TheU10 ($92.37 in chips)
TheU10: posts small blind $1
robertass84: posts big blind $3
*** HOLE CARDS ***
**Geka**555 leaves the table
TheU10: raises $3 to $6
robertass84: raises $3 to $9
TheU10: calls $3
*** FLOP *** [9h 8s Jc]
robertass84: bets $3
TheU10: calls $3
*** TURN *** [9h 8s Jc] [3d]
robertass84: bets $6
TheU10: raises $6 to $12
robertass84: folds
Uncalled bet ($6) returned to TheU10
TheU10 collected $35.50 from pot
TheU10: doesn't show hand
*** SUMMARY ***
Total pot $36 | Rake $0.50
Board [9h 8s Jc 3d]
Seat 3: robertass84 (big blind) folded on the Turn
Seat 4: TheU10 (button) (small blind) collected ($35.50)


PokerStars Hand #157398711440:  Hold'em Limit ($3/$6 USD) - 2016/08/17 14:40:49 ET
Table 'Acrux II' 6-max Seat #3 is the button
Seat 3: robertass84 ($124.50 in chips)
Seat 4: TheU10 ($109.87 in chips)
robertass84: posts small blind $1
TheU10: posts big blind $3
*** HOLE CARDS ***
robertass84: raises $3 to $6
TheU10: folds
Uncalled bet ($3) returned to robertass84
robertass84 collected $6 from pot
robertass84: doesn't show hand
*** SUMMARY ***
Total pot $6 | Rake $0
Seat 3: robertass84 (button) (small blind) collected ($6)
Seat 4: TheU10 (big blind) folded before Flop


PokerStars Hand #157398726781:  Hold'em Limit ($3/$6 USD) - 2016/08/17 14:41:10 ET
Table 'Acrux II' 6-max Seat #3 is the button
Seat 3: robertass84 ($139.02 in chips)
Seat 4: TheU10 ($94.87 in chips)
robertass84: posts small blind $1
TheU10: posts big blind $3
*** HOLE CARDS ***
robertass84: folds
Uncalled bet ($2) returned to TheU10
TheU10 collected $2 from pot
TheU10: doesn't show hand
*** SUMMARY ***
Total pot $2 | Rake $0
Seat 3: robertass84 (button) (small blind) folded before Flop
Seat 4: TheU10 (big blind) collected ($2)


PokerStars Hand #157398765417:  Hold'em Limit ($3/$6 USD) - 2016/08/17 14:42:03 ET
Table 'Acrux II' 6-max Seat #4 is the button
Seat 3: robertass84 ($142.40 in chips)
Seat 4: TheU10 ($90.39 in chips)
TheU10: posts small blind $1
robertass84: posts big blind $3
*** HOLE CARDS ***
TheU10: raises $3 to $6
robertass84: raises $3 to $9
TheU10: calls $3
*** FLOP *** [9d 8h 2c]
robertass84: bets $3
TheU10: folds
Uncalled bet ($3) returned to robertass84
robertass84 collected $17.64 from pot
robertass84: doesn't show hand
*** SUMMARY ***
Total pot $18 | Rake $0.36
Board [9d 8h 2c]
Seat 3: robertass84 (big blind) collected ($17.64)
Seat 4: TheU10 (button) (small blind) folded on the Flop


PokerStars Hand #157398776482:  Hold'em Limit ($3/$6 USD) - 2016/08/17 14:42:19 ET
Table 'Acrux II' 6-max Seat #4 is the button
Seat 3: robertass84 ($150.04 in chips)
Seat 4: TheU10 ($82.39 in chips)
TheU10: posts small blind $1
robertass84: posts big blind $3
*** HOLE CARDS ***
TheU10: raises $3 to $6
robertass84: folds
Uncalled bet ($3) returned to TheU10
TheU10 collected $6 from pot
TheU10: doesn't show hand
*** SUMMARY ***
Total pot $6 | Rake $0
Seat 3: robertass84 (big blind) folded before Flop
Seat 4: TheU10 (button) (small blind) collected ($6)


PokerStars Hand #157398773187:  Hold'em Limit ($3/$6 USD) - 2016/08/17 14:42:14 ET
Table 'Acrux II' 6-max Seat #3 is the button
Seat 3: robertass84 ($151.04 in chips)
Seat 4: TheU10 ($81.39 in chips)
robertass84: posts small blind $1
TheU10: posts big blind $3
*** HOLE CARDS ***
robertass84: folds
Uncalled bet ($2) returned to TheU10
TheU10 collected $2 from pot
TheU10: doesn't show hand
*** SUMMARY ***
Total pot $2 | Rake $0
Seat 3: robertass84 (button) (small blind) folded before Flop
Seat 4: TheU10 (big blind) collected ($2)


PokerStars Hand #157398730615:  Hold'em Limit ($3/$6 USD) - 2016/08/17 14:41:16 ET
Table 'Acrux II' 6-max Seat #4 is the button
Seat 3: robertass84 ($138.02 in chips)
Seat 4: TheU10 ($95.87 in chips)
TheU10: posts small blind $1
robertass84: posts big blind $3
*** HOLE CARDS ***
TheU10: raises $3 to $6
robertass84: raises $3 to $9
TheU10: raises $3 to $12
Betting is capped
robertass84: calls $3
*** FLOP *** [9d 2c 7s]
robertass84: bets $3
TheU10: calls $3
*** TURN *** [9d 2c 7s] [8s]
robertass84: bets $6
TheU10: folds
Uncalled bet ($6) returned to robertass84
robertass84 collected $29.50 from pot
robertass84: doesn't show hand
*** SUMMARY ***
Total pot $30 | Rake $0.50
Board [9d 2c 7s 8s]
Seat 3: robertass84 (big blind) collected ($29.50)
Seat 4: TheU10 (button) (small blind) folded on the Turn


PokerStars Hand #157398742889:  Hold'em Limit ($3/$6 USD) - 2016/08/17 14:41:32 ET
Table 'Acrux II' 6-max Seat #3 is the button
Seat 3: robertass84 ($152.52 in chips)
Seat 4: TheU10 ($80.87 in chips)
robertass84: posts small blind $1
TheU10: posts big blind $3
*** HOLE CARDS ***
robertass84: folds
Uncalled bet ($2) returned to TheU10
TheU10 collected $2 from pot
TheU10: doesn't show hand
*** SUMMARY ***
Total pot $2 | Rake $0
Seat 3: robertass84 (button) (small blind) folded before Flop
Seat 4: TheU10 (big blind) collected ($2)


PokerStars Hand #157398747310:  Hold'em Limit ($3/$6 USD) - 2016/08/17 14:41:39 ET
Table 'Acrux II' 6-max Seat #4 is the button
Seat 3: robertass84 ($151.52 in chips)
Seat 4: TheU10 ($81.87 in chips)
TheU10: posts small blind $1
robertass84: posts big blind $3
*** HOLE CARDS ***
TheU10: raises $3 to $6
robertass84: calls $3
*** FLOP *** [As 8c 9h]
robertass84: checks
TheU10: checks
*** TURN *** [As 8c 9h] [Qc]
robertass84: checks
TheU10: checks
*** RIVER *** [As 8c 9h Qc] [Kc]
robertass84: checks
TheU10: checks
*** SHOW DOWN ***
robertass84: shows [7d 8h] (a pair of Eights)
TheU10: shows [5s 8d] (a pair of Eights)
robertass84 collected $5.88 from pot
TheU10 collected $5.88 from pot
*** SUMMARY ***
Total pot $12 | Rake $0.24
Board [As 8c 9h Qc Kc]
Seat 3: robertass84 (big blind) showed [7d 8h] and won ($5.88) with a pair of Eights
Seat 4: TheU10 (button) (small blind) showed [5s 8d] and won ($5.88) with a pair of Eights


PokerStars Hand #157398757762:  Hold'em Limit ($3/$6 USD) - 2016/08/17 14:41:53 ET
Table 'Acrux II' 6-max Seat #3 is the button
Seat 3: robertass84 ($151.40 in chips)
Seat 4: TheU10 ($81.75 in chips)
robertass84: posts small blind $1
TheU10: posts big blind $3
*** HOLE CARDS ***
robertass84: raises $3 to $6
TheU10: raises $3 to $9
robertass84: calls $3
*** FLOP *** [2d Ah 5d]
TheU10: bets $3
robertass84: folds
Uncalled bet ($3) returned to TheU10
TheU10 collected $17.64 from pot
TheU10: doesn't show hand
*** SUMMARY ***
Total pot $18 | Rake $0.36
Board [2d Ah 5d]
Seat 3: robertass84 (button) (small blind) folded on the Flop
Seat 4: TheU10 (big blind) collected ($17.64)


PokerStars Hand #157398794779:  Hold'em Limit ($3/$6 USD) - 2016/08/17 14:42:44 ET
Table 'Acrux II' 6-max Seat #3 is the button
Seat 3: robertass84 ($147.04 in chips)
Seat 4: TheU10 ($85.39 in chips)
robertass84: posts small blind $1
TheU10: posts big blind $3
*** HOLE CARDS ***
robertass84: raises $3 to $6
TheU10: calls $3
*** FLOP *** [Tc 6h 7d]
TheU10: checks
robertass84: bets $3
TheU10: folds
Uncalled bet ($3) returned to robertass84
robertass84 collected $11.76 from pot
robertass84: doesn't show hand
*** SUMMARY ***
Total pot $12 | Rake $0.24
Board [Tc 6h 7d]
Seat 3: robertass84 (button) (small blind) collected ($11.76)
Seat 4: TheU10 (big blind) folded on the Flop


PokerStars Hand #157398784589:  Hold'em Limit ($3/$6 USD) - 2016/08/17 14:42:30 ET
Table 'Acrux II' 6-max Seat #4 is the button
Seat 3: robertass84 ($150.04 in chips)
Seat 4: TheU10 ($82.39 in chips)
TheU10: posts small blind $1
robertass84: posts big blind $3
*** HOLE CARDS ***
TheU10: raises $3 to $6
robertass84: folds
Uncalled bet ($3) returned to TheU10
TheU10 collected $6 from pot
TheU10: doesn't show hand
*** SUMMARY ***
Total pot $6 | Rake $0
Seat 3: robertass84 (big blind) folded before Flop
Seat 4: TheU10 (button) (small blind) collected ($6)


PokerStars Hand #157398781131:  Hold'em Limit ($3/$6 USD) - 2016/08/17 14:42:25 ET
Table 'Acrux II' 6-max Seat #3 is the button
Seat 3: robertass84 ($147.04 in chips)
Seat 4: TheU10 ($85.39 in chips)
robertass84: posts small blind $1
TheU10: posts big blind $3
*** HOLE CARDS ***
robertass84: raises $3 to $6
TheU10: folds
Uncalled bet ($3) returned to robertass84
robertass84 collected $6 from pot
robertass84: doesn't show hand
*** SUMMARY ***
Total pot $6 | Rake $0
Seat 3: robertass84 (button) (small blind) collected ($6)
Seat 4: TheU10 (big blind) folded before Flop


PokerStars Hand #157400211632:  Hold'em Limit ($3/$6 USD) - 2016/08/17 15:15:07 ET
Table 'Acrux II' 6-max Seat #3 is the button
Seat 3: $liwamor ($72.59 in chips)
Seat 4: TheU10 ($70.39 in chips)
$liwamor: posts small blind $1
TheU10: posts big blind $3
*** HOLE CARDS ***
$liwamor: folds
Uncalled bet ($2) returned to TheU10
TheU10 collected $2 from pot
*** SUMMARY ***
Total pot $2 | Rake $0
Seat 3: $liwamor (button) (small blind) folded before Flop
Seat 4: TheU10 (big blind) collected ($2)


PokerStars Hand #157400218768:  Hold'em Limit ($3/$6 USD) - 2016/08/17 15:15:16 ET
Table 'Acrux II' 6-max Seat #4 is the button
Seat 3: $liwamor ($71.59 in chips)
Seat 4: TheU10 ($71.39 in chips)
TheU10: posts small blind $1
$liwamor: posts big blind $3
*** HOLE CARDS ***
TheU10: raises $3 to $6
$liwamor: calls $3
*** FLOP *** [Kd Jc Qd]
$liwamor: checks
TheU10: checks
*** TURN *** [Kd Jc Qd] [2d]
$liwamor: bets $6
TheU10: calls $6
*** RIVER *** [Kd Jc Qd 2d] [Tc]
$liwamor: checks
TheU10: bets $6
$liwamor: folds
Uncalled bet ($6) returned to TheU10
TheU10 collected $23.52 from pot
*** SUMMARY ***
Total pot $24 | Rake $0.48
Board [Kd Jc Qd 2d Tc]
Seat 3: $liwamor (big blind) folded on the River
Seat 4: TheU10 (button) (small blind) collected ($23.52)


PokerStars Hand #157400241704:  Hold'em Limit ($3/$6 USD) - 2016/08/17 15:15:45 ET
Table 'Acrux II' 6-max Seat #3 is the button
Seat 3: $liwamor ($59.59 in chips)
Seat 4: TheU10 ($82.91 in chips)
$liwamor: posts small blind $1
TheU10: posts big blind $3
*** HOLE CARDS ***
$liwamor: raises $3 to $6
TheU10: calls $3
*** FLOP *** [5d Jh 7c]
TheU10: checks
$liwamor: checks
*** TURN *** [5d Jh 7c] [Th]
TheU10: checks
$liwamor: bets $6
TheU10: calls $6
*** RIVER *** [5d Jh 7c Th] [5s]
TheU10: checks
$liwamor: bets $6
TheU10: calls $6
*** SHOW DOWN ***
$liwamor: shows [2d 4d] (a pair of Fives)
TheU10: shows [3h 7s] (two pair, Sevens and Fives)
TheU10 collected $35.50 from pot
*** SUMMARY ***
Total pot $36 | Rake $0.50
Board [5d Jh 7c Th 5s]
Seat 3: $liwamor (button) (small blind) showed [2d 4d] and lost with a pair of Fives
Seat 4: TheU10 (big blind) showed [3h 7s] and won ($35.50) with two pair, Sevens and Fives


PokerStars Hand #157400257169:  Hold'em Limit ($3/$6 USD) - 2016/08/17 15:16:05 ET
Table 'Acrux II' 6-max Seat #4 is the button
Seat 3: $liwamor ($41.59 in chips)
Seat 4: TheU10 ($100.41 in chips)
TheU10: posts small blind $1
$liwamor: posts big blind $3
*** HOLE CARDS ***
TheU10: raises $3 to $6
$liwamor: calls $3
*** FLOP *** [4c 5s 8s]
Wurst2000 joins the table at seat #2
$liwamor: checks
TheU10: bets $3
$liwamor: folds
Uncalled bet ($3) returned to TheU10
TheU10 collected $11.76 from pot
TheU10: doesn't show hand
*** SUMMARY ***
Total pot $12 | Rake $0.24
Board [4c 5s 8s]
Seat 3: $liwamor (big blind) folded on the Flop
Seat 4: TheU10 (button) (small blind) collected ($11.76)


PokerStars Hand #157400272136:  Hold'em Limit ($3/$6 USD) - 2016/08/17 15:16:24 ET
Table 'Acrux II' 6-max Seat #3 is the button
Seat 3: $liwamor ($35.59 in chips)
Seat 4: TheU10 ($106.17 in chips)
$liwamor: posts small blind $1
TheU10: posts big blind $3
*** HOLE CARDS ***
$liwamor: folds
Uncalled bet ($2) returned to TheU10
TheU10 collected $2 from pot
TheU10: doesn't show hand
*** SUMMARY ***
Total pot $2 | Rake $0
Seat 3: $liwamor (button) (small blind) folded before Flop
Seat 4: TheU10 (big blind) collected ($2)


PokerStars Hand #157400348475:  Hold'em Limit ($3/$6 USD) - 2016/08/17 15:18:01 ET
Table 'Acrux II' 6-max Seat #3 is the button
Seat 2: Wurst2000 ($85.82 in chips)
Seat 3: $liwamor ($47.23 in chips)
$liwamor: posts small blind $1
TheU10: is sitting out
Wurst2000: posts big blind $3
*** HOLE CARDS ***
$liwamor: folds
Uncalled bet ($2) returned to Wurst2000
robertass84 leaves the table
Wurst2000 collected $2 from pot
Wurst2000: doesn't show hand
*** SUMMARY ***
Total pot $2 | Rake $0
Seat 2: Wurst2000 (big blind) collected ($2)
Seat 3: $liwamor (button) (small blind) folded before Flop


PokerStars Hand #157400352143:  Hold'em Limit ($3/$6 USD) - 2016/08/17 15:18:05 ET
Table 'Acrux II' 6-max Seat #2 is the button
Seat 2: Wurst2000 ($86.82 in chips)
Seat 3: $liwamor ($46.23 in chips)
Wurst2000: posts small blind $1
$liwamor: posts big blind $3
*** HOLE CARDS ***
TheU10 leaves the table
Wurst2000: folds
Uncalled bet ($2) returned to $liwamor
$liwamor collected $2 from pot
$liwamor: doesn't show hand
*** SUMMARY ***
Total pot $2 | Rake $0
Seat 2: Wurst2000 (button) (small blind) folded before Flop
Seat 3: $liwamor (big blind) collected ($2)


PokerStars Hand #157400370190:  Hold'em Limit ($3/$6 USD) - 2016/08/17 15:18:28 ET
Table 'Acrux II' 6-max Seat #2 is the button
Seat 2: Wurst2000 ($109.32 in chips)
Seat 3: $liwamor ($23.23 in chips)
Wurst2000: posts small blind $1
$liwamor: posts big blind $3
*** HOLE CARDS ***
Wurst2000: folds
Uncalled bet ($2) returned to $liwamor
$liwamor collected $2 from pot
$liwamor: doesn't show hand
*** SUMMARY ***
Total pot $2 | Rake $0
Seat 2: Wurst2000 (button) (small blind) folded before Flop
Seat 3: $liwamor (big blind) collected ($2)


PokerStars Hand #157400355715:  Hold'em Limit ($3/$6 USD) - 2016/08/17 15:18:10 ET
Table 'Acrux II' 6-max Seat #3 is the button
Seat 2: Wurst2000 ($85.82 in chips)
Seat 3: $liwamor ($47.23 in chips)
$liwamor: posts small blind $1
Wurst2000: posts big blind $3
*** HOLE CARDS ***
$liwamor: raises $3 to $6
Wurst2000: calls $3
*** FLOP *** [4d 2h 6s]
Wurst2000: checks
$liwamor: bets $3
Wurst2000: raises $3 to $6
$liwamor: calls $3
*** TURN *** [4d 2h 6s] [Js]
Wurst2000: bets $6
$liwamor: calls $6
*** RIVER *** [4d 2h 6s Js] [Kc]
Wurst2000: bets $6
$liwamor: calls $6
*** SHOW DOWN ***
Wurst2000: shows [5c 6h] (a pair of Sixes)
$liwamor: mucks hand
Wurst2000 collected $47.50 from pot
*** SUMMARY ***
Total pot $48 | Rake $0.50
Board [4d 2h 6s Js Kc]
Seat 2: Wurst2000 (big blind) showed [5c 6h] and won ($47.50) with a pair of Sixes
Seat 3: $liwamor (button) (small blind) mucked


PokerStars Hand #157400373546:  Hold'em Limit ($3/$6 USD) - 2016/08/17 15:18:33 ET
Table 'Acrux II' 6-max Seat #3 is the button
Seat 2: Wurst2000 ($108.32 in chips)
Seat 3: $liwamor ($24.23 in chips)
$liwamor: posts small blind $1
Wurst2000: posts big blind $3
*** HOLE CARDS ***
$liwamor: raises $3 to $6
Wurst2000: raises $3 to $9
$liwamor: raises $3 to $12
Betting is capped
Wurst2000: calls $3
*** FLOP *** [4d 9d 8d]
Wurst2000: bets $3
$liwamor: raises $3 to $6
Wurst2000: raises $3 to $9
$liwamor: raises $3 to $12
Betting is capped
Wurst2000: calls $3
*** TURN *** [4d 9d 8d] [Qh]
Wurst2000: bets $6
$liwamor: calls $0.23 and is all-in
Uncalled bet ($5.77) returned to Wurst2000
*** RIVER *** [4d 9d 8d Qh] [9h]
*** SHOW DOWN ***
Wurst2000: shows [Jc Js] (two pair, Jacks and Nines)
$liwamor: shows [Ad 8c] (two pair, Nines and Eights)
Wurst2000 collected $47.96 from pot
*** SUMMARY ***
Total pot $48.46 | Rake $0.50
Board [4d 9d 8d Qh 9h]
Seat 2: Wurst2000 (big blind) showed [Jc Js] and won ($47.96) with two pair, Jacks and Nines
Seat 3: $liwamor (button) (small blind) showed [Ad 8c] and lost with two pair, Nines and Eights


PokerStars Hand #157401128535:  Hold'em Limit ($3/$6 USD) - 2016/08/17 15:34:22 ET
Table 'Acrux II' 6-max Seat #3 is the button
Seat 3: simper11 ($120 in chips)
Seat 6: dirk 0001 ($125.76 in chips)
simper11: posts small blind $1
dirk 0001: posts big blind $3
*** HOLE CARDS ***
simper11: folds
Uncalled bet ($2) returned to dirk 0001
dirk 0001 collected $2 from pot
dirk 0001: doesn't show hand
*** SUMMARY ***
Total pot $2 | Rake $0
Seat 3: simper11 (button) (small blind) folded before Flop
Seat 6: dirk 0001 (big blind) collected ($2)


PokerStars Hand #157401112372:  Hold'em Limit ($3/$6 USD) - 2016/08/17 15:34:02 ET
Table 'Acrux II' 6-max Seat #6 is the button
Seat 3: simper11 ($120 in chips)
Seat 6: dirk 0001 ($120 in chips)
dirk 0001: posts small blind $1
simper11: posts big blind $3
*** HOLE CARDS ***
dirk 0001: raises $3 to $6
simper11: calls $3
*** FLOP *** [4d 9c 9d]
simper11: checks
dirk 0001: bets $3
simper11: folds
Uncalled bet ($3) returned to dirk 0001
dirk 0001 collected $11.76 from pot
dirk 0001: doesn't show hand
*** SUMMARY ***
Total pot $12 | Rake $0.24
Board [4d 9c 9d]
Seat 3: simper11 (big blind) folded on the Flop
Seat 6: dirk 0001 (button) (small blind) collected ($11.76)


PokerStars Hand #157401133371:  Hold'em Limit ($3/$6 USD) - 2016/08/17 15:34:29 ET
Table 'Acrux II' 6-max Seat #6 is the button
Seat 3: simper11 ($120 in chips)
Seat 6: dirk 0001 ($126.76 in chips)
dirk 0001: posts small blind $1
simper11: posts big blind $3
*** HOLE CARDS ***
ogdealer joins the table at seat #4
dirk 0001: raises $3 to $6
simper11: calls $3
*** FLOP *** [7c 4c 9d]
simper11: checks
dirk 0001: bets $3
simper11: folds
Uncalled bet ($3) returned to dirk 0001
dirk 0001 collected $11.76 from pot
dirk 0001: doesn't show hand
*** SUMMARY ***
Total pot $12 | Rake $0.24
Board [7c 4c 9d]
Seat 3: simper11 (big blind) folded on the Flop
Seat 6: dirk 0001 (button) (small blind) collected ($11.76)


PokerStars Hand #157402124778:  Hold'em Limit ($3/$6 USD) - 2016/08/17 15:55:20 ET
Table 'Acrux II' 6-max Seat #1 is the button
Seat 1: ironmike385 ($150 in chips)
Seat 5: vestimokrec ($120 in chips)
ironmike385: posts small blind $1
vestimokrec: posts big blind $3
*** HOLE CARDS ***
ironmike385: calls $2
vestimokrec: checks
*** FLOP *** [8c 2h 8h]
vestimokrec: checks
ironmike385: bets $3
vestimokrec: folds
Uncalled bet ($3) returned to ironmike385
ironmike385 collected $5.88 from pot
ironmike385: doesn't show hand
*** SUMMARY ***
Total pot $6 | Rake $0.12
Board [8c 2h 8h]
Seat 1: ironmike385 (button) (small blind) collected ($5.88)
Seat 5: vestimokrec (big blind) folded on the Flop


PokerStars Hand #157402145535:  Hold'em Limit ($3/$6 USD) - 2016/08/17 15:55:54 ET
Table 'Acrux II' 6-max Seat #5 is the button
Seat 1: ironmike385 ($152.88 in chips)
Seat 5: vestimokrec ($117 in chips)
vestimokrec: posts small blind $1
ironmike385: posts big blind $3
*** HOLE CARDS ***
vestimokrec: raises $3 to $6
ironmike385: calls $3
*** FLOP *** [Kh Qc 7d]
ironmike385: checks
vestimokrec: bets $3
ironmike385: calls $3
*** TURN *** [Kh Qc 7d] [4c]
ironmike385: checks
vestimokrec: bets $6
ironmike385: folds
Uncalled bet ($6) returned to vestimokrec
vestimokrec collected $17.64 from pot
vestimokrec: doesn't show hand
*** SUMMARY ***
Total pot $18 | Rake $0.36
Board [Kh Qc 7d 4c]
Seat 1: ironmike385 (big blind) folded on the Turn
Seat 5: vestimokrec (button) (small blind) collected ($17.64)


PokerStars Hand #157402163228:  Hold'em Limit ($3/$6 USD) - 2016/08/17 15:56:22 ET
Table 'Acrux II' 6-max Seat #1 is the button
Seat 1: ironmike385 ($143.88 in chips)
Seat 5: vestimokrec ($125.64 in chips)
ironmike385: posts small blind $1
vestimokrec: posts big blind $3
*** HOLE CARDS ***
ironmike385: folds
Uncalled bet ($2) returned to vestimokrec
ironmike385 leaves the table
vestimokrec collected $2 from pot
vestimokrec: doesn't show hand
*** SUMMARY ***
Total pot $2 | Rake $0
Seat 1: ironmike385 (button) (small blind) folded before Flop
Seat 5: vestimokrec (big blind) collected ($2)


