PokerStars Hand #151644162624:  Hold'em Limit ($3/$6 USD) - 2016/04/08 22:35:15 ET
Table 'Actor II' 6-max Seat #2 is the button
Seat 2: krytalex ($139.15 in chips)
Seat 5: Jiten9 ($182.84 in chips)
Mordnilap will be allowed to play after the button
krytalex: posts small blind $1
bentinck113: is sitting out
Jiten9: posts big blind $3
*** HOLE CARDS ***
krytalex: raises $3 to $6
Jiten9: raises $3 to $9
bentinck113 leaves the table
krytalex: calls $3
*** FLOP *** [Qh 8c 3s]
Jiten9: bets $3
krytalex: folds
Uncalled bet ($3) returned to Jiten9
Jiten9 collected $17.64 from pot
Jiten9: doesn't show hand
*** SUMMARY ***
Total pot $18 | Rake $0.36
Board [Qh 8c 3s]
Seat 2: krytalex (button) (small blind) folded on the Flop
Seat 5: Jiten9 (big blind) collected ($17.64)


PokerStars Hand #151646037119:  Hold'em Limit ($3/$6 USD) - 2016/04/09 0:10:21 ET
Table 'Actor II' 6-max Seat #6 is the button
Seat 4: hookonhook ($191.63 in chips)
Seat 6: Mordnilap ($206.81 in chips)
Mordnilap: posts small blind $1
krytalex: is sitting out
$polu4atel*$: is sitting out
hookonhook: posts big blind $3
*** HOLE CARDS ***
Mordnilap: raises $3 to $6
hookonhook: calls $3
*** FLOP *** [3c Qd Tc]
hookonhook: checks
Mordnilap: bets $3
hookonhook: folds
Uncalled bet ($3) returned to Mordnilap
Mordnilap collected $11.76 from pot
Mordnilap: doesn't show hand
*** SUMMARY ***
Total pot $12 | Rake $0.24
Board [3c Qd Tc]
Seat 4: hookonhook (big blind) folded on the Flop
Seat 6: Mordnilap (button) (small blind) collected ($11.76)


PokerStars Hand #151646057121:  Hold'em Limit ($3/$6 USD) - 2016/04/09 0:11:28 ET
Table 'Actor II' 6-max Seat #1 is the button
Seat 1: wanamana ($128.64 in chips)
Seat 2: krytalex ($157.22 in chips)
wanamana: posts small blind $1
krytalex: posts big blind $3
*** HOLE CARDS ***
wanamana: raises $3 to $6
krytalex: calls $3
*** FLOP *** [2h Jc 3s]
krytalex: checks
wanamana: bets $3
krytalex: folds
Uncalled bet ($3) returned to wanamana
wanamana collected $11.76 from pot
wanamana: doesn't show hand
*** SUMMARY ***
Total pot $12 | Rake $0.24
Board [2h Jc 3s]
Seat 1: wanamana (button) (small blind) collected ($11.76)
Seat 2: krytalex (big blind) folded on the Flop


PokerStars Hand #151646051111:  Hold'em Limit ($3/$6 USD) - 2016/04/09 0:11:08 ET
Table 'Actor II' 6-max Seat #2 is the button
Seat 1: wanamana ($120 in chips)
Seat 2: krytalex ($166.22 in chips)
krytalex: posts small blind $1
wanamana: posts big blind $3
*** HOLE CARDS ***
krytalex: raises $3 to $6
wanamana: raises $3 to $9
krytalex: calls $3
*** FLOP *** [Th 8s 7c]
wanamana: bets $3
krytalex: folds
Uncalled bet ($3) returned to wanamana
wanamana collected $17.64 from pot
wanamana: doesn't show hand
*** SUMMARY ***
Total pot $18 | Rake $0.36
Board [Th 8s 7c]
Seat 1: wanamana (big blind) collected ($17.64)
Seat 2: krytalex (button) (small blind) folded on the Flop


PokerStars Hand #151646068391:  Hold'em Limit ($3/$6 USD) - 2016/04/09 0:12:06 ET
Table 'Actor II' 6-max Seat #2 is the button
Seat 1: wanamana ($130.40 in chips)
Seat 2: krytalex ($155.22 in chips)
krytalex: posts small blind $1
wanamana: posts big blind $3
*** HOLE CARDS ***
krytalex: folds
Uncalled bet ($2) returned to wanamana
wanamana collected $2 from pot
wanamana: doesn't show hand
*** SUMMARY ***
Total pot $2 | Rake $0
Seat 1: wanamana (big blind) collected ($2)
Seat 2: krytalex (button) (small blind) folded before Flop


PokerStars Hand #151646066640:  Hold'em Limit ($3/$6 USD) - 2016/04/09 0:12:00 ET
Table 'Actor II' 6-max Seat #1 is the button
Seat 1: wanamana ($131.40 in chips)
Seat 2: krytalex ($154.22 in chips)
wanamana: posts small blind $1
krytalex: posts big blind $3
*** HOLE CARDS ***
wanamana: folds
Uncalled bet ($2) returned to krytalex
krytalex collected $2 from pot
*** SUMMARY ***
Total pot $2 | Rake $0
Seat 1: wanamana (button) (small blind) folded before Flop
Seat 2: krytalex (big blind) collected ($2)


PokerStars Hand #151646064675:  Hold'em Limit ($3/$6 USD) - 2016/04/09 0:11:54 ET
Table 'Actor II' 6-max Seat #2 is the button
Seat 1: wanamana ($134.40 in chips)
Seat 2: krytalex ($151.22 in chips)
krytalex: posts small blind $1
wanamana: posts big blind $3
*** HOLE CARDS ***
krytalex: raises $3 to $6
wanamana: folds
Uncalled bet ($3) returned to krytalex
krytalex collected $6 from pot
*** SUMMARY ***
Total pot $6 | Rake $0
Seat 1: wanamana (big blind) folded before Flop
Seat 2: krytalex (button) (small blind) collected ($6)


PokerStars Hand #151646079018:  Hold'em Limit ($3/$6 USD) - 2016/04/09 0:12:41 ET
Table 'Actor II' 6-max Seat #2 is the button
Seat 1: wanamana ($131.15 in chips)
Seat 2: krytalex ($153.97 in chips)
krytalex: posts small blind $1
wanamana: posts big blind $3
*** HOLE CARDS ***
krytalex: folds
Uncalled bet ($2) returned to wanamana
wanamana collected $2 from pot
wanamana: doesn't show hand
*** SUMMARY ***
Total pot $2 | Rake $0
Seat 1: wanamana (big blind) collected ($2)
Seat 2: krytalex (button) (small blind) folded before Flop


PokerStars Hand #151646070541:  Hold'em Limit ($3/$6 USD) - 2016/04/09 0:12:13 ET
Table 'Actor II' 6-max Seat #1 is the button
Seat 1: wanamana ($131.40 in chips)
Seat 2: krytalex ($154.22 in chips)
wanamana: posts small blind $1
krytalex: posts big blind $3
*** HOLE CARDS ***
wanamana: raises $3 to $6
krytalex: calls $3
*** FLOP *** [8d 7d 6s]
krytalex: checks
wanamana: bets $3
krytalex: raises $3 to $6
wanamana: calls $3
*** TURN *** [8d 7d 6s] [6h]
krytalex: bets $6
wanamana: raises $6 to $12
krytalex: raises $6 to $18
wanamana: raises $6 to $24
Betting is capped
krytalex: calls $6
*** RIVER *** [8d 7d 6s 6h] [2d]
krytalex: checks
wanamana: bets $6
krytalex: calls $6
*** SHOW DOWN ***
wanamana: shows [5h 6d] (three of a kind, Sixes)
krytalex: shows [5s 6c] (three of a kind, Sixes)
krytalex collected $41.75 from pot
wanamana collected $41.75 from pot
*** SUMMARY ***
Total pot $84 | Rake $0.50
Board [8d 7d 6s 6h 2d]
Seat 1: wanamana (button) (small blind) showed [5h 6d] and won ($41.75) with three of a kind, Sixes
Seat 2: krytalex (big blind) showed [5s 6c] and won ($41.75) with three of a kind, Sixes


PokerStars Hand #151646098238:  Hold'em Limit ($3/$6 USD) - 2016/04/09 0:13:46 ET
Table 'Actor II' 6-max Seat #2 is the button
Seat 1: wanamana ($70.15 in chips)
Seat 2: krytalex ($213.97 in chips)
krytalex: posts small blind $1
wanamana: posts big blind $3
*** HOLE CARDS ***
krytalex: raises $3 to $6
wanamana: raises $3 to $9
krytalex: calls $3
*** FLOP *** [4c Ad 2d]
wanamana: bets $3
krytalex: folds
Uncalled bet ($3) returned to wanamana
wanamana collected $17.64 from pot
wanamana: doesn't show hand
*** SUMMARY ***
Total pot $18 | Rake $0.36
Board [4c Ad 2d]
Seat 1: wanamana (big blind) collected ($17.64)
Seat 2: krytalex (button) (small blind) folded on the Flop


PokerStars Hand #151646080551:  Hold'em Limit ($3/$6 USD) - 2016/04/09 0:12:47 ET
Table 'Actor II' 6-max Seat #1 is the button
Seat 1: wanamana ($132.15 in chips)
Seat 2: krytalex ($152.97 in chips)
wanamana: posts small blind $1
krytalex: posts big blind $3
*** HOLE CARDS ***
wanamana: raises $3 to $6
krytalex: calls $3
*** FLOP *** [9c 5d Qc]
krytalex: checks
wanamana: bets $3
krytalex: raises $3 to $6
wanamana: calls $3
*** TURN *** [9c 5d Qc] [6c]
krytalex: bets $6
wanamana: raises $6 to $12
krytalex: raises $6 to $18
wanamana: folds
Uncalled bet ($6) returned to krytalex
krytalex collected $47.50 from pot
*** SUMMARY ***
Total pot $48 | Rake $0.50
Board [9c 5d Qc 6c]
Seat 1: wanamana (button) (small blind) folded on the Turn
Seat 2: krytalex (big blind) collected ($47.50)


PokerStars Hand #151646091041:  Hold'em Limit ($3/$6 USD) - 2016/04/09 0:13:22 ET
Table 'Actor II' 6-max Seat #1 is the button
Seat 1: wanamana ($109.15 in chips)
Seat 2: krytalex ($175.47 in chips)
wanamana: posts small blind $1
krytalex: posts big blind $3
*** HOLE CARDS ***
wanamana: raises $3 to $6
krytalex: raises $3 to $9
wanamana: calls $3
*** FLOP *** [7s 9s 3d]
krytalex: bets $3
wanamana: raises $3 to $6
krytalex: raises $3 to $9
wanamana: raises $3 to $12
Betting is capped
krytalex: calls $3
*** TURN *** [7s 9s 3d] [Kd]
krytalex: bets $6
wanamana: raises $6 to $12
krytalex: calls $6
*** RIVER *** [7s 9s 3d Kd] [9d]
krytalex: checks
wanamana: bets $6
krytalex: calls $6
*** SHOW DOWN ***
wanamana: shows [7h 5h] (two pair, Nines and Sevens)
krytalex: shows [Qc Qs] (two pair, Queens and Nines)
krytalex collected $77.50 from pot
*** SUMMARY ***
Total pot $78 | Rake $0.50
Board [7s 9s 3d Kd 9d]
Seat 1: wanamana (button) (small blind) showed [7h 5h] and lost with two pair, Nines and Sevens
Seat 2: krytalex (big blind) showed [Qc Qs] and won ($77.50) with two pair, Queens and Nines


PokerStars Hand #151646101752:  Hold'em Limit ($3/$6 USD) - 2016/04/09 0:13:58 ET
Table 'Actor II' 6-max Seat #1 is the button
Seat 1: wanamana ($78.79 in chips)
Seat 2: krytalex ($204.97 in chips)
wanamana: posts small blind $1
krytalex: posts big blind $3
*** HOLE CARDS ***
wanamana: raises $3 to $6
krytalex: folds
Uncalled bet ($3) returned to wanamana
wanamana collected $6 from pot
wanamana: doesn't show hand
*** SUMMARY ***
Total pot $6 | Rake $0
Seat 1: wanamana (button) (small blind) collected ($6)
Seat 2: krytalex (big blind) folded before Flop


PokerStars Hand #151646118002:  Hold'em Limit ($3/$6 USD) - 2016/04/09 0:14:54 ET
Table 'Actor II' 6-max Seat #2 is the button
Seat 1: wanamana ($134.79 in chips)
Seat 2: krytalex ($147.97 in chips)
krytalex: posts small blind $1
wanamana: posts big blind $3
*** HOLE CARDS ***
krytalex: folds
Uncalled bet ($2) returned to wanamana
wanamana collected $2 from pot
wanamana: doesn't show hand
*** SUMMARY ***
Total pot $2 | Rake $0
Seat 1: wanamana (big blind) collected ($2)
Seat 2: krytalex (button) (small blind) folded before Flop


PokerStars Hand #151646109410:  Hold'em Limit ($3/$6 USD) - 2016/04/09 0:14:24 ET
Table 'Actor II' 6-max Seat #1 is the button
Seat 1: wanamana ($105.29 in chips)
Seat 2: krytalex ($177.97 in chips)
wanamana: posts small blind $1
krytalex: posts big blind $3
*** HOLE CARDS ***
wanamana: raises $3 to $6
krytalex: calls $3
*** FLOP *** [8c 3c 7d]
krytalex: checks
wanamana: checks
*** TURN *** [8c 3c 7d] [4d]
krytalex: bets $6
wanamana: calls $6
*** RIVER *** [8c 3c 7d 4d] [5s]
krytalex: bets $6
wanamana: raises $6 to $12
krytalex: raises $6 to $18
wanamana: calls $6
*** SHOW DOWN ***
krytalex: shows [2d Jd] (high card Jack)
wanamana: shows [Ac 5d] (a pair of Fives)
wanamana collected $59.50 from pot
*** SUMMARY ***
Total pot $60 | Rake $0.50
Board [8c 3c 7d 4d 5s]
Seat 1: wanamana (button) (small blind) showed [Ac 5d] and won ($59.50) with a pair of Fives
Seat 2: krytalex (big blind) showed [2d Jd] and lost with high card Jack


PokerStars Hand #151646103523:  Hold'em Limit ($3/$6 USD) - 2016/04/09 0:14:04 ET
Table 'Actor II' 6-max Seat #2 is the button
Seat 1: wanamana ($81.79 in chips)
Seat 2: krytalex ($201.97 in chips)
krytalex: posts small blind $1
wanamana: posts big blind $3
*** HOLE CARDS ***
krytalex: raises $3 to $6
wanamana: raises $3 to $9
krytalex: calls $3
*** FLOP *** [9h Ks 3d]
wanamana: bets $3
krytalex: calls $3
*** TURN *** [9h Ks 3d] [7s]
wanamana: bets $6
krytalex: calls $6
*** RIVER *** [9h Ks 3d 7s] [4s]
wanamana: bets $6
krytalex: calls $6
*** SHOW DOWN ***
wanamana: shows [8s 8c] (a pair of Eights)
krytalex: mucks hand
wanamana collected $47.50 from pot
*** SUMMARY ***
Total pot $48 | Rake $0.50
Board [9h Ks 3d 7s 4s]
Seat 1: wanamana (big blind) showed [8s 8c] and won ($47.50) with a pair of Eights
Seat 2: krytalex (button) (small blind) mucked


PokerStars Hand #151646122347:  Hold'em Limit ($3/$6 USD) - 2016/04/09 0:15:08 ET
Table 'Actor II' 6-max Seat #2 is the button
Seat 1: wanamana ($138.79 in chips)
Seat 2: krytalex ($143.97 in chips)
krytalex: posts small blind $1
wanamana: posts big blind $3
*** HOLE CARDS ***
wanamana said, "wichser"
krytalex: folds
Uncalled bet ($2) returned to wanamana
wanamana collected $2 from pot
wanamana: doesn't show hand
*** SUMMARY ***
Total pot $2 | Rake $0
Seat 1: wanamana (big blind) collected ($2)
Seat 2: krytalex (button) (small blind) folded before Flop


PokerStars Hand #151646119352:  Hold'em Limit ($3/$6 USD) - 2016/04/09 0:14:58 ET
Table 'Actor II' 6-max Seat #1 is the button
Seat 1: wanamana ($135.79 in chips)
Seat 2: krytalex ($146.97 in chips)
wanamana: posts small blind $1
krytalex: posts big blind $3
*** HOLE CARDS ***
wanamana: raises $3 to $6
krytalex said, "makaka ebanutaya"
krytalex: folds
Uncalled bet ($3) returned to wanamana
wanamana collected $6 from pot
wanamana: doesn't show hand
*** SUMMARY ***
Total pot $6 | Rake $0
Seat 1: wanamana (button) (small blind) collected ($6)
Seat 2: krytalex (big blind) folded before Flop


PokerStars Hand #151646132837:  Hold'em Limit ($3/$6 USD) - 2016/04/09 0:15:44 ET
Table 'Actor II' 6-max Seat #1 is the button
Seat 1: wanamana ($94.79 in chips)
Seat 2: krytalex ($187.23 in chips)
wanamana: posts small blind $1
krytalex: posts big blind $3
*** HOLE CARDS ***
wanamana: folds
Uncalled bet ($2) returned to krytalex
krytalex collected $2 from pot
*** SUMMARY ***
Total pot $2 | Rake $0
Seat 1: wanamana (button) (small blind) folded before Flop
Seat 2: krytalex (big blind) collected ($2)


PokerStars Hand #151646129481:  Hold'em Limit ($3/$6 USD) - 2016/04/09 0:15:33 ET
Table 'Actor II' 6-max Seat #2 is the button
Seat 1: wanamana ($100.79 in chips)
Seat 2: krytalex ($181.47 in chips)
krytalex: posts small blind $1
wanamana: posts big blind $3
*** HOLE CARDS ***
krytalex: raises $3 to $6
wanamana: calls $3
*** FLOP *** [Ah Kd 7c]
wanamana: checks
krytalex: bets $3
wanamana: folds
Uncalled bet ($3) returned to krytalex
krytalex collected $11.76 from pot
*** SUMMARY ***
Total pot $12 | Rake $0.24
Board [Ah Kd 7c]
Seat 1: wanamana (big blind) folded on the Flop
Seat 2: krytalex (button) (small blind) collected ($11.76)


PokerStars Hand #151646123725:  Hold'em Limit ($3/$6 USD) - 2016/04/09 0:15:13 ET
Table 'Actor II' 6-max Seat #1 is the button
Seat 1: wanamana ($139.79 in chips)
Seat 2: krytalex ($142.97 in chips)
wanamana: posts small blind $1
krytalex: posts big blind $3
*** HOLE CARDS ***
wanamana: raises $3 to $6
krytalex: calls $3
*** FLOP *** [8s Ks 2d]
krytalex: checks
wanamana: bets $3
krytalex: raises $3 to $6
wanamana: raises $3 to $9
krytalex: calls $3
*** TURN *** [8s Ks 2d] [9d]
krytalex: checks
wanamana: checks
*** RIVER *** [8s Ks 2d 9d] [8d]
krytalex: bets $6
wanamana: raises $6 to $12
krytalex: raises $6 to $18
wanamana: raises $6 to $24
Betting is capped
krytalex: calls $6
*** SHOW DOWN ***
wanamana: shows [Ts 8c] (three of a kind, Eights)
krytalex: shows [8h Qc] (three of a kind, Eights - King+Queen kicker)
krytalex collected $77.50 from pot
*** SUMMARY ***
Total pot $78 | Rake $0.50
Board [8s Ks 2d 9d 8d]
Seat 1: wanamana (button) (small blind) showed [Ts 8c] and lost with three of a kind, Eights
Seat 2: krytalex (big blind) showed [8h Qc] and won ($77.50) with three of a kind, Eights


PokerStars Hand #151646134235:  Hold'em Limit ($3/$6 USD) - 2016/04/09 0:15:49 ET
Table 'Actor II' 6-max Seat #2 is the button
Seat 1: wanamana ($93.79 in chips)
Seat 2: krytalex ($188.23 in chips)
krytalex: posts small blind $1
wanamana: posts big blind $3
*** HOLE CARDS ***
krytalex: raises $3 to $6
wanamana: raises $3 to $9
krytalex: calls $3
*** FLOP *** [3s 2s 6s]
wanamana: bets $3
krytalex: calls $3
*** TURN *** [3s 2s 6s] [3d]
wanamana: bets $6
krytalex: calls $6
*** RIVER *** [3s 2s 6s 3d] [5d]
wanamana: bets $6
krytalex: calls $6
*** SHOW DOWN ***
wanamana: shows [8s Ah] (a pair of Threes)
krytalex: shows [Qc 6c] (two pair, Sixes and Threes)
krytalex collected $47.50 from pot
*** SUMMARY ***
Total pot $48 | Rake $0.50
Board [3s 2s 6s 3d 5d]
Seat 1: wanamana (big blind) showed [8s Ah] and lost with a pair of Threes
Seat 2: krytalex (button) (small blind) showed [Qc 6c] and won ($47.50) with two pair, Sixes and Threes


PokerStars Hand #151646141429:  Hold'em Limit ($3/$6 USD) - 2016/04/09 0:16:14 ET
Table 'Actor II' 6-max Seat #1 is the button
Seat 1: wanamana ($69.79 in chips)
Seat 2: krytalex ($211.73 in chips)
wanamana: posts small blind $1
krytalex: posts big blind $3
*** HOLE CARDS ***
wanamana: raises $3 to $6
krytalex: folds
Uncalled bet ($3) returned to wanamana
wanamana collected $6 from pot
wanamana: doesn't show hand
*** SUMMARY ***
Total pot $6 | Rake $0
Seat 1: wanamana (button) (small blind) collected ($6)
Seat 2: krytalex (big blind) folded before Flop


PokerStars Hand #151646145517:  Hold'em Limit ($3/$6 USD) - 2016/04/09 0:16:28 ET
Table 'Actor II' 6-max Seat #2 is the button
Seat 1: wanamana ($72.79 in chips)
Seat 2: krytalex ($208.73 in chips)
krytalex: posts small blind $1
wanamana: posts big blind $3
*** HOLE CARDS ***
krytalex: raises $3 to $6
wanamana: raises $3 to $9
krytalex: calls $3
*** FLOP *** [6c Js 9s]
wanamana: bets $3
krytalex: folds
Uncalled bet ($3) returned to wanamana
wanamana collected $17.64 from pot
wanamana: doesn't show hand
*** SUMMARY ***
Total pot $18 | Rake $0.36
Board [6c Js 9s]
Seat 1: wanamana (big blind) collected ($17.64)
Seat 2: krytalex (button) (small blind) folded on the Flop


PokerStars Hand #151646155835:  Hold'em Limit ($3/$6 USD) - 2016/04/09 0:17:03 ET
Table 'Actor II' 6-max Seat #1 is the button
Seat 1: wanamana ($81.43 in chips)
Seat 2: krytalex ($199.73 in chips)
wanamana: posts small blind $1
krytalex: posts big blind $3
*** HOLE CARDS ***
wanamana: raises $3 to $6
krytalex: calls $3
*** FLOP *** [Kc 8h 5c]
krytalex: checks
wanamana: checks
*** TURN *** [Kc 8h 5c] [Td]
krytalex: checks
wanamana: bets $6
krytalex: calls $6
*** RIVER *** [Kc 8h 5c Td] [Jd]
krytalex: checks
wanamana: bets $6
krytalex: calls $6
*** SHOW DOWN ***
wanamana: shows [Qh Jc] (a pair of Jacks)
krytalex: mucks hand
wanamana collected $35.50 from pot
*** SUMMARY ***
Total pot $36 | Rake $0.50
Board [Kc 8h 5c Td Jd]
Seat 1: wanamana (button) (small blind) showed [Qh Jc] and won ($35.50) with a pair of Jacks
Seat 2: krytalex (big blind) mucked


PokerStars Hand #151646165288:  Hold'em Limit ($3/$6 USD) - 2016/04/09 0:17:35 ET
Table 'Actor II' 6-max Seat #1 is the button
Seat 1: wanamana ($95.93 in chips)
Seat 2: krytalex ($184.73 in chips)
wanamana: posts small blind $1
krytalex: posts big blind $3
*** HOLE CARDS ***
wanamana: folds
Uncalled bet ($2) returned to krytalex
krytalex collected $2 from pot
*** SUMMARY ***
Total pot $2 | Rake $0
Seat 1: wanamana (button) (small blind) folded before Flop
Seat 2: krytalex (big blind) collected ($2)


PokerStars Hand #151646163623:  Hold'em Limit ($3/$6 USD) - 2016/04/09 0:17:30 ET
Table 'Actor II' 6-max Seat #2 is the button
Seat 1: wanamana ($98.93 in chips)
Seat 2: krytalex ($181.73 in chips)
krytalex: posts small blind $1
wanamana: posts big blind $3
*** HOLE CARDS ***
krytalex: raises $3 to $6
wanamana: folds
Uncalled bet ($3) returned to krytalex
krytalex collected $6 from pot
*** SUMMARY ***
Total pot $6 | Rake $0
Seat 1: wanamana (big blind) folded before Flop
Seat 2: krytalex (button) (small blind) collected ($6)


PokerStars Hand #151646168306:  Hold'em Limit ($3/$6 USD) - 2016/04/09 0:17:46 ET
Table 'Actor II' 6-max Seat #1 is the button
Seat 1: wanamana ($95.93 in chips)
Seat 2: krytalex ($184.73 in chips)
wanamana: posts small blind $1
krytalex: posts big blind $3
*** HOLE CARDS ***
wanamana: folds
Uncalled bet ($2) returned to krytalex
krytalex collected $2 from pot
*** SUMMARY ***
Total pot $2 | Rake $0
Seat 1: wanamana (button) (small blind) folded before Flop
Seat 2: krytalex (big blind) collected ($2)


PokerStars Hand #151646167020:  Hold'em Limit ($3/$6 USD) - 2016/04/09 0:17:41 ET
Table 'Actor II' 6-max Seat #2 is the button
Seat 1: wanamana ($94.93 in chips)
Seat 2: krytalex ($185.73 in chips)
krytalex: posts small blind $1
wanamana: posts big blind $3
*** HOLE CARDS ***
krytalex: folds
Uncalled bet ($2) returned to wanamana
wanamana collected $2 from pot
wanamana: doesn't show hand
*** SUMMARY ***
Total pot $2 | Rake $0
Seat 1: wanamana (big blind) collected ($2)
Seat 2: krytalex (button) (small blind) folded before Flop


PokerStars Hand #151646174686:  Hold'em Limit ($3/$6 USD) - 2016/04/09 0:18:08 ET
Table 'Actor II' 6-max Seat #2 is the button
Seat 1: wanamana ($87.93 in chips)
Seat 2: krytalex ($192.49 in chips)
krytalex: posts small blind $1
wanamana: posts big blind $3
*** HOLE CARDS ***
klop5555 joins the table at seat #5
krytalex: folds
Uncalled bet ($2) returned to wanamana
wanamana collected $2 from pot
wanamana: doesn't show hand
*** SUMMARY ***
Total pot $2 | Rake $0
Seat 1: wanamana (big blind) collected ($2)
Seat 2: krytalex (button) (small blind) folded before Flop


PokerStars Hand #151646177748:  Hold'em Limit ($3/$6 USD) - 2016/04/09 0:18:18 ET
Table 'Actor II' 6-max Seat #1 is the button
Seat 1: wanamana ($88.93 in chips)
Seat 2: krytalex ($191.49 in chips)
wanamana: posts small blind $1
krytalex: posts big blind $3
*** HOLE CARDS ***
wanamana: folds
Uncalled bet ($2) returned to krytalex
krytalex collected $2 from pot
*** SUMMARY ***
Total pot $2 | Rake $0
Seat 1: wanamana (button) (small blind) folded before Flop
Seat 2: krytalex (big blind) collected ($2)


PokerStars Hand #151646173245:  Hold'em Limit ($3/$6 USD) - 2016/04/09 0:18:03 ET
Table 'Actor II' 6-max Seat #1 is the button
Seat 1: wanamana ($88.93 in chips)
Seat 2: krytalex ($191.49 in chips)
wanamana: posts small blind $1
krytalex: posts big blind $3
*** HOLE CARDS ***
wanamana: folds
Uncalled bet ($2) returned to krytalex
krytalex collected $2 from pot
*** SUMMARY ***
Total pot $2 | Rake $0
Seat 1: wanamana (button) (small blind) folded before Flop
Seat 2: krytalex (big blind) collected ($2)


PokerStars Hand #151646169860:  Hold'em Limit ($3/$6 USD) - 2016/04/09 0:17:51 ET
Table 'Actor II' 6-max Seat #2 is the button
Seat 1: wanamana ($94.93 in chips)
Seat 2: krytalex ($185.73 in chips)
krytalex: posts small blind $1
wanamana: posts big blind $3
*** HOLE CARDS ***
krytalex: raises $3 to $6
wanamana: calls $3
*** FLOP *** [3s Td Kc]
wanamana: checks
krytalex: bets $3
wanamana: folds
Uncalled bet ($3) returned to krytalex
krytalex collected $11.76 from pot
*** SUMMARY ***
Total pot $12 | Rake $0.24
Board [3s Td Kc]
Seat 1: wanamana (big blind) folded on the Flop
Seat 2: krytalex (button) (small blind) collected ($11.76)


PokerStars Hand #151646890396:  Hold'em Limit ($3/$6 USD) - 2016/04/09 0:59:00 ET
Table 'Actor II' 6-max Seat #5 is the button
Seat 3: @92gara42@ ($176.78 in chips)
Seat 5: VolkovDmitri ($216.03 in chips)
VolkovDmitri: posts small blind $1
@92gara42@: posts big blind $3
*** HOLE CARDS ***
VolkovDmitri: raises $3 to $6
@92gara42@: folds
Uncalled bet ($3) returned to VolkovDmitri
VolkovDmitri collected $6 from pot
VolkovDmitri: doesn't show hand
*** SUMMARY ***
Total pot $6 | Rake $0
Seat 3: @92gara42@ (big blind) folded before Flop
Seat 5: VolkovDmitri (button) (small blind) collected ($6)


PokerStars Hand #151647004936:  Hold'em Limit ($3/$6 USD) - 2016/04/09 1:05:55 ET
Table 'Actor II' 6-max Seat #5 is the button
Seat 4: tangxueke ($119.28 in chips)
Seat 5: VolkovDmitri ($210.42 in chips)
VolkovDmitri: posts small blind $1
tangxueke: posts big blind $3
*** HOLE CARDS ***
VolkovDmitri: raises $3 to $6
tangxueke: calls $3
*** FLOP *** [Jd 5s 2s]
tangxueke: checks
VolkovDmitri: bets $3
tangxueke: folds
Uncalled bet ($3) returned to VolkovDmitri
VolkovDmitri collected $11.76 from pot
VolkovDmitri: doesn't show hand
*** SUMMARY ***
Total pot $12 | Rake $0.24
Board [Jd 5s 2s]
Seat 4: tangxueke (big blind) folded on the Flop
Seat 5: VolkovDmitri (button) (small blind) collected ($11.76)


PokerStars Hand #151647011732:  Hold'em Limit ($3/$6 USD) - 2016/04/09 1:06:18 ET
Table 'Actor II' 6-max Seat #4 is the button
Seat 4: tangxueke ($113.28 in chips)
Seat 5: VolkovDmitri ($216.18 in chips)
tangxueke: posts small blind $1
VolkovDmitri: posts big blind $3
*** HOLE CARDS ***
tangxueke: raises $3 to $6
VolkovDmitri: calls $3
*** FLOP *** [Ac 4c 8c]
VolkovDmitri: checks
tangxueke: bets $3
VolkovDmitri: calls $3
*** TURN *** [Ac 4c 8c] [Ah]
VolkovDmitri: checks
tangxueke: bets $6
VolkovDmitri: calls $6
*** RIVER *** [Ac 4c 8c Ah] [Ts]
VolkovDmitri: checks
tangxueke: bets $6
VolkovDmitri: calls $6
*** SHOW DOWN ***
tangxueke: shows [Ad 3s] (three of a kind, Aces)
VolkovDmitri: mucks hand
tangxueke collected $41.50 from pot
*** SUMMARY ***
Total pot $42 | Rake $0.50
Board [Ac 4c 8c Ah Ts]
Seat 4: tangxueke (button) (small blind) showed [Ad 3s] and won ($41.50) with three of a kind, Aces
Seat 5: VolkovDmitri (big blind) mucked


PokerStars Hand #151647022491:  Hold'em Limit ($3/$6 USD) - 2016/04/09 1:06:55 ET
Table 'Actor II' 6-max Seat #5 is the button
Seat 4: tangxueke ($133.78 in chips)
Seat 5: VolkovDmitri ($195.18 in chips)
VolkovDmitri: posts small blind $1
tangxueke: posts big blind $3
*** HOLE CARDS ***
VolkovDmitri: raises $3 to $6
tangxueke: calls $3
*** FLOP *** [2c 7c 8c]
tangxueke: checks
VolkovDmitri: bets $3
tangxueke: raises $3 to $6
VolkovDmitri: calls $3
*** TURN *** [2c 7c 8c] [5d]
tangxueke: bets $6
VolkovDmitri: calls $6
*** RIVER *** [2c 7c 8c 5d] [5s]
tangxueke: bets $6
VolkovDmitri: folds
Uncalled bet ($6) returned to tangxueke
tangxueke collected $35.50 from pot
tangxueke: doesn't show hand
*** SUMMARY ***
Total pot $36 | Rake $0.50
Board [2c 7c 8c 5d 5s]
Seat 4: tangxueke (big blind) collected ($35.50)
Seat 5: VolkovDmitri (button) (small blind) folded on the River


PokerStars Hand #151647031768:  Hold'em Limit ($3/$6 USD) - 2016/04/09 1:07:27 ET
Table 'Actor II' 6-max Seat #4 is the button
Seat 4: tangxueke ($151.28 in chips)
Seat 5: VolkovDmitri ($177.18 in chips)
tangxueke: posts small blind $1
VolkovDmitri: posts big blind $3
*** HOLE CARDS ***
tangxueke: raises $3 to $6
VolkovDmitri: raises $3 to $9
tangxueke: calls $3
*** FLOP *** [4h 4d Kc]
VolkovDmitri: bets $3
tangxueke: folds
Uncalled bet ($3) returned to VolkovDmitri
VolkovDmitri collected $17.64 from pot
VolkovDmitri: doesn't show hand
*** SUMMARY ***
Total pot $18 | Rake $0.36
Board [4h 4d Kc]
Seat 4: tangxueke (button) (small blind) folded on the Flop
Seat 5: VolkovDmitri (big blind) collected ($17.64)


PokerStars Hand #151647050917:  Hold'em Limit ($3/$6 USD) - 2016/04/09 1:08:33 ET
Table 'Actor II' 6-max Seat #5 is the button
Seat 4: tangxueke ($164.78 in chips)
Seat 5: VolkovDmitri ($162.82 in chips)
VolkovDmitri: posts small blind $1
tangxueke: posts big blind $3
*** HOLE CARDS ***
VolkovDmitri: raises $3 to $6
tangxueke: calls $3
*** FLOP *** [Kh 6d 8s]
tangxueke: checks
VolkovDmitri: bets $3
tangxueke: calls $3
*** TURN *** [Kh 6d 8s] [6c]
tangxueke: checks
VolkovDmitri: checks
*** RIVER *** [Kh 6d 8s 6c] [4c]
tangxueke: bets $6
VolkovDmitri: calls $6
*** SHOW DOWN ***
tangxueke: shows [7h Ad] (a pair of Sixes)
VolkovDmitri: shows [Qc 8d] (two pair, Eights and Sixes)
VolkovDmitri collected $29.50 from pot
*** SUMMARY ***
Total pot $30 | Rake $0.50
Board [Kh 6d 8s 6c 4c]
Seat 4: tangxueke (big blind) showed [7h Ad] and lost with a pair of Sixes
Seat 5: VolkovDmitri (button) (small blind) showed [Qc 8d] and won ($29.50) with two pair, Eights and Sixes


PokerStars Hand #151647049425:  Hold'em Limit ($3/$6 USD) - 2016/04/09 1:08:28 ET
Table 'Actor II' 6-max Seat #4 is the button
Seat 4: tangxueke ($165.78 in chips)
Seat 5: VolkovDmitri ($161.82 in chips)
tangxueke: posts small blind $1
VolkovDmitri: posts big blind $3
*** HOLE CARDS ***
tangxueke: folds
Uncalled bet ($2) returned to VolkovDmitri
VolkovDmitri collected $2 from pot
VolkovDmitri: doesn't show hand
*** SUMMARY ***
Total pot $2 | Rake $0
Seat 4: tangxueke (button) (small blind) folded before Flop
Seat 5: VolkovDmitri (big blind) collected ($2)


PokerStars Hand #151647037295:  Hold'em Limit ($3/$6 USD) - 2016/04/09 1:07:46 ET
Table 'Actor II' 6-max Seat #5 is the button
Seat 4: tangxueke ($142.28 in chips)
Seat 5: VolkovDmitri ($185.82 in chips)
VolkovDmitri: posts small blind $1
tangxueke: posts big blind $3
*** HOLE CARDS ***
VolkovDmitri: raises $3 to $6
tangxueke: raises $3 to $9
VolkovDmitri: calls $3
*** FLOP *** [Qh 5c 3d]
tangxueke: bets $3
VolkovDmitri: calls $3
*** TURN *** [Qh 5c 3d] [8d]
tangxueke: bets $6
VolkovDmitri: calls $6
*** RIVER *** [Qh 5c 3d 8d] [9s]
tangxueke: bets $6
VolkovDmitri: calls $6
*** SHOW DOWN ***
tangxueke: shows [Ks Qs] (a pair of Queens)
VolkovDmitri: mucks hand
tangxueke collected $47.50 from pot
*** SUMMARY ***
Total pot $48 | Rake $0.50
Board [Qh 5c 3d 8d 9s]
Seat 4: tangxueke (big blind) showed [Ks Qs] and won ($47.50) with a pair of Queens
Seat 5: VolkovDmitri (button) (small blind) mucked


