PokerStars Hand #158553617941:  Hold'em Limit ($3/$6 USD) - 2016/09/13 12:32:07 ET
Table 'Actor II' 6-max Seat #6 is the button
Seat 1: GRAILKO ($217.50 in chips)
Seat 6: ChicagoBull4 ($102 in chips)
ChicagoBull4: posts small blind $1
GRAILKO: posts big blind $3
*** HOLE CARDS ***
ChicagoBull4: raises $3 to $6
GRAILKO: calls $3
*** FLOP *** [Kh Ah 9c]
GRAILKO: checks
ChicagoBull4: bets $3
GRAILKO: raises $3 to $6
ChicagoBull4: folds
Uncalled bet ($3) returned to GRAILKO
GRAILKO collected $17.64 from pot
GRAILKO: doesn't show hand
*** SUMMARY ***
Total pot $18 | Rake $0.36
Board [Kh Ah 9c]
Seat 1: GRAILKO (big blind) collected ($17.64)
Seat 6: ChicagoBull4 (button) (small blind) folded on the Flop


PokerStars Hand #158553613774:  Hold'em Limit ($3/$6 USD) - 2016/09/13 12:32:01 ET
Table 'Actor II' 6-max Seat #1 is the button
Seat 1: GRAILKO ($214.50 in chips)
Seat 6: ChicagoBull4 ($105 in chips)
GRAILKO: posts small blind $1
ChicagoBull4: posts big blind $3
*** HOLE CARDS ***
GRAILKO: raises $3 to $6
ChicagoBull4: folds
Uncalled bet ($3) returned to GRAILKO
GRAILKO collected $6 from pot
GRAILKO: doesn't show hand
*** SUMMARY ***
Total pot $6 | Rake $0
Seat 1: GRAILKO (button) (small blind) collected ($6)
Seat 6: ChicagoBull4 (big blind) folded before Flop


PokerStars Hand #158553595562:  Hold'em Limit ($3/$6 USD) - 2016/09/13 12:31:37 ET
Table 'Actor II' 6-max Seat #6 is the button
Seat 1: GRAILKO ($200 in chips)
Seat 6: ChicagoBull4 ($120 in chips)
ChicagoBull4: posts small blind $1
GRAILKO: posts big blind $3
*** HOLE CARDS ***
ChicagoBull4: raises $3 to $6
GRAILKO: calls $3
*** FLOP *** [2h Js 9c]
GRAILKO: checks
ChicagoBull4: bets $3
GRAILKO: calls $3
*** TURN *** [2h Js 9c] [5s]
GRAILKO: checks
ChicagoBull4: bets $6
GRAILKO: calls $6
*** RIVER *** [2h Js 9c 5s] [6h]
GRAILKO: checks
ChicagoBull4: checks
*** SHOW DOWN ***
GRAILKO: shows [2d Qs] (a pair of Deuces)
ChicagoBull4: mucks hand
GRAILKO collected $29.50 from pot
*** SUMMARY ***
Total pot $30 | Rake $0.50
Board [2h Js 9c 5s 6h]
Seat 1: GRAILKO (big blind) showed [2d Qs] and won ($29.50) with a pair of Deuces
Seat 6: ChicagoBull4 (button) (small blind) mucked


PokerStars Hand #158553643674:  Hold'em Limit ($3/$6 USD) - 2016/09/13 12:32:44 ET
Table 'Actor II' 6-max Seat #6 is the button
Seat 1: GRAILKO ($202.14 in chips)
Seat 6: ChicagoBull4 ($116.50 in chips)
ChicagoBull4: posts small blind $1
GRAILKO: posts big blind $3
*** HOLE CARDS ***
ChicagoBull4: folds
Uncalled bet ($2) returned to GRAILKO
GRAILKO collected $2 from pot
GRAILKO: doesn't show hand
*** SUMMARY ***
Total pot $2 | Rake $0
Seat 1: GRAILKO (big blind) collected ($2)
Seat 6: ChicagoBull4 (button) (small blind) folded before Flop


PokerStars Hand #158553628395:  Hold'em Limit ($3/$6 USD) - 2016/09/13 12:32:22 ET
Table 'Actor II' 6-max Seat #1 is the button
Seat 1: GRAILKO ($226.14 in chips)
Seat 6: ChicagoBull4 ($93 in chips)
GRAILKO: posts small blind $1
ChicagoBull4: posts big blind $3
*** HOLE CARDS ***
GRAILKO: raises $3 to $6
ChicagoBull4: calls $3
*** FLOP *** [3s 5c 3h]
ChicagoBull4: checks
GRAILKO: bets $3
ChicagoBull4: raises $3 to $6
GRAILKO: calls $3
*** TURN *** [3s 5c 3h] [7h]
ChicagoBull4: bets $6
GRAILKO: calls $6
*** RIVER *** [3s 5c 3h 7h] [4d]
ChicagoBull4: bets $6
GRAILKO: calls $6
*** SHOW DOWN ***
ChicagoBull4: shows [5d 9h] (two pair, Fives and Threes)
GRAILKO: mucks hand
ChicagoBull4 collected $47.50 from pot
*** SUMMARY ***
Total pot $48 | Rake $0.50
Board [3s 5c 3h 7h 4d]
Seat 1: GRAILKO (button) (small blind) mucked
Seat 6: ChicagoBull4 (big blind) showed [5d 9h] and won ($47.50) with two pair, Fives and Threes


PokerStars Hand #158553698559:  Hold'em Limit ($3/$6 USD) - 2016/09/13 12:34:05 ET
Table 'Actor II' 6-max Seat #6 is the button
Seat 1: GRAILKO ($210.64 in chips)
Seat 6: ChicagoBull4 ($107.02 in chips)
ChicagoBull4: posts small blind $1
GRAILKO: posts big blind $3
*** HOLE CARDS ***
simper11 joins the table at seat #2
ChicagoBull4: folds
Uncalled bet ($2) returned to GRAILKO
GRAILKO collected $2 from pot
GRAILKO: doesn't show hand
*** SUMMARY ***
Total pot $2 | Rake $0
Seat 1: GRAILKO (big blind) collected ($2)
Seat 6: ChicagoBull4 (button) (small blind) folded before Flop


PokerStars Hand #158553695099:  Hold'em Limit ($3/$6 USD) - 2016/09/13 12:34:00 ET
Table 'Actor II' 6-max Seat #1 is the button
Seat 1: GRAILKO ($211.64 in chips)
Seat 6: ChicagoBull4 ($106.02 in chips)
GRAILKO: posts small blind $1
ChicagoBull4: posts big blind $3
*** HOLE CARDS ***
GRAILKO: folds
Uncalled bet ($2) returned to ChicagoBull4
ChicagoBull4 collected $2 from pot
ChicagoBull4: doesn't show hand
*** SUMMARY ***
Total pot $2 | Rake $0
Seat 1: GRAILKO (button) (small blind) folded before Flop
Seat 6: ChicagoBull4 (big blind) collected ($2)


PokerStars Hand #158553678016:  Hold'em Limit ($3/$6 USD) - 2016/09/13 12:33:35 ET
Table 'Actor II' 6-max Seat #6 is the button
Seat 1: GRAILKO ($223.64 in chips)
Seat 6: ChicagoBull4 ($94.50 in chips)
ChicagoBull4: posts small blind $1
GRAILKO: posts big blind $3
*** HOLE CARDS ***
ChicagoBull4: calls $2
GRAILKO: raises $3 to $6
ChicagoBull4: calls $3
*** FLOP *** [Ad 7h 6s]
GRAILKO: bets $3
ChicagoBull4: raises $3 to $6
GRAILKO: calls $3
*** TURN *** [Ad 7h 6s] [8s]
GRAILKO: checks
ChicagoBull4: checks
*** RIVER *** [Ad 7h 6s 8s] [Qc]
GRAILKO: checks
ChicagoBull4: checks
*** SHOW DOWN ***
GRAILKO: shows [Kh Jh] (high card Ace)
ChicagoBull4: shows [9h 6h] (a pair of Sixes)
ChicagoBull4 collected $23.52 from pot
*** SUMMARY ***
Total pot $24 | Rake $0.48
Board [Ad 7h 6s 8s Qc]
Seat 1: GRAILKO (big blind) showed [Kh Jh] and lost with high card Ace
Seat 6: ChicagoBull4 (button) (small blind) showed [9h 6h] and won ($23.52) with a pair of Sixes


PokerStars Hand #158553674905:  Hold'em Limit ($3/$6 USD) - 2016/09/13 12:33:30 ET
Table 'Actor II' 6-max Seat #1 is the button
Seat 1: GRAILKO ($224.64 in chips)
Seat 6: ChicagoBull4 ($93.50 in chips)
GRAILKO: posts small blind $1
ChicagoBull4: posts big blind $3
*** HOLE CARDS ***
GRAILKO: folds
Uncalled bet ($2) returned to ChicagoBull4
ChicagoBull4 collected $2 from pot
ChicagoBull4: doesn't show hand
*** SUMMARY ***
Total pot $2 | Rake $0
Seat 1: GRAILKO (button) (small blind) folded before Flop
Seat 6: ChicagoBull4 (big blind) collected ($2)


PokerStars Hand #158553671548:  Hold'em Limit ($3/$6 USD) - 2016/09/13 12:33:25 ET
Table 'Actor II' 6-max Seat #6 is the button
Seat 1: GRAILKO ($223.64 in chips)
Seat 6: ChicagoBull4 ($94.50 in chips)
ChicagoBull4: posts small blind $1
GRAILKO: posts big blind $3
*** HOLE CARDS ***
ChicagoBull4: folds
Uncalled bet ($2) returned to GRAILKO
GRAILKO collected $2 from pot
GRAILKO: doesn't show hand
*** SUMMARY ***
Total pot $2 | Rake $0
Seat 1: GRAILKO (big blind) collected ($2)
Seat 6: ChicagoBull4 (button) (small blind) folded before Flop


PokerStars Hand #158553647213:  Hold'em Limit ($3/$6 USD) - 2016/09/13 12:32:50 ET
Table 'Actor II' 6-max Seat #1 is the button
Seat 1: GRAILKO ($203.14 in chips)
Seat 6: ChicagoBull4 ($115.50 in chips)
GRAILKO: posts small blind $1
ChicagoBull4: posts big blind $3
*** HOLE CARDS ***
GRAILKO: raises $3 to $6
ChicagoBull4: calls $3
*** FLOP *** [7c 2d 6s]
ChicagoBull4: checks
GRAILKO: bets $3
ChicagoBull4: calls $3
*** TURN *** [7c 2d 6s] [2s]
ChicagoBull4: checks
GRAILKO: bets $6
ChicagoBull4: calls $6
*** RIVER *** [7c 2d 6s 2s] [2h]
ChicagoBull4: checks
GRAILKO: bets $6
ChicagoBull4: calls $6
*** SHOW DOWN ***
GRAILKO: shows [Td 6d] (a full house, Deuces full of Sixes)
ChicagoBull4: mucks hand
GRAILKO collected $41.50 from pot
*** SUMMARY ***
Total pot $42 | Rake $0.50
Board [7c 2d 6s 2s 2h]
Seat 1: GRAILKO (button) (small blind) showed [Td 6d] and won ($41.50) with a full house, Deuces full of Sixes
Seat 6: ChicagoBull4 (big blind) mucked


PokerStars Hand #158559604452:  Hold'em Limit ($3/$6 USD) - 2016/09/13 14:45:17 ET
Table 'Actor II' 6-max Seat #1 is the button
Seat 1: wobetting ($91.83 in chips)
Seat 6: fsreibnitz ($69.89 in chips)
wobetting: posts small blind $1
Maliance: is sitting out
Koraseg: is sitting out
fsreibnitz: posts big blind $3
*** HOLE CARDS ***
Koraseg leaves the table
wobetting: folds
Uncalled bet ($2) returned to fsreibnitz
fsreibnitz collected $2 from pot
Maliance leaves the table
*** SUMMARY ***
Total pot $2 | Rake $0
Seat 1: wobetting (button) (small blind) folded before Flop
Seat 6: fsreibnitz (big blind) collected ($2)


