PokerStars Hand #171254233062:  Hold'em Limit ($3/$6 USD) - 2017/06/02 15:15:05 ET
Table 'Acubens' 6-max Seat #4 is the button
Seat 4: FHstyles ($54 in chips)
Seat 6: WSpieler ($125.76 in chips)
FHstyles: posts small blind $1
WSpieler: posts big blind $3
*** HOLE CARDS ***
FHstyles: folds
Uncalled bet ($2) returned to WSpieler
WSpieler collected $2 from pot
WSpieler: doesn't show hand
*** SUMMARY ***
Total pot $2 | Rake $0
Seat 4: FHstyles (button) (small blind) folded before Flop
Seat 6: WSpieler (big blind) collected ($2)


PokerStars Hand #171254224224:  Hold'em Limit ($3/$6 USD) - 2017/06/02 15:14:54 ET
Table 'Acubens' 6-max Seat #6 is the button
Seat 4: FHstyles ($60 in chips)
Seat 6: WSpieler ($120 in chips)
WSpieler: posts small blind $1
FHstyles: posts big blind $3
*** HOLE CARDS ***
parnishka11 joins the table at seat #2
WSpieler: raises $3 to $6
vestimokrec joins the table at seat #1
FHstyles: calls $3
*** FLOP *** [6d 7d Th]
craaa joins the table at seat #3
FHstyles: checks
WSpieler: bets $3
FHstyles: folds
Uncalled bet ($3) returned to WSpieler
WSpieler collected $11.76 from pot
WSpieler: doesn't show hand
*** SUMMARY ***
Total pot $12 | Rake $0.24
Board [6d 7d Th]
Seat 4: FHstyles (big blind) folded on the Flop
Seat 6: WSpieler (button) (small blind) collected ($11.76)


PokerStars Hand #171254220517:  Hold'em Limit ($3/$6 USD) - 2017/06/02 15:14:49 ET
Table 'Acubens' 6-max Seat #4 is the button
Seat 4: FHstyles ($61 in chips)
Seat 6: WSpieler ($119 in chips)
FHstyles: posts small blind $1
WSpieler: posts big blind $3
*** HOLE CARDS ***
FHstyles: folds
Uncalled bet ($2) returned to WSpieler
WSpieler collected $2 from pot
WSpieler: doesn't show hand
*** SUMMARY ***
Total pot $2 | Rake $0
Seat 4: FHstyles (button) (small blind) folded before Flop
Seat 6: WSpieler (big blind) collected ($2)


PokerStars Hand #171254211588:  Hold'em Limit ($3/$6 USD) - 2017/06/02 15:14:38 ET
Table 'Acubens' 6-max Seat #6 is the button
Seat 4: FHstyles ($60 in chips)
Seat 6: WSpieler ($120 in chips)
WSpieler: posts small blind $1
FHstyles: posts big blind $3
*** HOLE CARDS ***
WSpieler: folds
Uncalled bet ($2) returned to FHstyles
FHstyles collected $2 from pot
FHstyles: doesn't show hand
*** SUMMARY ***
Total pot $2 | Rake $0
Seat 4: FHstyles (big blind) collected ($2)
Seat 6: WSpieler (button) (small blind) folded before Flop


PokerStars Hand #171258257942:  Hold'em Limit ($3/$6 USD) - 2017/06/02 16:40:52 ET
Table 'Acubens' 6-max Seat #2 is the button
Seat 2: skanQ ($119.36 in chips)
Seat 5: EVBET ($300.83 in chips)
skanQ: posts small blind $1
temujin011: is sitting out
love_mmm: is sitting out
EVBET: posts big blind $3
*** HOLE CARDS ***
skanQ: raises $3 to $6
love_mmm leaves the table
EVBET: calls $3
*** FLOP *** [Th Kd Ad]
EVBET: checks
skanQ: bets $3
EVBET: folds
Uncalled bet ($3) returned to skanQ
skanQ collected $11.76 from pot
skanQ: doesn't show hand
*** SUMMARY ***
Total pot $12 | Rake $0.24
Board [Th Kd Ad]
Seat 2: skanQ (button) (small blind) collected ($11.76)
Seat 5: EVBET (big blind) folded on the Flop


