PokerStars Hand #156762585943:  Hold'em Limit ($3/$6 USD) - 2016/08/02 8:06:10 ET
Table 'Acubens' 6-max Seat #3 is the button
Seat 3: xxXguardXxx ($79.47 in chips)
Seat 4: VolkovDmitri ($120 in chips)
xxXguardXxx: posts small blind $1
VolkovDmitri: posts big blind $3
*** HOLE CARDS ***
xxXguardXxx: folds
Uncalled bet ($2) returned to VolkovDmitri
VolkovDmitri collected $2 from pot
VolkovDmitri: doesn't show hand
*** SUMMARY ***
Total pot $2 | Rake $0
Seat 3: xxXguardXxx (button) (small blind) folded before Flop
Seat 4: VolkovDmitri (big blind) collected ($2)


PokerStars Hand #156762591692:  Hold'em Limit ($3/$6 USD) - 2016/08/02 8:06:22 ET
Table 'Acubens' 6-max Seat #4 is the button
Seat 3: xxXguardXxx ($78.47 in chips)
Seat 4: VolkovDmitri ($121 in chips)
VolkovDmitri: posts small blind $1
xxXguardXxx: posts big blind $3
*** HOLE CARDS ***
VolkovDmitri: raises $3 to $6
xxXguardXxx: calls $3
*** FLOP *** [Qc 9s 6s]
xxXguardXxx: checks
zimin10 joins the table at seat #5
VolkovDmitri: bets $3
xxXguardXxx: calls $3
*** TURN *** [Qc 9s 6s] [Ah]
xxXguardXxx: checks
VolkovDmitri: bets $6
xxXguardXxx: calls $6
*** RIVER *** [Qc 9s 6s Ah] [3s]
xxXguardXxx: checks
VolkovDmitri: checks
*** SHOW DOWN ***
xxXguardXxx: shows [Kh 9c] (a pair of Nines)
VolkovDmitri: mucks hand
xxXguardXxx collected $29.50 from pot
*** SUMMARY ***
Total pot $30 | Rake $0.50
Board [Qc 9s 6s Ah 3s]
Seat 3: xxXguardXxx (big blind) showed [Kh 9c] and won ($29.50) with a pair of Nines
Seat 4: VolkovDmitri (button) (small blind) mucked


PokerStars Hand #156762644097:  Hold'em Limit ($3/$6 USD) - 2016/08/02 8:08:13 ET
Table 'Acubens' 6-max Seat #3 is the button
Seat 3: xxXguardXxx ($111.47 in chips)
Seat 4: VolkovDmitri ($120 in chips)
xxXguardXxx: posts small blind $1
VolkovDmitri: posts big blind $3
*** HOLE CARDS ***
xxXguardXxx: calls $2
VolkovDmitri: raises $3 to $6
xxXguardXxx: calls $3
*** FLOP *** [Jd Jh 8s]
VolkovDmitri: bets $3
xxXguardXxx: calls $3
*** TURN *** [Jd Jh 8s] [8d]
VolkovDmitri: bets $6
xxXguardXxx: calls $6
*** RIVER *** [Jd Jh 8s 8d] [2d]
VolkovDmitri: checks
xxXguardXxx: checks
*** SHOW DOWN ***
VolkovDmitri: shows [Tc Ks] (two pair, Jacks and Eights)
xxXguardXxx: shows [9d Kc] (two pair, Jacks and Eights)
HAL9QQQ joins the table at seat #1
VolkovDmitri collected $14.75 from pot
xxXguardXxx collected $14.75 from pot
*** SUMMARY ***
Total pot $30 | Rake $0.50
Board [Jd Jh 8s 8d 2d]
Seat 3: xxXguardXxx (button) (small blind) showed [9d Kc] and won ($14.75) with two pair, Jacks and Eights
Seat 4: VolkovDmitri (big blind) showed [Tc Ks] and won ($14.75) with two pair, Jacks and Eights


PokerStars Hand #156762640712:  Hold'em Limit ($3/$6 USD) - 2016/08/02 8:08:06 ET
Table 'Acubens' 6-max Seat #4 is the button
Seat 3: xxXguardXxx ($110.47 in chips)
Seat 4: VolkovDmitri ($120 in chips)
VolkovDmitri: posts small blind $1
xxXguardXxx: posts big blind $3
*** HOLE CARDS ***
Great_Kang joins the table at seat #6
VolkovDmitri: folds
Uncalled bet ($2) returned to xxXguardXxx
xxXguardXxx collected $2 from pot
*** SUMMARY ***
Total pot $2 | Rake $0
Seat 3: xxXguardXxx (big blind) collected ($2)
Seat 4: VolkovDmitri (button) (small blind) folded before Flop


PokerStars Hand #156762616247:  Hold'em Limit ($3/$6 USD) - 2016/08/02 8:07:14 ET
Table 'Acubens' 6-max Seat #3 is the button
Seat 3: xxXguardXxx ($92.97 in chips)
Seat 4: VolkovDmitri ($120 in chips)
xxXguardXxx: posts small blind $1
VolkovDmitri: posts big blind $3
*** HOLE CARDS ***
xxXguardXxx: calls $2
VolkovDmitri: checks
*** FLOP *** [9d Qs Js]
VolkovDmitri: bets $3
xxXguardXxx: calls $3
*** TURN *** [9d Qs Js] [Ad]
VolkovDmitri: bets $6
xxXguardXxx: raises $6 to $12
VolkovDmitri: calls $6
*** RIVER *** [9d Qs Js Ad] [Tc]
VolkovDmitri: checks
xxXguardXxx: bets $6
VolkovDmitri: folds
Uncalled bet ($6) returned to xxXguardXxx
xxXguardXxx collected $35.50 from pot
*** SUMMARY ***
Total pot $36 | Rake $0.50
Board [9d Qs Js Ad Tc]
Seat 3: xxXguardXxx (button) (small blind) collected ($35.50)
Seat 4: VolkovDmitri (big blind) folded on the River


PokerStars Hand #156762955157:  Hold'em Limit ($3/$6 USD) - 2016/08/02 8:18:57 ET
Table 'Acubens' 6-max Seat #3 is the button
Seat 3: Fabulous108 ($112.82 in chips)
Seat 4: VolkovDmitri ($133.37 in chips)
Fabulous108: posts small blind $1
VolkovDmitri: posts big blind $3
*** HOLE CARDS ***
Fabulous108: folds
Uncalled bet ($2) returned to VolkovDmitri
VolkovDmitri collected $2 from pot
VolkovDmitri: doesn't show hand
*** SUMMARY ***
Total pot $2 | Rake $0
Seat 3: Fabulous108 (button) (small blind) folded before Flop
Seat 4: VolkovDmitri (big blind) collected ($2)


PokerStars Hand #156762949026:  Hold'em Limit ($3/$6 USD) - 2016/08/02 8:18:44 ET
Table 'Acubens' 6-max Seat #4 is the button
Seat 3: Fabulous108 ($118.82 in chips)
Seat 4: VolkovDmitri ($127.61 in chips)
VolkovDmitri: posts small blind $1
HAL9QQQ: is sitting out
Fabulous108: posts big blind $3
*** HOLE CARDS ***
VolkovDmitri: raises $3 to $6
HAL9QQQ leaves the table
Fabulous108: calls $3
*** FLOP *** [As Qh Jd]
Fabulous108: checks
VolkovDmitri: bets $3
Fabulous108: folds
Uncalled bet ($3) returned to VolkovDmitri
VolkovDmitri collected $11.76 from pot
VolkovDmitri: doesn't show hand
*** SUMMARY ***
Total pot $12 | Rake $0.24
Board [As Qh Jd]
Seat 3: Fabulous108 (big blind) folded on the Flop
Seat 4: VolkovDmitri (button) (small blind) collected ($11.76)


