PokerStars Hand #173145383429:  Hold'em Limit ($3/$6 USD) - 2017/07/17 7:55:49 ET
Table 'Acubens' 6-max Seat #1 is the button
Seat 1: Peterand11 ($114 in chips)
Seat 3: SongOnur ($38.78 in chips)
Peterand11: posts small blind $1
sim5sim5: is sitting out
SongOnur: posts big blind $3
*** HOLE CARDS ***
Peterand11: folds
Uncalled bet ($2) returned to SongOnur
SongOnur collected $2 from pot
*** SUMMARY ***
Total pot $2 | Rake $0
Seat 1: Peterand11 (button) (small blind) folded before Flop
Seat 3: SongOnur (big blind) collected ($2)


PokerStars Hand #173145390120:  Hold'em Limit ($3/$6 USD) - 2017/07/17 7:56:06 ET
Table 'Acubens' 6-max Seat #1 is the button
Seat 1: Peterand11 ($121.64 in chips)
Seat 3: SongOnur ($30.78 in chips)
Peterand11: posts small blind $1
SongOnur: posts big blind $3
*** HOLE CARDS ***
Peterand11: raises $3 to $6
SongOnur: calls $3
*** FLOP *** [Qd 5d 8s]
SongOnur: checks
Peterand11: bets $3
SongOnur: calls $3
*** TURN *** [Qd 5d 8s] [Jd]
SongOnur: checks
Peterand11: checks
*** RIVER *** [Qd 5d 8s Jd] [6s]
SongOnur: bets $6
Peterand11: calls $6
*** SHOW DOWN ***
SongOnur: shows [8c 9d] (a pair of Eights)
Peterand11: shows [8h Kc] (a pair of Eights - King kicker)
Peterand11 collected $29.50 from pot
*** SUMMARY ***
Total pot $30 | Rake $0.50
Board [Qd 5d 8s Jd 6s]
Seat 1: Peterand11 (button) (small blind) showed [8h Kc] and won ($29.50) with a pair of Eights
Seat 3: SongOnur (big blind) showed [8c 9d] and lost with a pair of Eights


PokerStars Hand #173145385833:  Hold'em Limit ($3/$6 USD) - 2017/07/17 7:55:55 ET
Table 'Acubens' 6-max Seat #3 is the button
Seat 1: Peterand11 ($113 in chips)
Seat 3: SongOnur ($39.78 in chips)
SongOnur: posts small blind $1
Peterand11: posts big blind $3
*** HOLE CARDS ***
SongOnur: raises $3 to $6
Peterand11: calls $3
*** FLOP *** [6d Qd Jc]
Peterand11: checks
SongOnur: bets $3
Peterand11: raises $3 to $6
Agrotait leaves the table
SongOnur: folds
Uncalled bet ($3) returned to Peterand11
Peterand11 collected $17.64 from pot
Peterand11: doesn't show hand
*** SUMMARY ***
Total pot $18 | Rake $0.36
Board [6d Qd Jc]
Seat 1: Peterand11 (big blind) collected ($17.64)
Seat 3: SongOnur (button) (small blind) folded on the Flop


PokerStars Hand #173145408844:  Hold'em Limit ($3/$6 USD) - 2017/07/17 7:56:53 ET
Table 'Acubens' 6-max Seat #2 is the button
Seat 2: sim5sim5 ($95.50 in chips)
Seat 3: SongOnur ($21.54 in chips)
sim5sim5: posts small blind $1
SongOnur: posts big blind $3
*** HOLE CARDS ***
sim5sim5: folds
Uncalled bet ($2) returned to SongOnur
SongOnur collected $2 from pot
*** SUMMARY ***
Total pot $2 | Rake $0
Seat 2: sim5sim5 (button) (small blind) folded before Flop
Seat 3: SongOnur (big blind) collected ($2)


PokerStars Hand #173145395881:  Hold'em Limit ($3/$6 USD) - 2017/07/17 7:56:21 ET
Table 'Acubens' 6-max Seat #3 is the button
Seat 1: Peterand11 ($136.14 in chips)
Seat 3: SongOnur ($15.78 in chips)
SongOnur: posts small blind $1
Peterand11: posts big blind $3
*** HOLE CARDS ***
SongOnur: raises $3 to $6
Peterand11: calls $3
*** FLOP *** [Kd Kh Ah]
Peterand11: checks
SongOnur: checks
*** TURN *** [Kd Kh Ah] [8s]
Peterand11: checks
SongOnur: checks
*** RIVER *** [Kd Kh Ah 8s] [As]
Peterand11: checks
SongOnur: bets $6
Peterand11: folds
Uncalled bet ($6) returned to SongOnur
SongOnur collected $11.76 from pot
*** SUMMARY ***
Total pot $12 | Rake $0.24
Board [Kd Kh Ah 8s As]
Seat 1: Peterand11 (big blind) folded on the River
Seat 3: SongOnur (button) (small blind) collected ($11.76)


PokerStars Hand #173145430344:  Hold'em Limit ($3/$6 USD) - 2017/07/17 7:57:48 ET
Table 'Acubens' 6-max Seat #3 is the button
Seat 2: sim5sim5 ($82.26 in chips)
Seat 3: SongOnur ($34.04 in chips)
SongOnur: posts small blind $1
sim5sim5: posts big blind $3
*** HOLE CARDS ***
SongOnur: folds
Uncalled bet ($2) returned to sim5sim5
sim5sim5 collected $2 from pot
sim5sim5: doesn't show hand
*** SUMMARY ***
Total pot $2 | Rake $0
Seat 2: sim5sim5 (big blind) collected ($2)
Seat 3: SongOnur (button) (small blind) folded before Flop


PokerStars Hand #173145425757:  Hold'em Limit ($3/$6 USD) - 2017/07/17 7:57:37 ET
Table 'Acubens' 6-max Seat #2 is the button
Seat 2: sim5sim5 ($76.50 in chips)
Seat 3: SongOnur ($40.04 in chips)
sim5sim5: posts small blind $1
SongOnur: posts big blind $3
*** HOLE CARDS ***
sim5sim5: raises $3 to $6
SongOnur: calls $3
*** FLOP *** [8s 6c 7s]
SongOnur: checks
sim5sim5: bets $3
SongOnur: folds
Uncalled bet ($3) returned to sim5sim5
sim5sim5 collected $11.76 from pot
sim5sim5: doesn't show hand
*** SUMMARY ***
Total pot $12 | Rake $0.24
Board [8s 6c 7s]
Seat 2: sim5sim5 (button) (small blind) collected ($11.76)
Seat 3: SongOnur (big blind) folded on the Flop


PokerStars Hand #173145414445:  Hold'em Limit ($3/$6 USD) - 2017/07/17 7:57:08 ET
Table 'Acubens' 6-max Seat #3 is the button
Seat 2: sim5sim5 ($94.50 in chips)
Seat 3: SongOnur ($22.54 in chips)
SongOnur: posts small blind $1
sim5sim5: posts big blind $3
*** HOLE CARDS ***
SongOnur: raises $3 to $6
sim5sim5: calls $3
*** FLOP *** [6h 8d 6c]
sim5sim5: checks
SongOnur: checks
*** TURN *** [6h 8d 6c] [8s]
sim5sim5: checks
SongOnur: bets $6
sim5sim5: calls $6
*** RIVER *** [6h 8d 6c 8s] [4h]
sim5sim5: checks
SongOnur: bets $6
sim5sim5: calls $6
*** SHOW DOWN ***
SongOnur: shows [4c 6s] (a full house, Sixes full of Eights)
sim5sim5: mucks hand
SongOnur collected $35.50 from pot
*** SUMMARY ***
Total pot $36 | Rake $0.50
Board [6h 8d 6c 8s 4h]
Seat 2: sim5sim5 (big blind) mucked
Seat 3: SongOnur (button) (small blind) showed [4c 6s] and won ($35.50) with a full house, Sixes full of Eights


PokerStars Hand #173145432425:  Hold'em Limit ($3/$6 USD) - 2017/07/17 7:57:54 ET
Table 'Acubens' 6-max Seat #2 is the button
Seat 2: sim5sim5 ($83.26 in chips)
Seat 3: SongOnur ($33.04 in chips)
sim5sim5: posts small blind $1
SongOnur: posts big blind $3
*** HOLE CARDS ***
sim5sim5: raises $3 to $6
SongOnur: raises $3 to $9
sim5sim5: calls $3
*** FLOP *** [Th As Kc]
SongOnur: bets $3
sim5sim5: calls $3
*** TURN *** [Th As Kc] [Td]
SongOnur: bets $6
sim5sim5: calls $6
*** RIVER *** [Th As Kc Td] [3c]
SongOnur: bets $6
sim5sim5: raises $6 to $12
SongOnur: calls $6
*** SHOW DOWN ***
sim5sim5: shows [4d Tc] (three of a kind, Tens)
SongOnur: mucks hand
sim5sim5 collected $59.50 from pot
*** SUMMARY ***
Total pot $60 | Rake $0.50
Board [Th As Kc Td 3c]
Seat 2: sim5sim5 (button) (small blind) showed [4d Tc] and won ($59.50) with three of a kind, Tens
Seat 3: SongOnur (big blind) mucked


PokerStars Hand #173145444020:  Hold'em Limit ($3/$6 USD) - 2017/07/17 7:58:23 ET
Table 'Acubens' 6-max Seat #3 is the button
Seat 2: sim5sim5 ($112.76 in chips)
Seat 3: SongOnur ($3.04 in chips)
SongOnur: posts small blind $1
sim5sim5: posts big blind $3
*** HOLE CARDS ***
SongOnur: raises $0.04 to $3.04 and is all-in
sim5sim5: calls $0.04
*** FLOP *** [7h 2s 5d]
*** TURN *** [7h 2s 5d] [9h]
*** RIVER *** [7h 2s 5d 9h] [As]
*** SHOW DOWN ***
sim5sim5: shows [5h 3s] (a pair of Fives)
SongOnur: shows [Jd 9d] (a pair of Nines)
SongOnur collected $5.96 from pot
*** SUMMARY ***
Total pot $6.08 | Rake $0.12
Board [7h 2s 5d 9h As]
Seat 2: sim5sim5 (big blind) showed [5h 3s] and lost with a pair of Fives
Seat 3: SongOnur (button) (small blind) showed [Jd 9d] and won ($5.96) with a pair of Nines


PokerStars Hand #173145449000:  Hold'em Limit ($3/$6 USD) - 2017/07/17 7:58:36 ET
Table 'Acubens' 6-max Seat #2 is the button
Seat 2: sim5sim5 ($109.72 in chips)
Seat 3: SongOnur ($5.96 in chips)
sim5sim5: posts small blind $1
SongOnur: posts big blind $3
*** HOLE CARDS ***
sim5sim5: raises $3 to $6
SongOnur: calls $2.96 and is all-in
Uncalled bet ($0.04) returned to sim5sim5
*** FLOP *** [Ad 2c As]
*** TURN *** [Ad 2c As] [2s]
*** RIVER *** [Ad 2c As 2s] [Qs]
*** SHOW DOWN ***
SongOnur: shows [Qd 8c] (two pair, Aces and Queens)
sim5sim5: shows [Jc 5c] (two pair, Aces and Deuces)
SongOnur collected $11.68 from pot
*** SUMMARY ***
Total pot $11.92 | Rake $0.24
Board [Ad 2c As 2s Qs]
Seat 2: sim5sim5 (button) (small blind) showed [Jc 5c] and lost with two pair, Aces and Deuces
Seat 3: SongOnur (big blind) showed [Qd 8c] and won ($11.68) with two pair, Aces and Queens


PokerStars Hand #173145460464:  Hold'em Limit ($3/$6 USD) - 2017/07/17 7:59:05 ET
Table 'Acubens' 6-max Seat #2 is the button
Seat 2: sim5sim5 ($92.08 in chips)
Seat 3: SongOnur ($22.89 in chips)
sim5sim5: posts small blind $1
SongOnur: posts big blind $3
*** HOLE CARDS ***
sim5sim5: folds
Uncalled bet ($2) returned to SongOnur
SongOnur collected $2 from pot
*** SUMMARY ***
Total pot $2 | Rake $0
Seat 2: sim5sim5 (button) (small blind) folded before Flop
Seat 3: SongOnur (big blind) collected ($2)


PokerStars Hand #173145454267:  Hold'em Limit ($3/$6 USD) - 2017/07/17 7:58:49 ET
Table 'Acubens' 6-max Seat #3 is the button
Seat 2: sim5sim5 ($103.76 in chips)
Seat 3: SongOnur ($11.68 in chips)
SongOnur: posts small blind $1
sim5sim5: posts big blind $3
*** HOLE CARDS ***
patrikskjold joins the table at seat #4
SongOnur: raises $3 to $6
sim5sim5: raises $3 to $9
SongOnur: raises $2.68 to $11.68 and is all-in
Betting is capped
sim5sim5: calls $2.68
*** FLOP *** [9s 2d 3h]
*** TURN *** [9s 2d 3h] [5h]
KIT426 joins the table at seat #1
*** RIVER *** [9s 2d 3h 5h] [Qd]
*** SHOW DOWN ***
sim5sim5: shows [Td Ks] (high card King)
SongOnur: shows [9d 7d] (a pair of Nines)
SongOnur collected $22.89 from pot
*** SUMMARY ***
Total pot $23.36 | Rake $0.47
Board [9s 2d 3h 5h Qd]
Seat 2: sim5sim5 (big blind) showed [Td Ks] and lost with high card King
Seat 3: SongOnur (button) (small blind) showed [9d 7d] and won ($22.89) with a pair of Nines


PokerStars Hand #173145763393:  Hold'em Limit ($3/$6 USD) - 2017/07/17 8:10:31 ET
Table 'Acubens' 6-max Seat #5 is the button
Seat 1: KIT426 ($686.60 in chips)
Seat 5: Hannibal2211 ($116.74 in chips)
Hannibal2211: posts small blind $1
KIT426: posts big blind $3
*** HOLE CARDS ***
Hannibal2211: raises $3 to $6
KIT426: calls $3
*** FLOP *** [Ad 5s 8c]
KIT426: checks
Hannibal2211: bets $3
KIT426: folds
Uncalled bet ($3) returned to Hannibal2211
Hannibal2211 collected $11.76 from pot
Hannibal2211: doesn't show hand
*** SUMMARY ***
Total pot $12 | Rake $0.24
Board [Ad 5s 8c]
Seat 1: KIT426 (big blind) folded on the Flop
Seat 5: Hannibal2211 (button) (small blind) collected ($11.76)


PokerStars Hand #173145783258:  Hold'em Limit ($3/$6 USD) - 2017/07/17 8:11:14 ET
Table 'Acubens' 6-max Seat #1 is the button
Seat 1: KIT426 ($680.60 in chips)
Seat 5: Hannibal2211 ($122.50 in chips)
KIT426: posts small blind $1
Hannibal2211: posts big blind $3
*** HOLE CARDS ***
KIT426: calls $2
Hannibal2211: raises $3 to $6
KIT426: calls $3
*** FLOP *** [Js 7d 9h]
Hannibal2211: bets $3
KIT426: calls $3
*** TURN *** [Js 7d 9h] [As]
Hannibal2211: bets $6
KIT426: calls $6
*** RIVER *** [Js 7d 9h As] [6s]
Hannibal2211: checks
KIT426: bets $6
Hannibal2211: calls $6
*** SHOW DOWN ***
KIT426: shows [5s Ac] (a pair of Aces)
Hannibal2211: mucks hand
KIT426 collected $41.50 from pot
*** SUMMARY ***
Total pot $42 | Rake $0.50
Board [Js 7d 9h As 6s]
Seat 1: KIT426 (button) (small blind) showed [5s Ac] and won ($41.50) with a pair of Aces
Seat 5: Hannibal2211 (big blind) mucked


PokerStars Hand #173145795424:  Hold'em Limit ($3/$6 USD) - 2017/07/17 8:11:41 ET
Table 'Acubens' 6-max Seat #5 is the button
Seat 1: KIT426 ($701.10 in chips)
Seat 5: Hannibal2211 ($101.50 in chips)
Hannibal2211: posts small blind $1
KIT426: posts big blind $3
*** HOLE CARDS ***
Hannibal2211: folds
Uncalled bet ($2) returned to KIT426
KIT426 collected $2 from pot
*** SUMMARY ***
Total pot $2 | Rake $0
Seat 1: KIT426 (big blind) collected ($2)
Seat 5: Hannibal2211 (button) (small blind) folded before Flop


PokerStars Hand #173145806618:  Hold'em Limit ($3/$6 USD) - 2017/07/17 8:12:06 ET
Table 'Acubens' 6-max Seat #5 is the button
Seat 1: KIT426 ($690.10 in chips)
Seat 5: Hannibal2211 ($112.02 in chips)
Hannibal2211: posts small blind $1
KIT426: posts big blind $3
*** HOLE CARDS ***
Hannibal2211: raises $3 to $6
KIT426: calls $3
*** FLOP *** [8c 9d Th]
KIT426: checks
Hannibal2211: bets $3
KIT426: calls $3
*** TURN *** [8c 9d Th] [6d]
KIT426: checks
Hannibal2211: bets $6
KIT426: calls $6
*** RIVER *** [8c 9d Th 6d] [7c]
KIT426: checks
Hannibal2211: checks
*** SHOW DOWN ***
KIT426: shows [3s Ts] (a straight, Six to Ten)
Hannibal2211: shows [Ah Tc] (a straight, Six to Ten)
KIT426 collected $14.75 from pot
Hannibal2211 collected $14.75 from pot
*** SUMMARY ***
Total pot $30 | Rake $0.50
Board [8c 9d Th 6d 7c]
Seat 1: KIT426 (big blind) showed [3s Ts] and won ($14.75) with a straight, Six to Ten
Seat 5: Hannibal2211 (button) (small blind) showed [Ah Tc] and won ($14.75) with a straight, Six to Ten


PokerStars Hand #173145797734:  Hold'em Limit ($3/$6 USD) - 2017/07/17 8:11:46 ET
Table 'Acubens' 6-max Seat #1 is the button
Seat 1: KIT426 ($702.10 in chips)
Seat 5: Hannibal2211 ($100.50 in chips)
KIT426: posts small blind $1
Hannibal2211: posts big blind $3
*** HOLE CARDS ***
KIT426: calls $2
Hannibal2211: checks
*** FLOP *** [6h Th 4h]
Hannibal2211: bets $3
KIT426: calls $3
*** TURN *** [6h Th 4h] [Kh]
Hannibal2211: bets $6
KIT426: calls $6
*** RIVER *** [6h Th 4h Kh] [Js]
Hannibal2211: bets $6
KIT426: folds
Uncalled bet ($6) returned to Hannibal2211
Hannibal2211 collected $23.52 from pot
Hannibal2211: doesn't show hand
*** SUMMARY ***
Total pot $24 | Rake $0.48
Board [6h Th 4h Kh Js]
Seat 1: KIT426 (button) (small blind) folded on the River
Seat 5: Hannibal2211 (big blind) collected ($23.52)


PokerStars Hand #173145824184:  Hold'em Limit ($3/$6 USD) - 2017/07/17 8:12:45 ET
Table 'Acubens' 6-max Seat #5 is the button
Seat 1: KIT426 ($680.85 in chips)
Seat 5: Hannibal2211 ($120.41 in chips)
Hannibal2211: posts small blind $1
KIT426: posts big blind $3
*** HOLE CARDS ***
Hannibal2211: raises $3 to $6
KIT426: calls $3
*** FLOP *** [Jd Qc 2h]
KIT426: checks
Hannibal2211: bets $3
KIT426: calls $3
*** TURN *** [Jd Qc 2h] [Th]
KIT426: checks
Hannibal2211: bets $6
KIT426: folds
Uncalled bet ($6) returned to Hannibal2211
Hannibal2211 collected $17.64 from pot
Hannibal2211: doesn't show hand
*** SUMMARY ***
Total pot $18 | Rake $0.36
Board [Jd Qc 2h Th]
Seat 1: KIT426 (big blind) folded on the Turn
Seat 5: Hannibal2211 (button) (small blind) collected ($17.64)


PokerStars Hand #173145830590:  Hold'em Limit ($3/$6 USD) - 2017/07/17 8:12:58 ET
Table 'Acubens' 6-max Seat #1 is the button
Seat 1: KIT426 ($671.85 in chips)
Seat 5: Hannibal2211 ($129.05 in chips)
KIT426: posts small blind $1
Hannibal2211: posts big blind $3
*** HOLE CARDS ***
KIT426: calls $2
Hannibal2211: checks
*** FLOP *** [7h Qs 4s]
Hannibal2211: checks
KIT426: checks
*** TURN *** [7h Qs 4s] [9d]
Hannibal2211: bets $6
KIT426: calls $6
*** RIVER *** [7h Qs 4s 9d] [8s]
Ramborod joins the table at seat #4
Hannibal2211: bets $6
KIT426: folds
Uncalled bet ($6) returned to Hannibal2211
Hannibal2211 collected $17.64 from pot
Hannibal2211: doesn't show hand
*** SUMMARY ***
Total pot $18 | Rake $0.36
Board [7h Qs 4s 9d 8s]
Seat 1: KIT426 (button) (small blind) folded on the River
Seat 5: Hannibal2211 (big blind) collected ($17.64)


PokerStars Hand #173145815596:  Hold'em Limit ($3/$6 USD) - 2017/07/17 8:12:25 ET
Table 'Acubens' 6-max Seat #1 is the button
Seat 1: KIT426 ($689.85 in chips)
Seat 5: Hannibal2211 ($111.77 in chips)
KIT426: posts small blind $1
Hannibal2211: posts big blind $3
*** HOLE CARDS ***
KIT426: calls $2
Hannibal2211: checks
*** FLOP *** [3s Ac 4d]
Hannibal2211: checks
KIT426: checks
*** TURN *** [3s Ac 4d] [5d]
Hannibal2211: bets $6
KIT426: calls $6
*** RIVER *** [3s Ac 4d 5d] [Jc]
Hannibal2211: bets $6
KIT426: folds
Uncalled bet ($6) returned to Hannibal2211
Hannibal2211 collected $17.64 from pot
Hannibal2211: doesn't show hand
*** SUMMARY ***
Total pot $18 | Rake $0.36
Board [3s Ac 4d 5d Jc]
Seat 1: KIT426 (button) (small blind) folded on the River
Seat 5: Hannibal2211 (big blind) collected ($17.64)


PokerStars Hand #173145838017:  Hold'em Limit ($3/$6 USD) - 2017/07/17 8:13:15 ET
Table 'Acubens' 6-max Seat #5 is the button
Seat 1: KIT426 ($662.85 in chips)
Seat 5: Hannibal2211 ($137.69 in chips)
Hannibal2211: posts small blind $1
KIT426: posts big blind $3
*** HOLE CARDS ***
Hannibal2211: raises $3 to $6
KIT426: calls $3
*** FLOP *** [7d 7s Th]
KIT426: checks
Hannibal2211: bets $3
KIT426: calls $3
*** TURN *** [7d 7s Th] [Qs]
KIT426: checks
Hannibal2211: bets $6
KIT426: folds
Uncalled bet ($6) returned to Hannibal2211
Hannibal2211 collected $17.64 from pot
Hannibal2211: doesn't show hand
*** SUMMARY ***
Total pot $18 | Rake $0.36
Board [7d 7s Th Qs]
Seat 1: KIT426 (big blind) folded on the Turn
Seat 5: Hannibal2211 (button) (small blind) collected ($17.64)


PokerStars Hand #173146426988:  Hold'em Limit ($3/$6 USD) - 2017/07/17 8:34:15 ET
Table 'Acubens' 6-max Seat #5 is the button
Seat 4: rontani ($116 in chips)
Seat 5: Hannibal2211 ($116.25 in chips)
Hannibal2211: posts small blind $1
rontani: posts big blind $3
*** HOLE CARDS ***
Hannibal2211: raises $3 to $6
rontani: folds
Uncalled bet ($3) returned to Hannibal2211
Hannibal2211 collected $6 from pot
Hannibal2211: doesn't show hand
*** SUMMARY ***
Total pot $6 | Rake $0
Seat 4: rontani (big blind) folded before Flop
Seat 5: Hannibal2211 (button) (small blind) collected ($6)


PokerStars Hand #173146429619:  Hold'em Limit ($3/$6 USD) - 2017/07/17 8:34:20 ET
Table 'Acubens' 6-max Seat #4 is the button
Seat 4: rontani ($113 in chips)
Seat 5: Hannibal2211 ($119.25 in chips)
rontani: posts small blind $1
Hannibal2211: posts big blind $3
*** HOLE CARDS ***
rontani: raises $3 to $6
Hannibal2211: calls $3
*** FLOP *** [3c 4h Kd]
Hannibal2211: checks
rontani: bets $3
Hannibal2211: calls $3
*** TURN *** [3c 4h Kd] [2d]
Hannibal2211: checks
rontani: bets $6
Hannibal2211: calls $6
*** RIVER *** [3c 4h Kd 2d] [Ad]
Hannibal2211: bets $6
Peterand11 is disconnected
rontani: folds
Uncalled bet ($6) returned to Hannibal2211
Hannibal2211 collected $29.50 from pot
Hannibal2211: doesn't show hand
*** SUMMARY ***
Total pot $30 | Rake $0.50
Board [3c 4h Kd 2d Ad]
Seat 4: rontani (button) (small blind) folded on the River
Seat 5: Hannibal2211 (big blind) collected ($29.50)


PokerStars Hand #173146491412:  Hold'em Limit ($3/$6 USD) - 2017/07/17 8:36:29 ET
Table 'Acubens' 6-max Seat #4 is the button
Seat 1: KIT426 ($719.53 in chips)
Seat 4: rontani ($167.71 in chips)
rontani: posts small blind $1
KIT426: posts big blind $3
*** HOLE CARDS ***
rontani: folds
Uncalled bet ($2) returned to KIT426
KIT426 collected $2 from pot
*** SUMMARY ***
Total pot $2 | Rake $0
Seat 1: KIT426 (big blind) collected ($2)
Seat 4: rontani (button) (small blind) folded before Flop


