PokerStars Hand #148221255045:  Hold'em Limit ($3/$6 USD) - 2016/02/04 10:07:25 ET
Table 'Adalberta II' 2-max Seat #2 is the button
Seat 1: SmellyToes4u ($102.36 in chips)
Seat 2: hossi399 ($120 in chips)
hossi399: posts small blind $1
SmellyToes4u: posts big blind $3
*** HOLE CARDS ***
hossi399: raises $3 to $6
SmellyToes4u: calls $3
*** FLOP *** [5c 6h Qc]
SmellyToes4u: checks
hossi399: checks
*** TURN *** [5c 6h Qc] [5d]
SmellyToes4u: bets $6
hossi399: calls $6
*** RIVER *** [5c 6h Qc 5d] [2c]
SmellyToes4u: checks
hossi399: checks
*** SHOW DOWN ***
SmellyToes4u: shows [Ad 7h] (a pair of Fives)
hossi399: mucks hand
SmellyToes4u collected $23.52 from pot
*** SUMMARY ***
Total pot $24 | Rake $0.48
Board [5c 6h Qc 5d 2c]
Seat 1: SmellyToes4u (big blind) showed [Ad 7h] and won ($23.52) with a pair of Fives
Seat 2: hossi399 (button) (small blind) mucked


PokerStars Hand #148221317338:  Hold'em Limit ($3/$6 USD) - 2016/02/04 10:08:47 ET
Table 'Adalberta II' 2-max Seat #1 is the button
Seat 1: SmellyToes4u ($125.38 in chips)
Seat 2: hossi399 ($96 in chips)
SmellyToes4u: posts small blind $1
hossi399: posts big blind $3
*** HOLE CARDS ***
SmellyToes4u: raises $3 to $6
hossi399: calls $3
*** FLOP *** [5h 9h 3s]
hossi399: checks
SmellyToes4u: bets $3
hossi399: calls $3
*** TURN *** [5h 9h 3s] [Qh]
hossi399: checks
SmellyToes4u: bets $6
hossi399: calls $6
*** RIVER *** [5h 9h 3s Qh] [Ac]
hossi399: checks
SmellyToes4u: bets $6
hossi399: folds
Uncalled bet ($6) returned to SmellyToes4u
SmellyToes4u collected $29.50 from pot
SmellyToes4u: doesn't show hand
*** SUMMARY ***
Total pot $30 | Rake $0.50
Board [5h 9h 3s Qh Ac]
Seat 1: SmellyToes4u (button) (small blind) collected ($29.50)
Seat 2: hossi399 (big blind) folded on the River


PokerStars Hand #148221304530:  Hold'em Limit ($3/$6 USD) - 2016/02/04 10:08:30 ET
Table 'Adalberta II' 2-max Seat #2 is the button
Seat 1: SmellyToes4u ($128.38 in chips)
Seat 2: hossi399 ($93 in chips)
hossi399: posts small blind $1
SmellyToes4u: posts big blind $3
*** HOLE CARDS ***
hossi399: raises $3 to $6
SmellyToes4u: folds
Uncalled bet ($3) returned to hossi399
hossi399 collected $6 from pot
hossi399: doesn't show hand
*** SUMMARY ***
Total pot $6 | Rake $0
Seat 1: SmellyToes4u (big blind) folded before Flop
Seat 2: hossi399 (button) (small blind) collected ($6)


PokerStars Hand #148221279715:  Hold'em Limit ($3/$6 USD) - 2016/02/04 10:07:58 ET
Table 'Adalberta II' 2-max Seat #1 is the button
Seat 1: SmellyToes4u ($113.88 in chips)
Seat 2: hossi399 ($108 in chips)
SmellyToes4u: posts small blind $1
hossi399: posts big blind $3
*** HOLE CARDS ***
SmellyToes4u: raises $3 to $6
hossi399: calls $3
*** FLOP *** [Ts 3s 6d]
hossi399: checks
SmellyToes4u: bets $3
hossi399: calls $3
*** TURN *** [Ts 3s 6d] [Jh]
hossi399: checks
SmellyToes4u: bets $6
hossi399: calls $6
*** RIVER *** [Ts 3s 6d Jh] [Kd]
hossi399: checks
SmellyToes4u: bets $6
hossi399: folds
Uncalled bet ($6) returned to SmellyToes4u
SmellyToes4u collected $29.50 from pot
SmellyToes4u: doesn't show hand
*** SUMMARY ***
Total pot $30 | Rake $0.50
Board [Ts 3s 6d Jh Kd]
Seat 1: SmellyToes4u (button) (small blind) collected ($29.50)
Seat 2: hossi399 (big blind) folded on the River


PokerStars Hand #148221371104:  Hold'em Limit ($3/$6 USD) - 2016/02/04 10:09:56 ET
Table 'Adalberta II' 2-max Seat #1 is the button
Seat 1: SmellyToes4u ($119.88 in chips)
Seat 2: hossi399 ($100.50 in chips)
SmellyToes4u: posts small blind $1
hossi399: posts big blind $3
*** HOLE CARDS ***
SmellyToes4u: folds
Uncalled bet ($2) returned to hossi399
hossi399 collected $2 from pot
hossi399: doesn't show hand
*** SUMMARY ***
Total pot $2 | Rake $0
Seat 1: SmellyToes4u (button) (small blind) folded before Flop
Seat 2: hossi399 (big blind) collected ($2)


PokerStars Hand #148221347776:  Hold'em Limit ($3/$6 USD) - 2016/02/04 10:09:26 ET
Table 'Adalberta II' 2-max Seat #2 is the button
Seat 1: SmellyToes4u ($143.88 in chips)
Seat 2: hossi399 ($77 in chips)
hossi399: posts small blind $1
SmellyToes4u: posts big blind $3
*** HOLE CARDS ***
hossi399: raises $3 to $6
SmellyToes4u: raises $3 to $9
hossi399: calls $3
*** FLOP *** [9c Tc Ts]
SmellyToes4u: bets $3
hossi399: calls $3
*** TURN *** [9c Tc Ts] [Th]
SmellyToes4u: bets $6
hossi399: calls $6
*** RIVER *** [9c Tc Ts Th] [Ac]
SmellyToes4u: checks
hossi399: bets $6
SmellyToes4u: calls $6
*** SHOW DOWN ***
hossi399: shows [4h Ad] (a full house, Tens full of Aces)
SmellyToes4u: mucks hand
hossi399 collected $47.50 from pot
*** SUMMARY ***
Total pot $48 | Rake $0.50
Board [9c Tc Ts Th Ac]
Seat 1: SmellyToes4u (big blind) mucked
Seat 2: hossi399 (button) (small blind) showed [4h Ad] and won ($47.50) with a full house, Tens full of Aces


PokerStars Hand #148221341477:  Hold'em Limit ($3/$6 USD) - 2016/02/04 10:09:18 ET
Table 'Adalberta II' 2-max Seat #1 is the button
Seat 1: SmellyToes4u ($140.88 in chips)
Seat 2: hossi399 ($80 in chips)
SmellyToes4u: posts small blind $1
hossi399: posts big blind $3
*** HOLE CARDS ***
SmellyToes4u: raises $3 to $6
hossi399: folds
Uncalled bet ($3) returned to SmellyToes4u
SmellyToes4u collected $6 from pot
SmellyToes4u: doesn't show hand
*** SUMMARY ***
Total pot $6 | Rake $0
Seat 1: SmellyToes4u (button) (small blind) collected ($6)
Seat 2: hossi399 (big blind) folded before Flop


PokerStars Hand #148221337711:  Hold'em Limit ($3/$6 USD) - 2016/02/04 10:09:13 ET
Table 'Adalberta II' 2-max Seat #2 is the button
Seat 1: SmellyToes4u ($139.88 in chips)
Seat 2: hossi399 ($81 in chips)
hossi399: posts small blind $1
SmellyToes4u: posts big blind $3
*** HOLE CARDS ***
hossi399: folds
Uncalled bet ($2) returned to SmellyToes4u
SmellyToes4u collected $2 from pot
SmellyToes4u: doesn't show hand
*** SUMMARY ***
Total pot $2 | Rake $0
Seat 1: SmellyToes4u (big blind) collected ($2)
Seat 2: hossi399 (button) (small blind) folded before Flop


PokerStars Hand #148221395989:  Hold'em Limit ($3/$6 USD) - 2016/02/04 10:10:29 ET
Table 'Adalberta II' 2-max Seat #1 is the button
Seat 1: SmellyToes4u ($133.38 in chips)
Seat 2: hossi399 ($86.50 in chips)
SmellyToes4u: posts small blind $1
hossi399: posts big blind $3
*** HOLE CARDS ***
SmellyToes4u: raises $3 to $6
hossi399: calls $3
*** FLOP *** [8s 9s 4s]
hossi399: checks
SmellyToes4u: bets $3
hossi399: raises $3 to $6
SmellyToes4u: calls $3
*** TURN *** [8s 9s 4s] [7h]
hossi399: bets $6
SmellyToes4u: calls $6
*** RIVER *** [8s 9s 4s 7h] [9h]
hossi399: bets $6
SmellyToes4u: folds
Uncalled bet ($6) returned to hossi399
hossi399 collected $35.50 from pot
hossi399: doesn't show hand
*** SUMMARY ***
Total pot $36 | Rake $0.50
Board [8s 9s 4s 7h 9h]
Seat 1: SmellyToes4u (button) (small blind) folded on the River
Seat 2: hossi399 (big blind) collected ($35.50)


PokerStars Hand #148221374734:  Hold'em Limit ($3/$6 USD) - 2016/02/04 10:10:01 ET
Table 'Adalberta II' 2-max Seat #2 is the button
Seat 1: SmellyToes4u ($118.88 in chips)
Seat 2: hossi399 ($101.50 in chips)
hossi399: posts small blind $1
SmellyToes4u: posts big blind $3
*** HOLE CARDS ***
hossi399: raises $3 to $6
SmellyToes4u: calls $3
*** FLOP *** [Kc Qc 8h]
SmellyToes4u: checks
hossi399: bets $3
SmellyToes4u: calls $3
*** TURN *** [Kc Qc 8h] [5d]
SmellyToes4u: checks
hossi399: checks
*** RIVER *** [Kc Qc 8h 5d] [Ks]
SmellyToes4u: bets $6
hossi399: calls $6
*** SHOW DOWN ***
SmellyToes4u: shows [8s Jd] (two pair, Kings and Eights)
hossi399: mucks hand
SmellyToes4u collected $29.50 from pot
*** SUMMARY ***
Total pot $30 | Rake $0.50
Board [Kc Qc 8h 5d Ks]
Seat 1: SmellyToes4u (big blind) showed [8s Jd] and won ($29.50) with two pair, Kings and Eights
Seat 2: hossi399 (button) (small blind) mucked


PokerStars Hand #148221455361:  Hold'em Limit ($3/$6 USD) - 2016/02/04 10:11:47 ET
Table 'Adalberta II' 2-max Seat #2 is the button
Seat 1: SmellyToes4u ($141.52 in chips)
Seat 2: hossi399 ($77 in chips)
hossi399: posts small blind $1
SmellyToes4u: posts big blind $3
*** HOLE CARDS ***
hossi399: raises $3 to $6
SmellyToes4u: folds
Uncalled bet ($3) returned to hossi399
hossi399 collected $6 from pot
hossi399: doesn't show hand
*** SUMMARY ***
Total pot $6 | Rake $0
Seat 1: SmellyToes4u (big blind) folded before Flop
Seat 2: hossi399 (button) (small blind) collected ($6)


PokerStars Hand #148221440889:  Hold'em Limit ($3/$6 USD) - 2016/02/04 10:11:28 ET
Table 'Adalberta II' 2-max Seat #1 is the button
Seat 1: SmellyToes4u ($132.88 in chips)
Seat 2: hossi399 ($86 in chips)
SmellyToes4u: posts small blind $1
hossi399: posts big blind $3
*** HOLE CARDS ***
SmellyToes4u: raises $3 to $6
hossi399: calls $3
*** FLOP *** [4c Td Tc]
hossi399: checks
SmellyToes4u: bets $3
hossi399: calls $3
*** TURN *** [4c Td Tc] [Th]
hossi399: checks
SmellyToes4u: bets $6
hossi399: folds
Uncalled bet ($6) returned to SmellyToes4u
SmellyToes4u collected $17.64 from pot
SmellyToes4u: doesn't show hand
*** SUMMARY ***
Total pot $18 | Rake $0.36
Board [4c Td Tc Th]
Seat 1: SmellyToes4u (button) (small blind) collected ($17.64)
Seat 2: hossi399 (big blind) folded on the Turn


PokerStars Hand #148221417660:  Hold'em Limit ($3/$6 USD) - 2016/02/04 10:10:57 ET
Table 'Adalberta II' 2-max Seat #2 is the button
Seat 1: SmellyToes4u ($115.38 in chips)
Seat 2: hossi399 ($104 in chips)
hossi399: posts small blind $1
SmellyToes4u: posts big blind $3
*** HOLE CARDS ***
hossi399: raises $3 to $6
SmellyToes4u: calls $3
*** FLOP *** [9c Jc 8h]
SmellyToes4u: checks
hossi399: bets $3
SmellyToes4u: raises $3 to $6
hossi399: calls $3
*** TURN *** [9c Jc 8h] [Ah]
SmellyToes4u: bets $6
hossi399: calls $6
*** RIVER *** [9c Jc 8h Ah] [2h]
SmellyToes4u: bets $6
hossi399: folds
Uncalled bet ($6) returned to SmellyToes4u
SmellyToes4u collected $35.50 from pot
SmellyToes4u: doesn't show hand
*** SUMMARY ***
Total pot $36 | Rake $0.50
Board [9c Jc 8h Ah 2h]
Seat 1: SmellyToes4u (big blind) collected ($35.50)
Seat 2: hossi399 (button) (small blind) folded on the River


PokerStars Hand #148221459656:  Hold'em Limit ($3/$6 USD) - 2016/02/04 10:11:53 ET
Table 'Adalberta II' 2-max Seat #1 is the button
Seat 1: SmellyToes4u ($138.52 in chips)
Seat 2: hossi399 ($80 in chips)
SmellyToes4u: posts small blind $1
hossi399: posts big blind $3
*** HOLE CARDS ***
SmellyToes4u: raises $3 to $6
hossi399: raises $3 to $9
SmellyToes4u: calls $3
*** FLOP *** [6c 5d 6d]
hossi399: bets $3
SmellyToes4u: calls $3
*** TURN *** [6c 5d 6d] [8d]
hossi399: bets $6
SmellyToes4u: raises $6 to $12
hossi399: calls $6
*** RIVER *** [6c 5d 6d 8d] [Kh]
hossi399: checks
SmellyToes4u: bets $6
hossi399: calls $6
*** SHOW DOWN ***
SmellyToes4u: shows [Ah Ac] (two pair, Aces and Sixes)
hossi399: mucks hand
SmellyToes4u collected $59.50 from pot
*** SUMMARY ***
Total pot $60 | Rake $0.50
Board [6c 5d 6d 8d Kh]
Seat 1: SmellyToes4u (button) (small blind) showed [Ah Ac] and won ($59.50) with two pair, Aces and Sixes
Seat 2: hossi399 (big blind) mucked


