PokerStars Hand #145561640054:  Hold'em Limit ($3/$6 USD) - 2015/12/18 21:21:57 ET
Table 'Adelheid' 6-max Seat #4 is the button
Seat 4: AzureCaper ($73 in chips)
Seat 5: amazabr ($39.20 in chips)
AzureCaper: posts small blind $1
amazabr: posts big blind $3
*** HOLE CARDS ***
AzureCaper: folds
Uncalled bet ($2) returned to amazabr
amazabr collected $2 from pot
*** SUMMARY ***
Total pot $2 | Rake $0
Seat 4: AzureCaper (button) (small blind) folded before Flop
Seat 5: amazabr (big blind) collected ($2)


PokerStars Hand #145561642317:  Hold'em Limit ($3/$6 USD) - 2015/12/18 21:22:02 ET
Table 'Adelheid' 6-max Seat #5 is the button
Seat 4: AzureCaper ($72 in chips)
Seat 5: amazabr ($40.20 in chips)
amazabr: posts small blind $1
AzureCaper: posts big blind $3
*** HOLE CARDS ***
amazabr: raises $3 to $6
AzureCaper: calls $3
*** FLOP *** [5h 3h Jc]
AzureCaper: checks
amazabr: bets $3
AzureCaper: folds
Uncalled bet ($3) returned to amazabr
amazabr collected $11.76 from pot
*** SUMMARY ***
Total pot $12 | Rake $0.24
Board [5h 3h Jc]
Seat 4: AzureCaper (big blind) folded on the Flop
Seat 5: amazabr (button) (small blind) collected ($11.76)


PokerStars Hand #145561653146:  Hold'em Limit ($3/$6 USD) - 2015/12/18 21:22:25 ET
Table 'Adelheid' 6-max Seat #5 is the button
Seat 4: AzureCaper ($77.76 in chips)
Seat 5: amazabr ($39.96 in chips)
amazabr: posts small blind $1
AzureCaper: posts big blind $3
*** HOLE CARDS ***
amazabr: raises $3 to $6
AzureCaper: folds
Uncalled bet ($3) returned to amazabr
amazabr collected $6 from pot
*** SUMMARY ***
Total pot $6 | Rake $0
Seat 4: AzureCaper (big blind) folded before Flop
Seat 5: amazabr (button) (small blind) collected ($6)


PokerStars Hand #145561661373:  Hold'em Limit ($3/$6 USD) - 2015/12/18 21:22:43 ET
Table 'Adelheid' 6-max Seat #5 is the button
Seat 4: AzureCaper ($83.40 in chips)
Seat 5: amazabr ($33.96 in chips)
amazabr: posts small blind $1
AzureCaper: posts big blind $3
*** HOLE CARDS ***
amazabr: calls $2
AzureCaper: checks
*** FLOP *** [Jh 4h 6c]
AzureCaper: checks
amazabr: bets $3
AzureCaper: raises $3 to $6
amazabr: calls $3
*** TURN *** [Jh 4h 6c] [8h]
AzureCaper: bets $6
amazabr: calls $6
*** RIVER *** [Jh 4h 6c 8h] [Ac]
AzureCaper: checks
amazabr: bets $6
AzureCaper: calls $6
*** SHOW DOWN ***
amazabr: shows [3h 2d] (high card Ace)
AzureCaper: shows [Js 5h] (a pair of Jacks)
AzureCaper collected $41.50 from pot
*** SUMMARY ***
Total pot $42 | Rake $0.50
Board [Jh 4h 6c 8h Ac]
Seat 4: AzureCaper (big blind) showed [Js 5h] and won ($41.50) with a pair of Jacks
Seat 5: amazabr (button) (small blind) showed [3h 2d] and lost with high card Ace


PokerStars Hand #145561670944:  Hold'em Limit ($3/$6 USD) - 2015/12/18 21:23:04 ET
Table 'Adelheid' 6-max Seat #4 is the button
Seat 4: AzureCaper ($103.90 in chips)
Seat 5: amazabr ($12.96 in chips)
AzureCaper: posts small blind $1
amazabr: posts big blind $3
*** HOLE CARDS ***
AzureCaper: raises $3 to $6
amazabr: raises $3 to $9
AzureCaper: raises $3 to $12
Betting is capped
amazabr: calls $3
*** FLOP *** [8d 3c 3h]
amazabr: bets $0.96 and is all-in
AzureCaper: calls $0.96
*** TURN *** [8d 3c 3h] [7c]
*** RIVER *** [8d 3c 3h 7c] [Ac]
*** SHOW DOWN ***
amazabr: shows [Qc 5c] (a flush, Ace high)
AzureCaper: shows [Jc Kc] (a flush, Ace high - King higher)
AzureCaper collected $25.42 from pot
*** SUMMARY ***
Total pot $25.92 | Rake $0.50
Board [8d 3c 3h 7c Ac]
Seat 4: AzureCaper (button) (small blind) showed [Jc Kc] and won ($25.42) with a flush, Ace high
Seat 5: amazabr (big blind) showed [Qc 5c] and lost with a flush, Ace high


PokerStars Hand #145561647736:  Hold'em Limit ($3/$6 USD) - 2015/12/18 21:22:14 ET
Table 'Adelheid' 6-max Seat #4 is the button
Seat 4: AzureCaper ($72 in chips)
Seat 5: amazabr ($45.96 in chips)
AzureCaper: posts small blind $1
amazabr: posts big blind $3
*** HOLE CARDS ***
AzureCaper: raises $3 to $6
amazabr: calls $3
*** FLOP *** [3d Tc Kd]
amazabr: checks
AzureCaper: bets $3
amazabr: folds
Uncalled bet ($3) returned to AzureCaper
AzureCaper collected $11.76 from pot
AzureCaper: doesn't show hand
*** SUMMARY ***
Total pot $12 | Rake $0.24
Board [3d Tc Kd]
Seat 4: AzureCaper (button) (small blind) collected ($11.76)
Seat 5: amazabr (big blind) folded on the Flop


