PokerStars Hand #175199735757:  Hold'em Limit ($3/$6 USD) - 2017/09/04 12:27:43 ET
Table 'Adelheid' 6-max Seat #1 is the button
Seat 1: zimin10 ($72 in chips)
Seat 3: frednoel1986 ($78 in chips)
zimin10: posts small blind $1
frednoel1986: posts big blind $3
*** HOLE CARDS ***
Blikon joins the table at seat #6
B_loJkl joins the table at seat #2
zimin10: raises $3 to $6
frednoel1986: raises $3 to $9
zimin10: calls $3
*** FLOP *** [6s 4c Kc]
frednoel1986: bets $3
zimin10: calls $3
*** TURN *** [6s 4c Kc] [2s]
frednoel1986: bets $6
zimin10: folds
Uncalled bet ($6) returned to frednoel1986
frednoel1986 collected $23.52 from pot
*** SUMMARY ***
Total pot $24 | Rake $0.48
Board [6s 4c Kc 2s]
Seat 1: zimin10 (button) (small blind) folded on the Turn
Seat 3: frednoel1986 (big blind) collected ($23.52)


PokerStars Hand #175200916634:  Hold'em Limit ($3/$6 USD) - 2017/09/04 12:54:15 ET
Table 'Adelheid' 6-max Seat #1 is the button
Seat 1: zimin10 ($72 in chips)
Seat 5: zizonmusang ($187.43 in chips)
zimin10: posts small blind $1
B_loJkl: is sitting out
Mr.JOKER&CO: is sitting out
zizonmusang: posts big blind $3
*** HOLE CARDS ***
B_loJkl leaves the table
zimin10: raises $3 to $6
Mr.JOKER&CO leaves the table
zizonmusang: folds
Uncalled bet ($3) returned to zimin10
zimin10 collected $6 from pot
*** SUMMARY ***
Total pot $6 | Rake $0
Seat 1: zimin10 (button) (small blind) collected ($6)
Seat 5: zizonmusang (big blind) folded before Flop


PokerStars Hand #175200937506:  Hold'em Limit ($3/$6 USD) - 2017/09/04 12:54:42 ET
Table 'Adelheid' 6-max Seat #5 is the button
Seat 1: zimin10 ($75 in chips)
Seat 5: zizonmusang ($184.43 in chips)
zizonmusang: posts small blind $1
zimin10: posts big blind $3
*** HOLE CARDS ***
zizonmusang: raises $3 to $6
zimin10: calls $3
*** FLOP *** [Th 6s 5h]
zimin10: checks
zizonmusang: checks
*** TURN *** [Th 6s 5h] [6d]
zimin10: bets $6
zizonmusang: calls $6
*** RIVER *** [Th 6s 5h 6d] [Qs]
zimin10: checks
zizonmusang: bets $6
zimin10: folds
Uncalled bet ($6) returned to zizonmusang
zizonmusang collected $23.52 from pot
zizonmusang: doesn't show hand
*** SUMMARY ***
Total pot $24 | Rake $0.48
Board [Th 6s 5h 6d Qs]
Seat 1: zimin10 (big blind) folded on the River
Seat 5: zizonmusang (button) (small blind) collected ($23.52)


PokerStars Hand #175200964342:  Hold'em Limit ($3/$6 USD) - 2017/09/04 12:55:20 ET
Table 'Adelheid' 6-max Seat #1 is the button
Seat 1: zimin10 ($72 in chips)
Seat 5: zizonmusang ($195.95 in chips)
zimin10: posts small blind $1
zizonmusang: posts big blind $3
*** HOLE CARDS ***
zimin10: folds
Uncalled bet ($2) returned to zizonmusang
zizonmusang collected $2 from pot
zizonmusang: doesn't show hand
*** SUMMARY ***
Total pot $2 | Rake $0
Seat 1: zimin10 (button) (small blind) folded before Flop
Seat 5: zizonmusang (big blind) collected ($2)


PokerStars Hand #175200989447:  Hold'em Limit ($3/$6 USD) - 2017/09/04 12:56:02 ET
Table 'Adelheid' 6-max Seat #5 is the button
Seat 1: zimin10 ($79.64 in chips)
Seat 5: zizonmusang ($188.95 in chips)
zizonmusang: posts small blind $1
zimin10: posts big blind $3
*** HOLE CARDS ***
zizonmusang: folds
Uncalled bet ($2) returned to zimin10
zimin10 collected $2 from pot
*** SUMMARY ***
Total pot $2 | Rake $0
Seat 1: zimin10 (big blind) collected ($2)
Seat 5: zizonmusang (button) (small blind) folded before Flop


PokerStars Hand #175200986327:  Hold'em Limit ($3/$6 USD) - 2017/09/04 12:55:57 ET
Table 'Adelheid' 6-max Seat #1 is the button
Seat 1: zimin10 ($80.64 in chips)
Seat 5: zizonmusang ($187.95 in chips)
zimin10: posts small blind $1
zizonmusang: posts big blind $3
*** HOLE CARDS ***
zimin10: folds
Uncalled bet ($2) returned to zizonmusang
zizonmusang collected $2 from pot
zizonmusang: doesn't show hand
*** SUMMARY ***
Total pot $2 | Rake $0
Seat 1: zimin10 (button) (small blind) folded before Flop
Seat 5: zizonmusang (big blind) collected ($2)


PokerStars Hand #175200968182:  Hold'em Limit ($3/$6 USD) - 2017/09/04 12:55:26 ET
Table 'Adelheid' 6-max Seat #5 is the button
Seat 1: zimin10 ($72 in chips)
Seat 5: zizonmusang ($196.95 in chips)
zizonmusang: posts small blind $1
zimin10: posts big blind $3
*** HOLE CARDS ***
zizonmusang: raises $3 to $6
zimin10: calls $3
*** FLOP *** [3d 7d 8s]
zimin10: checks
zizonmusang: bets $3
zimin10: calls $3
*** TURN *** [3d 7d 8s] [As]
zimin10: checks
zizonmusang: checks
*** RIVER *** [3d 7d 8s As] [6h]
zimin10: checks
zizonmusang: checks
*** SHOW DOWN ***
zimin10: shows [Ah 9d] (a pair of Aces)
zizonmusang: mucks hand
zimin10 collected $17.64 from pot
*** SUMMARY ***
Total pot $18 | Rake $0.36
Board [3d 7d 8s As 6h]
Seat 1: zimin10 (big blind) showed [Ah 9d] and won ($17.64) with a pair of Aces
Seat 5: zizonmusang (button) (small blind) mucked


PokerStars Hand #175201102066:  Hold'em Limit ($3/$6 USD) - 2017/09/04 12:58:59 ET
Table 'Adelheid' 6-max Seat #1 is the button
Seat 1: zimin10 ($80.64 in chips)
Seat 2: Shadowtricks ($235.62 in chips)
zimin10: posts small blind $1
Shadowtricks: posts big blind $3
*** HOLE CARDS ***
B_loJkl joins the table at seat #3
zimin10: raises $3 to $6
Shadowtricks: calls $3
*** FLOP *** [2s 3c 2c]
Shadowtricks: checks
zimin10: bets $3
Shadowtricks: calls $3
*** TURN *** [2s 3c 2c] [9c]
Shadowtricks: checks
zimin10: bets $6
Shadowtricks: calls $6
*** RIVER *** [2s 3c 2c 9c] [7s]
Shadowtricks: checks
zimin10: checks
*** SHOW DOWN ***
Shadowtricks: shows [Jd 2h] (three of a kind, Deuces)
zimin10: mucks hand
Shadowtricks collected $29.50 from pot
*** SUMMARY ***
Total pot $30 | Rake $0.50
Board [2s 3c 2c 9c 7s]
Seat 1: zimin10 (button) (small blind) mucked
Seat 2: Shadowtricks (big blind) showed [Jd 2h] and won ($29.50) with three of a kind, Deuces


PokerStars Hand #175201849978:  Hold'em Limit ($3/$6 USD) - 2017/09/04 13:15:44 ET
Table 'Adelheid' 6-max Seat #1 is the button
Seat 1: zimin10 ($173 in chips)
Seat 5: cmoiici ($94.77 in chips)
zimin10: posts small blind $1
cmoiici: posts big blind $3
*** HOLE CARDS ***
zimin10: folds
Uncalled bet ($2) returned to cmoiici
cmoiici collected $2 from pot
cmoiici: doesn't show hand
*** SUMMARY ***
Total pot $2 | Rake $0
Seat 1: zimin10 (button) (small blind) folded before Flop
Seat 5: cmoiici (big blind) collected ($2)


PokerStars Hand #175201845391:  Hold'em Limit ($3/$6 USD) - 2017/09/04 13:15:38 ET
Table 'Adelheid' 6-max Seat #5 is the button
Seat 1: zimin10 ($172 in chips)
Seat 5: cmoiici ($95.77 in chips)
cmoiici: posts small blind $1
zxkz: is sitting out
zimin10: posts big blind $3
*** HOLE CARDS ***
cmoiici: folds
Uncalled bet ($2) returned to zimin10
zimin10 collected $2 from pot
*** SUMMARY ***
Total pot $2 | Rake $0
Seat 1: zimin10 (big blind) collected ($2)
Seat 5: cmoiici (button) (small blind) folded before Flop


