PokerStars Hand #155684487132:  Hold'em Limit ($3/$6 USD) - 2016/07/07 15:15:02 ET
Table 'Adele' 6-max Seat #4 is the button
Seat 4: AzureCaper ($72 in chips)
Seat 5: moveoverover ($47.45 in chips)
AzureCaper: posts small blind $1
moveoverover: posts big blind $3
*** HOLE CARDS ***
AzureCaper: raises $3 to $6
moveoverover: calls $3
*** FLOP *** [7s 2c Jc]
moveoverover: checks
AzureCaper: bets $3
moveoverover: calls $3
*** TURN *** [7s 2c Jc] [9c]
moveoverover: checks
AzureCaper: bets $6
moveoverover: folds
Uncalled bet ($6) returned to AzureCaper
AzureCaper collected $17.64 from pot
AzureCaper: doesn't show hand
*** SUMMARY ***
Total pot $18 | Rake $0.36
Board [7s 2c Jc 9c]
Seat 4: AzureCaper (button) (small blind) collected ($17.64)
Seat 5: moveoverover (big blind) folded on the Turn


PokerStars Hand #155684502494:  Hold'em Limit ($3/$6 USD) - 2016/07/07 15:15:28 ET
Table 'Adele' 6-max Seat #4 is the button
Seat 4: AzureCaper ($74.64 in chips)
Seat 5: moveoverover ($44.21 in chips)
AzureCaper: posts small blind $1
moveoverover: posts big blind $3
*** HOLE CARDS ***
AzureCaper: folds
Uncalled bet ($2) returned to moveoverover
moveoverover collected $2 from pot
moveoverover: doesn't show hand
*** SUMMARY ***
Total pot $2 | Rake $0
Seat 4: AzureCaper (button) (small blind) folded before Flop
Seat 5: moveoverover (big blind) collected ($2)


PokerStars Hand #155684497071:  Hold'em Limit ($3/$6 USD) - 2016/07/07 15:15:19 ET
Table 'Adele' 6-max Seat #5 is the button
Seat 4: AzureCaper ($80.64 in chips)
Seat 5: moveoverover ($38.45 in chips)
moveoverover: posts small blind $1
AzureCaper: posts big blind $3
*** HOLE CARDS ***
moveoverover: raises $3 to $6
AzureCaper: calls $3
*** FLOP *** [Qs Jh 3h]
AzureCaper: checks
moveoverover: bets $3
AzureCaper: folds
Uncalled bet ($3) returned to moveoverover
moveoverover collected $11.76 from pot
*** SUMMARY ***
Total pot $12 | Rake $0.24
Board [Qs Jh 3h]
Seat 4: AzureCaper (big blind) folded on the Flop
Seat 5: moveoverover (button) (small blind) collected ($11.76)


PokerStars Hand #155684505237:  Hold'em Limit ($3/$6 USD) - 2016/07/07 15:15:33 ET
Table 'Adele' 6-max Seat #5 is the button
Seat 4: AzureCaper ($73.64 in chips)
Seat 5: moveoverover ($45.21 in chips)
moveoverover: posts small blind $1
AzureCaper: posts big blind $3
*** HOLE CARDS ***
moveoverover: raises $3 to $6
AzureCaper: raises $3 to $9
moveoverover: calls $3
*** FLOP *** [Td Js Qh]
AzureCaper: bets $3
moveoverover: folds
Uncalled bet ($3) returned to AzureCaper
AzureCaper collected $17.64 from pot
AzureCaper: doesn't show hand
*** SUMMARY ***
Total pot $18 | Rake $0.36
Board [Td Js Qh]
Seat 4: AzureCaper (big blind) collected ($17.64)
Seat 5: moveoverover (button) (small blind) folded on the Flop


PokerStars Hand #155684510957:  Hold'em Limit ($3/$6 USD) - 2016/07/07 15:15:43 ET
Table 'Adele' 6-max Seat #4 is the button
Seat 4: AzureCaper ($82.28 in chips)
Seat 5: moveoverover ($36.21 in chips)
AzureCaper: posts small blind $1
moveoverover: posts big blind $3
*** HOLE CARDS ***
AzureCaper: raises $3 to $6
moveoverover: folds
Uncalled bet ($3) returned to AzureCaper
AzureCaper collected $6 from pot
AzureCaper: doesn't show hand
*** SUMMARY ***
Total pot $6 | Rake $0
Seat 4: AzureCaper (button) (small blind) collected ($6)
Seat 5: moveoverover (big blind) folded before Flop


PokerStars Hand #155684514079:  Hold'em Limit ($3/$6 USD) - 2016/07/07 15:15:48 ET
Table 'Adele' 6-max Seat #5 is the button
Seat 4: AzureCaper ($85.28 in chips)
Seat 5: moveoverover ($33.21 in chips)
moveoverover: posts small blind $1
AzureCaper: posts big blind $3
*** HOLE CARDS ***
moveoverover: raises $3 to $6
AzureCaper: raises $3 to $9
moveoverover: calls $3
*** FLOP *** [5d 8c 6c]
AzureCaper: bets $3
moveoverover: raises $3 to $6
AzureCaper: calls $3
*** TURN *** [5d 8c 6c] [Jh]
AzureCaper: checks
moveoverover: bets $6
AzureCaper: folds
Uncalled bet ($6) returned to moveoverover
moveoverover collected $29.50 from pot
*** SUMMARY ***
Total pot $30 | Rake $0.50
Board [5d 8c 6c Jh]
Seat 4: AzureCaper (big blind) folded on the Turn
Seat 5: moveoverover (button) (small blind) collected ($29.50)


PokerStars Hand #155684537224:  Hold'em Limit ($3/$6 USD) - 2016/07/07 15:16:26 ET
Table 'Adele' 6-max Seat #4 is the button
Seat 4: AzureCaper ($95.50 in chips)
Seat 5: moveoverover ($24.71 in chips)
AzureCaper: posts small blind $1
moveoverover: posts big blind $3
*** HOLE CARDS ***
AzureCaper: folds
Uncalled bet ($2) returned to moveoverover
moveoverover collected $2 from pot
moveoverover: doesn't show hand
*** SUMMARY ***
Total pot $2 | Rake $0
Seat 4: AzureCaper (button) (small blind) folded before Flop
Seat 5: moveoverover (big blind) collected ($2)


PokerStars Hand #155684526356:  Hold'em Limit ($3/$6 USD) - 2016/07/07 15:16:08 ET
Table 'Adele' 6-max Seat #5 is the button
Seat 4: AzureCaper ($72 in chips)
Seat 5: moveoverover ($48.71 in chips)
moveoverover: posts small blind $1
AzureCaper: posts big blind $3
*** HOLE CARDS ***
moveoverover: raises $3 to $6
AzureCaper: calls $3
*** FLOP *** [Kc 7c Qs]
AzureCaper: checks
moveoverover: bets $3
AzureCaper: raises $3 to $6
moveoverover: raises $3 to $9
AzureCaper: raises $3 to $12
Betting is capped
moveoverover: calls $3
*** TURN *** [Kc 7c Qs] [Jh]
AzureCaper: bets $6
moveoverover: calls $6
*** RIVER *** [Kc 7c Qs Jh] [2s]
AzureCaper: bets $6
moveoverover: folds
Uncalled bet ($6) returned to AzureCaper
AzureCaper collected $47.50 from pot
AzureCaper: doesn't show hand
*** SUMMARY ***
Total pot $48 | Rake $0.50
Board [Kc 7c Qs Jh 2s]
Seat 4: AzureCaper (big blind) collected ($47.50)
Seat 5: moveoverover (button) (small blind) folded on the River


PokerStars Hand #155684544434:  Hold'em Limit ($3/$6 USD) - 2016/07/07 15:16:38 ET
Table 'Adele' 6-max Seat #4 is the button
Seat 4: AzureCaper ($88.50 in chips)
Seat 5: moveoverover ($31.47 in chips)
AzureCaper: posts small blind $1
moveoverover: posts big blind $3
*** HOLE CARDS ***
AzureCaper: folds
Uncalled bet ($2) returned to moveoverover
moveoverover collected $2 from pot
moveoverover: doesn't show hand
*** SUMMARY ***
Total pot $2 | Rake $0
Seat 4: AzureCaper (button) (small blind) folded before Flop
Seat 5: moveoverover (big blind) collected ($2)


PokerStars Hand #155684539789:  Hold'em Limit ($3/$6 USD) - 2016/07/07 15:16:31 ET
Table 'Adele' 6-max Seat #5 is the button
Seat 4: AzureCaper ($94.50 in chips)
Seat 5: moveoverover ($25.71 in chips)
moveoverover: posts small blind $1
AzureCaper: posts big blind $3
*** HOLE CARDS ***
moveoverover: raises $3 to $6
AzureCaper: calls $3
*** FLOP *** [4h 8d 8s]
AzureCaper: checks
moveoverover: bets $3
AzureCaper: folds
Uncalled bet ($3) returned to moveoverover
moveoverover collected $11.76 from pot
*** SUMMARY ***
Total pot $12 | Rake $0.24
Board [4h 8d 8s]
Seat 4: AzureCaper (big blind) folded on the Flop
Seat 5: moveoverover (button) (small blind) collected ($11.76)


PokerStars Hand #155684549815:  Hold'em Limit ($3/$6 USD) - 2016/07/07 15:16:47 ET
Table 'Adele' 6-max Seat #4 is the button
Seat 4: AzureCaper ($84.50 in chips)
Seat 5: moveoverover ($35.47 in chips)
AzureCaper: posts small blind $1
moveoverover: posts big blind $3
*** HOLE CARDS ***
AzureCaper: folds
Uncalled bet ($2) returned to moveoverover
moveoverover collected $2 from pot
*** SUMMARY ***
Total pot $2 | Rake $0
Seat 4: AzureCaper (button) (small blind) folded before Flop
Seat 5: moveoverover (big blind) collected ($2)


PokerStars Hand #155684546937:  Hold'em Limit ($3/$6 USD) - 2016/07/07 15:16:43 ET
Table 'Adele' 6-max Seat #5 is the button
Seat 4: AzureCaper ($87.50 in chips)
Seat 5: moveoverover ($32.47 in chips)
moveoverover: posts small blind $1
AzureCaper: posts big blind $3
*** HOLE CARDS ***
moveoverover: raises $3 to $6
AzureCaper: folds
Uncalled bet ($3) returned to moveoverover
moveoverover collected $6 from pot
*** SUMMARY ***
Total pot $6 | Rake $0
Seat 4: AzureCaper (big blind) folded before Flop
Seat 5: moveoverover (button) (small blind) collected ($6)


PokerStars Hand #155684552387:  Hold'em Limit ($3/$6 USD) - 2016/07/07 15:16:52 ET
Table 'Adele' 6-max Seat #5 is the button
Seat 4: AzureCaper ($83.50 in chips)
Seat 5: moveoverover ($36.47 in chips)
moveoverover: posts small blind $1
AzureCaper: posts big blind $3
*** HOLE CARDS ***
moveoverover: raises $3 to $6
AzureCaper: calls $3
*** FLOP *** [7h Kd 6h]
AzureCaper: checks
moveoverover: bets $3
AzureCaper: raises $3 to $6
moveoverover: folds
Uncalled bet ($3) returned to AzureCaper
minigus575 joins the table at seat #3
AzureCaper collected $17.64 from pot
AzureCaper: doesn't show hand
*** SUMMARY ***
Total pot $18 | Rake $0.36
Board [7h Kd 6h]
Seat 4: AzureCaper (big blind) collected ($17.64)
Seat 5: moveoverover (button) (small blind) folded on the Flop


PokerStars Hand #155684523824:  Hold'em Limit ($3/$6 USD) - 2016/07/07 15:16:04 ET
Table 'Adele' 6-max Seat #4 is the button
Seat 4: AzureCaper ($72 in chips)
Seat 5: moveoverover ($47.71 in chips)
AzureCaper: posts small blind $1
moveoverover: posts big blind $3
*** HOLE CARDS ***
AzureCaper: folds
Uncalled bet ($2) returned to moveoverover
moveoverover collected $2 from pot
moveoverover: doesn't show hand
*** SUMMARY ***
Total pot $2 | Rake $0
Seat 4: AzureCaper (button) (small blind) folded before Flop
Seat 5: moveoverover (big blind) collected ($2)


PokerStars Hand #155684558854:  Hold'em Limit ($3/$6 USD) - 2016/07/07 15:17:03 ET
Table 'Adele' 6-max Seat #4 is the button
Seat 4: AzureCaper ($92.14 in chips)
Seat 5: moveoverover ($27.47 in chips)
AzureCaper: posts small blind $1
moveoverover: posts big blind $3
*** HOLE CARDS ***
AzureCaper: raises $3 to $6
moveoverover: folds
Uncalled bet ($3) returned to AzureCaper
AzureCaper collected $6 from pot
AzureCaper: doesn't show hand
*** SUMMARY ***
Total pot $6 | Rake $0
Seat 4: AzureCaper (button) (small blind) collected ($6)
Seat 5: moveoverover (big blind) folded before Flop


PokerStars Hand #155684700321:  Hold'em Limit ($3/$6 USD) - 2016/07/07 15:21:01 ET
Table 'Adele' 6-max Seat #4 is the button
Seat 4: AzureCaper ($183.91 in chips)
Seat 5: moveoverover ($44.95 in chips)
AzureCaper: posts small blind $1
moveoverover: posts big blind $3
*** HOLE CARDS ***
AzureCaper: folds
Uncalled bet ($2) returned to moveoverover
moveoverover collected $2 from pot
moveoverover: doesn't show hand
*** SUMMARY ***
Total pot $2 | Rake $0
Seat 4: AzureCaper (button) (small blind) folded before Flop
Seat 5: moveoverover (big blind) collected ($2)


PokerStars Hand #155684689505:  Hold'em Limit ($3/$6 USD) - 2016/07/07 15:20:42 ET
Table 'Adele' 6-max Seat #5 is the button
Seat 4: AzureCaper ($160.41 in chips)
Seat 5: moveoverover ($68.95 in chips)
moveoverover: posts small blind $1
AzureCaper: posts big blind $3
*** HOLE CARDS ***
moveoverover: raises $3 to $6
AzureCaper: calls $3
*** FLOP *** [Kc Kd 3s]
AzureCaper: checks
moveoverover: bets $3
AzureCaper: raises $3 to $6
moveoverover: calls $3
*** TURN *** [Kc Kd 3s] [8s]
AzureCaper: bets $6
moveoverover: calls $6
*** RIVER *** [Kc Kd 3s 8s] [Tc]
AzureCaper: bets $6
moveoverover: calls $6
*** SHOW DOWN ***
AzureCaper: shows [7d 8d] (two pair, Kings and Eights)
moveoverover: mucks hand
AzureCaper collected $47.50 from pot
*** SUMMARY ***
Total pot $48 | Rake $0.50
Board [Kc Kd 3s 8s Tc]
Seat 4: AzureCaper (big blind) showed [7d 8d] and won ($47.50) with two pair, Kings and Eights
Seat 5: moveoverover (button) (small blind) mucked


PokerStars Hand #155684684438:  Hold'em Limit ($3/$6 USD) - 2016/07/07 15:20:34 ET
Table 'Adele' 6-max Seat #4 is the button
Seat 4: AzureCaper ($154.65 in chips)
Seat 5: moveoverover ($74.95 in chips)
AzureCaper: posts small blind $1
moveoverover: posts big blind $3
*** HOLE CARDS ***
AzureCaper: raises $3 to $6
moveoverover: calls $3
*** FLOP *** [3d Kh Kd]
moveoverover: checks
AzureCaper: bets $3
moveoverover: folds
Uncalled bet ($3) returned to AzureCaper
AzureCaper collected $11.76 from pot
AzureCaper: doesn't show hand
*** SUMMARY ***
Total pot $12 | Rake $0.24
Board [3d Kh Kd]
Seat 4: AzureCaper (button) (small blind) collected ($11.76)
Seat 5: moveoverover (big blind) folded on the Flop


PokerStars Hand #155684681651:  Hold'em Limit ($3/$6 USD) - 2016/07/07 15:20:29 ET
Table 'Adele' 6-max Seat #5 is the button
Seat 4: AzureCaper ($153.65 in chips)
Seat 5: moveoverover ($75.95 in chips)
moveoverover: posts small blind $1
AzureCaper: posts big blind $3
*** HOLE CARDS ***
moveoverover: folds
Uncalled bet ($2) returned to AzureCaper
AzureCaper collected $2 from pot
AzureCaper: doesn't show hand
*** SUMMARY ***
Total pot $2 | Rake $0
Seat 4: AzureCaper (big blind) collected ($2)
Seat 5: moveoverover (button) (small blind) folded before Flop


PokerStars Hand #155684678991:  Hold'em Limit ($3/$6 USD) - 2016/07/07 15:20:25 ET
Table 'Adele' 6-max Seat #4 is the button
Seat 4: AzureCaper ($154.65 in chips)
Seat 5: moveoverover ($74.95 in chips)
AzureCaper: posts small blind $1
moveoverover: posts big blind $3
*** HOLE CARDS ***
AzureCaper: folds
Uncalled bet ($2) returned to moveoverover
moveoverover collected $2 from pot
*** SUMMARY ***
Total pot $2 | Rake $0
Seat 4: AzureCaper (button) (small blind) folded before Flop
Seat 5: moveoverover (big blind) collected ($2)


PokerStars Hand #155684676054:  Hold'em Limit ($3/$6 USD) - 2016/07/07 15:20:20 ET
Table 'Adele' 6-max Seat #5 is the button
Seat 4: AzureCaper ($153.65 in chips)
Seat 5: moveoverover ($75.95 in chips)
moveoverover: posts small blind $1
AzureCaper: posts big blind $3
*** HOLE CARDS ***
moveoverover: folds
Uncalled bet ($2) returned to AzureCaper
AzureCaper collected $2 from pot
AzureCaper: doesn't show hand
*** SUMMARY ***
Total pot $2 | Rake $0
Seat 4: AzureCaper (big blind) collected ($2)
Seat 5: moveoverover (button) (small blind) folded before Flop


PokerStars Hand #155684672662:  Hold'em Limit ($3/$6 USD) - 2016/07/07 15:20:14 ET
Table 'Adele' 6-max Seat #4 is the button
Seat 4: AzureCaper ($150.65 in chips)
Seat 5: moveoverover ($78.95 in chips)
AzureCaper: posts small blind $1
moveoverover: posts big blind $3
*** HOLE CARDS ***
AzureCaper: raises $3 to $6
moveoverover: folds
Uncalled bet ($3) returned to AzureCaper
minigus575 leaves the table
AzureCaper collected $6 from pot
AzureCaper: doesn't show hand
*** SUMMARY ***
Total pot $6 | Rake $0
Seat 4: AzureCaper (button) (small blind) collected ($6)
Seat 5: moveoverover (big blind) folded before Flop


PokerStars Hand #155684668693:  Hold'em Limit ($3/$6 USD) - 2016/07/07 15:20:07 ET
Table 'Adele' 6-max Seat #5 is the button
Seat 4: AzureCaper ($153.65 in chips)
Seat 5: moveoverover ($75.95 in chips)
moveoverover: posts small blind $1
AzureCaper: posts big blind $3
*** HOLE CARDS ***
moveoverover: raises $3 to $6
AzureCaper: folds
Uncalled bet ($3) returned to moveoverover
moveoverover collected $6 from pot
*** SUMMARY ***
Total pot $6 | Rake $0
Seat 4: AzureCaper (big blind) folded before Flop
Seat 5: moveoverover (button) (small blind) collected ($6)


PokerStars Hand #155684729269:  Hold'em Limit ($3/$6 USD) - 2016/07/07 15:21:42 ET
Table 'Adele' 6-max Seat #5 is the button
Seat 4: AzureCaper ($198.41 in chips)
Seat 5: moveoverover ($29.71 in chips)
moveoverover: posts small blind $1
AzureCaper: posts big blind $3
*** HOLE CARDS ***
moveoverover: raises $3 to $6
AzureCaper: calls $3
*** FLOP *** [Th 6c 4c]
AzureCaper: checks
moveoverover: bets $3
AzureCaper: calls $3
*** TURN *** [Th 6c 4c] [Kd]
AzureCaper: checks
moveoverover: bets $6
AzureCaper: folds
Uncalled bet ($6) returned to moveoverover
moveoverover collected $17.64 from pot
*** SUMMARY ***
Total pot $18 | Rake $0.36
Board [Th 6c 4c Kd]
Seat 4: AzureCaper (big blind) folded on the Turn
Seat 5: moveoverover (button) (small blind) collected ($17.64)


PokerStars Hand #155684726823:  Hold'em Limit ($3/$6 USD) - 2016/07/07 15:21:38 ET
Table 'Adele' 6-max Seat #4 is the button
Seat 4: AzureCaper ($199.41 in chips)
Seat 5: moveoverover ($28.71 in chips)
AzureCaper: posts small blind $1
moveoverover: posts big blind $3
*** HOLE CARDS ***
AzureCaper: folds
Uncalled bet ($2) returned to moveoverover
moveoverover collected $2 from pot
*** SUMMARY ***
Total pot $2 | Rake $0
Seat 4: AzureCaper (button) (small blind) folded before Flop
Seat 5: moveoverover (big blind) collected ($2)


PokerStars Hand #155684714493:  Hold'em Limit ($3/$6 USD) - 2016/07/07 15:21:25 ET
Table 'Adele' 6-max Seat #5 is the button
Seat 4: AzureCaper ($205.41 in chips)
Seat 5: moveoverover ($22.95 in chips)
moveoverover: posts small blind $1
AzureCaper: posts big blind $3
*** HOLE CARDS ***
moveoverover: raises $3 to $6
AzureCaper: calls $3
*** FLOP *** [8s As 7c]
AzureCaper: checks
moveoverover: checks
*** TURN *** [8s As 7c] [3h]
AzureCaper: checks
moveoverover: bets $6
AzureCaper: folds
Uncalled bet ($6) returned to moveoverover
moveoverover collected $11.76 from pot
*** SUMMARY ***
Total pot $12 | Rake $0.24
Board [8s As 7c 3h]
Seat 4: AzureCaper (big blind) folded on the Turn
Seat 5: moveoverover (button) (small blind) collected ($11.76)


PokerStars Hand #155684712026:  Hold'em Limit ($3/$6 USD) - 2016/07/07 15:21:21 ET
Table 'Adele' 6-max Seat #4 is the button
Seat 4: AzureCaper ($206.41 in chips)
Seat 5: moveoverover ($21.95 in chips)
AzureCaper: posts small blind $1
moveoverover: posts big blind $3
*** HOLE CARDS ***
AzureCaper: folds
Uncalled bet ($2) returned to moveoverover
moveoverover collected $2 from pot
moveoverover: doesn't show hand
*** SUMMARY ***
Total pot $2 | Rake $0
Seat 4: AzureCaper (button) (small blind) folded before Flop
Seat 5: moveoverover (big blind) collected ($2)


PokerStars Hand #155684702861:  Hold'em Limit ($3/$6 USD) - 2016/07/07 15:21:05 ET
Table 'Adele' 6-max Seat #5 is the button
Seat 4: AzureCaper ($182.91 in chips)
Seat 5: moveoverover ($45.95 in chips)
moveoverover: posts small blind $1
AzureCaper: posts big blind $3
*** HOLE CARDS ***
moveoverover: raises $3 to $6
AzureCaper: calls $3
*** FLOP *** [3h 9d 4c]
AzureCaper: checks
moveoverover: bets $3
AzureCaper: raises $3 to $6
moveoverover: calls $3
*** TURN *** [3h 9d 4c] [6h]
AzureCaper: bets $6
moveoverover: calls $6
*** RIVER *** [3h 9d 4c 6h] [4s]
AzureCaper: bets $6
moveoverover: calls $6
*** SHOW DOWN ***
AzureCaper: shows [9s 8c] (two pair, Nines and Fours)
moveoverover: mucks hand
AzureCaper collected $47.50 from pot
*** SUMMARY ***
Total pot $48 | Rake $0.50
Board [3h 9d 4c 6h 4s]
Seat 4: AzureCaper (big blind) showed [9s 8c] and won ($47.50) with two pair, Nines and Fours
Seat 5: moveoverover (button) (small blind) mucked


PokerStars Hand #155684770022:  Hold'em Limit ($3/$6 USD) - 2016/07/07 15:22:51 ET
Table 'Adele' 6-max Seat #5 is the button
Seat 4: AzureCaper ($151.41 in chips)
Seat 5: moveoverover ($74.99 in chips)
moveoverover: posts small blind $1
AzureCaper: posts big blind $3
*** HOLE CARDS ***
moveoverover: raises $3 to $6
AzureCaper: calls $3
*** FLOP *** [8h Kc 3c]
AzureCaper: checks
moveoverover: bets $3
AzureCaper: calls $3
*** TURN *** [8h Kc 3c] [6c]
AzureCaper: checks
moveoverover: bets $6
AzureCaper: folds
Uncalled bet ($6) returned to moveoverover
moveoverover collected $17.64 from pot
*** SUMMARY ***
Total pot $18 | Rake $0.36
Board [8h Kc 3c 6c]
Seat 4: AzureCaper (big blind) folded on the Turn
Seat 5: moveoverover (button) (small blind) collected ($17.64)


PokerStars Hand #155684767176:  Hold'em Limit ($3/$6 USD) - 2016/07/07 15:22:47 ET
Table 'Adele' 6-max Seat #4 is the button
Seat 4: AzureCaper ($148.41 in chips)
Seat 5: moveoverover ($77.99 in chips)
AzureCaper: posts small blind $1
moveoverover: posts big blind $3
*** HOLE CARDS ***
AzureCaper: raises $3 to $6
moveoverover: folds
Uncalled bet ($3) returned to AzureCaper
AzureCaper collected $6 from pot
AzureCaper: doesn't show hand
*** SUMMARY ***
Total pot $6 | Rake $0
Seat 4: AzureCaper (button) (small blind) collected ($6)
Seat 5: moveoverover (big blind) folded before Flop


PokerStars Hand #155684760758:  Hold'em Limit ($3/$6 USD) - 2016/07/07 15:22:35 ET
Table 'Adele' 6-max Seat #5 is the button
Seat 4: AzureCaper ($157.41 in chips)
Seat 5: moveoverover ($69.35 in chips)
moveoverover: posts small blind $1
AzureCaper: posts big blind $3
*** HOLE CARDS ***
moveoverover: raises $3 to $6
AzureCaper: calls $3
*** FLOP *** [Jc 8d 2s]
AzureCaper: checks
moveoverover: bets $3
AzureCaper: calls $3
*** TURN *** [Jc 8d 2s] [Ks]
AzureCaper: checks
moveoverover: bets $6
AzureCaper: folds
Uncalled bet ($6) returned to moveoverover
moveoverover collected $17.64 from pot
*** SUMMARY ***
Total pot $18 | Rake $0.36
Board [Jc 8d 2s Ks]
Seat 4: AzureCaper (big blind) folded on the Turn
Seat 5: moveoverover (button) (small blind) collected ($17.64)


PokerStars Hand #155684748506:  Hold'em Limit ($3/$6 USD) - 2016/07/07 15:22:14 ET
Table 'Adele' 6-max Seat #4 is the button
Seat 4: AzureCaper ($172.41 in chips)
Seat 5: moveoverover ($54.85 in chips)
AzureCaper: posts small blind $1
moveoverover: posts big blind $3
*** HOLE CARDS ***
AzureCaper: raises $3 to $6
moveoverover: raises $3 to $9
AzureCaper: raises $3 to $12
Betting is capped
moveoverover: calls $3
*** FLOP *** [3s 2c 9c]
moveoverover: checks
AzureCaper: bets $3
moveoverover: calls $3
*** TURN *** [3s 2c 9c] [5d]
moveoverover: checks
AzureCaper: checks
*** RIVER *** [3s 2c 9c 5d] [As]
moveoverover: bets $6
AzureCaper: folds
Uncalled bet ($6) returned to moveoverover
moveoverover collected $29.50 from pot
*** SUMMARY ***
Total pot $30 | Rake $0.50
Board [3s 2c 9c 5d As]
Seat 4: AzureCaper (button) (small blind) folded on the River
Seat 5: moveoverover (big blind) collected ($29.50)


PokerStars Hand #155684745860:  Hold'em Limit ($3/$6 USD) - 2016/07/07 15:22:10 ET
Table 'Adele' 6-max Seat #5 is the button
Seat 4: AzureCaper ($171.41 in chips)
Seat 5: moveoverover ($55.85 in chips)
moveoverover: posts small blind $1
AzureCaper: posts big blind $3
*** HOLE CARDS ***
moveoverover: folds
Uncalled bet ($2) returned to AzureCaper
AzureCaper collected $2 from pot
AzureCaper: doesn't show hand
*** SUMMARY ***
Total pot $2 | Rake $0
Seat 4: AzureCaper (big blind) collected ($2)
Seat 5: moveoverover (button) (small blind) folded before Flop


PokerStars Hand #155684736540:  Hold'em Limit ($3/$6 USD) - 2016/07/07 15:21:54 ET
Table 'Adele' 6-max Seat #4 is the button
Seat 4: AzureCaper ($189.41 in chips)
Seat 5: moveoverover ($38.35 in chips)
AzureCaper: posts small blind $1
moveoverover: posts big blind $3
*** HOLE CARDS ***
AzureCaper: raises $3 to $6
moveoverover: raises $3 to $9
AzureCaper: calls $3
*** FLOP *** [7c Tc 4s]
moveoverover: bets $3
AzureCaper: calls $3
*** TURN *** [7c Tc 4s] [5h]
moveoverover: bets $6
AzureCaper: calls $6
*** RIVER *** [7c Tc 4s 5h] [8c]
moveoverover: checks
AzureCaper: checks
*** SHOW DOWN ***
moveoverover: shows [As 5d] (a pair of Fives)
AzureCaper: mucks hand
moveoverover collected $35.50 from pot
*** SUMMARY ***
Total pot $36 | Rake $0.50
Board [7c Tc 4s 5h 8c]
Seat 4: AzureCaper (button) (small blind) mucked
Seat 5: moveoverover (big blind) showed [As 5d] and won ($35.50) with a pair of Fives


PokerStars Hand #155684807816:  Hold'em Limit ($3/$6 USD) - 2016/07/07 15:23:55 ET
Table 'Adele' 6-max Seat #5 is the button
Seat 4: AzureCaper ($72 in chips)
Seat 5: moveoverover ($162.15 in chips)
moveoverover: posts small blind $1
AzureCaper: posts big blind $3
*** HOLE CARDS ***
moveoverover: folds
Uncalled bet ($2) returned to AzureCaper
AzureCaper collected $2 from pot
AzureCaper: doesn't show hand
*** SUMMARY ***
Total pot $2 | Rake $0
Seat 4: AzureCaper (big blind) collected ($2)
Seat 5: moveoverover (button) (small blind) folded before Flop


PokerStars Hand #155684797212:  Hold'em Limit ($3/$6 USD) - 2016/07/07 15:23:37 ET
Table 'Adele' 6-max Seat #4 is the button
Seat 4: AzureCaper ($98.41 in chips)
Seat 5: moveoverover ($126.65 in chips)
AzureCaper: posts small blind $1
moveoverover: posts big blind $3
*** HOLE CARDS ***
AzureCaper: raises $3 to $6
moveoverover: raises $3 to $9
AzureCaper: raises $3 to $12
Betting is capped
moveoverover: calls $3
*** FLOP *** [9s Ks Kc]
moveoverover: checks
AzureCaper: bets $3
moveoverover: raises $3 to $6
AzureCaper: raises $3 to $9
moveoverover: raises $3 to $12
Betting is capped
AzureCaper: calls $3
*** TURN *** [9s Ks Kc] [Tc]
moveoverover: bets $6
AzureCaper: calls $6
*** RIVER *** [9s Ks Kc Tc] [Ac]
moveoverover: bets $6
AzureCaper: calls $6
*** SHOW DOWN ***
moveoverover: shows [Kd Td] (a full house, Kings full of Tens)
AzureCaper: mucks hand
moveoverover collected $71.50 from pot
*** SUMMARY ***
Total pot $72 | Rake $0.50
Board [9s Ks Kc Tc Ac]
Seat 4: AzureCaper (button) (small blind) mucked
Seat 5: moveoverover (big blind) showed [Kd Td] and won ($71.50) with a full house, Kings full of Tens


PokerStars Hand #155684790065:  Hold'em Limit ($3/$6 USD) - 2016/07/07 15:23:25 ET
Table 'Adele' 6-max Seat #5 is the button
Seat 4: AzureCaper ($110.41 in chips)
Seat 5: moveoverover ($115.13 in chips)
moveoverover: posts small blind $1
AzureCaper: posts big blind $3
*** HOLE CARDS ***
moveoverover: raises $3 to $6
AzureCaper: raises $3 to $9
moveoverover: calls $3
*** FLOP *** [8h 7c 9s]
AzureCaper: bets $3
moveoverover: calls $3
*** TURN *** [8h 7c 9s] [5h]
AzureCaper: checks
moveoverover: bets $6
AzureCaper: folds
Uncalled bet ($6) returned to moveoverover
moveoverover collected $23.52 from pot
*** SUMMARY ***
Total pot $24 | Rake $0.48
Board [8h 7c 9s 5h]
Seat 4: AzureCaper (big blind) folded on the Turn
Seat 5: moveoverover (button) (small blind) collected ($23.52)


PokerStars Hand #155684787408:  Hold'em Limit ($3/$6 USD) - 2016/07/07 15:23:21 ET
Table 'Adele' 6-max Seat #4 is the button
Seat 4: AzureCaper ($111.41 in chips)
Seat 5: moveoverover ($114.13 in chips)
AzureCaper: posts small blind $1
moveoverover: posts big blind $3
*** HOLE CARDS ***
AzureCaper: folds
Uncalled bet ($2) returned to moveoverover
moveoverover collected $2 from pot
moveoverover: doesn't show hand
*** SUMMARY ***
Total pot $2 | Rake $0
Seat 4: AzureCaper (button) (small blind) folded before Flop
Seat 5: moveoverover (big blind) collected ($2)


PokerStars Hand #155684778814:  Hold'em Limit ($3/$6 USD) - 2016/07/07 15:23:06 ET
Table 'Adele' 6-max Seat #5 is the button
Seat 4: AzureCaper ($141.41 in chips)
Seat 5: moveoverover ($84.63 in chips)
moveoverover: posts small blind $1
AzureCaper: posts big blind $3
*** HOLE CARDS ***
moveoverover: raises $3 to $6
AzureCaper: raises $3 to $9
moveoverover: calls $3
*** FLOP *** [Kd 2c 8d]
AzureCaper: bets $3
moveoverover: calls $3
*** TURN *** [Kd 2c 8d] [5h]
AzureCaper: bets $6
moveoverover: raises $6 to $12
AzureCaper: calls $6
*** RIVER *** [Kd 2c 8d 5h] [9s]
AzureCaper: checks
moveoverover: bets $6
AzureCaper: calls $6
*** SHOW DOWN ***
moveoverover: shows [6d 7h] (a straight, Five to Nine)
AzureCaper: mucks hand
moveoverover collected $59.50 from pot
*** SUMMARY ***
Total pot $60 | Rake $0.50
Board [Kd 2c 8d 5h 9s]
Seat 4: AzureCaper (big blind) mucked
Seat 5: moveoverover (button) (small blind) showed [6d 7h] and won ($59.50) with a straight, Five to Nine


PokerStars Hand #155684776261:  Hold'em Limit ($3/$6 USD) - 2016/07/07 15:23:02 ET
Table 'Adele' 6-max Seat #4 is the button
Seat 4: AzureCaper ($142.41 in chips)
Seat 5: moveoverover ($83.63 in chips)
AzureCaper: posts small blind $1
moveoverover: posts big blind $3
*** HOLE CARDS ***
AzureCaper: folds
Uncalled bet ($2) returned to moveoverover
moveoverover collected $2 from pot
moveoverover: doesn't show hand
*** SUMMARY ***
Total pot $2 | Rake $0
Seat 4: AzureCaper (button) (small blind) folded before Flop
Seat 5: moveoverover (big blind) collected ($2)


PokerStars Hand #155684843254:  Hold'em Limit ($3/$6 USD) - 2016/07/07 15:24:56 ET
Table 'Adele' 6-max Seat #4 is the button
Seat 4: AzureCaper ($96.26 in chips)
Seat 6: *x¡n0*x¡n0* ($80 in chips)
kvernavik will be allowed to play after the button
AzureCaper: posts small blind $1
*x¡n0*x¡n0*: posts big blind $3
*** HOLE CARDS ***
AzureCaper: folds
Uncalled bet ($2) returned to *x¡n0*x¡n0*
*x¡n0*x¡n0* collected $2 from pot
*** SUMMARY ***
Total pot $2 | Rake $0
Seat 4: AzureCaper (button) (small blind) folded before Flop
Seat 6: *x¡n0*x¡n0* (big blind) collected ($2)


PokerStars Hand #155684825582:  Hold'em Limit ($3/$6 USD) - 2016/07/07 15:24:26 ET
Table 'Adele' 6-max Seat #4 is the button
Seat 4: AzureCaper ($89.50 in chips)
Seat 5: moveoverover ($166.65 in chips)
AzureCaper: posts small blind $1
moveoverover: posts big blind $3
*** HOLE CARDS ***
*x¡n0*x¡n0* joins the table at seat #6
AzureCaper: raises $3 to $6
moveoverover: calls $3
*** FLOP *** [Ts 7c Qh]
moveoverover: checks
AzureCaper: bets $3
moveoverover: folds
Uncalled bet ($3) returned to AzureCaper
AzureCaper collected $11.76 from pot
AzureCaper: doesn't show hand
*** SUMMARY ***
Total pot $12 | Rake $0.24
Board [Ts 7c Qh]
Seat 4: AzureCaper (button) (small blind) collected ($11.76)
Seat 5: moveoverover (big blind) folded on the Flop


PokerStars Hand #155684816659:  Hold'em Limit ($3/$6 USD) - 2016/07/07 15:24:11 ET
Table 'Adele' 6-max Seat #5 is the button
Seat 4: AzureCaper ($72 in chips)
Seat 5: moveoverover ($184.65 in chips)
moveoverover: posts small blind $1
AzureCaper: posts big blind $3
*** HOLE CARDS ***
moveoverover: raises $3 to $6
AzureCaper: raises $3 to $9
moveoverover: calls $3
*** FLOP *** [3c 7d Jc]
AzureCaper: bets $3
moveoverover: calls $3
*** TURN *** [3c 7d Jc] [5d]
AzureCaper: bets $6
moveoverover: calls $6
*** RIVER *** [3c 7d Jc 5d] [Ad]
AzureCaper: checks
moveoverover: checks
*** SHOW DOWN ***
AzureCaper: shows [9s 7s] (a pair of Sevens)
moveoverover: mucks hand
AzureCaper collected $35.50 from pot
*** SUMMARY ***
Total pot $36 | Rake $0.50
Board [3c 7d Jc 5d Ad]
Seat 4: AzureCaper (big blind) showed [9s 7s] and won ($35.50) with a pair of Sevens
Seat 5: moveoverover (button) (small blind) mucked


PokerStars Hand #155684810433:  Hold'em Limit ($3/$6 USD) - 2016/07/07 15:24:00 ET
Table 'Adele' 6-max Seat #4 is the button
Seat 4: AzureCaper ($73 in chips)
Seat 5: moveoverover ($161.15 in chips)
AzureCaper: posts small blind $1
moveoverover: posts big blind $3
*** HOLE CARDS ***
AzureCaper: raises $3 to $6
moveoverover: raises $3 to $9
AzureCaper: calls $3
*** FLOP *** [3c 9c 9s]
moveoverover: bets $3
AzureCaper: calls $3
*** TURN *** [3c 9c 9s] [Js]
moveoverover: bets $6
AzureCaper: raises $6 to $12
moveoverover: raises $6 to $18
AzureCaper: folds
Uncalled bet ($6) returned to moveoverover
moveoverover collected $47.50 from pot
*** SUMMARY ***
Total pot $48 | Rake $0.50
Board [3c 9c 9s Js]
Seat 4: AzureCaper (button) (small blind) folded on the Turn
Seat 5: moveoverover (big blind) collected ($47.50)


PokerStars Hand #155689140717:  Hold'em Limit ($3/$6 USD) - 2016/07/07 17:22:55 ET
Table 'Adele' 6-max Seat #2 is the button
Seat 2: DonRumato ($107.74 in chips)
Seat 4: Pokali ($174.34 in chips)
DonRumato: posts small blind $1
Perumov: is sitting out
Pokali: posts big blind $3
*** HOLE CARDS ***
DonRumato: raises $3 to $6
Pokali: raises $3 to $9
Perumov leaves the table
DonRumato: calls $3
*** FLOP *** [6s 5s 7d]
Pokali: bets $3
DonRumato: calls $3
*** TURN *** [6s 5s 7d] [7c]
Pokali: bets $6
DonRumato: calls $6
*** RIVER *** [6s 5s 7d 7c] [4h]
Pokali: bets $6
DonRumato: raises $6 to $12
Pokali: calls $6
*** SHOW DOWN ***
DonRumato: shows [Jd 8c] (a straight, Four to Eight)
Pokali: mucks hand
DonRumato collected $59.50 from pot
*** SUMMARY ***
Total pot $60 | Rake $0.50
Board [6s 5s 7d 7c 4h]
Seat 2: DonRumato (button) (small blind) showed [Jd 8c] and won ($59.50) with a straight, Four to Eight
Seat 4: Pokali (big blind) mucked


PokerStars Hand #155689176093:  Hold'em Limit ($3/$6 USD) - 2016/07/07 17:23:47 ET
Table 'Adele' 6-max Seat #4 is the button
Seat 2: DonRumato ($151.64 in chips)
Seat 4: Pokali ($129.34 in chips)
Pokali: posts small blind $1
DonRumato: posts big blind $3
*** HOLE CARDS ***
Pokali: raises $3 to $6
DonRumato: folds
Uncalled bet ($3) returned to Pokali
Pokali collected $6 from pot
*** SUMMARY ***
Total pot $6 | Rake $0
Seat 2: DonRumato (big blind) folded before Flop
Seat 4: Pokali (button) (small blind) collected ($6)


PokerStars Hand #155689170092:  Hold'em Limit ($3/$6 USD) - 2016/07/07 17:23:38 ET
Table 'Adele' 6-max Seat #2 is the button
Seat 2: DonRumato ($145.88 in chips)
Seat 4: Pokali ($135.34 in chips)
DonRumato: posts small blind $1
Pokali: posts big blind $3
*** HOLE CARDS ***
DonRumato: raises $3 to $6
Pokali: calls $3
*** FLOP *** [Qh Jh Qd]
Pokali: checks
DonRumato: bets $3
Pokali: folds
Uncalled bet ($3) returned to DonRumato
DonRumato collected $11.76 from pot
*** SUMMARY ***
Total pot $12 | Rake $0.24
Board [Qh Jh Qd]
Seat 2: DonRumato (button) (small blind) collected ($11.76)
Seat 4: Pokali (big blind) folded on the Flop


PokerStars Hand #155689152227:  Hold'em Limit ($3/$6 USD) - 2016/07/07 17:23:11 ET
Table 'Adele' 6-max Seat #4 is the button
Seat 2: DonRumato ($137.24 in chips)
Seat 4: Pokali ($144.34 in chips)
Pokali: posts small blind $1
DonRumato: posts big blind $3
*** HOLE CARDS ***
Pokali: raises $3 to $6
DonRumato: calls $3
*** FLOP *** [5s Kh 6h]
DonRumato: checks
Pokali: bets $3
DonRumato: calls $3
*** TURN *** [5s Kh 6h] [9h]
DonRumato: checks
Pokali: checks
*** RIVER *** [5s Kh 6h 9h] [8c]
DonRumato: bets $6
Pokali: folds
Uncalled bet ($6) returned to DonRumato
DonRumato collected $17.64 from pot
*** SUMMARY ***
Total pot $18 | Rake $0.36
Board [5s Kh 6h 9h 8c]
Seat 2: DonRumato (big blind) collected ($17.64)
Seat 4: Pokali (button) (small blind) folded on the River


PokerStars Hand #155689180126:  Hold'em Limit ($3/$6 USD) - 2016/07/07 17:23:53 ET
Table 'Adele' 6-max Seat #2 is the button
Seat 2: DonRumato ($148.64 in chips)
Seat 4: Pokali ($132.34 in chips)
DonRumato: posts small blind $1
Pokali: posts big blind $3
*** HOLE CARDS ***
DonRumato: raises $3 to $6
Pokali: raises $3 to $9
DonRumato: calls $3
*** FLOP *** [2c 3h 9d]
Pokali: bets $3
DonRumato: calls $3
*** TURN *** [2c 3h 9d] [4c]
Pokali: bets $6
DonRumato: folds
Uncalled bet ($6) returned to Pokali
Pokali collected $23.52 from pot
Pokali: doesn't show hand
*** SUMMARY ***
Total pot $24 | Rake $0.48
Board [2c 3h 9d 4c]
Seat 2: DonRumato (button) (small blind) folded on the Turn
Seat 4: Pokali (big blind) collected ($23.52)


PokerStars Hand #155689224662:  Hold'em Limit ($3/$6 USD) - 2016/07/07 17:24:58 ET
Table 'Adele' 6-max Seat #4 is the button
Seat 2: DonRumato ($142.14 in chips)
Seat 4: Pokali ($137.36 in chips)
Pokali: posts small blind $1
DonRumato: posts big blind $3
*** HOLE CARDS ***
Pokali: calls $2
DonRumato: checks
*** FLOP *** [9h Ad Ah]
DonRumato: checks
Pokali: bets $3
DonRumato: folds
Uncalled bet ($3) returned to Pokali
Pokali collected $5.88 from pot
Pokali: doesn't show hand
*** SUMMARY ***
Total pot $6 | Rake $0.12
Board [9h Ad Ah]
Seat 2: DonRumato (big blind) folded on the Flop
Seat 4: Pokali (button) (small blind) collected ($5.88)


PokerStars Hand #155689195197:  Hold'em Limit ($3/$6 USD) - 2016/07/07 17:24:15 ET
Table 'Adele' 6-max Seat #4 is the button
Seat 2: DonRumato ($136.64 in chips)
Seat 4: Pokali ($143.86 in chips)
Pokali: posts small blind $1
DonRumato: posts big blind $3
*** HOLE CARDS ***
Pokali: raises $3 to $6
DonRumato: raises $3 to $9
Pokali: raises $3 to $12
Betting is capped
DonRumato: calls $3
*** FLOP *** [8s 9c 5h]
DonRumato: checks
Pokali: bets $3
DonRumato: calls $3
*** TURN *** [8s 9c 5h] [Ad]
DonRumato: checks
Pokali: checks
*** RIVER *** [8s 9c 5h Ad] [Ks]
DonRumato: bets $6
Pokali: calls $6
*** SHOW DOWN ***
DonRumato: shows [Th Ac] (a pair of Aces)
Pokali: mucks hand
DonRumato collected $41.50 from pot
*** SUMMARY ***
Total pot $42 | Rake $0.50
Board [8s 9c 5h Ad Ks]
Seat 2: DonRumato (big blind) showed [Th Ac] and won ($41.50) with a pair of Aces
Seat 4: Pokali (button) (small blind) mucked


PokerStars Hand #155689233529:  Hold'em Limit ($3/$6 USD) - 2016/07/07 17:25:12 ET
Table 'Adele' 6-max Seat #2 is the button
Seat 2: DonRumato ($139.14 in chips)
Seat 4: Pokali ($140.24 in chips)
DonRumato: posts small blind $1
Pokali: posts big blind $3
*** HOLE CARDS ***
DonRumato: folds
Uncalled bet ($2) returned to Pokali
Pokali collected $2 from pot
Pokali: doesn't show hand
*** SUMMARY ***
Total pot $2 | Rake $0
Seat 2: DonRumato (button) (small blind) folded before Flop
Seat 4: Pokali (big blind) collected ($2)


PokerStars Hand #155689255316:  Hold'em Limit ($3/$6 USD) - 2016/07/07 17:25:44 ET
Table 'Adele' 6-max Seat #2 is the button
Seat 2: DonRumato ($138.78 in chips)
Seat 4: Pokali ($139.88 in chips)
DonRumato: posts small blind $1
Pokali: posts big blind $3
*** HOLE CARDS ***
DonRumato: folds
Uncalled bet ($2) returned to Pokali
Pokali collected $2 from pot
Pokali: doesn't show hand
*** SUMMARY ***
Total pot $2 | Rake $0
Seat 2: DonRumato (button) (small blind) folded before Flop
Seat 4: Pokali (big blind) collected ($2)


PokerStars Hand #155689252585:  Hold'em Limit ($3/$6 USD) - 2016/07/07 17:25:40 ET
Table 'Adele' 6-max Seat #4 is the button
Seat 2: DonRumato ($137.78 in chips)
Seat 4: Pokali ($140.88 in chips)
Pokali: posts small blind $1
DonRumato: posts big blind $3
*** HOLE CARDS ***
Pokali: folds
Uncalled bet ($2) returned to DonRumato
DonRumato collected $2 from pot
*** SUMMARY ***
Total pot $2 | Rake $0
Seat 2: DonRumato (big blind) collected ($2)
Seat 4: Pokali (button) (small blind) folded before Flop


PokerStars Hand #155689246047:  Hold'em Limit ($3/$6 USD) - 2016/07/07 17:25:30 ET
Table 'Adele' 6-max Seat #2 is the button
Seat 2: DonRumato ($146.78 in chips)
Seat 4: Pokali ($132.24 in chips)
DonRumato: posts small blind $1
Pokali: posts big blind $3
*** HOLE CARDS ***
DonRumato: raises $3 to $6
Pokali: raises $3 to $9
DonRumato: calls $3
*** FLOP *** [5s Qd As]
Pokali: bets $3
DonRumato: folds
Uncalled bet ($3) returned to Pokali
Pokali collected $17.64 from pot
Pokali: doesn't show hand
*** SUMMARY ***
Total pot $18 | Rake $0.36
Board [5s Qd As]
Seat 2: DonRumato (button) (small blind) folded on the Flop
Seat 4: Pokali (big blind) collected ($17.64)


PokerStars Hand #155689236535:  Hold'em Limit ($3/$6 USD) - 2016/07/07 17:25:16 ET
Table 'Adele' 6-max Seat #4 is the button
Seat 2: DonRumato ($138.14 in chips)
Seat 4: Pokali ($141.24 in chips)
Pokali: posts small blind $1
DonRumato: posts big blind $3
*** HOLE CARDS ***
Pokali: raises $3 to $6
DonRumato: calls $3
*** FLOP *** [Js Td 2h]
DonRumato: checks
Pokali: bets $3
DonRumato: calls $3
*** TURN *** [Js Td 2h] [Th]
DonRumato: checks
Pokali: checks
*** RIVER *** [Js Td 2h Th] [7s]
DonRumato: bets $6
Pokali: folds
Uncalled bet ($6) returned to DonRumato
DonRumato collected $17.64 from pot
*** SUMMARY ***
Total pot $18 | Rake $0.36
Board [Js Td 2h Th 7s]
Seat 2: DonRumato (big blind) collected ($17.64)
Seat 4: Pokali (button) (small blind) folded on the River


PokerStars Hand #155689283976:  Hold'em Limit ($3/$6 USD) - 2016/07/07 17:26:19 ET
Table 'Adele' 6-max Seat #4 is the button
Seat 2: DonRumato ($154.28 in chips)
Seat 4: Pokali ($123.88 in chips)
Pokali: posts small blind $1
DonRumato: posts big blind $3
*** HOLE CARDS ***
Pokali: folds
Uncalled bet ($2) returned to DonRumato
DonRumato collected $2 from pot
*** SUMMARY ***
Total pot $2 | Rake $0
Seat 2: DonRumato (big blind) collected ($2)
Seat 4: Pokali (button) (small blind) folded before Flop


PokerStars Hand #155689279012:  Hold'em Limit ($3/$6 USD) - 2016/07/07 17:26:12 ET
Table 'Adele' 6-max Seat #2 is the button
Seat 2: DonRumato ($155.28 in chips)
Seat 4: Pokali ($122.88 in chips)
DonRumato: posts small blind $1
Pokali: posts big blind $3
*** HOLE CARDS ***
DonRumato: folds
Uncalled bet ($2) returned to Pokali
Pokali collected $2 from pot
Pokali: doesn't show hand
*** SUMMARY ***
Total pot $2 | Rake $0
Seat 2: DonRumato (button) (small blind) folded before Flop
Seat 4: Pokali (big blind) collected ($2)


PokerStars Hand #155689264108:  Hold'em Limit ($3/$6 USD) - 2016/07/07 17:25:57 ET
Table 'Adele' 6-max Seat #4 is the button
Seat 2: DonRumato ($137.78 in chips)
Seat 4: Pokali ($140.88 in chips)
Pokali: posts small blind $1
DonRumato: posts big blind $3
*** HOLE CARDS ***
Pokali: raises $3 to $6
DonRumato: calls $3
*** FLOP *** [9s 8s 7d]
DonRumato: checks
Pokali: checks
*** TURN *** [9s 8s 7d] [3h]
DonRumato: bets $6
Pokali: calls $6
*** RIVER *** [9s 8s 7d 3h] [8c]
DonRumato: bets $6
Pokali: calls $6
*** SHOW DOWN ***
DonRumato: shows [6d 7c] (two pair, Eights and Sevens)
Pokali: mucks hand
DonRumato collected $35.50 from pot
*** SUMMARY ***
Total pot $36 | Rake $0.50
Board [9s 8s 7d 3h 8c]
Seat 2: DonRumato (big blind) showed [6d 7c] and won ($35.50) with two pair, Eights and Sevens
Seat 4: Pokali (button) (small blind) mucked


PokerStars Hand #155689291069:  Hold'em Limit ($3/$6 USD) - 2016/07/07 17:26:29 ET
Table 'Adele' 6-max Seat #4 is the button
Seat 2: DonRumato ($158.28 in chips)
Seat 4: Pokali ($119.88 in chips)
Pokali: posts small blind $1
DonRumato: posts big blind $3
*** HOLE CARDS ***
Pokali: raises $3 to $6
DonRumato: calls $3
*** FLOP *** [Ah Ad Th]
DonRumato: checks
Pokali: bets $3
DonRumato: calls $3
*** TURN *** [Ah Ad Th] [3s]
DonRumato: checks
Pokali: bets $6
DonRumato: calls $6
*** RIVER *** [Ah Ad Th 3s] [Qc]
DonRumato: checks
Pokali: bets $6
DonRumato: calls $6
*** SHOW DOWN ***
Pokali: shows [Ac 5s] (three of a kind, Aces)
DonRumato: mucks hand
Pokali collected $41.50 from pot
*** SUMMARY ***
Total pot $42 | Rake $0.50
Board [Ah Ad Th 3s Qc]
Seat 2: DonRumato (big blind) mucked
Seat 4: Pokali (button) (small blind) showed [Ac 5s] and won ($41.50) with three of a kind, Aces


PokerStars Hand #155689286683:  Hold'em Limit ($3/$6 USD) - 2016/07/07 17:26:23 ET
Table 'Adele' 6-max Seat #2 is the button
Seat 2: DonRumato ($155.28 in chips)
Seat 4: Pokali ($122.88 in chips)
DonRumato: posts small blind $1
Pokali: posts big blind $3
*** HOLE CARDS ***
DonRumato: raises $3 to $6
Pokali: folds
Uncalled bet ($3) returned to DonRumato
DonRumato collected $6 from pot
*** SUMMARY ***
Total pot $6 | Rake $0
Seat 2: DonRumato (button) (small blind) collected ($6)
Seat 4: Pokali (big blind) folded before Flop


PokerStars Hand #155689334554:  Hold'em Limit ($3/$6 USD) - 2016/07/07 17:27:34 ET
Table 'Adele' 6-max Seat #4 is the button
Seat 2: DonRumato ($110.04 in chips)
Seat 4: Pokali ($166.52 in chips)
Pokali: posts small blind $1
DonRumato: posts big blind $3
*** HOLE CARDS ***
Pokali: raises $3 to $6
DonRumato: folds
Uncalled bet ($3) returned to Pokali
Pokali collected $6 from pot
Pokali: doesn't show hand
*** SUMMARY ***
Total pot $6 | Rake $0
Seat 2: DonRumato (big blind) folded before Flop
Seat 4: Pokali (button) (small blind) collected ($6)


PokerStars Hand #155689329696:  Hold'em Limit ($3/$6 USD) - 2016/07/07 17:27:27 ET
Table 'Adele' 6-max Seat #2 is the button
Seat 2: DonRumato ($104.28 in chips)
Seat 4: Pokali ($172.52 in chips)
DonRumato: posts small blind $1
Pokali: posts big blind $3
*** HOLE CARDS ***
DonRumato: raises $3 to $6
Pokali: calls $3
*** FLOP *** [9s 3h 6s]
Pokali: checks
DonRumato: bets $3
Pokali: folds
Uncalled bet ($3) returned to DonRumato
DonRumato collected $11.76 from pot
*** SUMMARY ***
Total pot $12 | Rake $0.24
Board [9s 3h 6s]
Seat 2: DonRumato (button) (small blind) collected ($11.76)
Seat 4: Pokali (big blind) folded on the Flop


PokerStars Hand #155689319314:  Hold'em Limit ($3/$6 USD) - 2016/07/07 17:27:11 ET
Table 'Adele' 6-max Seat #4 is the button
Seat 2: DonRumato ($113.28 in chips)
Seat 4: Pokali ($163.88 in chips)
Pokali: posts small blind $1
DonRumato: posts big blind $3
*** HOLE CARDS ***
Pokali: calls $2
DonRumato: raises $3 to $6
Pokali: calls $3
*** FLOP *** [9h 6c 3h]
DonRumato: bets $3
Pokali: raises $3 to $6
DonRumato: folds
Uncalled bet ($3) returned to Pokali
Pokali collected $17.64 from pot
Pokali: doesn't show hand
*** SUMMARY ***
Total pot $18 | Rake $0.36
Board [9h 6c 3h]
Seat 2: DonRumato (big blind) folded on the Flop
Seat 4: Pokali (button) (small blind) collected ($17.64)


PokerStars Hand #155689361464:  Hold'em Limit ($3/$6 USD) - 2016/07/07 17:28:14 ET
Table 'Adele' 6-max Seat #4 is the button
Seat 2: DonRumato ($95.04 in chips)
Seat 4: Pokali ($181.04 in chips)
Pokali: posts small blind $1
DonRumato: posts big blind $3
*** HOLE CARDS ***
Pokali: raises $3 to $6
DonRumato: raises $3 to $9
Pokali: calls $3
*** FLOP *** [8d 9s Js]
DonRumato: bets $3
Pokali: calls $3
*** TURN *** [8d 9s Js] [3c]
DonRumato: bets $6
Pokali: folds
Uncalled bet ($6) returned to DonRumato
DonRumato collected $23.52 from pot
*** SUMMARY ***
Total pot $24 | Rake $0.48
Board [8d 9s Js 3c]
Seat 2: DonRumato (big blind) collected ($23.52)
Seat 4: Pokali (button) (small blind) folded on the Turn


PokerStars Hand #155689338232:  Hold'em Limit ($3/$6 USD) - 2016/07/07 17:27:39 ET
Table 'Adele' 6-max Seat #2 is the button
Seat 2: DonRumato ($107.04 in chips)
Seat 4: Pokali ($169.52 in chips)
DonRumato: posts small blind $1
Pokali: posts big blind $3
*** HOLE CARDS ***
DonRumato: raises $3 to $6
Pokali: raises $3 to $9
DonRumato: calls $3
*** FLOP *** [5c 3h Js]
Pokali: bets $3
DonRumato: calls $3
*** TURN *** [5c 3h Js] [Jd]
Pokali: bets $6
DonRumato: folds
Uncalled bet ($6) returned to Pokali
Pokali collected $23.52 from pot
Pokali: doesn't show hand
*** SUMMARY ***
Total pot $24 | Rake $0.48
Board [5c 3h Js Jd]
Seat 2: DonRumato (button) (small blind) folded on the Turn
Seat 4: Pokali (big blind) collected ($23.52)


PokerStars Hand #155689373724:  Hold'em Limit ($3/$6 USD) - 2016/07/07 17:28:32 ET
Table 'Adele' 6-max Seat #4 is the button
Seat 2: DonRumato ($112.32 in chips)
Seat 4: Pokali ($163.04 in chips)
Pokali: posts small blind $1
DonRumato: posts big blind $3
*** HOLE CARDS ***
Pokali: raises $3 to $6
DonRumato: calls $3
*** FLOP *** [Jc Qh 7d]
DonRumato: checks
Pokali: bets $3
DonRumato: calls $3
*** TURN *** [Jc Qh 7d] [9h]
DonRumato: checks
Pokali: checks
*** RIVER *** [Jc Qh 7d 9h] [5s]
DonRumato: bets $6
Pokali: folds
Uncalled bet ($6) returned to DonRumato
DonRumato collected $17.64 from pot
*** SUMMARY ***
Total pot $18 | Rake $0.36
Board [Jc Qh 7d 9h 5s]
Seat 2: DonRumato (big blind) collected ($17.64)
Seat 4: Pokali (button) (small blind) folded on the River


PokerStars Hand #155689368701:  Hold'em Limit ($3/$6 USD) - 2016/07/07 17:28:25 ET
Table 'Adele' 6-max Seat #2 is the button
Seat 2: DonRumato ($106.56 in chips)
Seat 4: Pokali ($169.04 in chips)
DonRumato: posts small blind $1
Pokali: posts big blind $3
*** HOLE CARDS ***
DonRumato: raises $3 to $6
Pokali: calls $3
*** FLOP *** [2d As 7h]
Pokali: checks
DonRumato: bets $3
Pokali: folds
Uncalled bet ($3) returned to DonRumato
DonRumato collected $11.76 from pot
*** SUMMARY ***
Total pot $12 | Rake $0.24
Board [2d As 7h]
Seat 2: DonRumato (button) (small blind) collected ($11.76)
Seat 4: Pokali (big blind) folded on the Flop


