PokerStars Hand #175680139760:  Hold'em Limit ($3/$6 USD) - 2017/09/15 13:30:45 ET
Table 'Adelgunde' 6-max Seat #3 is the button
Seat 3: Kosova1968 ($46 in chips)
Seat 4: Agrotait ($66 in chips)
Kosova1968: posts small blind $1
Agrotait: posts big blind $3
*** HOLE CARDS ***
Kosova1968: calls $2
Agrotait: checks
*** FLOP *** [7d 6s 9d]
Psynto joins the table at seat #5
Agrotait: bets $3
Kosova1968: calls $3
*** TURN *** [7d 6s 9d] [6c]
Agrotait: bets $6
Kosova1968: raises $6 to $12
Agrotait: folds
Uncalled bet ($6) returned to Kosova1968
Kosova1968 collected $23.52 from pot
*** SUMMARY ***
Total pot $24 | Rake $0.48
Board [7d 6s 9d 6c]
Seat 3: Kosova1968 (button) (small blind) collected ($23.52)
Seat 4: Agrotait (big blind) folded on the Turn


PokerStars Hand #175681109264:  Hold'em Limit ($3/$6 USD) - 2017/09/15 13:52:51 ET
Table 'Adelgunde' 6-max Seat #2 is the button
Seat 2: krytalex ($176.54 in chips)
Seat 6: rascal_319 ($193.25 in chips)
krytalex: posts small blind $1
samurai.ru: is sitting out
Psynto: is sitting out
rascal_319: posts big blind $3
*** HOLE CARDS ***
krytalex: raises $3 to $6
rascal_319: folds
Uncalled bet ($3) returned to krytalex
krytalex collected $6 from pot
*** SUMMARY ***
Total pot $6 | Rake $0
Seat 2: krytalex (button) (small blind) collected ($6)
Seat 6: rascal_319 (big blind) folded before Flop


PokerStars Hand #175685194402:  Hold'em Limit ($3/$6 USD) - 2017/09/15 15:24:16 ET
Table 'Adelgunde' 6-max Seat #1 is the button
Seat 1: vestimokrec ($120 in chips)
Seat 6: pappen ($120 in chips)
Ag3r0n: is sitting out
vestimokrec: posts small blind $1
pappen: posts big blind $3
*** HOLE CARDS ***
vestimokrec: raises $3 to $6
pappen: folds
Uncalled bet ($3) returned to vestimokrec
vestimokrec collected $6 from pot
vestimokrec: doesn't show hand
*** SUMMARY ***
Total pot $6 | Rake $0
Seat 1: vestimokrec (button) (small blind) collected ($6)
Seat 6: pappen (big blind) folded before Flop


PokerStars Hand #175685239906:  Hold'em Limit ($3/$6 USD) - 2017/09/15 15:25:13 ET
Table 'Adelgunde' 6-max Seat #1 is the button
Seat 1: vestimokrec ($117 in chips)
Seat 6: pappen ($122.76 in chips)
vestimokrec: posts small blind $1
pappen: posts big blind $3
*** HOLE CARDS ***
vestimokrec: raises $3 to $6
pappen: folds
Uncalled bet ($3) returned to vestimokrec
vestimokrec collected $6 from pot
vestimokrec: doesn't show hand
*** SUMMARY ***
Total pot $6 | Rake $0
Seat 1: vestimokrec (button) (small blind) collected ($6)
Seat 6: pappen (big blind) folded before Flop


PokerStars Hand #175685228713:  Hold'em Limit ($3/$6 USD) - 2017/09/15 15:24:59 ET
Table 'Adelgunde' 6-max Seat #6 is the button
Seat 1: vestimokrec ($120 in chips)
Seat 6: pappen ($119.76 in chips)
pappen: posts small blind $1
vestimokrec: posts big blind $3
*** HOLE CARDS ***
pappen: raises $3 to $6
vestimokrec: folds
Uncalled bet ($3) returned to pappen
pappen collected $6 from pot
pappen: doesn't show hand
*** SUMMARY ***
Total pot $6 | Rake $0
Seat 1: vestimokrec (big blind) folded before Flop
Seat 6: pappen (button) (small blind) collected ($6)


PokerStars Hand #175685224472:  Hold'em Limit ($3/$6 USD) - 2017/09/15 15:24:54 ET
Table 'Adelgunde' 6-max Seat #1 is the button
Seat 1: vestimokrec ($117 in chips)
Seat 6: pappen ($122.76 in chips)
vestimokrec: posts small blind $1
pappen: posts big blind $3
*** HOLE CARDS ***
vestimokrec: raises $3 to $6
pappen: folds
Uncalled bet ($3) returned to vestimokrec
vestimokrec collected $6 from pot
vestimokrec: doesn't show hand
*** SUMMARY ***
Total pot $6 | Rake $0
Seat 1: vestimokrec (button) (small blind) collected ($6)
Seat 6: pappen (big blind) folded before Flop


PokerStars Hand #175685208243:  Hold'em Limit ($3/$6 USD) - 2017/09/15 15:24:34 ET
Table 'Adelgunde' 6-max Seat #6 is the button
Seat 1: vestimokrec ($123 in chips)
Seat 6: pappen ($117 in chips)
pappen: posts small blind $1
vestimokrec: posts big blind $3
*** HOLE CARDS ***
pappen: raises $3 to $6
Ag3r0n leaves the table
vestimokrec: calls $3
*** FLOP *** [Ts Ah Js]
vestimokrec: checks
pappen: bets $3
vestimokrec: folds
Uncalled bet ($3) returned to pappen
pappen collected $11.76 from pot
pappen: doesn't show hand
*** SUMMARY ***
Total pot $12 | Rake $0.24
Board [Ts Ah Js]
Seat 1: vestimokrec (big blind) folded on the Flop
Seat 6: pappen (button) (small blind) collected ($11.76)


PokerStars Hand #175685273597:  Hold'em Limit ($3/$6 USD) - 2017/09/15 15:25:54 ET
Table 'Adelgunde' 6-max Seat #1 is the button
Seat 1: vestimokrec ($137.50 in chips)
Seat 6: pappen ($101.76 in chips)
vestimokrec: posts small blind $1
pappen: posts big blind $3
*** HOLE CARDS ***
vestimokrec: raises $3 to $6
pappen: raises $3 to $9
vestimokrec: calls $3
*** FLOP *** [6c 7d 4s]
pappen: bets $3
vestimokrec: calls $3
*** TURN *** [6c 7d 4s] [9s]
pappen: bets $6
vestimokrec: calls $6
*** RIVER *** [6c 7d 4s 9s] [Kd]
pappen: bets $6
vestimokrec: calls $6
*** SHOW DOWN ***
pappen: shows [As 6s] (a pair of Sixes)
vestimokrec: mucks hand
pappen collected $47.50 from pot
*** SUMMARY ***
Total pot $48 | Rake $0.50
Board [6c 7d 4s 9s Kd]
Seat 1: vestimokrec (button) (small blind) mucked
Seat 6: pappen (big blind) showed [As 6s] and won ($47.50) with a pair of Sixes


PokerStars Hand #175685252975:  Hold'em Limit ($3/$6 USD) - 2017/09/15 15:25:29 ET
Table 'Adelgunde' 6-max Seat #6 is the button
Seat 1: vestimokrec ($120 in chips)
Seat 6: pappen ($119.76 in chips)
pappen: posts small blind $1
vestimokrec: posts big blind $3
*** HOLE CARDS ***
pappen: raises $3 to $6
vestimokrec: calls $3
*** FLOP *** [6s Kh 9s]
vestimokrec: checks
pappen: bets $3
vestimokrec: raises $3 to $6
pappen: calls $3
*** TURN *** [6s Kh 9s] [5d]
vestimokrec: bets $6
pappen: calls $6
*** RIVER *** [6s Kh 9s 5d] [5s]
vestimokrec: bets $6
pappen: folds
Uncalled bet ($6) returned to vestimokrec
vestimokrec collected $35.50 from pot
vestimokrec: doesn't show hand
*** SUMMARY ***
Total pot $36 | Rake $0.50
Board [6s Kh 9s 5d 5s]
Seat 1: vestimokrec (big blind) collected ($35.50)
Seat 6: pappen (button) (small blind) folded on the River


PokerStars Hand #175685321468:  Hold'em Limit ($3/$6 USD) - 2017/09/15 15:26:54 ET
Table 'Adelgunde' 6-max Seat #1 is the button
Seat 1: vestimokrec ($140 in chips)
Seat 6: pappen ($98.26 in chips)
vestimokrec: posts small blind $1
pappen: posts big blind $3
*** HOLE CARDS ***
vestimokrec: raises $3 to $6
pappen: calls $3
*** FLOP *** [8s 4s Kh]
pappen: checks
vestimokrec: checks
*** TURN *** [8s 4s Kh] [3d]
pappen: checks
vestimokrec: bets $6
pappen: folds
Uncalled bet ($6) returned to vestimokrec
vestimokrec collected $11.76 from pot
vestimokrec: doesn't show hand
*** SUMMARY ***
Total pot $12 | Rake $0.24
Board [8s 4s Kh 3d]
Seat 1: vestimokrec (button) (small blind) collected ($11.76)
Seat 6: pappen (big blind) folded on the Turn


PokerStars Hand #175685292611:  Hold'em Limit ($3/$6 USD) - 2017/09/15 15:26:18 ET
Table 'Adelgunde' 6-max Seat #6 is the button
Seat 1: vestimokrec ($113.50 in chips)
Seat 6: pappen ($125.26 in chips)
pappen: posts small blind $1
vestimokrec: posts big blind $3
*** HOLE CARDS ***
pappen: calls $2
vestimokrec: raises $3 to $6
pappen: calls $3
*** FLOP *** [Qd Th 3h]
vestimokrec: bets $3
pappen: calls $3
*** TURN *** [Qd Th 3h] [Ah]
vestimokrec: bets $6
pappen: raises $6 to $12
vestimokrec: calls $6
*** RIVER *** [Qd Th 3h Ah] [9c]
vestimokrec: checks
pappen: bets $6
vestimokrec: calls $6
*** SHOW DOWN ***
pappen: shows [2s Qs] (a pair of Queens)
vestimokrec: shows [4d Ad] (a pair of Aces)
vestimokrec collected $53.50 from pot
*** SUMMARY ***
Total pot $54 | Rake $0.50
Board [Qd Th 3h Ah 9c]
Seat 1: vestimokrec (big blind) showed [4d Ad] and won ($53.50) with a pair of Aces
Seat 6: pappen (button) (small blind) showed [2s Qs] and lost with a pair of Queens


PokerStars Hand #175685399805:  Hold'em Limit ($3/$6 USD) - 2017/09/15 15:28:32 ET
Table 'Adelgunde' 6-max Seat #6 is the button
Seat 1: vestimokrec ($168.76 in chips)
Seat 6: pappen ($67.90 in chips)
pappen: posts small blind $1
vestimokrec: posts big blind $3
*** HOLE CARDS ***
pappen: folds
Uncalled bet ($2) returned to vestimokrec
vestimokrec collected $2 from pot
vestimokrec: doesn't show hand
*** SUMMARY ***
Total pot $2 | Rake $0
Seat 1: vestimokrec (big blind) collected ($2)
Seat 6: pappen (button) (small blind) folded before Flop


PokerStars Hand #175685384004:  Hold'em Limit ($3/$6 USD) - 2017/09/15 15:28:13 ET
Table 'Adelgunde' 6-max Seat #1 is the button
Seat 1: vestimokrec ($177.76 in chips)
Seat 6: pappen ($59.26 in chips)
vestimokrec: posts small blind $1
pappen: posts big blind $3
*** HOLE CARDS ***
vestimokrec: raises $3 to $6
pappen: raises $3 to $9
vestimokrec: calls $3
*** FLOP *** [Qs 7s 4s]
pappen: bets $3
vestimokrec: folds
Uncalled bet ($3) returned to pappen
pappen collected $17.64 from pot
pappen: doesn't show hand
*** SUMMARY ***
Total pot $18 | Rake $0.36
Board [Qs 7s 4s]
Seat 1: vestimokrec (button) (small blind) folded on the Flop
Seat 6: pappen (big blind) collected ($17.64)


PokerStars Hand #175685367721:  Hold'em Limit ($3/$6 USD) - 2017/09/15 15:27:52 ET
Table 'Adelgunde' 6-max Seat #6 is the button
Seat 1: vestimokrec ($163.26 in chips)
Seat 6: pappen ($74.26 in chips)
pappen: posts small blind $1
vestimokrec: posts big blind $3
*** HOLE CARDS ***
pappen: raises $3 to $6
vestimokrec: calls $3
*** FLOP *** [7s Jh 2d]
vestimokrec: checks
pappen: bets $3
vestimokrec: calls $3
*** TURN *** [7s Jh 2d] [8d]
vestimokrec: checks
pappen: checks
*** RIVER *** [7s Jh 2d 8d] [Ah]
vestimokrec: checks
pappen: bets $6
vestimokrec: calls $6
*** SHOW DOWN ***
pappen: shows [5s 4s] (high card Ace)
vestimokrec: shows [6h Js] (a pair of Jacks)
vestimokrec collected $29.50 from pot
*** SUMMARY ***
Total pot $30 | Rake $0.50
Board [7s Jh 2d 8d Ah]
Seat 1: vestimokrec (big blind) showed [6h Js] and won ($29.50) with a pair of Jacks
Seat 6: pappen (button) (small blind) showed [5s 4s] and lost with high card Ace


PokerStars Hand #175685360862:  Hold'em Limit ($3/$6 USD) - 2017/09/15 15:27:43 ET
Table 'Adelgunde' 6-max Seat #1 is the button
Seat 1: vestimokrec ($160.26 in chips)
Seat 6: pappen ($77.26 in chips)
vestimokrec: posts small blind $1
pappen: posts big blind $3
*** HOLE CARDS ***
vestimokrec: raises $3 to $6
pappen: folds
Uncalled bet ($3) returned to vestimokrec
vestimokrec collected $6 from pot
vestimokrec: doesn't show hand
*** SUMMARY ***
Total pot $6 | Rake $0
Seat 1: vestimokrec (button) (small blind) collected ($6)
Seat 6: pappen (big blind) folded before Flop


PokerStars Hand #175685338734:  Hold'em Limit ($3/$6 USD) - 2017/09/15 15:27:15 ET
Table 'Adelgunde' 6-max Seat #6 is the button
Seat 1: vestimokrec ($145.76 in chips)
Seat 6: pappen ($92.26 in chips)
pappen: posts small blind $1
vestimokrec: posts big blind $3
*** HOLE CARDS ***
pappen: raises $3 to $6
vestimokrec: calls $3
*** FLOP *** [Kh 6s 4s]
vestimokrec: checks
pappen: bets $3
vestimokrec: calls $3
*** TURN *** [Kh 6s 4s] [8d]
vestimokrec: checks
pappen: bets $6
vestimokrec: calls $6
*** RIVER *** [Kh 6s 4s 8d] [7d]
vestimokrec: checks
pappen: checks
*** SHOW DOWN ***
vestimokrec: shows [4d Th] (a pair of Fours)
pappen: mucks hand
vestimokrec collected $29.50 from pot
*** SUMMARY ***
Total pot $30 | Rake $0.50
Board [Kh 6s 4s 8d 7d]
Seat 1: vestimokrec (big blind) showed [4d Th] and won ($29.50) with a pair of Fours
Seat 6: pappen (button) (small blind) mucked


PokerStars Hand #175685408528:  Hold'em Limit ($3/$6 USD) - 2017/09/15 15:28:43 ET
Table 'Adelgunde' 6-max Seat #6 is the button
Seat 1: vestimokrec ($172.76 in chips)
Seat 6: pappen ($63.90 in chips)
pappen: posts small blind $1
vestimokrec: posts big blind $3
*** HOLE CARDS ***
pappen: raises $3 to $6
vestimokrec: calls $3
*** FLOP *** [Kh 4d Ts]
vestimokrec: checks
pappen: bets $3
vestimokrec: raises $3 to $6
pappen: calls $3
*** TURN *** [Kh 4d Ts] [7s]
vestimokrec: bets $6
pappen: calls $6
*** RIVER *** [Kh 4d Ts 7s] [5c]
vestimokrec: bets $6
pappen: folds
Uncalled bet ($6) returned to vestimokrec
vestimokrec collected $35.50 from pot
vestimokrec: doesn't show hand
*** SUMMARY ***
Total pot $36 | Rake $0.50
Board [Kh 4d Ts 7s 5c]
Seat 1: vestimokrec (big blind) collected ($35.50)
Seat 6: pappen (button) (small blind) folded on the River


PokerStars Hand #175685403430:  Hold'em Limit ($3/$6 USD) - 2017/09/15 15:28:37 ET
Table 'Adelgunde' 6-max Seat #1 is the button
Seat 1: vestimokrec ($169.76 in chips)
Seat 6: pappen ($66.90 in chips)
vestimokrec: posts small blind $1
pappen: posts big blind $3
*** HOLE CARDS ***
vestimokrec: raises $3 to $6
pappen: folds
Uncalled bet ($3) returned to vestimokrec
vestimokrec collected $6 from pot
vestimokrec: doesn't show hand
*** SUMMARY ***
Total pot $6 | Rake $0
Seat 1: vestimokrec (button) (small blind) collected ($6)
Seat 6: pappen (big blind) folded before Flop


PokerStars Hand #175685496971:  Hold'em Limit ($3/$6 USD) - 2017/09/15 15:30:33 ET
Table 'Adelgunde' 6-max Seat #6 is the button
Seat 1: vestimokrec ($167.26 in chips)
Seat 6: pappen ($68.04 in chips)
pappen: posts small blind $1
vestimokrec: posts big blind $3
*** HOLE CARDS ***
pappen: folds
Uncalled bet ($2) returned to vestimokrec
vestimokrec collected $2 from pot
vestimokrec: doesn't show hand
*** SUMMARY ***
Total pot $2 | Rake $0
Seat 1: vestimokrec (big blind) collected ($2)
Seat 6: pappen (button) (small blind) folded before Flop


PokerStars Hand #175685465227:  Hold'em Limit ($3/$6 USD) - 2017/09/15 15:29:54 ET
Table 'Adelgunde' 6-max Seat #1 is the button
Seat 1: vestimokrec ($182.26 in chips)
Seat 6: pappen ($53.54 in chips)
vestimokrec: posts small blind $1
pappen: posts big blind $3
*** HOLE CARDS ***
vestimokrec: raises $3 to $6
pappen: calls $3
*** FLOP *** [3d Qs Ac]
pappen: checks
vestimokrec: bets $3
pappen: calls $3
*** TURN *** [3d Qs Ac] [Jh]
pappen: checks
vestimokrec: bets $6
pappen: calls $6
*** RIVER *** [3d Qs Ac Jh] [Js]
pappen: checks
vestimokrec: checks
*** SHOW DOWN ***
pappen: shows [3s 4c] (two pair, Jacks and Threes)
vestimokrec: mucks hand
pappen collected $29.50 from pot
*** SUMMARY ***
Total pot $30 | Rake $0.50
Board [3d Qs Ac Jh Js]
Seat 1: vestimokrec (button) (small blind) mucked
Seat 6: pappen (big blind) showed [3s 4c] and won ($29.50) with two pair, Jacks and Threes


PokerStars Hand #175685461501:  Hold'em Limit ($3/$6 USD) - 2017/09/15 15:29:50 ET
Table 'Adelgunde' 6-max Seat #6 is the button
Seat 1: vestimokrec ($181.26 in chips)
Seat 6: pappen ($54.54 in chips)
pappen: posts small blind $1
vestimokrec: posts big blind $3
*** HOLE CARDS ***
pappen: folds
Uncalled bet ($2) returned to vestimokrec
vestimokrec collected $2 from pot
vestimokrec: doesn't show hand
*** SUMMARY ***
Total pot $2 | Rake $0
Seat 1: vestimokrec (big blind) collected ($2)
Seat 6: pappen (button) (small blind) folded before Flop


PokerStars Hand #175685423519:  Hold'em Limit ($3/$6 USD) - 2017/09/15 15:29:02 ET
Table 'Adelgunde' 6-max Seat #1 is the button
Seat 1: vestimokrec ($190.26 in chips)
Seat 6: pappen ($45.90 in chips)
vestimokrec: posts small blind $1
pappen: posts big blind $3
*** HOLE CARDS ***
vestimokrec: raises $3 to $6
pappen: raises $3 to $9
vestimokrec: calls $3
*** FLOP *** [6c Kc Ah]
pappen: checks
vestimokrec: checks
*** TURN *** [6c Kc Ah] [Td]
pappen: checks
vestimokrec: checks
*** RIVER *** [6c Kc Ah Td] [7s]
pappen: bets $6
vestimokrec: folds
Uncalled bet ($6) returned to pappen
pappen collected $17.64 from pot
pappen: doesn't show hand
*** SUMMARY ***
Total pot $18 | Rake $0.36
Board [6c Kc Ah Td 7s]
Seat 1: vestimokrec (button) (small blind) folded on the River
Seat 6: pappen (big blind) collected ($17.64)


PokerStars Hand #175685500765:  Hold'em Limit ($3/$6 USD) - 2017/09/15 15:30:38 ET
Table 'Adelgunde' 6-max Seat #1 is the button
Seat 1: vestimokrec ($168.26 in chips)
Seat 6: pappen ($67.04 in chips)
vestimokrec: posts small blind $1
pappen: posts big blind $3
*** HOLE CARDS ***
vestimokrec: raises $3 to $6
pappen: calls $3
*** FLOP *** [8h 2s 5c]
pappen: checks
vestimokrec: bets $3
pappen: calls $3
*** TURN *** [8h 2s 5c] [7d]
pappen: checks
vestimokrec: bets $6
pappen: calls $6
*** RIVER *** [8h 2s 5c 7d] [6d]
pappen: checks
vestimokrec: checks
*** SHOW DOWN ***
pappen: shows [2c Kc] (a pair of Deuces)
vestimokrec: shows [5s Kh] (a pair of Fives)
vestimokrec collected $29.50 from pot
*** SUMMARY ***
Total pot $30 | Rake $0.50
Board [8h 2s 5c 7d 6d]
Seat 1: vestimokrec (button) (small blind) showed [5s Kh] and won ($29.50) with a pair of Fives
Seat 6: pappen (big blind) showed [2c Kc] and lost with a pair of Deuces


PokerStars Hand #175685572822:  Hold'em Limit ($3/$6 USD) - 2017/09/15 15:32:07 ET
Table 'Adelgunde' 6-max Seat #6 is the button
Seat 1: vestimokrec ($174.52 in chips)
Seat 6: pappen ($59.54 in chips)
pappen: posts small blind $1
vestimokrec: posts big blind $3
*** HOLE CARDS ***
pappen: raises $3 to $6
vestimokrec: calls $3
*** FLOP *** [Ad Ah 4h]
vestimokrec: checks
pappen: bets $3
vestimokrec: calls $3
*** TURN *** [Ad Ah 4h] [Kh]
vestimokrec: checks
pappen: bets $6
vestimokrec: calls $6
*** RIVER *** [Ad Ah 4h Kh] [Ks]
vestimokrec: checks
pappen: checks
*** SHOW DOWN ***
vestimokrec: shows [6d 6s] (two pair, Aces and Kings)
pappen: shows [Jd 4c] (two pair, Aces and Kings - Jack kicker)
pappen collected $29.50 from pot
*** SUMMARY ***
Total pot $30 | Rake $0.50
Board [Ad Ah 4h Kh Ks]
Seat 1: vestimokrec (big blind) showed [6d 6s] and lost with two pair, Aces and Kings
Seat 6: pappen (button) (small blind) showed [Jd 4c] and won ($29.50) with two pair, Aces and Kings


PokerStars Hand #175685567294:  Hold'em Limit ($3/$6 USD) - 2017/09/15 15:32:00 ET
Table 'Adelgunde' 6-max Seat #1 is the button
Seat 1: vestimokrec ($171.52 in chips)
Seat 6: pappen ($62.54 in chips)
vestimokrec: posts small blind $1
pappen: posts big blind $3
*** HOLE CARDS ***
vestimokrec: raises $3 to $6
pappen: folds
Uncalled bet ($3) returned to vestimokrec
vestimokrec collected $6 from pot
vestimokrec: doesn't show hand
*** SUMMARY ***
Total pot $6 | Rake $0
Seat 1: vestimokrec (button) (small blind) collected ($6)
Seat 6: pappen (big blind) folded before Flop


PokerStars Hand #175685563502:  Hold'em Limit ($3/$6 USD) - 2017/09/15 15:31:56 ET
Table 'Adelgunde' 6-max Seat #6 is the button
Seat 1: vestimokrec ($170.52 in chips)
Seat 6: pappen ($63.54 in chips)
pappen: posts small blind $1
vestimokrec: posts big blind $3
*** HOLE CARDS ***
pappen: folds
Uncalled bet ($2) returned to vestimokrec
vestimokrec collected $2 from pot
vestimokrec: doesn't show hand
*** SUMMARY ***
Total pot $2 | Rake $0
Seat 1: vestimokrec (big blind) collected ($2)
Seat 6: pappen (button) (small blind) folded before Flop


PokerStars Hand #175685552842:  Hold'em Limit ($3/$6 USD) - 2017/09/15 15:31:43 ET
Table 'Adelgunde' 6-max Seat #1 is the button
Seat 1: vestimokrec ($164.76 in chips)
Seat 6: pappen ($69.54 in chips)
vestimokrec: posts small blind $1
pappen: posts big blind $3
*** HOLE CARDS ***
vestimokrec: raises $3 to $6
pappen: calls $3
*** FLOP *** [4d Tc Kc]
pappen: checks
vestimokrec: bets $3
pappen: folds
Uncalled bet ($3) returned to vestimokrec
vestimokrec collected $11.76 from pot
vestimokrec: doesn't show hand
*** SUMMARY ***
Total pot $12 | Rake $0.24
Board [4d Tc Kc]
Seat 1: vestimokrec (button) (small blind) collected ($11.76)
Seat 6: pappen (big blind) folded on the Flop


PokerStars Hand #175685531096:  Hold'em Limit ($3/$6 USD) - 2017/09/15 15:31:16 ET
Table 'Adelgunde' 6-max Seat #6 is the button
Seat 1: vestimokrec ($182.76 in chips)
Seat 6: pappen ($52.04 in chips)
pappen: posts small blind $1
vestimokrec: posts big blind $3
*** HOLE CARDS ***
pappen: raises $3 to $6
vestimokrec: calls $3
*** FLOP *** [Ts Ad 3s]
vestimokrec: checks
pappen: bets $3
vestimokrec: raises $3 to $6
pappen: calls $3
*** TURN *** [Ts Ad 3s] [9d]
vestimokrec: bets $6
pappen: calls $6
*** RIVER *** [Ts Ad 3s 9d] [Jd]
vestimokrec: checks
pappen: checks
*** SHOW DOWN ***
vestimokrec: shows [6c 4d] (high card Ace)
pappen: shows [Qs 2s] (high card Ace - Queen kicker)
pappen collected $35.50 from pot
*** SUMMARY ***
Total pot $36 | Rake $0.50
Board [Ts Ad 3s 9d Jd]
Seat 1: vestimokrec (big blind) showed [6c 4d] and lost with high card Ace
Seat 6: pappen (button) (small blind) showed [Qs 2s] and won ($35.50) with high card Ace


PokerStars Hand #175685595409:  Hold'em Limit ($3/$6 USD) - 2017/09/15 15:32:35 ET
Table 'Adelgunde' 6-max Seat #1 is the button
Seat 1: vestimokrec ($159.52 in chips)
Seat 6: pappen ($74.04 in chips)
vestimokrec: posts small blind $1
pappen: posts big blind $3
*** HOLE CARDS ***
vestimokrec: raises $3 to $6
pappen: raises $3 to $9
vestimokrec: calls $3
*** FLOP *** [3c Ac Jh]
pappen: bets $3
vestimokrec: calls $3
*** TURN *** [3c Ac Jh] [9h]
pappen: bets $6
vestimokrec: calls $6
*** RIVER *** [3c Ac Jh 9h] [7c]
pappen: bets $6
vestimokrec: folds
Uncalled bet ($6) returned to pappen
pappen collected $35.50 from pot
pappen: doesn't show hand
*** SUMMARY ***
Total pot $36 | Rake $0.50
Board [3c Ac Jh 9h 7c]
Seat 1: vestimokrec (button) (small blind) folded on the River
Seat 6: pappen (big blind) collected ($35.50)


PokerStars Hand #175685664968:  Hold'em Limit ($3/$6 USD) - 2017/09/15 15:34:00 ET
Table 'Adelgunde' 6-max Seat #1 is the button
Seat 1: vestimokrec ($171.02 in chips)
Seat 6: pappen ($61.54 in chips)
vestimokrec: posts small blind $1
pappen: posts big blind $3
*** HOLE CARDS ***
vestimokrec: raises $3 to $6
pappen: raises $3 to $9
vestimokrec: calls $3
*** FLOP *** [9s Qd 4c]
pappen: bets $3
vestimokrec: calls $3
*** TURN *** [9s Qd 4c] [7c]
pappen: bets $6
vestimokrec: calls $6
*** RIVER *** [9s Qd 4c 7c] [7d]
TineJ2650 joins the table at seat #3
pappen: bets $6
vestimokrec: calls $6
*** SHOW DOWN ***
pappen: shows [Qs Tc] (two pair, Queens and Sevens)
vestimokrec: mucks hand
pappen collected $47.50 from pot
*** SUMMARY ***
Total pot $48 | Rake $0.50
Board [9s Qd 4c 7c 7d]
Seat 1: vestimokrec (button) (small blind) mucked
Seat 6: pappen (big blind) showed [Qs Tc] and won ($47.50) with two pair, Queens and Sevens


PokerStars Hand #175685628169:  Hold'em Limit ($3/$6 USD) - 2017/09/15 15:33:15 ET
Table 'Adelgunde' 6-max Seat #6 is the button
Seat 1: vestimokrec ($141.52 in chips)
Seat 6: pappen ($91.54 in chips)
pappen: posts small blind $1
vestimokrec: posts big blind $3
*** HOLE CARDS ***
pappen: raises $3 to $6
vestimokrec: calls $3
*** FLOP *** [Th 7s 4h]
vestimokrec: checks
pappen: bets $3
vestimokrec: raises $3 to $6
pappen: raises $3 to $9
vestimokrec: raises $3 to $12
Betting is capped
pappen: calls $3
*** TURN *** [Th 7s 4h] [2c]
vestimokrec: bets $6
pappen: calls $6
*** RIVER *** [Th 7s 4h 2c] [7c]
vestimokrec: bets $6
pappen: calls $6
*** SHOW DOWN ***
vestimokrec: shows [4c 7d] (a full house, Sevens full of Fours)
pappen: mucks hand
vestimokrec collected $59.50 from pot
*** SUMMARY ***
Total pot $60 | Rake $0.50
Board [Th 7s 4h 2c 7c]
Seat 1: vestimokrec (big blind) showed [4c 7d] and won ($59.50) with a full house, Sevens full of Fours
Seat 6: pappen (button) (small blind) mucked


PokerStars Hand #175685689154:  Hold'em Limit ($3/$6 USD) - 2017/09/15 15:34:30 ET
Table 'Adelgunde' 6-max Seat #6 is the button
Seat 1: vestimokrec ($147.02 in chips)
Seat 6: pappen ($85.04 in chips)
pappen: posts small blind $1
vestimokrec: posts big blind $3
*** HOLE CARDS ***
pappen: raises $3 to $6
vestimokrec: calls $3
*** FLOP *** [2d Kh Td]
vestimokrec: checks
pappen: bets $3
vestimokrec: raises $3 to $6
pappen: raises $3 to $9
vestimokrec: folds
Uncalled bet ($3) returned to pappen
pappen collected $23.52 from pot
pappen: doesn't show hand
*** SUMMARY ***
Total pot $24 | Rake $0.48
Board [2d Kh Td]
Seat 1: vestimokrec (big blind) folded on the Flop
Seat 6: pappen (button) (small blind) collected ($23.52)


PokerStars Hand #175690392548:  Hold'em Limit ($3/$6 USD) - 2017/09/15 17:13:46 ET
Table 'Adelgunde' 6-max Seat #4 is the button
Seat 3: happyshine88 ($131.11 in chips)
Seat 4: Jokkez 85 ($125.47 in chips)
Jokkez 85: posts small blind $1
mkasd: is sitting out
happyshine88: posts big blind $3
*** HOLE CARDS ***
Jokkez 85: raises $3 to $6
vestimokrec leaves the table
happyshine88: calls $3
*** FLOP *** [4d 3d 5d]
happyshine88: checks
Jokkez 85: checks
*** TURN *** [4d 3d 5d] [Kh]
happyshine88: checks
Jokkez 85: bets $6
happyshine88: calls $6
*** RIVER *** [4d 3d 5d Kh] [Qs]
happyshine88: checks
Jokkez 85: bets $6
happyshine88: calls $6
*** SHOW DOWN ***
Jokkez 85: shows [7d Ad] (a flush, Ace high)
happyshine88: mucks hand
Jokkez 85 collected $35.50 from pot
*** SUMMARY ***
Total pot $36 | Rake $0.50
Board [4d 3d 5d Kh Qs]
Seat 3: happyshine88 (big blind) mucked
Seat 4: Jokkez 85 (button) (small blind) showed [7d Ad] and won ($35.50) with a flush, Ace high


PokerStars Hand #175690410760:  Hold'em Limit ($3/$6 USD) - 2017/09/15 17:14:09 ET
Table 'Adelgunde' 6-max Seat #3 is the button
Seat 3: happyshine88 ($113.11 in chips)
Seat 4: Jokkez 85 ($142.97 in chips)
happyshine88: posts small blind $1
Jokkez 85: posts big blind $3
*** HOLE CARDS ***
happyshine88: raises $3 to $6
Jokkez 85: calls $3
*** FLOP *** [6h Td Qd]
Jokkez 85: checks
happyshine88: bets $3
Jokkez 85: calls $3
*** TURN *** [6h Td Qd] [9s]
Jokkez 85: checks
happyshine88: bets $6
Jokkez 85: calls $6
*** RIVER *** [6h Td Qd 9s] [7d]
Jokkez 85: checks
happyshine88: checks
*** SHOW DOWN ***
Jokkez 85: shows [7c Jd] (a pair of Sevens)
happyshine88: shows [Th 6d] (two pair, Tens and Sixes)
happyshine88 collected $29.50 from pot
*** SUMMARY ***
Total pot $30 | Rake $0.50
Board [6h Td Qd 9s 7d]
Seat 3: happyshine88 (button) (small blind) showed [Th 6d] and won ($29.50) with two pair, Tens and Sixes
Seat 4: Jokkez 85 (big blind) showed [7c Jd] and lost with a pair of Sevens


PokerStars Hand #175690434767:  Hold'em Limit ($3/$6 USD) - 2017/09/15 17:14:39 ET
Table 'Adelgunde' 6-max Seat #4 is the button
Seat 3: happyshine88 ($127.61 in chips)
Seat 4: Jokkez 85 ($127.97 in chips)
Jokkez 85: posts small blind $1
happyshine88: posts big blind $3
*** HOLE CARDS ***
Jokkez 85: raises $3 to $6
happyshine88: calls $3
*** FLOP *** [6d Ks Ac]
happyshine88: checks
Jokkez 85: bets $3
happyshine88: folds
Uncalled bet ($3) returned to Jokkez 85
Jokkez 85 collected $11.76 from pot
Jokkez 85: doesn't show hand
*** SUMMARY ***
Total pot $12 | Rake $0.24
Board [6d Ks Ac]
Seat 3: happyshine88 (big blind) folded on the Flop
Seat 4: Jokkez 85 (button) (small blind) collected ($11.76)


PokerStars Hand #175690444949:  Hold'em Limit ($3/$6 USD) - 2017/09/15 17:14:52 ET
Table 'Adelgunde' 6-max Seat #3 is the button
Seat 3: happyshine88 ($121.61 in chips)
Seat 4: Jokkez 85 ($133.73 in chips)
happyshine88: posts small blind $1
Jokkez 85: posts big blind $3
*** HOLE CARDS ***
happyshine88: raises $3 to $6
Jokkez 85: raises $3 to $9
happyshine88: calls $3
*** FLOP *** [Kh 8h 5c]
Jokkez 85: bets $3
happyshine88: calls $3
*** TURN *** [Kh 8h 5c] [Ks]
Jokkez 85: bets $6
happyshine88: calls $6
*** RIVER *** [Kh 8h 5c Ks] [2s]
Jokkez 85: bets $6
happyshine88: calls $6
*** SHOW DOWN ***
Jokkez 85: shows [4c Ac] (a pair of Kings)
happyshine88: shows [As 2d] (two pair, Kings and Deuces)
happyshine88 collected $47.50 from pot
*** SUMMARY ***
Total pot $48 | Rake $0.50
Board [Kh 8h 5c Ks 2s]
Seat 3: happyshine88 (button) (small blind) showed [As 2d] and won ($47.50) with two pair, Kings and Deuces
Seat 4: Jokkez 85 (big blind) showed [4c Ac] and lost with a pair of Kings


PokerStars Hand #175690483194:  Hold'em Limit ($3/$6 USD) - 2017/09/15 17:15:39 ET
Table 'Adelgunde' 6-max Seat #4 is the button
Seat 3: happyshine88 ($155.63 in chips)
Seat 4: Jokkez 85 ($98.73 in chips)
Jokkez 85: posts small blind $1
happyshine88: posts big blind $3
*** HOLE CARDS ***
Jokkez 85: folds
Uncalled bet ($2) returned to happyshine88
happyshine88 collected $2 from pot
happyshine88: doesn't show hand
*** SUMMARY ***
Total pot $2 | Rake $0
Seat 3: happyshine88 (big blind) collected ($2)
Seat 4: Jokkez 85 (button) (small blind) folded before Flop


PokerStars Hand #175690478672:  Hold'em Limit ($3/$6 USD) - 2017/09/15 17:15:33 ET
Table 'Adelgunde' 6-max Seat #3 is the button
Seat 3: happyshine88 ($156.63 in chips)
Seat 4: Jokkez 85 ($97.73 in chips)
happyshine88: posts small blind $1
Jokkez 85: posts big blind $3
*** HOLE CARDS ***
happyshine88: folds
Uncalled bet ($2) returned to Jokkez 85
Jokkez 85 collected $2 from pot
Jokkez 85: doesn't show hand
*** SUMMARY ***
Total pot $2 | Rake $0
Seat 3: happyshine88 (button) (small blind) folded before Flop
Seat 4: Jokkez 85 (big blind) collected ($2)


PokerStars Hand #175690487184:  Hold'em Limit ($3/$6 USD) - 2017/09/15 17:15:44 ET
Table 'Adelgunde' 6-max Seat #3 is the button
Seat 3: happyshine88 ($156.63 in chips)
Seat 4: Jokkez 85 ($97.73 in chips)
happyshine88: posts small blind $1
Jokkez 85: posts big blind $3
*** HOLE CARDS ***
happyshine88: raises $3 to $6
Jokkez 85: folds
Uncalled bet ($3) returned to happyshine88
happyshine88 collected $6 from pot
happyshine88: doesn't show hand
*** SUMMARY ***
Total pot $6 | Rake $0
Seat 3: happyshine88 (button) (small blind) collected ($6)
Seat 4: Jokkez 85 (big blind) folded before Flop


PokerStars Hand #175690496602:  Hold'em Limit ($3/$6 USD) - 2017/09/15 17:15:56 ET
Table 'Adelgunde' 6-max Seat #3 is the button
Seat 3: happyshine88 ($160.63 in chips)
Seat 4: Jokkez 85 ($93.73 in chips)
happyshine88: posts small blind $1
Jokkez 85: posts big blind $3
*** HOLE CARDS ***
happyshine88: folds
Uncalled bet ($2) returned to Jokkez 85
Jokkez 85 collected $2 from pot
Jokkez 85: doesn't show hand
*** SUMMARY ***
Total pot $2 | Rake $0
Seat 3: happyshine88 (button) (small blind) folded before Flop
Seat 4: Jokkez 85 (big blind) collected ($2)


PokerStars Hand #175690492379:  Hold'em Limit ($3/$6 USD) - 2017/09/15 17:15:50 ET
Table 'Adelgunde' 6-max Seat #4 is the button
Seat 3: happyshine88 ($159.63 in chips)
Seat 4: Jokkez 85 ($94.73 in chips)
Jokkez 85: posts small blind $1
happyshine88: posts big blind $3
*** HOLE CARDS ***
Jokkez 85: folds
Uncalled bet ($2) returned to happyshine88
happyshine88 collected $2 from pot
happyshine88: doesn't show hand
*** SUMMARY ***
Total pot $2 | Rake $0
Seat 3: happyshine88 (big blind) collected ($2)
Seat 4: Jokkez 85 (button) (small blind) folded before Flop


PokerStars Hand #175690500828:  Hold'em Limit ($3/$6 USD) - 2017/09/15 17:16:01 ET
Table 'Adelgunde' 6-max Seat #4 is the button
Seat 3: happyshine88 ($159.63 in chips)
Seat 4: Jokkez 85 ($94.73 in chips)
Jokkez 85: posts small blind $1
happyshine88: posts big blind $3
*** HOLE CARDS ***
Jokkez 85: folds
Uncalled bet ($2) returned to happyshine88
happyshine88 collected $2 from pot
happyshine88: doesn't show hand
*** SUMMARY ***
Total pot $2 | Rake $0
Seat 3: happyshine88 (big blind) collected ($2)
Seat 4: Jokkez 85 (button) (small blind) folded before Flop


PokerStars Hand #175690505228:  Hold'em Limit ($3/$6 USD) - 2017/09/15 17:16:06 ET
Table 'Adelgunde' 6-max Seat #3 is the button
Seat 3: happyshine88 ($160.63 in chips)
Seat 4: Jokkez 85 ($93.73 in chips)
happyshine88: posts small blind $1
Jokkez 85: posts big blind $3
*** HOLE CARDS ***
happyshine88: raises $3 to $6
Jokkez 85: raises $3 to $9
happyshine88: calls $3
*** FLOP *** [2h Kc 7h]
Jokkez 85: bets $3
happyshine88: folds
Uncalled bet ($3) returned to Jokkez 85
Jokkez 85 collected $17.64 from pot
Jokkez 85: doesn't show hand
*** SUMMARY ***
Total pot $18 | Rake $0.36
Board [2h Kc 7h]
Seat 3: happyshine88 (button) (small blind) folded on the Flop
Seat 4: Jokkez 85 (big blind) collected ($17.64)


PokerStars Hand #175690520382:  Hold'em Limit ($3/$6 USD) - 2017/09/15 17:16:25 ET
Table 'Adelgunde' 6-max Seat #3 is the button
Seat 3: happyshine88 ($152.63 in chips)
Seat 4: Jokkez 85 ($101.37 in chips)
happyshine88: posts small blind $1
Jokkez 85: posts big blind $3
*** HOLE CARDS ***
happyshine88: folds
Uncalled bet ($2) returned to Jokkez 85
Jokkez 85 collected $2 from pot
Jokkez 85: doesn't show hand
*** SUMMARY ***
Total pot $2 | Rake $0
Seat 3: happyshine88 (button) (small blind) folded before Flop
Seat 4: Jokkez 85 (big blind) collected ($2)


PokerStars Hand #175690516296:  Hold'em Limit ($3/$6 USD) - 2017/09/15 17:16:20 ET
Table 'Adelgunde' 6-max Seat #4 is the button
Seat 3: happyshine88 ($151.63 in chips)
Seat 4: Jokkez 85 ($102.37 in chips)
Jokkez 85: posts small blind $1
happyshine88: posts big blind $3
*** HOLE CARDS ***
Jokkez 85: folds
Uncalled bet ($2) returned to happyshine88
happyshine88 collected $2 from pot
happyshine88: doesn't show hand
*** SUMMARY ***
Total pot $2 | Rake $0
Seat 3: happyshine88 (big blind) collected ($2)
Seat 4: Jokkez 85 (button) (small blind) folded before Flop


PokerStars Hand #175690524789:  Hold'em Limit ($3/$6 USD) - 2017/09/15 17:16:31 ET
Table 'Adelgunde' 6-max Seat #4 is the button
Seat 3: happyshine88 ($151.63 in chips)
Seat 4: Jokkez 85 ($102.37 in chips)
Jokkez 85: posts small blind $1
happyshine88: posts big blind $3
*** HOLE CARDS ***
Jokkez 85: raises $3 to $6
happyshine88: calls $3
*** FLOP *** [7c Kc Th]
happyshine88: checks
Jokkez 85: checks
*** TURN *** [7c Kc Th] [Qh]
happyshine88: checks
Jokkez 85: bets $6
happyshine88: calls $6
*** RIVER *** [7c Kc Th Qh] [8s]
happyshine88: checks
Jokkez 85: bets $6
happyshine88: calls $6
*** SHOW DOWN ***
Jokkez 85: shows [5h Ah] (high card Ace)
happyshine88: shows [Ad Qd] (a pair of Queens)
happyshine88 collected $35.50 from pot
*** SUMMARY ***
Total pot $36 | Rake $0.50
Board [7c Kc Th Qh 8s]
Seat 3: happyshine88 (big blind) showed [Ad Qd] and won ($35.50) with a pair of Queens
Seat 4: Jokkez 85 (button) (small blind) showed [5h Ah] and lost with high card Ace


PokerStars Hand #175690541837:  Hold'em Limit ($3/$6 USD) - 2017/09/15 17:16:52 ET
Table 'Adelgunde' 6-max Seat #3 is the button
Seat 3: happyshine88 ($169.13 in chips)
Seat 4: Jokkez 85 ($84.37 in chips)
happyshine88: posts small blind $1
Jokkez 85: posts big blind $3
*** HOLE CARDS ***
happyshine88: raises $3 to $6
Jokkez 85: calls $3
*** FLOP *** [8d Ah 6s]
Jokkez 85: checks
happyshine88: bets $3
Jokkez 85: folds
Uncalled bet ($3) returned to happyshine88
happyshine88 collected $11.76 from pot
happyshine88: doesn't show hand
*** SUMMARY ***
Total pot $12 | Rake $0.24
Board [8d Ah 6s]
Seat 3: happyshine88 (button) (small blind) collected ($11.76)
Seat 4: Jokkez 85 (big blind) folded on the Flop


PokerStars Hand #175690552057:  Hold'em Limit ($3/$6 USD) - 2017/09/15 17:17:05 ET
Table 'Adelgunde' 6-max Seat #4 is the button
Seat 3: happyshine88 ($174.89 in chips)
Seat 4: Jokkez 85 ($78.37 in chips)
Jokkez 85: posts small blind $1
happyshine88: posts big blind $3
*** HOLE CARDS ***
Jokkez 85: folds
Uncalled bet ($2) returned to happyshine88
happyshine88 collected $2 from pot
happyshine88: doesn't show hand
*** SUMMARY ***
Total pot $2 | Rake $0
Seat 3: happyshine88 (big blind) collected ($2)
Seat 4: Jokkez 85 (button) (small blind) folded before Flop


PokerStars Hand #175690556267:  Hold'em Limit ($3/$6 USD) - 2017/09/15 17:17:10 ET
Table 'Adelgunde' 6-max Seat #3 is the button
Seat 3: happyshine88 ($175.89 in chips)
Seat 4: Jokkez 85 ($77.37 in chips)
happyshine88: posts small blind $1
Jokkez 85: posts big blind $3
*** HOLE CARDS ***
happyshine88: raises $3 to $6
Jokkez 85: raises $3 to $9
happyshine88: calls $3
*** FLOP *** [6h Jd 7d]
Jokkez 85: bets $3
happyshine88: calls $3
*** TURN *** [6h Jd 7d] [Qd]
Jokkez 85: bets $6
happyshine88: calls $6
*** RIVER *** [6h Jd 7d Qd] [9d]
Jokkez 85: bets $6
happyshine88: calls $6
*** SHOW DOWN ***
Jokkez 85: shows [Tc Ts] (a pair of Tens)
happyshine88: shows [Qh Kc] (a pair of Queens)
happyshine88 collected $47.50 from pot
*** SUMMARY ***
Total pot $48 | Rake $0.50
Board [6h Jd 7d Qd 9d]
Seat 3: happyshine88 (button) (small blind) showed [Qh Kc] and won ($47.50) with a pair of Queens
Seat 4: Jokkez 85 (big blind) showed [Tc Ts] and lost with a pair of Tens


PokerStars Hand #175690574213:  Hold'em Limit ($3/$6 USD) - 2017/09/15 17:17:32 ET
Table 'Adelgunde' 6-max Seat #4 is the button
Seat 3: happyshine88 ($199.39 in chips)
Seat 4: Jokkez 85 ($53.37 in chips)
Jokkez 85: posts small blind $1
happyshine88: posts big blind $3
*** HOLE CARDS ***
Jokkez 85: raises $3 to $6
happyshine88: calls $3
*** FLOP *** [Ks 3s Js]
happyshine88: checks
Jokkez 85: checks
*** TURN *** [Ks 3s Js] [6s]
happyshine88: checks
Jokkez 85: bets $6
happyshine88: folds
Uncalled bet ($6) returned to Jokkez 85
Jokkez 85 collected $11.76 from pot
Jokkez 85: doesn't show hand
*** SUMMARY ***
Total pot $12 | Rake $0.24
Board [Ks 3s Js 6s]
Seat 3: happyshine88 (big blind) folded on the Turn
Seat 4: Jokkez 85 (button) (small blind) collected ($11.76)


PokerStars Hand #175690589139:  Hold'em Limit ($3/$6 USD) - 2017/09/15 17:17:51 ET
Table 'Adelgunde' 6-max Seat #3 is the button
Seat 3: happyshine88 ($193.39 in chips)
Seat 4: Jokkez 85 ($59.13 in chips)
happyshine88: posts small blind $1
Jokkez 85: posts big blind $3
*** HOLE CARDS ***
happyshine88: raises $3 to $6
Jokkez 85: raises $3 to $9
happyshine88: calls $3
*** FLOP *** [Qc 5s Kd]
Jokkez 85: bets $3
happyshine88: folds
Uncalled bet ($3) returned to Jokkez 85
Jokkez 85 collected $17.64 from pot
Jokkez 85: doesn't show hand
*** SUMMARY ***
Total pot $18 | Rake $0.36
Board [Qc 5s Kd]
Seat 3: happyshine88 (button) (small blind) folded on the Flop
Seat 4: Jokkez 85 (big blind) collected ($17.64)


PokerStars Hand #175690600081:  Hold'em Limit ($3/$6 USD) - 2017/09/15 17:18:05 ET
Table 'Adelgunde' 6-max Seat #4 is the button
Seat 3: happyshine88 ($184.39 in chips)
Seat 4: Jokkez 85 ($67.77 in chips)
Jokkez 85: posts small blind $1
happyshine88: posts big blind $3
*** HOLE CARDS ***
Jokkez 85: raises $3 to $6
happyshine88: folds
Uncalled bet ($3) returned to Jokkez 85
Jokkez 85 collected $6 from pot
Jokkez 85: doesn't show hand
*** SUMMARY ***
Total pot $6 | Rake $0
Seat 3: happyshine88 (big blind) folded before Flop
Seat 4: Jokkez 85 (button) (small blind) collected ($6)


PokerStars Hand #175690605695:  Hold'em Limit ($3/$6 USD) - 2017/09/15 17:18:12 ET
Table 'Adelgunde' 6-max Seat #3 is the button
Seat 3: happyshine88 ($181.39 in chips)
Seat 4: Jokkez 85 ($70.77 in chips)
happyshine88: posts small blind $1
Jokkez 85: posts big blind $3
*** HOLE CARDS ***
happyshine88: raises $3 to $6
Jokkez 85: calls $3
*** FLOP *** [Kd 5s Ac]
Jokkez 85: checks
happyshine88: bets $3
Jokkez 85: calls $3
*** TURN *** [Kd 5s Ac] [8c]
Jokkez 85: checks
happyshine88: checks
*** RIVER *** [Kd 5s Ac 8c] [3d]
Jokkez 85: bets $6
happyshine88: calls $6
*** SHOW DOWN ***
Jokkez 85: shows [7h 5c] (a pair of Fives)
happyshine88: shows [8s Th] (a pair of Eights)
happyshine88 collected $29.50 from pot
*** SUMMARY ***
Total pot $30 | Rake $0.50
Board [Kd 5s Ac 8c 3d]
Seat 3: happyshine88 (button) (small blind) showed [8s Th] and won ($29.50) with a pair of Eights
Seat 4: Jokkez 85 (big blind) showed [7h 5c] and lost with a pair of Fives


PokerStars Hand #175690621851:  Hold'em Limit ($3/$6 USD) - 2017/09/15 17:18:32 ET
Table 'Adelgunde' 6-max Seat #4 is the button
Seat 3: happyshine88 ($195.89 in chips)
Seat 4: Jokkez 85 ($55.77 in chips)
Jokkez 85: posts small blind $1
happyshine88: posts big blind $3
*** HOLE CARDS ***
Jokkez 85: raises $3 to $6
happyshine88: raises $3 to $9
Jokkez 85: calls $3
*** FLOP *** [As 5h Ts]
happyshine88: bets $3
Jokkez 85: calls $3
*** TURN *** [As 5h Ts] [5s]
happyshine88: checks
Jokkez 85: bets $6
happyshine88: folds
Uncalled bet ($6) returned to Jokkez 85
Jokkez 85 collected $23.52 from pot
Jokkez 85: doesn't show hand
*** SUMMARY ***
Total pot $24 | Rake $0.48
Board [As 5h Ts 5s]
Seat 3: happyshine88 (big blind) folded on the Turn
Seat 4: Jokkez 85 (button) (small blind) collected ($23.52)


PokerStars Hand #175690642923:  Hold'em Limit ($3/$6 USD) - 2017/09/15 17:18:58 ET
Table 'Adelgunde' 6-max Seat #4 is the button
Seat 3: happyshine88 ($182.89 in chips)
Seat 4: Jokkez 85 ($68.29 in chips)
Jokkez 85: posts small blind $1
happyshine88: posts big blind $3
*** HOLE CARDS ***
Jokkez 85: raises $3 to $6
happyshine88: folds
Uncalled bet ($3) returned to Jokkez 85
Jokkez 85 collected $6 from pot
Jokkez 85: doesn't show hand
*** SUMMARY ***
Total pot $6 | Rake $0
Seat 3: happyshine88 (big blind) folded before Flop
Seat 4: Jokkez 85 (button) (small blind) collected ($6)


PokerStars Hand #175690638371:  Hold'em Limit ($3/$6 USD) - 2017/09/15 17:18:52 ET
Table 'Adelgunde' 6-max Seat #3 is the button
Seat 3: happyshine88 ($183.89 in chips)
Seat 4: Jokkez 85 ($67.29 in chips)
happyshine88: posts small blind $1
Jokkez 85: posts big blind $3
*** HOLE CARDS ***
happyshine88: folds
Uncalled bet ($2) returned to Jokkez 85
mkasd leaves the table
Jokkez 85 collected $2 from pot
Jokkez 85: doesn't show hand
*** SUMMARY ***
Total pot $2 | Rake $0
Seat 3: happyshine88 (button) (small blind) folded before Flop
Seat 4: Jokkez 85 (big blind) collected ($2)


PokerStars Hand #175690647709:  Hold'em Limit ($3/$6 USD) - 2017/09/15 17:19:04 ET
Table 'Adelgunde' 6-max Seat #3 is the button
Seat 3: happyshine88 ($179.89 in chips)
Seat 4: Jokkez 85 ($71.29 in chips)
happyshine88: posts small blind $1
Jokkez 85: posts big blind $3
*** HOLE CARDS ***
happyshine88: raises $3 to $6
Jokkez 85: folds
Uncalled bet ($3) returned to happyshine88
happyshine88 collected $6 from pot
happyshine88: doesn't show hand
*** SUMMARY ***
Total pot $6 | Rake $0
Seat 3: happyshine88 (button) (small blind) collected ($6)
Seat 4: Jokkez 85 (big blind) folded before Flop


PokerStars Hand #175690653054:  Hold'em Limit ($3/$6 USD) - 2017/09/15 17:19:12 ET
Table 'Adelgunde' 6-max Seat #4 is the button
Seat 3: happyshine88 ($182.89 in chips)
Seat 4: Jokkez 85 ($68.29 in chips)
Jokkez 85: posts small blind $1
happyshine88: posts big blind $3
*** HOLE CARDS ***
Jokkez 85: raises $3 to $6
happyshine88: folds
Uncalled bet ($3) returned to Jokkez 85
Jokkez 85 collected $6 from pot
Jokkez 85: doesn't show hand
*** SUMMARY ***
Total pot $6 | Rake $0
Seat 3: happyshine88 (big blind) folded before Flop
Seat 4: Jokkez 85 (button) (small blind) collected ($6)


PokerStars Hand #175690658106:  Hold'em Limit ($3/$6 USD) - 2017/09/15 17:19:18 ET
Table 'Adelgunde' 6-max Seat #3 is the button
Seat 3: happyshine88 ($179.89 in chips)
Seat 4: Jokkez 85 ($71.29 in chips)
happyshine88: posts small blind $1
Jokkez 85: posts big blind $3
*** HOLE CARDS ***
happyshine88: raises $3 to $6
Jokkez 85: raises $3 to $9
happyshine88: calls $3
*** FLOP *** [Td 2c Qd]
Jokkez 85: bets $3
happyshine88: calls $3
*** TURN *** [Td 2c Qd] [Ad]
Jokkez 85: bets $6
happyshine88: calls $6
*** RIVER *** [Td 2c Qd Ad] [6h]
Jokkez 85: bets $6
happyshine88: raises $6 to $12
Jokkez 85: calls $6
*** SHOW DOWN ***
happyshine88: shows [6d 7d] (a flush, Ace high)
Jokkez 85: mucks hand
happyshine88 collected $59.50 from pot
*** SUMMARY ***
Total pot $60 | Rake $0.50
Board [Td 2c Qd Ad 6h]
Seat 3: happyshine88 (button) (small blind) showed [6d 7d] and won ($59.50) with a flush, Ace high
Seat 4: Jokkez 85 (big blind) mucked


PokerStars Hand #175690676859:  Hold'em Limit ($3/$6 USD) - 2017/09/15 17:19:42 ET
Table 'Adelgunde' 6-max Seat #4 is the button
Seat 3: happyshine88 ($209.39 in chips)
Seat 4: Jokkez 85 ($41.29 in chips)
Jokkez 85: posts small blind $1
happyshine88: posts big blind $3
*** HOLE CARDS ***
Jokkez 85: raises $3 to $6
happyshine88: calls $3
*** FLOP *** [Kd Qc 6d]
happyshine88: checks
Jokkez 85: bets $3
happyshine88: calls $3
*** TURN *** [Kd Qc 6d] [5h]
happyshine88: checks
Jokkez 85: bets $6
happyshine88: calls $6
*** RIVER *** [Kd Qc 6d 5h] [3s]
happyshine88: checks
Jokkez 85: bets $6
happyshine88: calls $6
*** SHOW DOWN ***
Jokkez 85: shows [Qd 9d] (a pair of Queens)
happyshine88: mucks hand
Jokkez 85 collected $41.50 from pot
*** SUMMARY ***
Total pot $42 | Rake $0.50
Board [Kd Qc 6d 5h 3s]
Seat 3: happyshine88 (big blind) mucked
Seat 4: Jokkez 85 (button) (small blind) showed [Qd 9d] and won ($41.50) with a pair of Queens


PokerStars Hand #175690713592:  Hold'em Limit ($3/$6 USD) - 2017/09/15 17:20:28 ET
Table 'Adelgunde' 6-max Seat #4 is the button
Seat 3: happyshine88 ($208.89 in chips)
Seat 4: Jokkez 85 ($40.79 in chips)
Jokkez 85: posts small blind $1
happyshine88: posts big blind $3
*** HOLE CARDS ***
Jokkez 85: folds
Uncalled bet ($2) returned to happyshine88
happyshine88 collected $2 from pot
happyshine88: doesn't show hand
*** SUMMARY ***
Total pot $2 | Rake $0
Seat 3: happyshine88 (big blind) collected ($2)
Seat 4: Jokkez 85 (button) (small blind) folded before Flop


PokerStars Hand #175690696993:  Hold'em Limit ($3/$6 USD) - 2017/09/15 17:20:07 ET
Table 'Adelgunde' 6-max Seat #3 is the button
Seat 3: happyshine88 ($188.39 in chips)
Seat 4: Jokkez 85 ($61.79 in chips)
happyshine88: posts small blind $1
Jokkez 85: posts big blind $3
*** HOLE CARDS ***
happyshine88: raises $3 to $6
Jokkez 85: calls $3
*** FLOP *** [9s As 7h]
Jokkez 85: bets $3
happyshine88: calls $3
*** TURN *** [9s As 7h] [5c]
Jokkez 85: bets $6
happyshine88: calls $6
*** RIVER *** [9s As 7h 5c] [Qh]
Jokkez 85: bets $6
happyshine88: calls $6
*** SHOW DOWN ***
Jokkez 85: shows [3s Js] (high card Ace)
happyshine88: shows [9c Kd] (a pair of Nines)
happyshine88 collected $41.50 from pot
*** SUMMARY ***
Total pot $42 | Rake $0.50
Board [9s As 7h 5c Qh]
Seat 3: happyshine88 (button) (small blind) showed [9c Kd] and won ($41.50) with a pair of Nines
Seat 4: Jokkez 85 (big blind) showed [3s Js] and lost with high card Ace


PokerStars Hand #175690717627:  Hold'em Limit ($3/$6 USD) - 2017/09/15 17:20:33 ET
Table 'Adelgunde' 6-max Seat #3 is the button
Seat 3: happyshine88 ($209.89 in chips)
Seat 4: Jokkez 85 ($39.79 in chips)
happyshine88: posts small blind $1
Jokkez 85: posts big blind $3
*** HOLE CARDS ***
happyshine88: folds
Uncalled bet ($2) returned to Jokkez 85
Jokkez 85 collected $2 from pot
Jokkez 85: doesn't show hand
*** SUMMARY ***
Total pot $2 | Rake $0
Seat 3: happyshine88 (button) (small blind) folded before Flop
Seat 4: Jokkez 85 (big blind) collected ($2)


PokerStars Hand #175690737101:  Hold'em Limit ($3/$6 USD) - 2017/09/15 17:20:57 ET
Table 'Adelgunde' 6-max Seat #3 is the button
Seat 3: happyshine88 ($202.89 in chips)
Seat 4: Jokkez 85 ($46.55 in chips)
happyshine88: posts small blind $1
Jokkez 85: posts big blind $3
*** HOLE CARDS ***
happyshine88: raises $3 to $6
Jokkez 85: folds
Uncalled bet ($3) returned to happyshine88
happyshine88 collected $6 from pot
happyshine88: doesn't show hand
*** SUMMARY ***
Total pot $6 | Rake $0
Seat 3: happyshine88 (button) (small blind) collected ($6)
Seat 4: Jokkez 85 (big blind) folded before Flop


PokerStars Hand #175690721715:  Hold'em Limit ($3/$6 USD) - 2017/09/15 17:20:38 ET
Table 'Adelgunde' 6-max Seat #4 is the button
Seat 3: happyshine88 ($208.89 in chips)
Seat 4: Jokkez 85 ($40.79 in chips)
Jokkez 85: posts small blind $1
happyshine88: posts big blind $3
*** HOLE CARDS ***
Jokkez 85: raises $3 to $6
happyshine88: calls $3
*** FLOP *** [5c 6c 5d]
happyshine88: checks
Jokkez 85: checks
*** TURN *** [5c 6c 5d] [6s]
happyshine88: checks
Jokkez 85: bets $6
happyshine88: folds
Uncalled bet ($6) returned to Jokkez 85
Jokkez 85 collected $11.76 from pot
Jokkez 85: doesn't show hand
*** SUMMARY ***
Total pot $12 | Rake $0.24
Board [5c 6c 5d 6s]
Seat 3: happyshine88 (big blind) folded on the Turn
Seat 4: Jokkez 85 (button) (small blind) collected ($11.76)


PokerStars Hand #175690742593:  Hold'em Limit ($3/$6 USD) - 2017/09/15 17:21:04 ET
Table 'Adelgunde' 6-max Seat #4 is the button
Seat 3: happyshine88 ($205.89 in chips)
Seat 4: Jokkez 85 ($43.55 in chips)
Jokkez 85: posts small blind $1
happyshine88: posts big blind $3
*** HOLE CARDS ***
Jokkez 85: raises $3 to $6
happyshine88: folds
Uncalled bet ($3) returned to Jokkez 85
Jokkez 85 collected $6 from pot
Jokkez 85: doesn't show hand
*** SUMMARY ***
Total pot $6 | Rake $0
Seat 3: happyshine88 (big blind) folded before Flop
Seat 4: Jokkez 85 (button) (small blind) collected ($6)


PokerStars Hand #175690752577:  Hold'em Limit ($3/$6 USD) - 2017/09/15 17:21:17 ET
Table 'Adelgunde' 6-max Seat #4 is the button
Seat 3: happyshine88 ($201.89 in chips)
Seat 4: Jokkez 85 ($47.55 in chips)
Jokkez 85: posts small blind $1
happyshine88: posts big blind $3
*** HOLE CARDS ***
Jokkez 85: folds
Uncalled bet ($2) returned to happyshine88
happyshine88 collected $2 from pot
happyshine88: doesn't show hand
*** SUMMARY ***
Total pot $2 | Rake $0
Seat 3: happyshine88 (big blind) collected ($2)
Seat 4: Jokkez 85 (button) (small blind) folded before Flop


PokerStars Hand #175690747909:  Hold'em Limit ($3/$6 USD) - 2017/09/15 17:21:11 ET
Table 'Adelgunde' 6-max Seat #3 is the button
Seat 3: happyshine88 ($202.89 in chips)
Seat 4: Jokkez 85 ($46.55 in chips)
happyshine88: posts small blind $1
Jokkez 85: posts big blind $3
*** HOLE CARDS ***
happyshine88: folds
Uncalled bet ($2) returned to Jokkez 85
Jokkez 85 collected $2 from pot
Jokkez 85: doesn't show hand
*** SUMMARY ***
Total pot $2 | Rake $0
Seat 3: happyshine88 (button) (small blind) folded before Flop
Seat 4: Jokkez 85 (big blind) collected ($2)


PokerStars Hand #175690756878:  Hold'em Limit ($3/$6 USD) - 2017/09/15 17:21:22 ET
Table 'Adelgunde' 6-max Seat #3 is the button
Seat 3: happyshine88 ($202.89 in chips)
Seat 4: Jokkez 85 ($46.55 in chips)
happyshine88: posts small blind $1
Jokkez 85: posts big blind $3
*** HOLE CARDS ***
happyshine88: raises $3 to $6
Jokkez 85: folds
Uncalled bet ($3) returned to happyshine88
happyshine88 collected $6 from pot
happyshine88: doesn't show hand
*** SUMMARY ***
Total pot $6 | Rake $0
Seat 3: happyshine88 (button) (small blind) collected ($6)
Seat 4: Jokkez 85 (big blind) folded before Flop


PokerStars Hand #175690762397:  Hold'em Limit ($3/$6 USD) - 2017/09/15 17:21:29 ET
Table 'Adelgunde' 6-max Seat #4 is the button
Seat 3: happyshine88 ($205.89 in chips)
Seat 4: Jokkez 85 ($43.55 in chips)
Jokkez 85: posts small blind $1
happyshine88: posts big blind $3
*** HOLE CARDS ***
Jokkez 85: raises $3 to $6
happyshine88: calls $3
*** FLOP *** [Qd 2d 6s]
happyshine88: checks
Jokkez 85: checks
*** TURN *** [Qd 2d 6s] [3s]
happyshine88: bets $6
Jokkez 85: calls $6
*** RIVER *** [Qd 2d 6s 3s] [Ks]
happyshine88: checks
Jokkez 85: checks
*** SHOW DOWN ***
happyshine88: shows [8s 5h] (high card King)
Jokkez 85: shows [Tc Ad] (high card Ace)
Jokkez 85 collected $23.52 from pot
*** SUMMARY ***
Total pot $24 | Rake $0.48
Board [Qd 2d 6s 3s Ks]
Seat 3: happyshine88 (big blind) showed [8s 5h] and lost with high card King
Seat 4: Jokkez 85 (button) (small blind) showed [Tc Ad] and won ($23.52) with high card Ace


PokerStars Hand #175690785055:  Hold'em Limit ($3/$6 USD) - 2017/09/15 17:21:58 ET
Table 'Adelgunde' 6-max Seat #4 is the button
Seat 3: happyshine88 ($196.89 in chips)
Seat 4: Jokkez 85 ($52.07 in chips)
Jokkez 85: posts small blind $1
happyshine88: posts big blind $3
*** HOLE CARDS ***
Jokkez 85: raises $3 to $6
happyshine88: raises $3 to $9
Jokkez 85: raises $3 to $12
Betting is capped
happyshine88: calls $3
*** FLOP *** [4c 7s Ac]
happyshine88: checks
Jokkez 85: bets $3
happyshine88: calls $3
*** TURN *** [4c 7s Ac] [8c]
happyshine88: checks
Jokkez 85: bets $6
happyshine88: raises $6 to $12
Jokkez 85: raises $6 to $18
happyshine88: calls $6
*** RIVER *** [4c 7s Ac 8c] [Ts]
happyshine88: checks
Jokkez 85: bets $6
happyshine88: calls $6
*** SHOW DOWN ***
Jokkez 85: shows [Kc Ah] (a pair of Aces)
happyshine88: shows [4s 4d] (three of a kind, Fours)
happyshine88 collected $77.50 from pot
*** SUMMARY ***
Total pot $78 | Rake $0.50
Board [4c 7s Ac 8c Ts]
Seat 3: happyshine88 (big blind) showed [4s 4d] and won ($77.50) with three of a kind, Fours
Seat 4: Jokkez 85 (button) (small blind) showed [Kc Ah] and lost with a pair of Aces


PokerStars Hand #175690780262:  Hold'em Limit ($3/$6 USD) - 2017/09/15 17:21:52 ET
Table 'Adelgunde' 6-max Seat #3 is the button
Seat 3: happyshine88 ($193.89 in chips)
Seat 4: Jokkez 85 ($55.07 in chips)
happyshine88: posts small blind $1
Jokkez 85: posts big blind $3
*** HOLE CARDS ***
happyshine88: raises $3 to $6
Jokkez 85: folds
Uncalled bet ($3) returned to happyshine88
happyshine88 collected $6 from pot
happyshine88: doesn't show hand
*** SUMMARY ***
Total pot $6 | Rake $0
Seat 3: happyshine88 (button) (small blind) collected ($6)
Seat 4: Jokkez 85 (big blind) folded before Flop


PokerStars Hand #175690856188:  Hold'em Limit ($3/$6 USD) - 2017/09/15 17:23:28 ET
Table 'Adelgunde' 6-max Seat #3 is the button
Seat 3: happyshine88 ($242.82 in chips)
Seat 4: Jokkez 85 ($4.64 in chips)
happyshine88: posts small blind $1
Jokkez 85: posts big blind $3
*** HOLE CARDS ***
happyshine88: folds
Uncalled bet ($2) returned to Jokkez 85
Jokkez 85 collected $2 from pot
Jokkez 85: doesn't show hand
*** SUMMARY ***
Total pot $2 | Rake $0
Seat 3: happyshine88 (button) (small blind) folded before Flop
Seat 4: Jokkez 85 (big blind) collected ($2)


PokerStars Hand #175690832364:  Hold'em Limit ($3/$6 USD) - 2017/09/15 17:22:58 ET
Table 'Adelgunde' 6-max Seat #4 is the button
Seat 3: happyshine88 ($222.32 in chips)
Seat 4: Jokkez 85 ($25.64 in chips)
Jokkez 85: posts small blind $1
happyshine88: posts big blind $3
*** HOLE CARDS ***
Jokkez 85: raises $3 to $6
happyshine88: calls $3
*** FLOP *** [Js Kd Qs]
happyshine88: checks
Jokkez 85: bets $3
happyshine88: calls $3
*** TURN *** [Js Kd Qs] [8d]
happyshine88: checks
Jokkez 85: bets $6
happyshine88: calls $6
*** RIVER *** [Js Kd Qs 8d] [7s]
happyshine88: bets $6
Jokkez 85: calls $6
*** SHOW DOWN ***
happyshine88: shows [Ts 3s] (a flush, Queen high)
Jokkez 85: mucks hand
happyshine88 collected $41.50 from pot
*** SUMMARY ***
Total pot $42 | Rake $0.50
Board [Js Kd Qs 8d 7s]
Seat 3: happyshine88 (big blind) showed [Ts 3s] and won ($41.50) with a flush, Queen high
Seat 4: Jokkez 85 (button) (small blind) mucked


PokerStars Hand #175690815228:  Hold'em Limit ($3/$6 USD) - 2017/09/15 17:22:37 ET
Table 'Adelgunde' 6-max Seat #3 is the button
Seat 3: happyshine88 ($235.39 in chips)
Seat 4: Jokkez 85 ($13.07 in chips)
happyshine88: posts small blind $1
Jokkez 85: posts big blind $3
*** HOLE CARDS ***
happyshine88: raises $3 to $6
Jokkez 85: raises $3 to $9
happyshine88: calls $3
*** FLOP *** [9d 8d 3h]
Jokkez 85: bets $3
happyshine88: calls $3
*** TURN *** [9d 8d 3h] [7c]
Jokkez 85: bets $1.07 and is all-in
happyshine88: calls $1.07
*** RIVER *** [9d 8d 3h 7c] [Ah]
*** SHOW DOWN ***
Jokkez 85: shows [As 7d] (two pair, Aces and Sevens)
happyshine88: shows [Jh Jc] (a pair of Jacks)
Jokkez 85 collected $25.64 from pot
*** SUMMARY ***
Total pot $26.14 | Rake $0.50
Board [9d 8d 3h 7c Ah]
Seat 3: happyshine88 (button) (small blind) showed [Jh Jc] and lost with a pair of Jacks
Seat 4: Jokkez 85 (big blind) showed [As 7d] and won ($25.64) with two pair, Aces and Sevens


PokerStars Hand #175691866293:  Hold'em Limit ($3/$6 USD) - 2017/09/15 17:45:10 ET
Table 'Adelgunde' 6-max Seat #4 is the button
Seat 3: pdsnr ($115 in chips)
Seat 4: ToDaFelt ($141.47 in chips)
ToDaFelt: posts small blind $1
vestimokrec: is sitting out
pdsnr: posts big blind $3
*** HOLE CARDS ***
ToDaFelt: raises $3 to $6
pdsnr: raises $3 to $9
vestimokrec leaves the table
ToDaFelt: calls $3
*** FLOP *** [3d 2s Kc]
pdsnr: bets $3
ToDaFelt: calls $3
*** TURN *** [3d 2s Kc] [Ks]
pdsnr: bets $6
ToDaFelt: calls $6
*** RIVER *** [3d 2s Kc Ks] [4h]
pdsnr: bets $6
ToDaFelt: calls $6
*** SHOW DOWN ***
pdsnr: shows [3h 3s] (a full house, Threes full of Kings)
ToDaFelt: mucks hand
pdsnr collected $47.50 from pot
*** SUMMARY ***
Total pot $48 | Rake $0.50
Board [3d 2s Kc Ks 4h]
Seat 3: pdsnr (big blind) showed [3h 3s] and won ($47.50) with a full house, Threes full of Kings
Seat 4: ToDaFelt (button) (small blind) mucked


