PokerStars Hand #145749951048:  Hold'em Limit ($3/$6 USD) - 2015/12/22 13:37:49 ET
Table 'Adelinda' 6-max Seat #3 is the button
Seat 3: musto111 ($52.52 in chips)
Seat 4: AzureCaper ($90.16 in chips)
musto111: posts small blind $1
AzureCaper: posts big blind $3
*** HOLE CARDS ***
musto111: raises $3 to $6
AzureCaper: calls $3
*** FLOP *** [Ks Ad Ts]
AzureCaper: checks
musto111: bets $3
AzureCaper: folds
Uncalled bet ($3) returned to musto111
musto111 collected $11.76 from pot
*** SUMMARY ***
Total pot $12 | Rake $0.24
Board [Ks Ad Ts]
Seat 3: musto111 (button) (small blind) collected ($11.76)
Seat 4: AzureCaper (big blind) folded on the Flop


PokerStars Hand #145749975931:  Hold'em Limit ($3/$6 USD) - 2015/12/22 13:38:15 ET
Table 'Adelinda' 6-max Seat #3 is the button
Seat 3: musto111 ($49.28 in chips)
Seat 4: AzureCaper ($92.80 in chips)
musto111: posts small blind $1
AzureCaper: posts big blind $3
*** HOLE CARDS ***
musto111: raises $3 to $6
AzureCaper: folds
Uncalled bet ($3) returned to musto111
musto111 collected $6 from pot
*** SUMMARY ***
Total pot $6 | Rake $0
Seat 3: musto111 (button) (small blind) collected ($6)
Seat 4: AzureCaper (big blind) folded before Flop


PokerStars Hand #145749961451:  Hold'em Limit ($3/$6 USD) - 2015/12/22 13:38:00 ET
Table 'Adelinda' 6-max Seat #4 is the button
Seat 3: musto111 ($58.28 in chips)
Seat 4: AzureCaper ($84.16 in chips)
AzureCaper: posts small blind $1
musto111: posts big blind $3
*** HOLE CARDS ***
AzureCaper: raises $3 to $6
musto111: calls $3
*** FLOP *** [5c 9h 5h]
musto111: checks
AzureCaper: bets $3
musto111: calls $3
*** TURN *** [5c 9h 5h] [6c]
musto111: checks
AzureCaper: bets $6
musto111: folds
Uncalled bet ($6) returned to AzureCaper
AzureCaper collected $17.64 from pot
AzureCaper: doesn't show hand
*** SUMMARY ***
Total pot $18 | Rake $0.36
Board [5c 9h 5h 6c]
Seat 3: musto111 (big blind) folded on the Turn
Seat 4: AzureCaper (button) (small blind) collected ($17.64)


PokerStars Hand #145749980812:  Hold'em Limit ($3/$6 USD) - 2015/12/22 13:38:20 ET
Table 'Adelinda' 6-max Seat #4 is the button
Seat 3: musto111 ($52.28 in chips)
Seat 4: AzureCaper ($89.80 in chips)
AzureCaper: posts small blind $1
musto111: posts big blind $3
*** HOLE CARDS ***
AzureCaper: raises $3 to $6
musto111: calls $3
*** FLOP *** [6s Qh 2c]
musto111: checks
AzureCaper: bets $3
musto111: raises $3 to $6
AzureCaper: folds
Uncalled bet ($3) returned to musto111
musto111 collected $17.64 from pot
*** SUMMARY ***
Total pot $18 | Rake $0.36
Board [6s Qh 2c]
Seat 3: musto111 (big blind) collected ($17.64)
Seat 4: AzureCaper (button) (small blind) folded on the Flop


PokerStars Hand #145749995253:  Hold'em Limit ($3/$6 USD) - 2015/12/22 13:38:36 ET
Table 'Adelinda' 6-max Seat #4 is the button
Seat 3: musto111 ($59.92 in chips)
Seat 4: AzureCaper ($81.80 in chips)
AzureCaper: posts small blind $1
musto111: posts big blind $3
*** HOLE CARDS ***
AzureCaper: folds
Uncalled bet ($2) returned to musto111
musto111 collected $2 from pot
*** SUMMARY ***
Total pot $2 | Rake $0
Seat 3: musto111 (big blind) collected ($2)
Seat 4: AzureCaper (button) (small blind) folded before Flop


PokerStars Hand #145749991104:  Hold'em Limit ($3/$6 USD) - 2015/12/22 13:38:31 ET
Table 'Adelinda' 6-max Seat #3 is the button
Seat 3: musto111 ($60.92 in chips)
Seat 4: AzureCaper ($80.80 in chips)
musto111: posts small blind $1
AzureCaper: posts big blind $3
*** HOLE CARDS ***
musto111: folds
Uncalled bet ($2) returned to AzureCaper
AzureCaper collected $2 from pot
AzureCaper: doesn't show hand
*** SUMMARY ***
Total pot $2 | Rake $0
Seat 3: musto111 (button) (small blind) folded before Flop
Seat 4: AzureCaper (big blind) collected ($2)


PokerStars Hand #145749999283:  Hold'em Limit ($3/$6 USD) - 2015/12/22 13:38:40 ET
Table 'Adelinda' 6-max Seat #3 is the button
Seat 3: musto111 ($60.92 in chips)
Seat 4: AzureCaper ($80.80 in chips)
musto111: posts small blind $1
AzureCaper: posts big blind $3
*** HOLE CARDS ***
musto111: folds
Uncalled bet ($2) returned to AzureCaper
AzureCaper collected $2 from pot
AzureCaper: doesn't show hand
*** SUMMARY ***
Total pot $2 | Rake $0
Seat 3: musto111 (button) (small blind) folded before Flop
Seat 4: AzureCaper (big blind) collected ($2)


PokerStars Hand #145750003906:  Hold'em Limit ($3/$6 USD) - 2015/12/22 13:38:45 ET
Table 'Adelinda' 6-max Seat #4 is the button
Seat 3: musto111 ($59.92 in chips)
Seat 4: AzureCaper ($81.80 in chips)
AzureCaper: posts small blind $1
musto111: posts big blind $3
*** HOLE CARDS ***
AzureCaper: raises $3 to $6
musto111: calls $3
*** FLOP *** [7s 3c As]
musto111: checks
AzureCaper: bets $3
musto111: calls $3
*** TURN *** [7s 3c As] [Ks]
musto111: checks
AzureCaper: checks
*** RIVER *** [7s 3c As Ks] [9c]
musto111: bets $6
AzureCaper: folds
Uncalled bet ($6) returned to musto111
musto111 collected $17.64 from pot
*** SUMMARY ***
Total pot $18 | Rake $0.36
Board [7s 3c As Ks 9c]
Seat 3: musto111 (big blind) collected ($17.64)
Seat 4: AzureCaper (button) (small blind) folded on the River


PokerStars Hand #145750017702:  Hold'em Limit ($3/$6 USD) - 2015/12/22 13:38:59 ET
Table 'Adelinda' 6-max Seat #3 is the button
Seat 3: musto111 ($68.56 in chips)
Seat 4: AzureCaper ($72.80 in chips)
musto111: posts small blind $1
AzureCaper: posts big blind $3
*** HOLE CARDS ***
musto111: raises $3 to $6
AzureCaper: calls $3
*** FLOP *** [6s 8c 9h]
AzureCaper: checks
musto111: bets $3
AzureCaper: calls $3
*** TURN *** [6s 8c 9h] [Js]
AzureCaper: checks
musto111: bets $6
AzureCaper: folds
Uncalled bet ($6) returned to musto111
musto111 collected $17.64 from pot
*** SUMMARY ***
Total pot $18 | Rake $0.36
Board [6s 8c 9h Js]
Seat 3: musto111 (button) (small blind) collected ($17.64)
Seat 4: AzureCaper (big blind) folded on the Turn


PokerStars Hand #145750043056:  Hold'em Limit ($3/$6 USD) - 2015/12/22 13:39:26 ET
Table 'Adelinda' 6-max Seat #4 is the button
Seat 3: musto111 ($77.20 in chips)
Seat 4: AzureCaper ($72 in chips)
AzureCaper: posts small blind $1
musto111: posts big blind $3
*** HOLE CARDS ***
AzureCaper: raises $3 to $6
musto111: calls $3
*** FLOP *** [Ks Ah 6s]
musto111: checks
AzureCaper: bets $3
musto111: folds
Uncalled bet ($3) returned to AzureCaper
AzureCaper collected $11.76 from pot
AzureCaper: doesn't show hand
*** SUMMARY ***
Total pot $12 | Rake $0.24
Board [Ks Ah 6s]
Seat 3: musto111 (big blind) folded on the Flop
Seat 4: AzureCaper (button) (small blind) collected ($11.76)


PokerStars Hand #145750051226:  Hold'em Limit ($3/$6 USD) - 2015/12/22 13:39:35 ET
Table 'Adelinda' 6-max Seat #3 is the button
Seat 3: musto111 ($71.20 in chips)
Seat 4: AzureCaper ($77.76 in chips)
musto111: posts small blind $1
AzureCaper: posts big blind $3
*** HOLE CARDS ***
musto111: raises $3 to $6
AzureCaper: calls $3
*** FLOP *** [5c 5s 4s]
AzureCaper: checks
musto111: bets $3
AzureCaper: calls $3
*** TURN *** [5c 5s 4s] [7d]
AzureCaper: checks
musto111: bets $6
AzureCaper: raises $6 to $12
musto111: calls $6
*** RIVER *** [5c 5s 4s 7d] [Kd]
AzureCaper: bets $6
musto111: calls $6
*** SHOW DOWN ***
AzureCaper: shows [7c Qc] (two pair, Sevens and Fives)
musto111: mucks hand
AzureCaper collected $53.50 from pot
*** SUMMARY ***
Total pot $54 | Rake $0.50
Board [5c 5s 4s 7d Kd]
Seat 3: musto111 (button) (small blind) mucked
Seat 4: AzureCaper (big blind) showed [7c Qc] and won ($53.50) with two pair, Sevens and Fives


PokerStars Hand #145750089566:  Hold'em Limit ($3/$6 USD) - 2015/12/22 13:40:16 ET
Table 'Adelinda' 6-max Seat #3 is the button
Seat 3: musto111 ($52.84 in chips)
Seat 4: AzureCaper ($95.26 in chips)
musto111: posts small blind $1
AzureCaper: posts big blind $3
*** HOLE CARDS ***
musto111: raises $3 to $6
Miele104 joins the table at seat #6
AzureCaper: folds
Uncalled bet ($3) returned to musto111
musto111 collected $6 from pot
*** SUMMARY ***
Total pot $6 | Rake $0
Seat 3: musto111 (button) (small blind) collected ($6)
Seat 4: AzureCaper (big blind) folded before Flop


PokerStars Hand #145750073383:  Hold'em Limit ($3/$6 USD) - 2015/12/22 13:39:58 ET
Table 'Adelinda' 6-max Seat #4 is the button
Seat 3: musto111 ($44.20 in chips)
Seat 4: AzureCaper ($104.26 in chips)
AzureCaper: posts small blind $1
musto111: posts big blind $3
*** HOLE CARDS ***
AzureCaper: raises $3 to $6
musto111: calls $3
*** FLOP *** [6s 8d Kd]
musto111: checks
AzureCaper: bets $3
musto111: calls $3
*** TURN *** [6s 8d Kd] [Ad]
musto111: checks
AzureCaper: checks
*** RIVER *** [6s 8d Kd Ad] [Ts]
musto111: bets $6
AzureCaper: folds
Uncalled bet ($6) returned to musto111
musto111 collected $17.64 from pot
*** SUMMARY ***
Total pot $18 | Rake $0.36
Board [6s 8d Kd Ad Ts]
Seat 3: musto111 (big blind) collected ($17.64)
Seat 4: AzureCaper (button) (small blind) folded on the River


PokerStars Hand #145750374705:  Hold'em Limit ($3/$6 USD) - 2015/12/22 13:45:14 ET
Table 'Adelinda' 6-max Seat #5 is the button
Seat 2: bentinck113 ($163.97 in chips)
Seat 5: ValeryRon ($87.37 in chips)
ValeryRon: posts small blind $1
alexslep: is sitting out
bentinck113: posts big blind $3
*** HOLE CARDS ***
alexslep leaves the table
ValeryRon: folds
Uncalled bet ($2) returned to bentinck113
bentinck113 collected $2 from pot
bentinck113: doesn't show hand
*** SUMMARY ***
Total pot $2 | Rake $0
Seat 2: bentinck113 (big blind) collected ($2)
Seat 5: ValeryRon (button) (small blind) folded before Flop


