PokerStars Hand #163218533270:  Hold'em Limit ($3/$6 USD) - 2016/12/19 19:19:54 ET
Table 'Adele' 6-max Seat #1 is the button
Seat 1: LifeisagameX ($84 in chips)
Seat 2: ChasingAc918 ($30.17 in chips)
LifeisagameX: posts small blind $1
ChasingAc918: posts big blind $3
*** HOLE CARDS ***
LifeisagameX: raises $3 to $6
ChasingAc918: calls $3
*** FLOP *** [5h As 8c]
ChasingAc918: checks
LifeisagameX: bets $3
ChasingAc918: calls $3
*** TURN *** [5h As 8c] [Ac]
ChasingAc918: checks
LifeisagameX: bets $6
ChasingAc918: calls $6
*** RIVER *** [5h As 8c Ac] [5s]
ChasingAc918: checks
LifeisagameX: checks
*** SHOW DOWN ***
ChasingAc918: shows [Ks 5d] (a full house, Fives full of Aces)
LifeisagameX: mucks hand
GRAILKO joins the table at seat #3
ChasingAc918 collected $29.50 from pot
*** SUMMARY ***
Total pot $30 | Rake $0.50
Board [5h As 8c Ac 5s]
Seat 1: LifeisagameX (button) (small blind) mucked
Seat 2: ChasingAc918 (big blind) showed [Ks 5d] and won ($29.50) with a full house, Fives full of Aces


PokerStars Hand #163221334349:  Hold'em Limit ($3/$6 USD) - 2016/12/19 20:38:38 ET
Table 'Adele' 6-max Seat #3 is the button
Seat 2: ToDaFelt ($137.07 in chips)
Seat 3: BranzanM ($222.28 in chips)
BranzanM: posts small blind $1
wobetting: is sitting out
ToDaFelt: posts big blind $3
*** HOLE CARDS ***
wobetting leaves the table
BranzanM: raises $3 to $6
ToDaFelt: calls $3
*** FLOP *** [9s Qh 7d]
ToDaFelt: checks
BranzanM: bets $3
ToDaFelt: calls $3
*** TURN *** [9s Qh 7d] [Js]
ToDaFelt: checks
BranzanM: bets $6
ToDaFelt: calls $6
*** RIVER *** [9s Qh 7d Js] [8h]
ToDaFelt: checks
BranzanM: bets $6
ToDaFelt: calls $6
*** SHOW DOWN ***
BranzanM: shows [8d Ah] (a pair of Eights)
ToDaFelt: mucks hand
BranzanM collected $41.50 from pot
*** SUMMARY ***
Total pot $42 | Rake $0.50
Board [9s Qh 7d Js 8h]
Seat 2: ToDaFelt (big blind) mucked
Seat 3: BranzanM (button) (small blind) showed [8d Ah] and won ($41.50) with a pair of Eights


PokerStars Hand #163221383231:  Hold'em Limit ($3/$6 USD) - 2016/12/19 20:40:13 ET
Table 'Adele' 6-max Seat #2 is the button
Seat 2: ToDaFelt ($116.07 in chips)
Seat 3: BranzanM ($242.78 in chips)
ToDaFelt: posts small blind $1
BranzanM: posts big blind $3
*** HOLE CARDS ***
ToDaFelt: raises $3 to $6
BranzanM: calls $3
*** FLOP *** [9s As 9c]
BranzanM: checks
ToDaFelt: bets $3
BranzanM: folds
Uncalled bet ($3) returned to ToDaFelt
ToDaFelt collected $11.76 from pot
ToDaFelt: doesn't show hand
*** SUMMARY ***
Total pot $12 | Rake $0.24
Board [9s As 9c]
Seat 2: ToDaFelt (button) (small blind) collected ($11.76)
Seat 3: BranzanM (big blind) folded on the Flop


PokerStars Hand #163221394280:  Hold'em Limit ($3/$6 USD) - 2016/12/19 20:40:34 ET
Table 'Adele' 6-max Seat #3 is the button
Seat 2: ToDaFelt ($121.83 in chips)
Seat 3: BranzanM ($236.78 in chips)
BranzanM: posts small blind $1
ToDaFelt: posts big blind $3
*** HOLE CARDS ***
BranzanM: calls $2
ToDaFelt: checks
*** FLOP *** [8c 2c 7h]
ToDaFelt: bets $3
BranzanM: folds
Uncalled bet ($3) returned to ToDaFelt
ToDaFelt collected $5.88 from pot
ToDaFelt: doesn't show hand
*** SUMMARY ***
Total pot $6 | Rake $0.12
Board [8c 2c 7h]
Seat 2: ToDaFelt (big blind) collected ($5.88)
Seat 3: BranzanM (button) (small blind) folded on the Flop


PokerStars Hand #163221407919:  Hold'em Limit ($3/$6 USD) - 2016/12/19 20:41:00 ET
Table 'Adele' 6-max Seat #2 is the button
Seat 2: ToDaFelt ($124.71 in chips)
Seat 3: BranzanM ($233.78 in chips)
ToDaFelt: posts small blind $1
BranzanM: posts big blind $3
*** HOLE CARDS ***
ToDaFelt: raises $3 to $6
BranzanM: calls $3
*** FLOP *** [5h Jh 8h]
BranzanM: bets $3
ToDaFelt: calls $3
*** TURN *** [5h Jh 8h] [Jc]
BranzanM: bets $6
ToDaFelt: calls $6
*** RIVER *** [5h Jh 8h Jc] [Qd]
BranzanM: bets $6
ToDaFelt: calls $6
*** SHOW DOWN ***
BranzanM: shows [5d Kd] (two pair, Jacks and Fives)
ToDaFelt: shows [8s Qc] (two pair, Queens and Jacks)
ToDaFelt collected $41.50 from pot
*** SUMMARY ***
Total pot $42 | Rake $0.50
Board [5h Jh 8h Jc Qd]
Seat 2: ToDaFelt (button) (small blind) showed [8s Qc] and won ($41.50) with two pair, Queens and Jacks
Seat 3: BranzanM (big blind) showed [5d Kd] and lost with two pair, Jacks and Fives


PokerStars Hand #163221444918:  Hold'em Limit ($3/$6 USD) - 2016/12/19 20:42:12 ET
Table 'Adele' 6-max Seat #2 is the button
Seat 2: ToDaFelt ($142.21 in chips)
Seat 3: BranzanM ($215.66 in chips)
ToDaFelt: posts small blind $1
BranzanM: posts big blind $3
*** HOLE CARDS ***
ToDaFelt: folds
Uncalled bet ($2) returned to BranzanM
BranzanM collected $2 from pot
*** SUMMARY ***
Total pot $2 | Rake $0
Seat 2: ToDaFelt (button) (small blind) folded before Flop
Seat 3: BranzanM (big blind) collected ($2)


PokerStars Hand #163221425603:  Hold'em Limit ($3/$6 USD) - 2016/12/19 20:41:35 ET
Table 'Adele' 6-max Seat #3 is the button
Seat 2: ToDaFelt ($145.21 in chips)
Seat 3: BranzanM ($212.78 in chips)
BranzanM: posts small blind $1
ToDaFelt: posts big blind $3
*** HOLE CARDS ***
BranzanM: calls $2
ToDaFelt: checks
*** FLOP *** [7c 5c 7h]
ToDaFelt: checks
BranzanM: bets $3
ToDaFelt: folds
Uncalled bet ($3) returned to BranzanM
BranzanM collected $5.88 from pot
*** SUMMARY ***
Total pot $6 | Rake $0.12
Board [7c 5c 7h]
Seat 2: ToDaFelt (big blind) folded on the Flop
Seat 3: BranzanM (button) (small blind) collected ($5.88)


PokerStars Hand #163221452687:  Hold'em Limit ($3/$6 USD) - 2016/12/19 20:42:27 ET
Table 'Adele' 6-max Seat #3 is the button
Seat 2: ToDaFelt ($141.21 in chips)
Seat 3: BranzanM ($216.66 in chips)
BranzanM: posts small blind $1
ToDaFelt: posts big blind $3
*** HOLE CARDS ***
BranzanM: folds
Uncalled bet ($2) returned to ToDaFelt
ToDaFelt collected $2 from pot
ToDaFelt: doesn't show hand
*** SUMMARY ***
Total pot $2 | Rake $0
Seat 2: ToDaFelt (big blind) collected ($2)
Seat 3: BranzanM (button) (small blind) folded before Flop


PokerStars Hand #163221500705:  Hold'em Limit ($3/$6 USD) - 2016/12/19 20:44:00 ET
Table 'Adele' 6-max Seat #3 is the button
Seat 2: ToDaFelt ($174.71 in chips)
Seat 3: BranzanM ($182.66 in chips)
BranzanM: posts small blind $1
ToDaFelt: posts big blind $3
*** HOLE CARDS ***
BranzanM: raises $3 to $6
ToDaFelt: folds
Uncalled bet ($3) returned to BranzanM
BranzanM collected $6 from pot
*** SUMMARY ***
Total pot $6 | Rake $0
Seat 2: ToDaFelt (big blind) folded before Flop
Seat 3: BranzanM (button) (small blind) collected ($6)


PokerStars Hand #163221491310:  Hold'em Limit ($3/$6 USD) - 2016/12/19 20:43:42 ET
Table 'Adele' 6-max Seat #3 is the button
Seat 2: ToDaFelt ($174.71 in chips)
Seat 3: BranzanM ($182.66 in chips)
BranzanM: posts small blind $1
ToDaFelt: posts big blind $3
*** HOLE CARDS ***
BranzanM: folds
Uncalled bet ($2) returned to ToDaFelt
ToDaFelt collected $2 from pot
ToDaFelt: doesn't show hand
*** SUMMARY ***
Total pot $2 | Rake $0
Seat 2: ToDaFelt (big blind) collected ($2)
Seat 3: BranzanM (button) (small blind) folded before Flop


PokerStars Hand #163221455546:  Hold'em Limit ($3/$6 USD) - 2016/12/19 20:42:33 ET
Table 'Adele' 6-max Seat #2 is the button
Seat 2: ToDaFelt ($142.21 in chips)
Seat 3: BranzanM ($215.66 in chips)
ToDaFelt: posts small blind $1
BranzanM: posts big blind $3
*** HOLE CARDS ***
ToDaFelt: raises $3 to $6
BranzanM: calls $3
*** FLOP *** [Th 6d 3d]
BranzanM: checks
ToDaFelt: bets $3
BranzanM: calls $3
*** TURN *** [Th 6d 3d] [9d]
BranzanM: checks
ToDaFelt: bets $6
BranzanM: raises $6 to $12
ToDaFelt: calls $6
*** RIVER *** [Th 6d 3d 9d] [4d]
BranzanM: bets $6
ToDaFelt: raises $6 to $12
BranzanM: calls $6
*** SHOW DOWN ***
ToDaFelt: shows [Ah Kd] (a flush, King high)
BranzanM: mucks hand
ToDaFelt collected $65.50 from pot
*** SUMMARY ***
Total pot $66 | Rake $0.50
Board [Th 6d 3d 9d 4d]
Seat 2: ToDaFelt (button) (small blind) showed [Ah Kd] and won ($65.50) with a flush, King high
Seat 3: BranzanM (big blind) mucked


PokerStars Hand #163221494021:  Hold'em Limit ($3/$6 USD) - 2016/12/19 20:43:47 ET
Table 'Adele' 6-max Seat #2 is the button
Seat 2: ToDaFelt ($175.71 in chips)
Seat 3: BranzanM ($181.66 in chips)
ToDaFelt: posts small blind $1
BranzanM: posts big blind $3
*** HOLE CARDS ***
ToDaFelt: folds
Uncalled bet ($2) returned to BranzanM
BranzanM collected $2 from pot
*** SUMMARY ***
Total pot $2 | Rake $0
Seat 2: ToDaFelt (button) (small blind) folded before Flop
Seat 3: BranzanM (big blind) collected ($2)


