PokerStars Hand #156606780318:  Hold'em Limit ($3/$6 USD) - 2016/07/29 16:45:39 ET
Table 'Adelaide' 6-max Seat #2 is the button
Seat 2: ZinZar ($73 in chips)
Seat 3: sammybeyo ($40.52 in chips)
ZinZar: posts small blind $1
sammybeyo: posts big blind $3
*** HOLE CARDS ***
ZinZar: raises $3 to $6
sammybeyo: calls $3
*** FLOP *** [Js Kc Ac]
Jannuh joins the table at seat #5
sammybeyo: checks
ZinZar: bets $3
Hi Im Alexey joins the table at seat #6
sammybeyo: folds
Uncalled bet ($3) returned to ZinZar
ZinZar collected $11.76 from pot
ZinZar: doesn't show hand
*** SUMMARY ***
Total pot $12 | Rake $0.24
Board [Js Kc Ac]
Seat 2: ZinZar (button) (small blind) collected ($11.76)
Seat 3: sammybeyo (big blind) folded on the Flop


PokerStars Hand #156606776705:  Hold'em Limit ($3/$6 USD) - 2016/07/29 16:45:34 ET
Table 'Adelaide' 6-max Seat #3 is the button
Seat 2: ZinZar ($72 in chips)
Seat 3: sammybeyo ($41.52 in chips)
sammybeyo: posts small blind $1
ZinZar: posts big blind $3
*** HOLE CARDS ***
sammybeyo: folds
Uncalled bet ($2) returned to ZinZar
ZinZar collected $2 from pot
ZinZar: doesn't show hand
*** SUMMARY ***
Total pot $2 | Rake $0
Seat 2: ZinZar (big blind) collected ($2)
Seat 3: sammybeyo (button) (small blind) folded before Flop


PokerStars Hand #156606762010:  Hold'em Limit ($3/$6 USD) - 2016/07/29 16:45:14 ET
Table 'Adelaide' 6-max Seat #2 is the button
Seat 2: ZinZar ($72 in chips)
Seat 3: sammybeyo ($30 in chips)
ZinZar: posts small blind $1
sammybeyo: posts big blind $3
*** HOLE CARDS ***
ZinZar: raises $3 to $6
vestimokrec joins the table at seat #4
sammybeyo: raises $3 to $9
ZinZar: calls $3
*** FLOP *** [9d 3s 7s]
sammybeyo: bets $3
ZinZar: calls $3
*** TURN *** [9d 3s 7s] [Tc]
sammybeyo: bets $6
ZinZar: folds
Uncalled bet ($6) returned to sammybeyo
sammybeyo collected $23.52 from pot
sammybeyo: doesn't show hand
*** SUMMARY ***
Total pot $24 | Rake $0.48
Board [9d 3s 7s Tc]
Seat 2: ZinZar (button) (small blind) folded on the Turn
Seat 3: sammybeyo (big blind) collected ($23.52)


PokerStars Hand #156610398899:  Hold'em Limit ($3/$6 USD) - 2016/07/29 18:06:46 ET
Table 'Adelaide' 6-max Seat #5 is the button
Seat 5: Longstaaf ($23.99 in chips)
Seat 6: Chessnok ($410.05 in chips)
Longstaaf: posts small blind $1
Chessnok: posts big blind $3
*** HOLE CARDS ***
Longstaaf: raises $3 to $6
Chessnok: calls $3
*** FLOP *** [6c Tc Kh]
Chessnok: checks
Longstaaf: bets $3
Chessnok: calls $3
*** TURN *** [6c Tc Kh] [9h]
Chessnok: checks
Longstaaf: bets $6
Chessnok: calls $6
*** RIVER *** [6c Tc Kh 9h] [Qc]
Chessnok: checks
Longstaaf: checks
*** SHOW DOWN ***
Chessnok: shows [Ah 3h] (high card Ace)
Longstaaf: shows [7h Kd] (a pair of Kings)
Longstaaf collected $29.50 from pot
*** SUMMARY ***
Total pot $30 | Rake $0.50
Board [6c Tc Kh 9h Qc]
Seat 5: Longstaaf (button) (small blind) showed [7h Kd] and won ($29.50) with a pair of Kings
Seat 6: Chessnok (big blind) showed [Ah 3h] and lost with high card Ace


PokerStars Hand #156610394588:  Hold'em Limit ($3/$6 USD) - 2016/07/29 18:06:40 ET
Table 'Adelaide' 6-max Seat #6 is the button
Seat 5: Longstaaf ($26.99 in chips)
Seat 6: Chessnok ($407.05 in chips)
Chessnok: posts small blind $1
B_loJkl: is sitting out
Longstaaf: posts big blind $3
*** HOLE CARDS ***
Chessnok: raises $3 to $6
B_loJkl leaves the table
Longstaaf: folds
Uncalled bet ($3) returned to Chessnok
Chessnok collected $6 from pot
Chessnok: doesn't show hand
*** SUMMARY ***
Total pot $6 | Rake $0
Seat 5: Longstaaf (big blind) folded before Flop
Seat 6: Chessnok (button) (small blind) collected ($6)


PokerStars Hand #156610435247:  Hold'em Limit ($3/$6 USD) - 2016/07/29 18:07:38 ET
Table 'Adelaide' 6-max Seat #3 is the button
Seat 3: Sindbadeczek ($121 in chips)
Seat 6: Chessnok ($394.05 in chips)
Sindbadeczek: posts small blind $1
Chessnok: posts big blind $3
*** HOLE CARDS ***
Sindbadeczek: folds
Uncalled bet ($2) returned to Chessnok
Chessnok collected $2 from pot
Chessnok: doesn't show hand
*** SUMMARY ***
Total pot $2 | Rake $0
Seat 3: Sindbadeczek (button) (small blind) folded before Flop
Seat 6: Chessnok (big blind) collected ($2)


PokerStars Hand #156610431391:  Hold'em Limit ($3/$6 USD) - 2016/07/29 18:07:32 ET
Table 'Adelaide' 6-max Seat #6 is the button
Seat 3: Sindbadeczek ($120 in chips)
Seat 6: Chessnok ($395.05 in chips)
Chessnok: posts small blind $1
Sindbadeczek: posts big blind $3
*** HOLE CARDS ***
Chessnok: folds
Uncalled bet ($2) returned to Sindbadeczek
Sindbadeczek collected $2 from pot
*** SUMMARY ***
Total pot $2 | Rake $0
Seat 3: Sindbadeczek (big blind) collected ($2)
Seat 6: Chessnok (button) (small blind) folded before Flop


PokerStars Hand #156610439147:  Hold'em Limit ($3/$6 USD) - 2016/07/29 18:07:43 ET
Table 'Adelaide' 6-max Seat #6 is the button
Seat 3: Sindbadeczek ($120 in chips)
Seat 6: Chessnok ($395.05 in chips)
Chessnok: posts small blind $1
Sindbadeczek: posts big blind $3
*** HOLE CARDS ***
Chessnok: raises $3 to $6
Sindbadeczek: calls $3
*** FLOP *** [8c Kc Qd]
jackRizzar joins the table at seat #4
vestimokrec joins the table at seat #5
Sindbadeczek: checks
Chessnok: bets $3
Sindbadeczek: folds
Uncalled bet ($3) returned to Chessnok
Chessnok collected $11.76 from pot
Chessnok: doesn't show hand
*** SUMMARY ***
Total pot $12 | Rake $0.24
Board [8c Kc Qd]
Seat 3: Sindbadeczek (big blind) folded on the Flop
Seat 6: Chessnok (button) (small blind) collected ($11.76)


PokerStars Hand #156613846610:  Hold'em Limit ($3/$6 USD) - 2016/07/29 19:40:14 ET
Table 'Adelaide' 6-max Seat #4 is the button
Seat 1: AAinthehole ($292.87 in chips)
Seat 4: jackRizzar ($217.88 in chips)
jackRizzar: posts small blind $1
TinaTurner72: is sitting out
AAinthehole: posts big blind $3
*** HOLE CARDS ***
jackRizzar: folds
Uncalled bet ($2) returned to AAinthehole
AAinthehole collected $2 from pot
AAinthehole: doesn't show hand
*** SUMMARY ***
Total pot $2 | Rake $0
Seat 1: AAinthehole (big blind) collected ($2)
Seat 4: jackRizzar (button) (small blind) folded before Flop


