PokerStars Hand #162040092603:  Hold'em Limit ($3/$6 USD) - 2016/11/27 10:48:29 ET
Table 'Adele II' 10-max Seat #10 is the button
Seat 8: mylifeluvsol ($30 in chips)
Seat 10: MTails ($120 in chips)
MTails: posts small blind $1
mylifeluvsol: posts big blind $3
*** HOLE CARDS ***
MTails: raises $3 to $6
mylifeluvsol: calls $3
*** FLOP *** [4d 5s Jd]
mylifeluvsol: checks
MTails: bets $3
mylifeluvsol: calls $3
*** TURN *** [4d 5s Jd] [2c]
mylifeluvsol: bets $6
MTails: calls $6
*** RIVER *** [4d 5s Jd 2c] [Qd]
mylifeluvsol: checks
MTails: bets $6
mylifeluvsol: calls $6
*** SHOW DOWN ***
MTails: shows [7s 3c] (high card Queen)
mylifeluvsol: shows [5c 6c] (a pair of Fives)
mylifeluvsol collected $41.50 from pot
*** SUMMARY ***
Total pot $42 | Rake $0.50
Board [4d 5s Jd 2c Qd]
Seat 8: mylifeluvsol (big blind) showed [5c 6c] and won ($41.50) with a pair of Fives
Seat 10: MTails (button) (small blind) showed [7s 3c] and lost with high card Queen


PokerStars Hand #162040141503:  Hold'em Limit ($3/$6 USD) - 2016/11/27 10:49:42 ET
Table 'Adele II' 10-max Seat #10 is the button
Seat 8: mylifeluvsol ($64.78 in chips)
Seat 10: MTails ($84 in chips)
MTails: posts small blind $1
mylifeluvsol: posts big blind $3
*** HOLE CARDS ***
MTails: raises $3 to $6
mylifeluvsol: folds
Uncalled bet ($3) returned to MTails
MTails collected $6 from pot
*** SUMMARY ***
Total pot $6 | Rake $0
Seat 8: mylifeluvsol (big blind) folded before Flop
Seat 10: MTails (button) (small blind) collected ($6)


PokerStars Hand #162040133480:  Hold'em Limit ($3/$6 USD) - 2016/11/27 10:49:30 ET
Table 'Adele II' 10-max Seat #8 is the button
Seat 8: mylifeluvsol ($59.02 in chips)
Seat 10: MTails ($90 in chips)
mylifeluvsol: posts small blind $1
MTails: posts big blind $3
*** HOLE CARDS ***
mylifeluvsol: raises $3 to $6
MTails: calls $3
*** FLOP *** [Ts Qc 8c]
MTails: checks
mylifeluvsol: bets $3
kolaz03 joins the table at seat #9
MTails: folds
Uncalled bet ($3) returned to mylifeluvsol
mylifeluvsol collected $11.76 from pot
*** SUMMARY ***
Total pot $12 | Rake $0.24
Board [Ts Qc 8c]
Seat 8: mylifeluvsol (button) (small blind) collected ($11.76)
Seat 10: MTails (big blind) folded on the Flop


PokerStars Hand #162040128898:  Hold'em Limit ($3/$6 USD) - 2016/11/27 10:49:23 ET
Table 'Adele II' 10-max Seat #10 is the button
Seat 8: mylifeluvsol ($62.02 in chips)
Seat 10: MTails ($87 in chips)
MTails: posts small blind $1
mylifeluvsol: posts big blind $3
*** HOLE CARDS ***
MTails: raises $3 to $6
mylifeluvsol: folds
Uncalled bet ($3) returned to MTails
MTails collected $6 from pot
*** SUMMARY ***
Total pot $6 | Rake $0
Seat 8: mylifeluvsol (big blind) folded before Flop
Seat 10: MTails (button) (small blind) collected ($6)


PokerStars Hand #162040113707:  Hold'em Limit ($3/$6 USD) - 2016/11/27 10:49:01 ET
Table 'Adele II' 10-max Seat #8 is the button
Seat 8: mylifeluvsol ($50.50 in chips)
Seat 10: MTails ($99 in chips)
mylifeluvsol: posts small blind $1
MTails: posts big blind $3
*** HOLE CARDS ***
mylifeluvsol: raises $3 to $6
MTails: calls $3
*** FLOP *** [5c Kh 8h]
MTails: checks
mylifeluvsol: checks
*** TURN *** [5c Kh 8h] [2d]
MTails: bets $6
mylifeluvsol: raises $6 to $12
MTails: folds
Uncalled bet ($6) returned to mylifeluvsol
mylifeluvsol collected $23.52 from pot
*** SUMMARY ***
Total pot $24 | Rake $0.48
Board [5c Kh 8h 2d]
Seat 8: mylifeluvsol (button) (small blind) collected ($23.52)
Seat 10: MTails (big blind) folded on the Turn


PokerStars Hand #162040360916:  Hold'em Limit ($3/$6 USD) - 2016/11/27 10:55:09 ET
Table 'Adele II' 10-max Seat #8 is the button
Seat 8: mylifeluvsol ($12.64 in chips)
Seat 9: kolaz03 ($89.10 in chips)
mylifeluvsol: posts small blind $1
kolaz03: posts big blind $3
*** HOLE CARDS ***
mylifeluvsol: folds
Uncalled bet ($2) returned to kolaz03
kolaz03 collected $2 from pot
kolaz03: doesn't show hand
*** SUMMARY ***
Total pot $2 | Rake $0
Seat 8: mylifeluvsol (button) (small blind) folded before Flop
Seat 9: kolaz03 (big blind) collected ($2)


PokerStars Hand #162040357505:  Hold'em Limit ($3/$6 USD) - 2016/11/27 10:55:03 ET
Table 'Adele II' 10-max Seat #9 is the button
Seat 8: mylifeluvsol ($11.64 in chips)
Seat 9: kolaz03 ($90.10 in chips)
kolaz03: posts small blind $1
mylifeluvsol: posts big blind $3
*** HOLE CARDS ***
kolaz03: folds
Uncalled bet ($2) returned to mylifeluvsol
VolkovDmitri leaves the table
mylifeluvsol collected $2 from pot
*** SUMMARY ***
Total pot $2 | Rake $0
Seat 8: mylifeluvsol (big blind) collected ($2)
Seat 9: kolaz03 (button) (small blind) folded before Flop


PokerStars Hand #162040366496:  Hold'em Limit ($3/$6 USD) - 2016/11/27 10:55:19 ET
Table 'Adele II' 10-max Seat #8 is the button
Seat 8: mylifeluvsol ($12.64 in chips)
Seat 9: kolaz03 ($89.10 in chips)
mylifeluvsol: posts small blind $1
kolaz03: posts big blind $3
*** HOLE CARDS ***
mylifeluvsol: folds
Uncalled bet ($2) returned to kolaz03
kolaz03 collected $2 from pot
kolaz03: doesn't show hand
*** SUMMARY ***
Total pot $2 | Rake $0
Seat 8: mylifeluvsol (button) (small blind) folded before Flop
Seat 9: kolaz03 (big blind) collected ($2)


PokerStars Hand #162040373181:  Hold'em Limit ($3/$6 USD) - 2016/11/27 10:55:32 ET
Table 'Adele II' 10-max Seat #8 is the button
Seat 8: mylifeluvsol ($12.64 in chips)
Seat 9: kolaz03 ($89.10 in chips)
mylifeluvsol: posts small blind $1
kolaz03: posts big blind $3
*** HOLE CARDS ***
mylifeluvsol: raises $3 to $6
kolaz03: folds
Uncalled bet ($3) returned to mylifeluvsol
mylifeluvsol collected $6 from pot
*** SUMMARY ***
Total pot $6 | Rake $0
Seat 8: mylifeluvsol (button) (small blind) collected ($6)
Seat 9: kolaz03 (big blind) folded before Flop


PokerStars Hand #162040377525:  Hold'em Limit ($3/$6 USD) - 2016/11/27 10:55:41 ET
Table 'Adele II' 10-max Seat #9 is the button
Seat 8: mylifeluvsol ($15.64 in chips)
Seat 9: kolaz03 ($86.10 in chips)
kolaz03: posts small blind $1
mylifeluvsol: posts big blind $3
*** HOLE CARDS ***
kolaz03: folds
Uncalled bet ($2) returned to mylifeluvsol
mylifeluvsol collected $2 from pot
*** SUMMARY ***
Total pot $2 | Rake $0
Seat 8: mylifeluvsol (big blind) collected ($2)
Seat 9: kolaz03 (button) (small blind) folded before Flop


PokerStars Hand #162040380932:  Hold'em Limit ($3/$6 USD) - 2016/11/27 10:55:47 ET
Table 'Adele II' 10-max Seat #8 is the button
Seat 8: mylifeluvsol ($16.64 in chips)
Seat 9: kolaz03 ($85.10 in chips)
mylifeluvsol: posts small blind $1
kolaz03: posts big blind $3
*** HOLE CARDS ***
mylifeluvsol: folds
Uncalled bet ($2) returned to kolaz03
kolaz03 collected $2 from pot
kolaz03: doesn't show hand
*** SUMMARY ***
Total pot $2 | Rake $0
Seat 8: mylifeluvsol (button) (small blind) folded before Flop
Seat 9: kolaz03 (big blind) collected ($2)


PokerStars Hand #162040386309:  Hold'em Limit ($3/$6 USD) - 2016/11/27 10:55:57 ET
Table 'Adele II' 10-max Seat #9 is the button
Seat 8: mylifeluvsol ($15.64 in chips)
Seat 9: kolaz03 ($86.10 in chips)
kolaz03: posts small blind $1
mylifeluvsol: posts big blind $3
*** HOLE CARDS ***
kolaz03: folds
Uncalled bet ($2) returned to mylifeluvsol
mylifeluvsol collected $2 from pot
*** SUMMARY ***
Total pot $2 | Rake $0
Seat 8: mylifeluvsol (big blind) collected ($2)
Seat 9: kolaz03 (button) (small blind) folded before Flop


PokerStars Hand #162040395981:  Hold'em Limit ($3/$6 USD) - 2016/11/27 10:56:16 ET
Table 'Adele II' 10-max Seat #9 is the button
Seat 8: mylifeluvsol ($7.64 in chips)
Seat 9: kolaz03 ($93.74 in chips)
kolaz03: posts small blind $1
mylifeluvsol: posts big blind $3
*** HOLE CARDS ***
kolaz03: raises $3 to $6
mylifeluvsol: calls $3
*** FLOP *** [9c 9d Qc]
mylifeluvsol: checks
kolaz03: bets $3
mylifeluvsol: calls $1.64 and is all-in
Uncalled bet ($1.36) returned to kolaz03
*** TURN *** [9c 9d Qc] [2h]
*** RIVER *** [9c 9d Qc 2h] [Td]
*** SHOW DOWN ***
mylifeluvsol: shows [2c Qs] (two pair, Queens and Nines)
kolaz03: shows [6h Th] (two pair, Tens and Nines)
mylifeluvsol collected $14.97 from pot
*** SUMMARY ***
Total pot $15.28 | Rake $0.31
Board [9c 9d Qc 2h Td]
Seat 8: mylifeluvsol (big blind) showed [2c Qs] and won ($14.97) with two pair, Queens and Nines
Seat 9: kolaz03 (button) (small blind) showed [6h Th] and lost with two pair, Tens and Nines


PokerStars Hand #162040389285:  Hold'em Limit ($3/$6 USD) - 2016/11/27 10:56:03 ET
Table 'Adele II' 10-max Seat #8 is the button
Seat 8: mylifeluvsol ($16.64 in chips)
Seat 9: kolaz03 ($85.10 in chips)
mylifeluvsol: posts small blind $1
kolaz03: posts big blind $3
*** HOLE CARDS ***
mylifeluvsol: raises $3 to $6
kolaz03: raises $3 to $9
mylifeluvsol: calls $3
*** FLOP *** [Ac 7d 7c]
kolaz03: bets $3
mylifeluvsol: folds
Uncalled bet ($3) returned to kolaz03
kolaz03 collected $17.64 from pot
kolaz03: doesn't show hand
*** SUMMARY ***
Total pot $18 | Rake $0.36
Board [Ac 7d 7c]
Seat 8: mylifeluvsol (button) (small blind) folded on the Flop
Seat 9: kolaz03 (big blind) collected ($17.64)


PokerStars Hand #162040435240:  Hold'em Limit ($3/$6 USD) - 2016/11/27 10:57:31 ET
Table 'Adele II' 10-max Seat #9 is the button
Seat 8: mylifeluvsol ($25.22 in chips)
Seat 9: kolaz03 ($75.01 in chips)
kolaz03: posts small blind $1
mylifeluvsol: posts big blind $3
*** HOLE CARDS ***
kolaz03: raises $3 to $6
mylifeluvsol: calls $3
*** FLOP *** [3c 6c 7h]
mylifeluvsol: checks
kolaz03: bets $3
mylifeluvsol: calls $3
*** TURN *** [3c 6c 7h] [Ac]
mylifeluvsol: checks
kolaz03: bets $6
mylifeluvsol: folds
Uncalled bet ($6) returned to kolaz03
kolaz03 collected $17.64 from pot
kolaz03: doesn't show hand
*** SUMMARY ***
Total pot $18 | Rake $0.36
Board [3c 6c 7h Ac]
Seat 8: mylifeluvsol (big blind) folded on the Turn
Seat 9: kolaz03 (button) (small blind) collected ($17.64)


PokerStars Hand #162040428467:  Hold'em Limit ($3/$6 USD) - 2016/11/27 10:57:17 ET
Table 'Adele II' 10-max Seat #8 is the button
Seat 8: mylifeluvsol ($19.46 in chips)
Seat 9: kolaz03 ($81.01 in chips)
mylifeluvsol: posts small blind $1
kolaz03: posts big blind $3
*** HOLE CARDS ***
mylifeluvsol: raises $3 to $6
kolaz03: calls $3
*** FLOP *** [7c 4s Qs]
kolaz03: checks
mylifeluvsol: bets $3
kolaz03: folds
Uncalled bet ($3) returned to mylifeluvsol
mylifeluvsol collected $11.76 from pot
*** SUMMARY ***
Total pot $12 | Rake $0.24
Board [7c 4s Qs]
Seat 8: mylifeluvsol (button) (small blind) collected ($11.76)
Seat 9: kolaz03 (big blind) folded on the Flop


PokerStars Hand #162040423971:  Hold'em Limit ($3/$6 USD) - 2016/11/27 10:57:09 ET
Table 'Adele II' 10-max Seat #9 is the button
Seat 8: mylifeluvsol ($22.46 in chips)
Seat 9: kolaz03 ($78.01 in chips)
kolaz03: posts small blind $1
mylifeluvsol: posts big blind $3
*** HOLE CARDS ***
kolaz03: raises $3 to $6
mylifeluvsol: folds
Uncalled bet ($3) returned to kolaz03
kolaz03 collected $6 from pot
kolaz03: doesn't show hand
*** SUMMARY ***
Total pot $6 | Rake $0
Seat 8: mylifeluvsol (big blind) folded before Flop
Seat 9: kolaz03 (button) (small blind) collected ($6)


PokerStars Hand #162040420872:  Hold'em Limit ($3/$6 USD) - 2016/11/27 10:57:03 ET
Table 'Adele II' 10-max Seat #8 is the button
Seat 8: mylifeluvsol ($23.46 in chips)
Seat 9: kolaz03 ($77.01 in chips)
mylifeluvsol: posts small blind $1
kolaz03: posts big blind $3
*** HOLE CARDS ***
mylifeluvsol: folds
Uncalled bet ($2) returned to kolaz03
kolaz03 collected $2 from pot
kolaz03: doesn't show hand
*** SUMMARY ***
Total pot $2 | Rake $0
Seat 8: mylifeluvsol (button) (small blind) folded before Flop
Seat 9: kolaz03 (big blind) collected ($2)


PokerStars Hand #162040412351:  Hold'em Limit ($3/$6 USD) - 2016/11/27 10:56:47 ET
Table 'Adele II' 10-max Seat #9 is the button
Seat 8: mylifeluvsol ($11.97 in chips)
Seat 9: kolaz03 ($88.98 in chips)
kolaz03: posts small blind $1
mylifeluvsol: posts big blind $3
*** HOLE CARDS ***
kolaz03: raises $3 to $6
mylifeluvsol: calls $3
*** FLOP *** [8d 9s 6c]
mylifeluvsol: checks
kolaz03: bets $3
mylifeluvsol: calls $3
*** TURN *** [8d 9s 6c] [3d]
mylifeluvsol: checks
kolaz03: bets $6
mylifeluvsol: calls $2.97 and is all-in
Uncalled bet ($3.03) returned to kolaz03
*** RIVER *** [8d 9s 6c 3d] [9c]
*** SHOW DOWN ***
mylifeluvsol: shows [9h 8c] (a full house, Nines full of Eights)
kolaz03: shows [Ad 7s] (a pair of Nines)
mylifeluvsol collected $23.46 from pot
*** SUMMARY ***
Total pot $23.94 | Rake $0.48
Board [8d 9s 6c 3d 9c]
Seat 8: mylifeluvsol (big blind) showed [9h 8c] and won ($23.46) with a full house, Nines full of Eights
Seat 9: kolaz03 (button) (small blind) showed [Ad 7s] and lost with a pair of Nines


PokerStars Hand #162040442467:  Hold'em Limit ($3/$6 USD) - 2016/11/27 10:57:44 ET
Table 'Adele II' 10-max Seat #8 is the button
Seat 8: mylifeluvsol ($16.22 in chips)
Seat 9: kolaz03 ($83.65 in chips)
mylifeluvsol: posts small blind $1
kolaz03: posts big blind $3
*** HOLE CARDS ***
mylifeluvsol: raises $3 to $6
kolaz03: raises $3 to $9
mylifeluvsol: raises $3 to $12
Betting is capped
kolaz03: calls $3
*** FLOP *** [Th 3c 3d]
kolaz03: bets $3
mylifeluvsol: raises $1.22 to $4.22 and is all-in
kolaz03: calls $1.22
*** TURN *** [Th 3c 3d] [2c]
*** RIVER *** [Th 3c 3d 2c] [Js]
*** SHOW DOWN ***
kolaz03: shows [Jh As] (two pair, Jacks and Threes)
mylifeluvsol: shows [2s Ac] (two pair, Threes and Deuces)
kolaz03 collected $31.94 from pot
*** SUMMARY ***
Total pot $32.44 | Rake $0.50
Board [Th 3c 3d 2c Js]
Seat 8: mylifeluvsol (button) (small blind) showed [2s Ac] and lost with two pair, Threes and Deuces
Seat 9: kolaz03 (big blind) showed [Jh As] and won ($31.94) with two pair, Jacks and Threes


