PokerStars Hand #163859214607:  Hold'em Limit ($3/$6 USD) - 2017/01/01 9:17:53 ET
Table 'Adelinda II' 6-max Seat #4 is the button
Seat 3: Zovanna ($103 in chips)
Seat 4: AzureCaper ($72 in chips)
AzureCaper: posts small blind $1
Zovanna: posts big blind $3
*** HOLE CARDS ***
AzureCaper: raises $3 to $6
Zovanna: calls $3
*** FLOP *** [3s Kh Jd]
Zovanna: checks
AzureCaper: bets $3
Zovanna: calls $3
*** TURN *** [3s Kh Jd] [Ad]
Zovanna: checks
AzureCaper: bets $6
Zovanna: folds
Uncalled bet ($6) returned to AzureCaper
AzureCaper collected $17.64 from pot
AzureCaper: doesn't show hand
*** SUMMARY ***
Total pot $18 | Rake $0.36
Board [3s Kh Jd Ad]
Seat 3: Zovanna (big blind) folded on the Turn
Seat 4: AzureCaper (button) (small blind) collected ($17.64)


PokerStars Hand #163859205860:  Hold'em Limit ($3/$6 USD) - 2017/01/01 9:17:38 ET
Table 'Adelinda II' 6-max Seat #3 is the button
Seat 3: Zovanna ($100 in chips)
Seat 4: AzureCaper ($72 in chips)
Zovanna: posts small blind $1
AzureCaper: posts big blind $3
*** HOLE CARDS ***
Zovanna: raises $3 to $6
AzureCaper: folds
Uncalled bet ($3) returned to Zovanna
Zovanna collected $6 from pot
*** SUMMARY ***
Total pot $6 | Rake $0
Seat 3: Zovanna (button) (small blind) collected ($6)
Seat 4: AzureCaper (big blind) folded before Flop


PokerStars Hand #163859225778:  Hold'em Limit ($3/$6 USD) - 2017/01/01 9:18:12 ET
Table 'Adelinda II' 6-max Seat #3 is the button
Seat 3: Zovanna ($94 in chips)
Seat 4: AzureCaper ($80.64 in chips)
Zovanna: posts small blind $1
AzureCaper: posts big blind $3
*** HOLE CARDS ***
Zovanna: calls $2
AzureCaper: checks
*** FLOP *** [Td 9d Ac]
AzureCaper: checks
Zovanna: checks
*** TURN *** [Td 9d Ac] [2h]
AzureCaper: bets $6
Zovanna: calls $6
*** RIVER *** [Td 9d Ac 2h] [6c]
AzureCaper: bets $6
Zovanna: calls $6
*** SHOW DOWN ***
AzureCaper: shows [5d 4s] (high card Ace)
Zovanna: shows [9s Jd] (a pair of Nines)
Zovanna collected $29.50 from pot
*** SUMMARY ***
Total pot $30 | Rake $0.50
Board [Td 9d Ac 2h 6c]
Seat 3: Zovanna (button) (small blind) showed [9s Jd] and won ($29.50) with a pair of Nines
Seat 4: AzureCaper (big blind) showed [5d 4s] and lost with high card Ace


PokerStars Hand #163859262289:  Hold'em Limit ($3/$6 USD) - 2017/01/01 9:19:13 ET
Table 'Adelinda II' 6-max Seat #4 is the button
Seat 3: Zovanna ($105.26 in chips)
Seat 4: AzureCaper ($74.64 in chips)
AzureCaper: posts small blind $1
Zovanna: posts big blind $3
*** HOLE CARDS ***
AzureCaper: folds
Uncalled bet ($2) returned to Zovanna
Zovanna collected $2 from pot
*** SUMMARY ***
Total pot $2 | Rake $0
Seat 3: Zovanna (big blind) collected ($2)
Seat 4: AzureCaper (button) (small blind) folded before Flop


PokerStars Hand #163859247972:  Hold'em Limit ($3/$6 USD) - 2017/01/01 9:18:49 ET
Table 'Adelinda II' 6-max Seat #3 is the button
Seat 3: Zovanna ($99.50 in chips)
Seat 4: AzureCaper ($80.64 in chips)
Zovanna: posts small blind $1
AzureCaper: posts big blind $3
*** HOLE CARDS ***
Zovanna: raises $3 to $6
AzureCaper: calls $3
*** FLOP *** [5d 9h 3h]
AzureCaper: checks
Zovanna: checks
*** TURN *** [5d 9h 3h] [Js]
AzureCaper: checks
Zovanna: bets $6
AzureCaper: folds
Uncalled bet ($6) returned to Zovanna
Zovanna collected $11.76 from pot
*** SUMMARY ***
Total pot $12 | Rake $0.24
Board [5d 9h 3h Js]
Seat 3: Zovanna (button) (small blind) collected ($11.76)
Seat 4: AzureCaper (big blind) folded on the Turn


PokerStars Hand #163859265573:  Hold'em Limit ($3/$6 USD) - 2017/01/01 9:19:18 ET
Table 'Adelinda II' 6-max Seat #3 is the button
Seat 3: Zovanna ($106.26 in chips)
Seat 4: AzureCaper ($73.64 in chips)
Zovanna: posts small blind $1
AzureCaper: posts big blind $3
*** HOLE CARDS ***
Zovanna: calls $2
AzureCaper: checks
*** FLOP *** [9d Ts 5c]
AzureCaper: checks
Zovanna: checks
*** TURN *** [9d Ts 5c] [8s]
AzureCaper: checks
Zovanna: checks
*** RIVER *** [9d Ts 5c 8s] [Qh]
AzureCaper: checks
Zovanna: checks
*** SHOW DOWN ***
AzureCaper: shows [2c 3c] (high card Queen)
Zovanna: shows [6s 4d] (high card Queen - Ten+Nine+Eight+Six kicker)
Zovanna collected $5.88 from pot
*** SUMMARY ***
Total pot $6 | Rake $0.12
Board [9d Ts 5c 8s Qh]
Seat 3: Zovanna (button) (small blind) showed [6s 4d] and won ($5.88) with high card Queen
Seat 4: AzureCaper (big blind) showed [2c 3c] and lost with high card Queen


PokerStars Hand #163859237661:  Hold'em Limit ($3/$6 USD) - 2017/01/01 9:18:31 ET
Table 'Adelinda II' 6-max Seat #4 is the button
Seat 3: Zovanna ($108.50 in chips)
Seat 4: AzureCaper ($72 in chips)
AzureCaper: posts small blind $1
Zovanna: posts big blind $3
*** HOLE CARDS ***
AzureCaper: raises $3 to $6
Zovanna: calls $3
*** FLOP *** [Js 9d 4d]
Zovanna: checks
AzureCaper: bets $3
Zovanna: calls $3
*** TURN *** [Js 9d 4d] [3s]
Zovanna: checks
AzureCaper: bets $6
Zovanna: folds
Uncalled bet ($6) returned to AzureCaper
AzureCaper collected $17.64 from pot
AzureCaper: doesn't show hand
*** SUMMARY ***
Total pot $18 | Rake $0.36
Board [Js 9d 4d 3s]
Seat 3: Zovanna (big blind) folded on the Turn
Seat 4: AzureCaper (button) (small blind) collected ($17.64)


PokerStars Hand #163859300108:  Hold'em Limit ($3/$6 USD) - 2017/01/01 9:20:15 ET
Table 'Adelinda II' 6-max Seat #4 is the button
Seat 3: Zovanna ($86.14 in chips)
Seat 4: AzureCaper ($95.50 in chips)
AzureCaper: posts small blind $1
Zovanna: posts big blind $3
*** HOLE CARDS ***
AzureCaper: folds
Uncalled bet ($2) returned to Zovanna
Zovanna collected $2 from pot
*** SUMMARY ***
Total pot $2 | Rake $0
Seat 3: Zovanna (big blind) collected ($2)
Seat 4: AzureCaper (button) (small blind) folded before Flop


PokerStars Hand #163859296492:  Hold'em Limit ($3/$6 USD) - 2017/01/01 9:20:10 ET
Table 'Adelinda II' 6-max Seat #3 is the button
Seat 3: Zovanna ($87.14 in chips)
Seat 4: AzureCaper ($94.50 in chips)
Zovanna: posts small blind $1
AzureCaper: posts big blind $3
*** HOLE CARDS ***
Zovanna: folds
Uncalled bet ($2) returned to AzureCaper
AzureCaper collected $2 from pot
AzureCaper: doesn't show hand
*** SUMMARY ***
Total pot $2 | Rake $0
Seat 3: Zovanna (button) (small blind) folded before Flop
Seat 4: AzureCaper (big blind) collected ($2)


PokerStars Hand #163859276981:  Hold'em Limit ($3/$6 USD) - 2017/01/01 9:19:37 ET
Table 'Adelinda II' 6-max Seat #4 is the button
Seat 3: Zovanna ($109.14 in chips)
Seat 4: AzureCaper ($72 in chips)
AzureCaper: posts small blind $1
Zovanna: posts big blind $3
*** HOLE CARDS ***
AzureCaper: folds
Uncalled bet ($2) returned to Zovanna
Zovanna collected $2 from pot
*** SUMMARY ***
Total pot $2 | Rake $0
Seat 3: Zovanna (big blind) collected ($2)
Seat 4: AzureCaper (button) (small blind) folded before Flop


PokerStars Hand #163859290963:  Hold'em Limit ($3/$6 USD) - 2017/01/01 9:20:00 ET
Table 'Adelinda II' 6-max Seat #4 is the button
Seat 3: Zovanna ($86.14 in chips)
Seat 4: AzureCaper ($95.50 in chips)
AzureCaper: posts small blind $1
Zovanna: posts big blind $3
*** HOLE CARDS ***
AzureCaper: folds
Uncalled bet ($2) returned to Zovanna
Zovanna collected $2 from pot
*** SUMMARY ***
Total pot $2 | Rake $0
Seat 3: Zovanna (big blind) collected ($2)
Seat 4: AzureCaper (button) (small blind) folded before Flop


PokerStars Hand #163859280113:  Hold'em Limit ($3/$6 USD) - 2017/01/01 9:19:42 ET
Table 'Adelinda II' 6-max Seat #3 is the button
Seat 3: Zovanna ($110.14 in chips)
Seat 4: AzureCaper ($72 in chips)
Zovanna: posts small blind $1
AzureCaper: posts big blind $3
*** HOLE CARDS ***
Zovanna: raises $3 to $6
AzureCaper: raises $3 to $9
Zovanna: calls $3
*** FLOP *** [4h 4c Jd]
AzureCaper: bets $3
Zovanna: calls $3
*** TURN *** [4h 4c Jd] [Ts]
AzureCaper: bets $6
Zovanna: calls $6
*** RIVER *** [4h 4c Jd Ts] [Th]
AzureCaper: bets $6
Zovanna: calls $6
*** SHOW DOWN ***
AzureCaper: shows [Td Ad] (a full house, Tens full of Fours)
Zovanna: mucks hand
AzureCaper collected $47.50 from pot
*** SUMMARY ***
Total pot $48 | Rake $0.50
Board [4h 4c Jd Ts Th]
Seat 3: Zovanna (button) (small blind) mucked
Seat 4: AzureCaper (big blind) showed [Td Ad] and won ($47.50) with a full house, Tens full of Fours


PokerStars Hand #163859304190:  Hold'em Limit ($3/$6 USD) - 2017/01/01 9:20:22 ET
Table 'Adelinda II' 6-max Seat #3 is the button
Seat 3: Zovanna ($87.14 in chips)
Seat 4: AzureCaper ($94.50 in chips)
Zovanna: posts small blind $1
AzureCaper: posts big blind $3
*** HOLE CARDS ***
Zovanna: raises $3 to $6
AzureCaper: calls $3
*** FLOP *** [Js 9h Tc]
AzureCaper: bets $3
Zovanna: calls $3
*** TURN *** [Js 9h Tc] [Ac]
AzureCaper: bets $6
Zovanna: calls $6
*** RIVER *** [Js 9h Tc Ac] [Kh]
AzureCaper: bets $6
Zovanna: calls $6
*** SHOW DOWN ***
AzureCaper: shows [8s Qh] (a straight, Ten to Ace)
Psynto joins the table at seat #5
Zovanna: mucks hand
AzureCaper collected $41.50 from pot
*** SUMMARY ***
Total pot $42 | Rake $0.50
Board [Js 9h Tc Ac Kh]
Seat 3: Zovanna (button) (small blind) mucked
Seat 4: AzureCaper (big blind) showed [8s Qh] and won ($41.50) with a straight, Ten to Ace


PokerStars Hand #163860406294:  Hold'em Limit ($3/$6 USD) - 2017/01/01 9:50:03 ET
Table 'Adelinda II' 6-max Seat #5 is the button
Seat 1: MATEKATA2 ($226.22 in chips)
Seat 5: Psynto ($77 in chips)
Psynto: posts small blind $1
MATEKATA2: posts big blind $3
*** HOLE CARDS ***
Psynto: folds
Uncalled bet ($2) returned to MATEKATA2
MATEKATA2 collected $2 from pot
*** SUMMARY ***
Total pot $2 | Rake $0
Seat 1: MATEKATA2 (big blind) collected ($2)
Seat 5: Psynto (button) (small blind) folded before Flop


PokerStars Hand #163860403216:  Hold'em Limit ($3/$6 USD) - 2017/01/01 9:49:59 ET
Table 'Adelinda II' 6-max Seat #1 is the button
Seat 1: MATEKATA2 ($227.22 in chips)
Seat 5: Psynto ($76 in chips)
MATEKATA2: posts small blind $1
Psynto: posts big blind $3
*** HOLE CARDS ***
MATEKATA2: folds
Uncalled bet ($2) returned to Psynto
Alexsandr.NT leaves the table
Psynto collected $2 from pot
Psynto: doesn't show hand
*** SUMMARY ***
Total pot $2 | Rake $0
Seat 1: MATEKATA2 (button) (small blind) folded before Flop
Seat 5: Psynto (big blind) collected ($2)


PokerStars Hand #163860421763:  Hold'em Limit ($3/$6 USD) - 2017/01/01 9:50:28 ET
Table 'Adelinda II' 6-max Seat #5 is the button
Seat 1: MATEKATA2 ($203.22 in chips)
Seat 5: Psynto ($99.50 in chips)
Psynto: posts small blind $1
MATEKATA2: posts big blind $3
*** HOLE CARDS ***
Psynto: raises $3 to $6
MATEKATA2: folds
Uncalled bet ($3) returned to Psynto
Psynto collected $6 from pot
Psynto: doesn't show hand
*** SUMMARY ***
Total pot $6 | Rake $0
Seat 1: MATEKATA2 (big blind) folded before Flop
Seat 5: Psynto (button) (small blind) collected ($6)


PokerStars Hand #163860408901:  Hold'em Limit ($3/$6 USD) - 2017/01/01 9:50:07 ET
Table 'Adelinda II' 6-max Seat #1 is the button
Seat 1: MATEKATA2 ($227.22 in chips)
Seat 5: Psynto ($76 in chips)
MATEKATA2: posts small blind $1
Psynto: posts big blind $3
*** HOLE CARDS ***
MATEKATA2: raises $3 to $6
Psynto: raises $3 to $9
MATEKATA2: calls $3
*** FLOP *** [7h 8h 2c]
Psynto: bets $3
MATEKATA2: calls $3
*** TURN *** [7h 8h 2c] [8c]
Psynto: bets $6
MATEKATA2: calls $6
*** RIVER *** [7h 8h 2c 8c] [Qh]
Psynto: bets $6
MATEKATA2: calls $6
*** SHOW DOWN ***
Psynto: shows [5d 5h] (two pair, Eights and Fives)
MATEKATA2: mucks hand
Psynto collected $47.50 from pot
*** SUMMARY ***
Total pot $48 | Rake $0.50
Board [7h 8h 2c 8c Qh]
Seat 1: MATEKATA2 (button) (small blind) mucked
Seat 5: Psynto (big blind) showed [5d 5h] and won ($47.50) with two pair, Eights and Fives


PokerStars Hand #163860425190:  Hold'em Limit ($3/$6 USD) - 2017/01/01 9:50:33 ET
Table 'Adelinda II' 6-max Seat #1 is the button
Seat 1: MATEKATA2 ($200.22 in chips)
Seat 5: Psynto ($102.50 in chips)
MATEKATA2: posts small blind $1
Psynto: posts big blind $3
*** HOLE CARDS ***
MATEKATA2: calls $2
Psynto: checks
*** FLOP *** [6h 2h 6d]
Psynto: bets $3
MATEKATA2: calls $3
*** TURN *** [6h 2h 6d] [Ks]
Psynto: bets $6
MATEKATA2: raises $6 to $12
Psynto: calls $6
*** RIVER *** [6h 2h 6d Ks] [5h]
Psynto: checks
MATEKATA2: bets $6
Psynto: calls $6
*** SHOW DOWN ***
MATEKATA2: shows [5c Kc] (two pair, Kings and Sixes)
Psynto: mucks hand
MATEKATA2 collected $47.50 from pot
*** SUMMARY ***
Total pot $48 | Rake $0.50
Board [6h 2h 6d Ks 5h]
Seat 1: MATEKATA2 (button) (small blind) showed [5c Kc] and won ($47.50) with two pair, Kings and Sixes
Seat 5: Psynto (big blind) mucked


PokerStars Hand #163860443045:  Hold'em Limit ($3/$6 USD) - 2017/01/01 9:51:01 ET
Table 'Adelinda II' 6-max Seat #1 is the button
Seat 1: MATEKATA2 ($217.72 in chips)
Seat 5: Psynto ($84.26 in chips)
MATEKATA2: posts small blind $1
Psynto: posts big blind $3
*** HOLE CARDS ***
MATEKATA2: folds
Uncalled bet ($2) returned to Psynto
Psynto collected $2 from pot
Psynto: doesn't show hand
*** SUMMARY ***
Total pot $2 | Rake $0
Seat 1: MATEKATA2 (button) (small blind) folded before Flop
Seat 5: Psynto (big blind) collected ($2)


PokerStars Hand #163860436017:  Hold'em Limit ($3/$6 USD) - 2017/01/01 9:50:50 ET
Table 'Adelinda II' 6-max Seat #5 is the button
Seat 1: MATEKATA2 ($223.72 in chips)
Seat 5: Psynto ($78.50 in chips)
Psynto: posts small blind $1
MATEKATA2: posts big blind $3
*** HOLE CARDS ***
Psynto: raises $3 to $6
MATEKATA2: calls $3
*** FLOP *** [3s Ah 3h]
MATEKATA2: checks
Psynto: bets $3
MATEKATA2: folds
Uncalled bet ($3) returned to Psynto
Psynto collected $11.76 from pot
Psynto: doesn't show hand
*** SUMMARY ***
Total pot $12 | Rake $0.24
Board [3s Ah 3h]
Seat 1: MATEKATA2 (big blind) folded on the Flop
Seat 5: Psynto (button) (small blind) collected ($11.76)


