PokerStars Hand #145570172225:  Hold'em Limit ($3/$6 USD) - 2015/12/19 4:17:05 ET
Table 'Adele' 2-max Seat #1 is the button
Seat 1: Cah4ec1982 ($161.50 in chips)
Seat 2: vitalik1203 ($37.92 in chips)
Cah4ec1982: posts small blind $1
vitalik1203: posts big blind $3
*** HOLE CARDS ***
Cah4ec1982: raises $3 to $6
vitalik1203: raises $3 to $9
Cah4ec1982: raises $3 to $12
Betting is capped
vitalik1203: calls $3
*** FLOP *** [Ts 5h 7c]
vitalik1203: bets $3
Cah4ec1982: raises $3 to $6
vitalik1203: raises $3 to $9
Cah4ec1982: raises $3 to $12
Betting is capped
vitalik1203: calls $3
*** TURN *** [Ts 5h 7c] [3c]
vitalik1203: bets $6
Cah4ec1982: raises $6 to $12
vitalik1203: raises $1.92 to $13.92 and is all-in
Cah4ec1982: calls $1.92
*** RIVER *** [Ts 5h 7c 3c] [3h]
*** SHOW DOWN ***
vitalik1203: shows [Td 7d] (two pair, Tens and Sevens)
Cah4ec1982: shows [Jc Js] (two pair, Jacks and Threes)
Cah4ec1982 collected $75.34 from pot
*** SUMMARY ***
Total pot $75.84 | Rake $0.50
Board [Ts 5h 7c 3c 3h]
Seat 1: Cah4ec1982 (button) (small blind) showed [Jc Js] and won ($75.34) with two pair, Jacks and Threes
Seat 2: vitalik1203 (big blind) showed [Td 7d] and lost with two pair, Tens and Sevens


PokerStars Hand #145570788528:  Hold'em Limit ($3/$6 USD) - 2015/12/19 4:41:01 ET
Table 'Adele' 2-max Seat #1 is the button
Seat 1: Cah4ec1982 ($163.42 in chips)
Seat 2: minigus575 ($153.76 in chips)
Cah4ec1982: posts small blind $1
minigus575: posts big blind $3
*** HOLE CARDS ***
Cah4ec1982: raises $3 to $6
minigus575: raises $3 to $9
Cah4ec1982: raises $3 to $12
Betting is capped
minigus575: calls $3
*** FLOP *** [2d As 8h]
minigus575: checks
Cah4ec1982: bets $3
minigus575: calls $3
*** TURN *** [2d As 8h] [7c]
minigus575: checks
Cah4ec1982: bets $6
minigus575: raises $6 to $12
Cah4ec1982: calls $6
*** RIVER *** [2d As 8h 7c] [5c]
minigus575: bets $6
Cah4ec1982: calls $6
*** SHOW DOWN ***
minigus575: shows [7d Ad] (two pair, Aces and Sevens)
Cah4ec1982: mucks hand
minigus575 collected $65.50 from pot
*** SUMMARY ***
Total pot $66 | Rake $0.50
Board [2d As 8h 7c 5c]
Seat 1: Cah4ec1982 (button) (small blind) mucked
Seat 2: minigus575 (big blind) showed [7d Ad] and won ($65.50) with two pair, Aces and Sevens


PokerStars Hand #145570779918:  Hold'em Limit ($3/$6 USD) - 2015/12/19 4:40:41 ET
Table 'Adele' 2-max Seat #2 is the button
Seat 1: Cah4ec1982 ($142.92 in chips)
Seat 2: minigus575 ($174.76 in chips)
minigus575: posts small blind $1
Cah4ec1982: posts big blind $3
*** HOLE CARDS ***
minigus575: raises $3 to $6
Cah4ec1982: calls $3
*** FLOP *** [9h Ks 6d]
Cah4ec1982: checks
minigus575: bets $3
Cah4ec1982: calls $3
*** TURN *** [9h Ks 6d] [7c]
Cah4ec1982: checks
minigus575: bets $6
Cah4ec1982: raises $6 to $12
minigus575: calls $6
*** RIVER *** [9h Ks 6d 7c] [Ac]
Cah4ec1982: bets $6
minigus575: folds
Uncalled bet ($6) returned to Cah4ec1982
Cah4ec1982 collected $41.50 from pot
Cah4ec1982: doesn't show hand
*** SUMMARY ***
Total pot $42 | Rake $0.50
Board [9h Ks 6d 7c Ac]
Seat 1: Cah4ec1982 (big blind) collected ($41.50)
Seat 2: minigus575 (button) (small blind) folded on the River


PokerStars Hand #145570819225:  Hold'em Limit ($3/$6 USD) - 2015/12/19 4:42:09 ET
Table 'Adele' 2-max Seat #2 is the button
Seat 1: Cah4ec1982 ($138.44 in chips)
Seat 2: minigus575 ($176.76 in chips)
minigus575: posts small blind $1
Cah4ec1982: posts big blind $3
*** HOLE CARDS ***
minigus575: folds
Uncalled bet ($2) returned to Cah4ec1982
Cah4ec1982 collected $2 from pot
Cah4ec1982: doesn't show hand
*** SUMMARY ***
Total pot $2 | Rake $0
Seat 1: Cah4ec1982 (big blind) collected ($2)
Seat 2: minigus575 (button) (small blind) folded before Flop


PokerStars Hand #145570817252:  Hold'em Limit ($3/$6 USD) - 2015/12/19 4:42:05 ET
Table 'Adele' 2-max Seat #1 is the button
Seat 1: Cah4ec1982 ($135.44 in chips)
Seat 2: minigus575 ($179.76 in chips)
Cah4ec1982: posts small blind $1
minigus575: posts big blind $3
*** HOLE CARDS ***
Cah4ec1982: raises $3 to $6
minigus575: folds
Uncalled bet ($3) returned to Cah4ec1982
Cah4ec1982 collected $6 from pot
Cah4ec1982: doesn't show hand
*** SUMMARY ***
Total pot $6 | Rake $0
Seat 1: Cah4ec1982 (button) (small blind) collected ($6)
Seat 2: minigus575 (big blind) folded before Flop


PokerStars Hand #145570811802:  Hold'em Limit ($3/$6 USD) - 2015/12/19 4:41:54 ET
Table 'Adele' 2-max Seat #2 is the button
Seat 1: Cah4ec1982 ($123.92 in chips)
Seat 2: minigus575 ($191.76 in chips)
minigus575: posts small blind $1
Cah4ec1982: posts big blind $3
*** HOLE CARDS ***
minigus575: raises $3 to $6
Cah4ec1982: raises $3 to $9
minigus575: calls $3
*** FLOP *** [7h 7d 9s]
Cah4ec1982: bets $3
minigus575: calls $3
*** TURN *** [7h 7d 9s] [Jh]
Cah4ec1982: bets $6
minigus575: folds
Uncalled bet ($6) returned to Cah4ec1982
Cah4ec1982 collected $23.52 from pot
Cah4ec1982: doesn't show hand
*** SUMMARY ***
Total pot $24 | Rake $0.48
Board [7h 7d 9s Jh]
Seat 1: Cah4ec1982 (big blind) collected ($23.52)
Seat 2: minigus575 (button) (small blind) folded on the Turn


PokerStars Hand #145570804330:  Hold'em Limit ($3/$6 USD) - 2015/12/19 4:41:37 ET
Table 'Adele' 2-max Seat #1 is the button
Seat 1: Cah4ec1982 ($153.92 in chips)
Seat 2: minigus575 ($162.26 in chips)
Cah4ec1982: posts small blind $1
minigus575: posts big blind $3
*** HOLE CARDS ***
Cah4ec1982: raises $3 to $6
minigus575: calls $3
*** FLOP *** [6d Td 4h]
minigus575: checks
Cah4ec1982: bets $3
minigus575: raises $3 to $6
Cah4ec1982: calls $3
*** TURN *** [6d Td 4h] [8c]
minigus575: bets $6
Cah4ec1982: calls $6
*** RIVER *** [6d Td 4h 8c] [9s]
minigus575: bets $6
Cah4ec1982: raises $6 to $12
minigus575: raises $6 to $18
Cah4ec1982: folds
Uncalled bet ($6) returned to minigus575
minigus575 collected $59.50 from pot
minigus575: doesn't show hand
*** SUMMARY ***
Total pot $60 | Rake $0.50
Board [6d Td 4h 8c 9s]
Seat 1: Cah4ec1982 (button) (small blind) folded on the River
Seat 2: minigus575 (big blind) collected ($59.50)


PokerStars Hand #145570797514:  Hold'em Limit ($3/$6 USD) - 2015/12/19 4:41:22 ET
Table 'Adele' 2-max Seat #2 is the button
Seat 1: Cah4ec1982 ($130.42 in chips)
Seat 2: minigus575 ($186.26 in chips)
minigus575: posts small blind $1
Cah4ec1982: posts big blind $3
*** HOLE CARDS ***
minigus575: raises $3 to $6
Cah4ec1982: raises $3 to $9
minigus575: calls $3
*** FLOP *** [6h 2d 8h]
Cah4ec1982: bets $3
minigus575: calls $3
*** TURN *** [6h 2d 8h] [2c]
Cah4ec1982: bets $6
minigus575: calls $6
*** RIVER *** [6h 2d 8h 2c] [8c]
Cah4ec1982: bets $6
minigus575: calls $6
*** SHOW DOWN ***
Cah4ec1982: shows [7d 7h] (two pair, Eights and Sevens)
minigus575: mucks hand
Cah4ec1982 collected $47.50 from pot
*** SUMMARY ***
Total pot $48 | Rake $0.50
Board [6h 2d 8h 2c 8c]
Seat 1: Cah4ec1982 (big blind) showed [7d 7h] and won ($47.50) with two pair, Eights and Sevens
Seat 2: minigus575 (button) (small blind) mucked


PokerStars Hand #145570844978:  Hold'em Limit ($3/$6 USD) - 2015/12/19 4:43:07 ET
Table 'Adele' 2-max Seat #2 is the button
Seat 1: Cah4ec1982 ($124.44 in chips)
Seat 2: minigus575 ($249.26 in chips)
minigus575: posts small blind $1
Cah4ec1982: posts big blind $3
*** HOLE CARDS ***
minigus575: raises $3 to $6
Cah4ec1982: raises $3 to $9
minigus575: calls $3
*** FLOP *** [2c 6d Qd]
Cah4ec1982: bets $3
minigus575: raises $3 to $6
Cah4ec1982: calls $3
*** TURN *** [2c 6d Qd] [9s]
Cah4ec1982: checks
minigus575: checks
*** RIVER *** [2c 6d Qd 9s] [Kh]
Cah4ec1982: bets $6
minigus575: raises $6 to $12
Cah4ec1982: calls $6
*** SHOW DOWN ***
minigus575: shows [8d Kc] (a pair of Kings)
Cah4ec1982: mucks hand
minigus575 collected $53.50 from pot
*** SUMMARY ***
Total pot $54 | Rake $0.50
Board [2c 6d Qd 9s Kh]
Seat 1: Cah4ec1982 (big blind) mucked
Seat 2: minigus575 (button) (small blind) showed [8d Kc] and won ($53.50) with a pair of Kings


PokerStars Hand #145570837089:  Hold'em Limit ($3/$6 USD) - 2015/12/19 4:42:50 ET
Table 'Adele' 2-max Seat #1 is the button
Seat 1: Cah4ec1982 ($91.44 in chips)
Seat 2: minigus575 ($222.76 in chips)
Cah4ec1982: posts small blind $1
minigus575: posts big blind $3
*** HOLE CARDS ***
Cah4ec1982: raises $3 to $6
minigus575: raises $3 to $9
Cah4ec1982: calls $3
*** FLOP *** [3d 2s 7h]
minigus575: bets $3
Cah4ec1982: raises $3 to $6
minigus575: calls $3
*** TURN *** [3d 2s 7h] [Tc]
minigus575: checks
Cah4ec1982: bets $6
minigus575: calls $6
*** RIVER *** [3d 2s 7h Tc] [Qd]
minigus575: checks
Cah4ec1982: bets $6
minigus575: raises $6 to $12
Cah4ec1982: folds
Uncalled bet ($6) returned to minigus575
minigus575 collected $53.50 from pot
minigus575: doesn't show hand
*** SUMMARY ***
Total pot $54 | Rake $0.50
Board [3d 2s 7h Tc Qd]
Seat 1: Cah4ec1982 (button) (small blind) folded on the River
Seat 2: minigus575 (big blind) collected ($53.50)


PokerStars Hand #145570829254:  Hold'em Limit ($3/$6 USD) - 2015/12/19 4:42:32 ET
Table 'Adele' 2-max Seat #2 is the button
Seat 1: Cah4ec1982 ($106.44 in chips)
Seat 2: minigus575 ($208.26 in chips)
minigus575: posts small blind $1
Cah4ec1982: posts big blind $3
*** HOLE CARDS ***
minigus575: raises $3 to $6
Cah4ec1982: calls $3
*** FLOP *** [3h 6d 7d]
Cah4ec1982: checks
minigus575: bets $3
Cah4ec1982: calls $3
*** TURN *** [3h 6d 7d] [Tc]
Cah4ec1982: checks
minigus575: checks
*** RIVER *** [3h 6d 7d Tc] [Qd]
Cah4ec1982: bets $6
minigus575: calls $6
*** SHOW DOWN ***
Cah4ec1982: shows [5c Jh] (high card Queen)
minigus575: shows [As 9d] (high card Ace)
minigus575 collected $29.50 from pot
*** SUMMARY ***
Total pot $30 | Rake $0.50
Board [3h 6d 7d Tc Qd]
Seat 1: Cah4ec1982 (big blind) showed [5c Jh] and lost with high card Queen
Seat 2: minigus575 (button) (small blind) showed [As 9d] and won ($29.50) with high card Ace


PokerStars Hand #145570821506:  Hold'em Limit ($3/$6 USD) - 2015/12/19 4:42:15 ET
Table 'Adele' 2-max Seat #1 is the button
Seat 1: Cah4ec1982 ($139.44 in chips)
Seat 2: minigus575 ($175.76 in chips)
Cah4ec1982: posts small blind $1
minigus575: posts big blind $3
*** HOLE CARDS ***
Cah4ec1982: raises $3 to $6
minigus575: raises $3 to $9
Cah4ec1982: calls $3
*** FLOP *** [7c Jh 9d]
minigus575: bets $3
Cah4ec1982: raises $3 to $6
minigus575: calls $3
*** TURN *** [7c Jh 9d] [5c]
minigus575: checks
Cah4ec1982: bets $6
minigus575: raises $6 to $12
Cah4ec1982: calls $6
*** RIVER *** [7c Jh 9d 5c] [9c]
minigus575: bets $6
Cah4ec1982: calls $6
*** SHOW DOWN ***
minigus575: shows [Ks Kc] (two pair, Kings and Nines)
Cah4ec1982: mucks hand
minigus575 collected $65.50 from pot
*** SUMMARY ***
Total pot $66 | Rake $0.50
Board [7c Jh 9d 5c 9c]
Seat 1: Cah4ec1982 (button) (small blind) mucked
Seat 2: minigus575 (big blind) showed [Ks Kc] and won ($65.50) with two pair, Kings and Nines


PokerStars Hand #145570870192:  Hold'em Limit ($3/$6 USD) - 2015/12/19 4:44:03 ET
Table 'Adele' 2-max Seat #2 is the button
Seat 1: Cah4ec1982 ($100.96 in chips)
Seat 2: minigus575 ($271.40 in chips)
minigus575: posts small blind $1
Cah4ec1982: posts big blind $3
*** HOLE CARDS ***
minigus575: raises $3 to $6
Cah4ec1982: raises $3 to $9
minigus575: calls $3
*** FLOP *** [Ad 9d 8s]
Cah4ec1982: bets $3
minigus575: raises $3 to $6
Cah4ec1982: raises $3 to $9
minigus575: raises $3 to $12
Betting is capped
Cah4ec1982: calls $3
*** TURN *** [Ad 9d 8s] [8h]
Cah4ec1982: checks
minigus575: checks
*** RIVER *** [Ad 9d 8s 8h] [Tc]
Cah4ec1982: bets $6
minigus575: folds
Uncalled bet ($6) returned to Cah4ec1982
Cah4ec1982 collected $41.50 from pot
Cah4ec1982: doesn't show hand
*** SUMMARY ***
Total pot $42 | Rake $0.50
Board [Ad 9d 8s 8h Tc]
Seat 1: Cah4ec1982 (big blind) collected ($41.50)
Seat 2: minigus575 (button) (small blind) folded on the River


PokerStars Hand #145570863008:  Hold'em Limit ($3/$6 USD) - 2015/12/19 4:43:47 ET
Table 'Adele' 2-max Seat #1 is the button
Seat 1: Cah4ec1982 ($109.96 in chips)
Seat 2: minigus575 ($262.76 in chips)
Cah4ec1982: posts small blind $1
minigus575: posts big blind $3
*** HOLE CARDS ***
Cah4ec1982: raises $3 to $6
minigus575: calls $3
*** FLOP *** [5d Kd 6s]
minigus575: checks
Cah4ec1982: bets $3
minigus575: calls $3
*** TURN *** [5d Kd 6s] [3h]
minigus575: checks
Cah4ec1982: checks
*** RIVER *** [5d Kd 6s 3h] [5s]
minigus575: checks
Cah4ec1982: checks
*** SHOW DOWN ***
minigus575: shows [5c 4h] (three of a kind, Fives)
Cah4ec1982: mucks hand
minigus575 collected $17.64 from pot
*** SUMMARY ***
Total pot $18 | Rake $0.36
Board [5d Kd 6s 3h 5s]
Seat 1: Cah4ec1982 (button) (small blind) mucked
Seat 2: minigus575 (big blind) showed [5c 4h] and won ($17.64) with three of a kind, Fives


PokerStars Hand #145570860900:  Hold'em Limit ($3/$6 USD) - 2015/12/19 4:43:43 ET
Table 'Adele' 2-max Seat #2 is the button
Seat 1: Cah4ec1982 ($108.96 in chips)
Seat 2: minigus575 ($263.76 in chips)
minigus575: posts small blind $1
Cah4ec1982: posts big blind $3
*** HOLE CARDS ***
minigus575: folds
Uncalled bet ($2) returned to Cah4ec1982
Cah4ec1982 collected $2 from pot
Cah4ec1982: doesn't show hand
*** SUMMARY ***
Total pot $2 | Rake $0
Seat 1: Cah4ec1982 (big blind) collected ($2)
Seat 2: minigus575 (button) (small blind) folded before Flop


PokerStars Hand #145570852046:  Hold'em Limit ($3/$6 USD) - 2015/12/19 4:43:23 ET
Table 'Adele' 2-max Seat #1 is the button
Seat 1: Cah4ec1982 ($97.44 in chips)
Seat 2: minigus575 ($275.76 in chips)
Cah4ec1982: posts small blind $1
minigus575: posts big blind $3
*** HOLE CARDS ***
Cah4ec1982: raises $3 to $6
minigus575: raises $3 to $9
Cah4ec1982: calls $3
*** FLOP *** [Ad 7d Qd]
minigus575: bets $3
Cah4ec1982: calls $3
*** TURN *** [Ad 7d Qd] [9c]
minigus575: checks
Cah4ec1982: checks
*** RIVER *** [Ad 7d Qd 9c] [7c]
minigus575: checks
Cah4ec1982: bets $6
minigus575: folds
Uncalled bet ($6) returned to Cah4ec1982
Cah4ec1982 collected $23.52 from pot
Cah4ec1982: doesn't show hand
*** SUMMARY ***
Total pot $24 | Rake $0.48
Board [Ad 7d Qd 9c 7c]
Seat 1: Cah4ec1982 (button) (small blind) collected ($23.52)
Seat 2: minigus575 (big blind) folded on the River


PokerStars Hand #145570899857:  Hold'em Limit ($3/$6 USD) - 2015/12/19 4:45:08 ET
Table 'Adele' 2-max Seat #2 is the button
Seat 1: Cah4ec1982 ($174.10 in chips)
Seat 2: minigus575 ($196.40 in chips)
minigus575: posts small blind $1
Cah4ec1982: posts big blind $3
*** HOLE CARDS ***
minigus575: raises $3 to $6
Cah4ec1982: folds
Uncalled bet ($3) returned to minigus575
minigus575 collected $6 from pot
minigus575: doesn't show hand
*** SUMMARY ***
Total pot $6 | Rake $0
Seat 1: Cah4ec1982 (big blind) folded before Flop
Seat 2: minigus575 (button) (small blind) collected ($6)


PokerStars Hand #145570892892:  Hold'em Limit ($3/$6 USD) - 2015/12/19 4:44:53 ET
Table 'Adele' 2-max Seat #1 is the button
Seat 1: Cah4ec1982 ($150.60 in chips)
Seat 2: minigus575 ($220.40 in chips)
Cah4ec1982: posts small blind $1
minigus575: posts big blind $3
*** HOLE CARDS ***
Cah4ec1982: raises $3 to $6
minigus575: calls $3
*** FLOP *** [Td 2s 4d]
minigus575: bets $3
Cah4ec1982: raises $3 to $6
minigus575: calls $3
*** TURN *** [Td 2s 4d] [6h]
minigus575: checks
Cah4ec1982: bets $6
minigus575: calls $6
*** RIVER *** [Td 2s 4d 6h] [Qd]
minigus575: checks
Cah4ec1982: bets $6
minigus575: calls $6
*** SHOW DOWN ***
Cah4ec1982: shows [Th 9s] (a pair of Tens)
minigus575: mucks hand
Cah4ec1982 collected $47.50 from pot
*** SUMMARY ***
Total pot $48 | Rake $0.50
Board [Td 2s 4d 6h Qd]
Seat 1: Cah4ec1982 (button) (small blind) showed [Th 9s] and won ($47.50) with a pair of Tens
Seat 2: minigus575 (big blind) mucked


PokerStars Hand #145570886451:  Hold'em Limit ($3/$6 USD) - 2015/12/19 4:44:39 ET
Table 'Adele' 2-max Seat #2 is the button
Seat 1: Cah4ec1982 ($130.10 in chips)
Seat 2: minigus575 ($241.40 in chips)
minigus575: posts small blind $1
Cah4ec1982: posts big blind $3
*** HOLE CARDS ***
minigus575: raises $3 to $6
Cah4ec1982: raises $3 to $9
minigus575: calls $3
*** FLOP *** [4d 6c 3h]
Cah4ec1982: bets $3
minigus575: raises $3 to $6
Cah4ec1982: calls $3
*** TURN *** [4d 6c 3h] [8d]
Cah4ec1982: checks
minigus575: bets $6
Cah4ec1982: calls $6
*** RIVER *** [4d 6c 3h 8d] [4c]
Cah4ec1982: checks
minigus575: checks
*** SHOW DOWN ***
Cah4ec1982: shows [Ac 5c] (a pair of Fours)
minigus575: mucks hand
Cah4ec1982 collected $41.50 from pot
*** SUMMARY ***
Total pot $42 | Rake $0.50
Board [4d 6c 3h 8d 4c]
Seat 1: Cah4ec1982 (big blind) showed [Ac 5c] and won ($41.50) with a pair of Fours
Seat 2: minigus575 (button) (small blind) mucked


PokerStars Hand #145570877336:  Hold'em Limit ($3/$6 USD) - 2015/12/19 4:44:19 ET
Table 'Adele' 2-max Seat #1 is the button
Seat 1: Cah4ec1982 ($121.46 in chips)
Seat 2: minigus575 ($250.40 in chips)
Cah4ec1982: posts small blind $1
minigus575: posts big blind $3
*** HOLE CARDS ***
Cah4ec1982: raises $3 to $6
minigus575: calls $3
*** FLOP *** [Ts 4d Kc]
minigus575: checks
Cah4ec1982: bets $3
minigus575: calls $3
*** TURN *** [Ts 4d Kc] [9h]
minigus575: checks
Cah4ec1982: bets $6
minigus575: folds
Uncalled bet ($6) returned to Cah4ec1982
Cah4ec1982 collected $17.64 from pot
Cah4ec1982: doesn't show hand
*** SUMMARY ***
Total pot $18 | Rake $0.36
Board [Ts 4d Kc 9h]
Seat 1: Cah4ec1982 (button) (small blind) collected ($17.64)
Seat 2: minigus575 (big blind) folded on the Turn


PokerStars Hand #145570921675:  Hold'em Limit ($3/$6 USD) - 2015/12/19 4:45:57 ET
Table 'Adele' 2-max Seat #2 is the button
Seat 1: Cah4ec1982 ($209.10 in chips)
Seat 2: minigus575 ($159.90 in chips)
minigus575: posts small blind $1
Cah4ec1982: posts big blind $3
*** HOLE CARDS ***
minigus575: raises $3 to $6
Cah4ec1982: calls $3
*** FLOP *** [5s 6h 6s]
Cah4ec1982: checks
minigus575: bets $3
Cah4ec1982: raises $3 to $6
minigus575: calls $3
*** TURN *** [5s 6h 6s] [2c]
Cah4ec1982: bets $6
minigus575: raises $6 to $12
Cah4ec1982: calls $6
*** RIVER *** [5s 6h 6s 2c] [Qh]
Cah4ec1982: checks
minigus575: bets $6
Cah4ec1982: calls $6
*** SHOW DOWN ***
minigus575: shows [2s 6c] (a full house, Sixes full of Deuces)
Cah4ec1982: mucks hand
minigus575 collected $59.50 from pot
*** SUMMARY ***
Total pot $60 | Rake $0.50
Board [5s 6h 6s 2c Qh]
Seat 1: Cah4ec1982 (big blind) mucked
Seat 2: minigus575 (button) (small blind) showed [2s 6c] and won ($59.50) with a full house, Sixes full of Deuces


PokerStars Hand #145570914385:  Hold'em Limit ($3/$6 USD) - 2015/12/19 4:45:41 ET
Table 'Adele' 2-max Seat #1 is the button
Seat 1: Cah4ec1982 ($182.60 in chips)
Seat 2: minigus575 ($186.90 in chips)
Cah4ec1982: posts small blind $1
minigus575: posts big blind $3
*** HOLE CARDS ***
Cah4ec1982: raises $3 to $6
minigus575: raises $3 to $9
Cah4ec1982: raises $3 to $12
Betting is capped
minigus575: calls $3
*** FLOP *** [3c 9s 7s]
minigus575: checks
Cah4ec1982: bets $3
minigus575: calls $3
*** TURN *** [3c 9s 7s] [9c]
minigus575: checks
Cah4ec1982: checks
*** RIVER *** [3c 9s 7s 9c] [8h]
minigus575: bets $6
Cah4ec1982: raises $6 to $12
minigus575: calls $6
*** SHOW DOWN ***
Cah4ec1982: shows [Ts Jc] (a straight, Seven to Jack)
minigus575: mucks hand
Cah4ec1982 collected $53.50 from pot
*** SUMMARY ***
Total pot $54 | Rake $0.50
Board [3c 9s 7s 9c 8h]
Seat 1: Cah4ec1982 (button) (small blind) showed [Ts Jc] and won ($53.50) with a straight, Seven to Jack
Seat 2: minigus575 (big blind) mucked


PokerStars Hand #145570909216:  Hold'em Limit ($3/$6 USD) - 2015/12/19 4:45:29 ET
Table 'Adele' 2-max Seat #2 is the button
Seat 1: Cah4ec1982 ($200.60 in chips)
Seat 2: minigus575 ($169.40 in chips)
minigus575: posts small blind $1
Cah4ec1982: posts big blind $3
*** HOLE CARDS ***
minigus575: raises $3 to $6
Cah4ec1982: raises $3 to $9
minigus575: calls $3
*** FLOP *** [Ac Qc 7h]
Cah4ec1982: bets $3
minigus575: raises $3 to $6
Cah4ec1982: raises $3 to $9
minigus575: raises $3 to $12
Betting is capped
Cah4ec1982: folds
Uncalled bet ($3) returned to minigus575
minigus575 collected $35.50 from pot
minigus575: doesn't show hand
*** SUMMARY ***
Total pot $36 | Rake $0.50
Board [Ac Qc 7h]
Seat 1: Cah4ec1982 (big blind) folded on the Flop
Seat 2: minigus575 (button) (small blind) collected ($35.50)


PokerStars Hand #145570902210:  Hold'em Limit ($3/$6 USD) - 2015/12/19 4:45:14 ET
Table 'Adele' 2-max Seat #1 is the button
Seat 1: Cah4ec1982 ($171.10 in chips)
Seat 2: minigus575 ($199.40 in chips)
Cah4ec1982: posts small blind $1
minigus575: posts big blind $3
*** HOLE CARDS ***
Cah4ec1982: raises $3 to $6
minigus575: raises $3 to $9
Cah4ec1982: calls $3
*** FLOP *** [3s Ks Qh]
minigus575: bets $3
Cah4ec1982: calls $3
*** TURN *** [3s Ks Qh] [9h]
minigus575: bets $6
Cah4ec1982: raises $6 to $12
minigus575: calls $6
*** RIVER *** [3s Ks Qh 9h] [8s]
minigus575: checks
Cah4ec1982: bets $6
minigus575: calls $6
*** SHOW DOWN ***
Cah4ec1982: shows [Qd 9c] (two pair, Queens and Nines)
minigus575: mucks hand
Cah4ec1982 collected $59.50 from pot
*** SUMMARY ***
Total pot $60 | Rake $0.50
Board [3s Ks Qh 9h 8s]
Seat 1: Cah4ec1982 (button) (small blind) showed [Qd 9c] and won ($59.50) with two pair, Queens and Nines
Seat 2: minigus575 (big blind) mucked


PokerStars Hand #145570952022:  Hold'em Limit ($3/$6 USD) - 2015/12/19 4:47:04 ET
Table 'Adele' 2-max Seat #2 is the button
Seat 1: Cah4ec1982 ($196.24 in chips)
Seat 2: minigus575 ($170.90 in chips)
minigus575: posts small blind $1
Cah4ec1982: posts big blind $3
*** HOLE CARDS ***
minigus575: raises $3 to $6
Cah4ec1982: raises $3 to $9
minigus575: calls $3
*** FLOP *** [4s 9d 2c]
Cah4ec1982: bets $3
minigus575: calls $3
*** TURN *** [4s 9d 2c] [Jc]
Cah4ec1982: bets $6
minigus575: raises $6 to $12
Cah4ec1982: folds
Uncalled bet ($6) returned to minigus575
minigus575 collected $35.50 from pot
minigus575: doesn't show hand
*** SUMMARY ***
Total pot $36 | Rake $0.50
Board [4s 9d 2c Jc]
Seat 1: Cah4ec1982 (big blind) folded on the Turn
Seat 2: minigus575 (button) (small blind) collected ($35.50)


PokerStars Hand #145570944756:  Hold'em Limit ($3/$6 USD) - 2015/12/19 4:46:48 ET
Table 'Adele' 2-max Seat #1 is the button
Seat 1: Cah4ec1982 ($238.24 in chips)
Seat 2: minigus575 ($129.40 in chips)
Cah4ec1982: posts small blind $1
minigus575: posts big blind $3
*** HOLE CARDS ***
Cah4ec1982: raises $3 to $6
minigus575: raises $3 to $9
Cah4ec1982: calls $3
*** FLOP *** [6c 3h 4s]
minigus575: bets $3
Cah4ec1982: raises $3 to $6
minigus575: raises $3 to $9
Cah4ec1982: calls $3
*** TURN *** [6c 3h 4s] [Qh]
minigus575: bets $6
Cah4ec1982: calls $6
*** RIVER *** [6c 3h 4s Qh] [7d]
minigus575: bets $6
Cah4ec1982: raises $6 to $12
minigus575: raises $6 to $18
Cah4ec1982: calls $6
*** SHOW DOWN ***
minigus575: shows [6h 5c] (a straight, Three to Seven)
Cah4ec1982: mucks hand
minigus575 collected $83.50 from pot
*** SUMMARY ***
Total pot $84 | Rake $0.50
Board [6c 3h 4s Qh 7d]
Seat 1: Cah4ec1982 (button) (small blind) mucked
Seat 2: minigus575 (big blind) showed [6h 5c] and won ($83.50) with a straight, Three to Seven


PokerStars Hand #145570939281:  Hold'em Limit ($3/$6 USD) - 2015/12/19 4:46:36 ET
Table 'Adele' 2-max Seat #2 is the button
Seat 1: Cah4ec1982 ($229.60 in chips)
Seat 2: minigus575 ($138.40 in chips)
minigus575: posts small blind $1
Cah4ec1982: posts big blind $3
*** HOLE CARDS ***
minigus575: raises $3 to $6
Cah4ec1982: calls $3
*** FLOP *** [7h Ac As]
Cah4ec1982: checks
minigus575: bets $3
Cah4ec1982: calls $3
*** TURN *** [7h Ac As] [Kd]
Cah4ec1982: checks
minigus575: checks
*** RIVER *** [7h Ac As Kd] [8d]
Cah4ec1982: bets $6
minigus575: folds
Uncalled bet ($6) returned to Cah4ec1982
Cah4ec1982 collected $17.64 from pot
Cah4ec1982: doesn't show hand
*** SUMMARY ***
Total pot $18 | Rake $0.36
Board [7h Ac As Kd 8d]
Seat 1: Cah4ec1982 (big blind) collected ($17.64)
Seat 2: minigus575 (button) (small blind) folded on the River


PokerStars Hand #145570928678:  Hold'em Limit ($3/$6 USD) - 2015/12/19 4:46:13 ET
Table 'Adele' 2-max Seat #1 is the button
Seat 1: Cah4ec1982 ($179.10 in chips)
Seat 2: minigus575 ($189.40 in chips)
Cah4ec1982: posts small blind $1
minigus575: posts big blind $3
*** HOLE CARDS ***
Cah4ec1982: raises $3 to $6
minigus575: raises $3 to $9
Cah4ec1982: calls $3
*** FLOP *** [3c 8c 2s]
minigus575: bets $3
Cah4ec1982: raises $3 to $6
minigus575: calls $3
*** TURN *** [3c 8c 2s] [As]
minigus575: checks
Cah4ec1982: bets $6
minigus575: raises $6 to $12
Cah4ec1982: raises $6 to $18
minigus575: raises $6 to $24
Betting is capped
Cah4ec1982: calls $6
*** RIVER *** [3c 8c 2s As] [Jd]
minigus575: bets $6
Cah4ec1982: raises $6 to $12
minigus575: calls $6
*** SHOW DOWN ***
Cah4ec1982: shows [5s 4c] (a straight, Ace to Five)
minigus575: mucks hand
Cah4ec1982 collected $101.50 from pot
*** SUMMARY ***
Total pot $102 | Rake $0.50
Board [3c 8c 2s As Jd]
Seat 1: Cah4ec1982 (button) (small blind) showed [5s 4c] and won ($101.50) with a straight, Ace to Five
Seat 2: minigus575 (big blind) mucked


PokerStars Hand #145570980990:  Hold'em Limit ($3/$6 USD) - 2015/12/19 4:48:08 ET
Table 'Adele' 2-max Seat #2 is the button
Seat 1: Cah4ec1982 ($159.74 in chips)
Seat 2: minigus575 ($205.40 in chips)
minigus575: posts small blind $1
Cah4ec1982: posts big blind $3
*** HOLE CARDS ***
minigus575: raises $3 to $6
Cah4ec1982: raises $3 to $9
minigus575: calls $3
*** FLOP *** [Js Ts 2h]
Cah4ec1982: bets $3
minigus575: calls $3
*** TURN *** [Js Ts 2h] [9c]
Cah4ec1982: bets $6
minigus575: folds
Uncalled bet ($6) returned to Cah4ec1982
Cah4ec1982 collected $23.52 from pot
Cah4ec1982: doesn't show hand
*** SUMMARY ***
Total pot $24 | Rake $0.48
Board [Js Ts 2h 9c]
Seat 1: Cah4ec1982 (big blind) collected ($23.52)
Seat 2: minigus575 (button) (small blind) folded on the Turn


PokerStars Hand #145570974559:  Hold'em Limit ($3/$6 USD) - 2015/12/19 4:47:54 ET
Table 'Adele' 2-max Seat #1 is the button
Seat 1: Cah4ec1982 ($174.74 in chips)
Seat 2: minigus575 ($190.90 in chips)
Cah4ec1982: posts small blind $1
minigus575: posts big blind $3
*** HOLE CARDS ***
Cah4ec1982: raises $3 to $6
minigus575: calls $3
*** FLOP *** [5d Js 4d]
minigus575: checks
Cah4ec1982: bets $3
minigus575: calls $3
*** TURN *** [5d Js 4d] [Tc]
minigus575: bets $6
Cah4ec1982: calls $6
*** RIVER *** [5d Js 4d Tc] [Ah]
minigus575: checks
Cah4ec1982: checks
*** SHOW DOWN ***
minigus575: shows [9h Ts] (a pair of Tens)
Cah4ec1982: mucks hand
minigus575 collected $29.50 from pot
*** SUMMARY ***
Total pot $30 | Rake $0.50
Board [5d Js 4d Tc Ah]
Seat 1: Cah4ec1982 (button) (small blind) mucked
Seat 2: minigus575 (big blind) showed [9h Ts] and won ($29.50) with a pair of Tens


PokerStars Hand #145570969028:  Hold'em Limit ($3/$6 USD) - 2015/12/19 4:47:42 ET
Table 'Adele' 2-max Seat #2 is the button
Seat 1: Cah4ec1982 ($151.24 in chips)
Seat 2: minigus575 ($214.90 in chips)
minigus575: posts small blind $1
Cah4ec1982: posts big blind $3
*** HOLE CARDS ***
minigus575: raises $3 to $6
Cah4ec1982: calls $3
*** FLOP *** [5h Js 4h]
Cah4ec1982: checks
minigus575: bets $3
Cah4ec1982: raises $3 to $6
minigus575: calls $3
*** TURN *** [5h Js 4h] [Jd]
Cah4ec1982: bets $6
minigus575: calls $6
*** RIVER *** [5h Js 4h Jd] [7s]
Cah4ec1982: bets $6
minigus575: calls $6
*** SHOW DOWN ***
Cah4ec1982: shows [7d Qs] (two pair, Jacks and Sevens)
minigus575: mucks hand
Cah4ec1982 collected $47.50 from pot
*** SUMMARY ***
Total pot $48 | Rake $0.50
Board [5h Js 4h Jd 7s]
Seat 1: Cah4ec1982 (big blind) showed [7d Qs] and won ($47.50) with two pair, Jacks and Sevens
Seat 2: minigus575 (button) (small blind) mucked


PokerStars Hand #145570961575:  Hold'em Limit ($3/$6 USD) - 2015/12/19 4:47:25 ET
Table 'Adele' 2-max Seat #1 is the button
Seat 1: Cah4ec1982 ($178.24 in chips)
Seat 2: minigus575 ($188.40 in chips)
Cah4ec1982: posts small blind $1
minigus575: posts big blind $3
*** HOLE CARDS ***
Cah4ec1982: raises $3 to $6
minigus575: calls $3
*** FLOP *** [8s 7h 4s]
minigus575: checks
Cah4ec1982: bets $3
minigus575: calls $3
*** TURN *** [8s 7h 4s] [2s]
minigus575: checks
Cah4ec1982: bets $6
minigus575: raises $6 to $12
Cah4ec1982: calls $6
*** RIVER *** [8s 7h 4s 2s] [6h]
minigus575: bets $6
Cah4ec1982: calls $6
*** SHOW DOWN ***
minigus575: shows [Js 3s] (a flush, Jack high)
Cah4ec1982: mucks hand
minigus575 collected $53.50 from pot
*** SUMMARY ***
Total pot $54 | Rake $0.50
Board [8s 7h 4s 2s 6h]
Seat 1: Cah4ec1982 (button) (small blind) mucked
Seat 2: minigus575 (big blind) showed [Js 3s] and won ($53.50) with a flush, Jack high


PokerStars Hand #145571012433:  Hold'em Limit ($3/$6 USD) - 2015/12/19 4:49:18 ET
Table 'Adele' 2-max Seat #2 is the button
Seat 1: Cah4ec1982 ($191.02 in chips)
Seat 2: minigus575 ($171.90 in chips)
minigus575: posts small blind $1
Cah4ec1982: posts big blind $3
*** HOLE CARDS ***
minigus575: raises $3 to $6
Cah4ec1982: folds
Uncalled bet ($3) returned to minigus575
minigus575 collected $6 from pot
minigus575: doesn't show hand
*** SUMMARY ***
Total pot $6 | Rake $0
Seat 1: Cah4ec1982 (big blind) folded before Flop
Seat 2: minigus575 (button) (small blind) collected ($6)


PokerStars Hand #145571008698:  Hold'em Limit ($3/$6 USD) - 2015/12/19 4:49:10 ET
Table 'Adele' 2-max Seat #1 is the button
Seat 1: Cah4ec1982 ($185.26 in chips)
Seat 2: minigus575 ($177.90 in chips)
Cah4ec1982: posts small blind $1
minigus575: posts big blind $3
*** HOLE CARDS ***
Cah4ec1982: raises $3 to $6
minigus575: calls $3
*** FLOP *** [9h Qh 4c]
minigus575: checks
Cah4ec1982: bets $3
minigus575: folds
Uncalled bet ($3) returned to Cah4ec1982
Cah4ec1982 collected $11.76 from pot
Cah4ec1982: doesn't show hand
*** SUMMARY ***
Total pot $12 | Rake $0.24
Board [9h Qh 4c]
Seat 1: Cah4ec1982 (button) (small blind) collected ($11.76)
Seat 2: minigus575 (big blind) folded on the Flop


PokerStars Hand #145571002594:  Hold'em Limit ($3/$6 USD) - 2015/12/19 4:48:56 ET
Table 'Adele' 2-max Seat #2 is the button
Seat 1: Cah4ec1982 ($164.76 in chips)
Seat 2: minigus575 ($198.90 in chips)
minigus575: posts small blind $1
Cah4ec1982: posts big blind $3
*** HOLE CARDS ***
minigus575: raises $3 to $6
Cah4ec1982: calls $3
*** FLOP *** [Jd 3h 2c]
Cah4ec1982: checks
minigus575: bets $3
Cah4ec1982: raises $3 to $6
minigus575: raises $3 to $9
Cah4ec1982: calls $3
*** TURN *** [Jd 3h 2c] [Jc]
Cah4ec1982: checks
minigus575: checks
*** RIVER *** [Jd 3h 2c Jc] [4c]
Cah4ec1982: bets $6
minigus575: calls $6
*** SHOW DOWN ***
Cah4ec1982: shows [7c Js] (three of a kind, Jacks)
minigus575: mucks hand
Cah4ec1982 collected $41.50 from pot
*** SUMMARY ***
Total pot $42 | Rake $0.50
Board [Jd 3h 2c Jc 4c]
Seat 1: Cah4ec1982 (big blind) showed [7c Js] and won ($41.50) with three of a kind, Jacks
Seat 2: minigus575 (button) (small blind) mucked


PokerStars Hand #145570998629:  Hold'em Limit ($3/$6 USD) - 2015/12/19 4:48:47 ET
Table 'Adele' 2-max Seat #1 is the button
Seat 1: Cah4ec1982 ($161.76 in chips)
Seat 2: minigus575 ($201.90 in chips)
Cah4ec1982: posts small blind $1
minigus575: posts big blind $3
*** HOLE CARDS ***
Cah4ec1982: raises $3 to $6
minigus575: folds
Uncalled bet ($3) returned to Cah4ec1982
Cah4ec1982 collected $6 from pot
Cah4ec1982: doesn't show hand
*** SUMMARY ***
Total pot $6 | Rake $0
Seat 1: Cah4ec1982 (button) (small blind) collected ($6)
Seat 2: minigus575 (big blind) folded before Flop


PokerStars Hand #145570992007:  Hold'em Limit ($3/$6 USD) - 2015/12/19 4:48:33 ET
Table 'Adele' 2-max Seat #2 is the button
Seat 1: Cah4ec1982 ($188.76 in chips)
Seat 2: minigus575 ($175.40 in chips)
minigus575: posts small blind $1
Cah4ec1982: posts big blind $3
*** HOLE CARDS ***
minigus575: raises $3 to $6
Cah4ec1982: raises $3 to $9
minigus575: raises $3 to $12
Betting is capped
Cah4ec1982: calls $3
*** FLOP *** [7c 9d Td]
Cah4ec1982: checks
minigus575: bets $3
Cah4ec1982: calls $3
*** TURN *** [7c 9d Td] [6c]
Cah4ec1982: checks
minigus575: bets $6
Cah4ec1982: calls $6
*** RIVER *** [7c 9d Td 6c] [3d]
Cah4ec1982: checks
minigus575: bets $6
Cah4ec1982: calls $6
*** SHOW DOWN ***
minigus575: shows [Jh Th] (a pair of Tens)
Cah4ec1982: mucks hand
minigus575 collected $53.50 from pot
*** SUMMARY ***
Total pot $54 | Rake $0.50
Board [7c 9d Td 6c 3d]
Seat 1: Cah4ec1982 (big blind) mucked
Seat 2: minigus575 (button) (small blind) showed [Jh Th] and won ($53.50) with a pair of Tens


PokerStars Hand #145570985540:  Hold'em Limit ($3/$6 USD) - 2015/12/19 4:48:18 ET
Table 'Adele' 2-max Seat #1 is the button
Seat 1: Cah4ec1982 ($171.26 in chips)
Seat 2: minigus575 ($193.40 in chips)
Cah4ec1982: posts small blind $1
minigus575: posts big blind $3
*** HOLE CARDS ***
Cah4ec1982: raises $3 to $6
minigus575: calls $3
*** FLOP *** [9c 5s Tc]
minigus575: checks
Cah4ec1982: bets $3
minigus575: raises $3 to $6
Cah4ec1982: calls $3
*** TURN *** [9c 5s Tc] [Js]
minigus575: bets $6
Cah4ec1982: calls $6
*** RIVER *** [9c 5s Tc Js] [8h]
minigus575: checks
Cah4ec1982: checks
*** SHOW DOWN ***
minigus575: shows [5h 4d] (a pair of Fives)
Cah4ec1982: shows [6d Th] (a pair of Tens)
Cah4ec1982 collected $35.50 from pot
*** SUMMARY ***
Total pot $36 | Rake $0.50
Board [9c 5s Tc Js 8h]
Seat 1: Cah4ec1982 (button) (small blind) showed [6d Th] and won ($35.50) with a pair of Tens
Seat 2: minigus575 (big blind) showed [5h 4d] and lost with a pair of Fives


PokerStars Hand #145571039555:  Hold'em Limit ($3/$6 USD) - 2015/12/19 4:50:18 ET
Table 'Adele' 2-max Seat #2 is the button
Seat 1: Cah4ec1982 ($207.86 in chips)
Seat 2: minigus575 ($153.12 in chips)
minigus575: posts small blind $1
Cah4ec1982: posts big blind $3
*** HOLE CARDS ***
minigus575: raises $3 to $6
Cah4ec1982: folds
Uncalled bet ($3) returned to minigus575
minigus575 collected $6 from pot
minigus575: doesn't show hand
*** SUMMARY ***
Total pot $6 | Rake $0
Seat 1: Cah4ec1982 (big blind) folded before Flop
Seat 2: minigus575 (button) (small blind) collected ($6)


PokerStars Hand #145571033882:  Hold'em Limit ($3/$6 USD) - 2015/12/19 4:50:06 ET
Table 'Adele' 2-max Seat #1 is the button
Seat 1: Cah4ec1982 ($196.34 in chips)
Seat 2: minigus575 ($165.12 in chips)
Cah4ec1982: posts small blind $1
minigus575: posts big blind $3
*** HOLE CARDS ***
Cah4ec1982: raises $3 to $6
minigus575: raises $3 to $9
Cah4ec1982: calls $3
*** FLOP *** [7c As 5d]
minigus575: bets $3
Cah4ec1982: calls $3
*** TURN *** [7c As 5d] [5s]
minigus575: checks
Cah4ec1982: bets $6
minigus575: folds
Uncalled bet ($6) returned to Cah4ec1982
Cah4ec1982 collected $23.52 from pot
Cah4ec1982: doesn't show hand
*** SUMMARY ***
Total pot $24 | Rake $0.48
Board [7c As 5d 5s]
Seat 1: Cah4ec1982 (button) (small blind) collected ($23.52)
Seat 2: minigus575 (big blind) folded on the Turn


PokerStars Hand #145571030386:  Hold'em Limit ($3/$6 USD) - 2015/12/19 4:49:58 ET
Table 'Adele' 2-max Seat #2 is the button
Seat 1: Cah4ec1982 ($202.34 in chips)
Seat 2: minigus575 ($159.36 in chips)
minigus575: posts small blind $1
Cah4ec1982: posts big blind $3
*** HOLE CARDS ***
minigus575: raises $3 to $6
Cah4ec1982: calls $3
*** FLOP *** [5s Ah As]
Cah4ec1982: checks
minigus575: bets $3
Cah4ec1982: folds
Uncalled bet ($3) returned to minigus575
minigus575 collected $11.76 from pot
minigus575: doesn't show hand
*** SUMMARY ***
Total pot $12 | Rake $0.24
Board [5s Ah As]
Seat 1: Cah4ec1982 (big blind) folded on the Flop
Seat 2: minigus575 (button) (small blind) collected ($11.76)


PokerStars Hand #145571024141:  Hold'em Limit ($3/$6 USD) - 2015/12/19 4:49:44 ET
Table 'Adele' 2-max Seat #1 is the button
Seat 1: Cah4ec1982 ($202.52 in chips)
Seat 2: minigus575 ($159.54 in chips)
Cah4ec1982: posts small blind $1
minigus575: posts big blind $3
*** HOLE CARDS ***
Cah4ec1982: raises $3 to $6
minigus575: calls $3
*** FLOP *** [7d 8c Ad]
minigus575: checks
Cah4ec1982: bets $3
minigus575: calls $3
*** TURN *** [7d 8c Ad] [Ah]
minigus575: checks
Cah4ec1982: checks
*** RIVER *** [7d 8c Ad Ah] [Jd]
minigus575: checks
Cah4ec1982: checks
*** SHOW DOWN ***
minigus575: shows [3d Kc] (a pair of Aces)
Cah4ec1982: shows [6s Kd] (a pair of Aces)
minigus575 collected $8.82 from pot
Cah4ec1982 collected $8.82 from pot
*** SUMMARY ***
Total pot $18 | Rake $0.36
Board [7d 8c Ad Ah Jd]
Seat 1: Cah4ec1982 (button) (small blind) showed [6s Kd] and won ($8.82) with a pair of Aces
Seat 2: minigus575 (big blind) showed [3d Kc] and won ($8.82) with a pair of Aces


PokerStars Hand #145571018158:  Hold'em Limit ($3/$6 USD) - 2015/12/19 4:49:31 ET
Table 'Adele' 2-max Seat #2 is the button
Seat 1: Cah4ec1982 ($179.02 in chips)
Seat 2: minigus575 ($183.54 in chips)
minigus575: posts small blind $1
Cah4ec1982: posts big blind $3
*** HOLE CARDS ***
minigus575: raises $3 to $6
Cah4ec1982: calls $3
*** FLOP *** [3s Ah 2h]
Cah4ec1982: checks
minigus575: bets $3
Cah4ec1982: raises $3 to $6
minigus575: calls $3
*** TURN *** [3s Ah 2h] [3h]
Cah4ec1982: bets $6
minigus575: calls $6
*** RIVER *** [3s Ah 2h 3h] [6s]
Cah4ec1982: bets $6
minigus575: calls $6
*** SHOW DOWN ***
Cah4ec1982: shows [Th 3c] (three of a kind, Threes)
minigus575: mucks hand
Cah4ec1982 collected $47.50 from pot
*** SUMMARY ***
Total pot $48 | Rake $0.50
Board [3s Ah 2h 3h 6s]
Seat 1: Cah4ec1982 (big blind) showed [Th 3c] and won ($47.50) with three of a kind, Threes
Seat 2: minigus575 (button) (small blind) mucked


PokerStars Hand #145571014576:  Hold'em Limit ($3/$6 USD) - 2015/12/19 4:49:23 ET
Table 'Adele' 2-max Seat #1 is the button
Seat 1: Cah4ec1982 ($188.02 in chips)
Seat 2: minigus575 ($174.90 in chips)
Cah4ec1982: posts small blind $1
minigus575: posts big blind $3
*** HOLE CARDS ***
Cah4ec1982: raises $3 to $6
minigus575: raises $3 to $9
Cah4ec1982: calls $3
*** FLOP *** [5s 7h Qc]
minigus575: bets $3
Cah4ec1982: folds
Uncalled bet ($3) returned to minigus575
minigus575 collected $17.64 from pot
minigus575: doesn't show hand
*** SUMMARY ***
Total pot $18 | Rake $0.36
Board [5s 7h Qc]
Seat 1: Cah4ec1982 (button) (small blind) folded on the Flop
Seat 2: minigus575 (big blind) collected ($17.64)


PokerStars Hand #145571063173:  Hold'em Limit ($3/$6 USD) - 2015/12/19 4:51:10 ET
Table 'Adele' 2-max Seat #2 is the button
Seat 1: Cah4ec1982 ($149.86 in chips)
Seat 2: minigus575 ($209.76 in chips)
minigus575: posts small blind $1
Cah4ec1982: posts big blind $3
*** HOLE CARDS ***
minigus575: folds
Uncalled bet ($2) returned to Cah4ec1982
Cah4ec1982 collected $2 from pot
Cah4ec1982: doesn't show hand
*** SUMMARY ***
Total pot $2 | Rake $0
Seat 1: Cah4ec1982 (big blind) collected ($2)
Seat 2: minigus575 (button) (small blind) folded before Flop


PokerStars Hand #145571056002:  Hold'em Limit ($3/$6 USD) - 2015/12/19 4:50:55 ET
Table 'Adele' 2-max Seat #1 is the button
Seat 1: Cah4ec1982 ($173.86 in chips)
Seat 2: minigus575 ($186.26 in chips)
Cah4ec1982: posts small blind $1
minigus575: posts big blind $3
*** HOLE CARDS ***
Cah4ec1982: raises $3 to $6
minigus575: raises $3 to $9
Cah4ec1982: calls $3
*** FLOP *** [3d 8c 7d]
minigus575: bets $3
Cah4ec1982: calls $3
*** TURN *** [3d 8c 7d] [5d]
minigus575: checks
Cah4ec1982: bets $6
minigus575: calls $6
*** RIVER *** [3d 8c 7d 5d] [As]
minigus575: bets $6
Cah4ec1982: calls $6
*** SHOW DOWN ***
minigus575: shows [Qc Ah] (a pair of Aces)
Cah4ec1982: mucks hand
minigus575 collected $47.50 from pot
*** SUMMARY ***
Total pot $48 | Rake $0.50
Board [3d 8c 7d 5d As]
Seat 1: Cah4ec1982 (button) (small blind) mucked
Seat 2: minigus575 (big blind) showed [Qc Ah] and won ($47.50) with a pair of Aces


PokerStars Hand #145571053992:  Hold'em Limit ($3/$6 USD) - 2015/12/19 4:50:50 ET
Table 'Adele' 2-max Seat #2 is the button
Seat 1: Cah4ec1982 ($172.86 in chips)
Seat 2: minigus575 ($187.26 in chips)
minigus575: posts small blind $1
Cah4ec1982: posts big blind $3
*** HOLE CARDS ***
minigus575: folds
Uncalled bet ($2) returned to Cah4ec1982
Cah4ec1982 collected $2 from pot
Cah4ec1982: doesn't show hand
*** SUMMARY ***
Total pot $2 | Rake $0
Seat 1: Cah4ec1982 (big blind) collected ($2)
Seat 2: minigus575 (button) (small blind) folded before Flop


PokerStars Hand #145571047954:  Hold'em Limit ($3/$6 USD) - 2015/12/19 4:50:37 ET
Table 'Adele' 2-max Seat #1 is the button
Seat 1: Cah4ec1982 ($196.86 in chips)
Seat 2: minigus575 ($163.76 in chips)
Cah4ec1982: posts small blind $1
minigus575: posts big blind $3
*** HOLE CARDS ***
Cah4ec1982: raises $3 to $6
minigus575: raises $3 to $9
Cah4ec1982: calls $3
*** FLOP *** [7d Ts 2c]
minigus575: bets $3
Cah4ec1982: calls $3
*** TURN *** [7d Ts 2c] [7s]
minigus575: bets $6
Cah4ec1982: raises $6 to $12
minigus575: calls $6
*** RIVER *** [7d Ts 2c 7s] [Ac]
minigus575: checks
Cah4ec1982: checks
*** SHOW DOWN ***
minigus575: shows [5c 5s] (two pair, Sevens and Fives)
Cah4ec1982: mucks hand
minigus575 collected $47.50 from pot
*** SUMMARY ***
Total pot $48 | Rake $0.50
Board [7d Ts 2c 7s Ac]
Seat 1: Cah4ec1982 (button) (small blind) mucked
Seat 2: minigus575 (big blind) showed [5c 5s] and won ($47.50) with two pair, Sevens and Fives


PokerStars Hand #145571045820:  Hold'em Limit ($3/$6 USD) - 2015/12/19 4:50:32 ET
Table 'Adele' 2-max Seat #2 is the button
Seat 1: Cah4ec1982 ($195.86 in chips)
Seat 2: minigus575 ($164.76 in chips)
minigus575: posts small blind $1
Cah4ec1982: posts big blind $3
*** HOLE CARDS ***
minigus575: folds
Uncalled bet ($2) returned to Cah4ec1982
Cah4ec1982 collected $2 from pot
Cah4ec1982: doesn't show hand
*** SUMMARY ***
Total pot $2 | Rake $0
Seat 1: Cah4ec1982 (big blind) collected ($2)
Seat 2: minigus575 (button) (small blind) folded before Flop


PokerStars Hand #145571041688:  Hold'em Limit ($3/$6 USD) - 2015/12/19 4:50:23 ET
Table 'Adele' 2-max Seat #1 is the button
Seat 1: Cah4ec1982 ($204.86 in chips)
Seat 2: minigus575 ($156.12 in chips)
Cah4ec1982: posts small blind $1
minigus575: posts big blind $3
*** HOLE CARDS ***
Cah4ec1982: raises $3 to $6
minigus575: calls $3
*** FLOP *** [Js 9s 3d]
minigus575: checks
Cah4ec1982: bets $3
minigus575: raises $3 to $6
Cah4ec1982: folds
Uncalled bet ($3) returned to minigus575
minigus575 collected $17.64 from pot
minigus575: doesn't show hand
*** SUMMARY ***
Total pot $18 | Rake $0.36
Board [Js 9s 3d]
Seat 1: Cah4ec1982 (button) (small blind) folded on the Flop
Seat 2: minigus575 (big blind) collected ($17.64)


