PokerStars Hand #165751090926:  Hold'em Limit ($3/$6 USD) - 2017/02/05 18:15:58 ET
Table 'Adele' 6-max Seat #4 is the button
Seat 4: Zubasa07 ($500 in chips)
Seat 5: Chrisgalo33 ($50.96 in chips)
Zubasa07: posts small blind $1
Chrisgalo33: posts big blind $3
*** HOLE CARDS ***
Zubasa07: raises $3 to $6
Chrisgalo33: calls $3
*** FLOP *** [Jd 7d 8h]
Chrisgalo33: checks
Zubasa07: bets $3
Chrisgalo33: calls $3
*** TURN *** [Jd 7d 8h] [Tc]
Chrisgalo33: checks
Zubasa07: checks
*** RIVER *** [Jd 7d 8h Tc] [Ts]
Chrisgalo33: bets $6
Zubasa07: calls $6
*** SHOW DOWN ***
Chrisgalo33: shows [As 2d] (a pair of Tens)
Zubasa07: shows [8c 5c] (two pair, Tens and Eights)
Zubasa07 collected $29.50 from pot
*** SUMMARY ***
Total pot $30 | Rake $0.50
Board [Jd 7d 8h Tc Ts]
Seat 4: Zubasa07 (button) (small blind) showed [8c 5c] and won ($29.50) with two pair, Tens and Eights
Seat 5: Chrisgalo33 (big blind) showed [As 2d] and lost with a pair of Tens


PokerStars Hand #165751127375:  Hold'em Limit ($3/$6 USD) - 2017/02/05 18:16:42 ET
Table 'Adele' 6-max Seat #5 is the button
Seat 4: Zubasa07 ($514.50 in chips)
Seat 5: Chrisgalo33 ($35.96 in chips)
Chrisgalo33: posts small blind $1
Zubasa07: posts big blind $3
*** HOLE CARDS ***
Chrisgalo33: raises $3 to $6
Zubasa07: raises $3 to $9
Chrisgalo33: raises $3 to $12
Betting is capped
Zubasa07: calls $3
*** FLOP *** [9c Jc 9h]
Zubasa07: checks
Chrisgalo33: bets $3
Zubasa07: calls $3
*** TURN *** [9c Jc 9h] [Ah]
Mercer29 joins the table at seat #6
Zubasa07: checks
Chrisgalo33: bets $6
Zubasa07: calls $6
*** RIVER *** [9c Jc 9h Ah] [Th]
Zubasa07: checks
Chrisgalo33: bets $6
Zubasa07: folds
Uncalled bet ($6) returned to Chrisgalo33
Chrisgalo33 collected $41.50 from pot
*** SUMMARY ***
Total pot $42 | Rake $0.50
Board [9c Jc 9h Ah Th]
Seat 4: Zubasa07 (big blind) folded on the River
Seat 5: Chrisgalo33 (button) (small blind) collected ($41.50)


PokerStars Hand #165751168592:  Hold'em Limit ($3/$6 USD) - 2017/02/05 18:17:32 ET
Table 'Adele' 6-max Seat #4 is the button
Seat 4: Zubasa07 ($493.50 in chips)
Seat 5: Chrisgalo33 ($56.46 in chips)
Zubasa07: posts small blind $1
Chrisgalo33: posts big blind $3
*** HOLE CARDS ***
Zubasa07: folds
Uncalled bet ($2) returned to Chrisgalo33
Chrisgalo33 collected $2 from pot
*** SUMMARY ***
Total pot $2 | Rake $0
Seat 4: Zubasa07 (button) (small blind) folded before Flop
Seat 5: Chrisgalo33 (big blind) collected ($2)


PokerStars Hand #165751774223:  Hold'em Limit ($3/$6 USD) - 2017/02/05 18:29:55 ET
Table 'Adele' 6-max Seat #1 is the button
Seat 1: GRA312 ($128.04 in chips)
Seat 6: Mercer29 ($151.29 in chips)
GRA312: posts small blind $1
iNMYMEMORYtt: is sitting out
Zubasa07 was removed from the table for failing to post
Mercer29: posts big blind $3
*** HOLE CARDS ***
GRA312: raises $3 to $6
iNMYMEMORYtt leaves the table
Mercer29: calls $3
*** FLOP *** [9h Ks 8s]
Mercer29: checks
GRA312: checks
*** TURN *** [9h Ks 8s] [Ts]
Mercer29: bets $6
GRA312: folds
Uncalled bet ($6) returned to Mercer29
Mercer29 collected $11.76 from pot
Mercer29: doesn't show hand
*** SUMMARY ***
Total pot $12 | Rake $0.24
Board [9h Ks 8s Ts]
Seat 1: GRA312 (button) (small blind) folded on the Turn
Seat 6: Mercer29 (big blind) collected ($11.76)


PokerStars Hand #165751818787:  Hold'em Limit ($3/$6 USD) - 2017/02/05 18:30:50 ET
Table 'Adele' 6-max Seat #1 is the button
Seat 1: GRA312 ($89.04 in chips)
Seat 6: Mercer29 ($189.55 in chips)
GRA312: posts small blind $1
Mercer29: posts big blind $3
*** HOLE CARDS ***
GRA312: raises $3 to $6
Mercer29: raises $3 to $9
GRA312: raises $3 to $12
Betting is capped
Mercer29: calls $3
*** FLOP *** [4s 7d Th]
Mercer29: bets $3
GRA312: raises $3 to $6
Mercer29: calls $3
*** TURN *** [4s 7d Th] [9c]
Mercer29: checks
GRA312: bets $6
Mercer29: calls $6
*** RIVER *** [4s 7d Th 9c] [7h]
Mercer29: checks
GRA312: bets $6
Mercer29: folds
Uncalled bet ($6) returned to GRA312
GRA312 collected $47.50 from pot
*** SUMMARY ***
Total pot $48 | Rake $0.50
Board [4s 7d Th 9c 7h]
Seat 1: GRA312 (button) (small blind) collected ($47.50)
Seat 6: Mercer29 (big blind) folded on the River


PokerStars Hand #165751805921:  Hold'em Limit ($3/$6 USD) - 2017/02/05 18:30:34 ET
Table 'Adele' 6-max Seat #1 is the button
Seat 1: GRA312 ($89.04 in chips)
Seat 6: Mercer29 ($189.55 in chips)
GRA312: posts small blind $1
Mercer29: posts big blind $3
*** HOLE CARDS ***
GRA312: folds
Uncalled bet ($2) returned to Mercer29
Mercer29 collected $2 from pot
Mercer29: doesn't show hand
*** SUMMARY ***
Total pot $2 | Rake $0
Seat 1: GRA312 (button) (small blind) folded before Flop
Seat 6: Mercer29 (big blind) collected ($2)


PokerStars Hand #165751787680:  Hold'em Limit ($3/$6 USD) - 2017/02/05 18:30:12 ET
Table 'Adele' 6-max Seat #6 is the button
Seat 1: GRA312 ($122.04 in chips)
Seat 6: Mercer29 ($157.05 in chips)
Mercer29: posts small blind $1
GRA312: posts big blind $3
*** HOLE CARDS ***
Mercer29: raises $3 to $6
GRA312: raises $3 to $9
Mercer29: calls $3
*** FLOP *** [9d 7h 2d]
GRA312: bets $3
Mercer29: raises $3 to $6
GRA312: calls $3
*** TURN *** [9d 7h 2d] [Th]
GRA312: checks
Mercer29: bets $6
GRA312: calls $6
*** RIVER *** [9d 7h 2d Th] [Ks]
GRA312: bets $6
Mercer29: raises $6 to $12
GRA312: calls $6
*** SHOW DOWN ***
Mercer29: shows [Kc 7d] (two pair, Kings and Sevens)
GRA312: mucks hand
Mercer29 collected $65.50 from pot
*** SUMMARY ***
Total pot $66 | Rake $0.50
Board [9d 7h 2d Th Ks]
Seat 1: GRA312 (big blind) mucked
Seat 6: Mercer29 (button) (small blind) showed [Kc 7d] and won ($65.50) with two pair, Kings and Sevens


PokerStars Hand #165751809982:  Hold'em Limit ($3/$6 USD) - 2017/02/05 18:30:39 ET
Table 'Adele' 6-max Seat #6 is the button
Seat 1: GRA312 ($88.04 in chips)
Seat 6: Mercer29 ($190.55 in chips)
Mercer29: posts small blind $1
GRA312: posts big blind $3
*** HOLE CARDS ***
Mercer29: folds
Uncalled bet ($2) returned to GRA312
GRA312 collected $2 from pot
*** SUMMARY ***
Total pot $2 | Rake $0
Seat 1: GRA312 (big blind) collected ($2)
Seat 6: Mercer29 (button) (small blind) folded before Flop


PokerStars Hand #165751839401:  Hold'em Limit ($3/$6 USD) - 2017/02/05 18:31:16 ET
Table 'Adele' 6-max Seat #6 is the button
Seat 1: GRA312 ($112.54 in chips)
Seat 6: Mercer29 ($165.55 in chips)
Mercer29: posts small blind $1
GRA312: posts big blind $3
*** HOLE CARDS ***
Mercer29: folds
Uncalled bet ($2) returned to GRA312
GRA312 collected $2 from pot
*** SUMMARY ***
Total pot $2 | Rake $0
Seat 1: GRA312 (big blind) collected ($2)
Seat 6: Mercer29 (button) (small blind) folded before Flop


