PokerStars Hand #145857025140:  Hold'em Limit ($3/$6 USD) - 2015/12/24 13:45:07 ET
Table 'Adeona' 6-max Seat #4 is the button
Seat 3: Dok2920 ($150.63 in chips)
Seat 4: sskpoker ($70 in chips)
sskpoker: posts small blind $1
Dok2920: posts big blind $3
*** HOLE CARDS ***
sskpoker: raises $3 to $6
Dok2920: calls $3
*** FLOP *** [Qd 2h 4d]
Dok2920: checks
sskpoker: bets $3
Dok2920: raises $3 to $6
sskpoker: calls $3
*** TURN *** [Qd 2h 4d] [7d]
Dok2920: bets $6
sskpoker: folds
Uncalled bet ($6) returned to Dok2920
Dok2920 collected $23.52 from pot
*** SUMMARY ***
Total pot $24 | Rake $0.48
Board [Qd 2h 4d 7d]
Seat 3: Dok2920 (big blind) collected ($23.52)
Seat 4: sskpoker (button) (small blind) folded on the Turn


PokerStars Hand #145857052903:  Hold'em Limit ($3/$6 USD) - 2015/12/24 13:45:43 ET
Table 'Adeona' 6-max Seat #4 is the button
Seat 3: Dok2920 ($161.15 in chips)
Seat 4: sskpoker ($59 in chips)
sskpoker: posts small blind $1
Dok2920: posts big blind $3
*** HOLE CARDS ***
sskpoker: raises $3 to $6
Dok2920: calls $3
*** FLOP *** [7s Ks Ah]
Dok2920: checks
sskpoker: bets $3
Dok2920: folds
Uncalled bet ($3) returned to sskpoker
sskpoker collected $11.76 from pot
Dok2920 leaves the table
*** SUMMARY ***
Total pot $12 | Rake $0.24
Board [7s Ks Ah]
Seat 3: Dok2920 (big blind) folded on the Flop
Seat 4: sskpoker (button) (small blind) collected ($11.76)


PokerStars Hand #145857049320:  Hold'em Limit ($3/$6 USD) - 2015/12/24 13:45:39 ET
Table 'Adeona' 6-max Seat #3 is the button
Seat 3: Dok2920 ($162.15 in chips)
Seat 4: sskpoker ($58 in chips)
Dok2920: posts small blind $1
sskpoker: posts big blind $3
*** HOLE CARDS ***
Dok2920: folds
Uncalled bet ($2) returned to sskpoker
sskpoker collected $2 from pot
*** SUMMARY ***
Total pot $2 | Rake $0
Seat 3: Dok2920 (button) (small blind) folded before Flop
Seat 4: sskpoker (big blind) collected ($2)


PokerStars Hand #145857045046:  Hold'em Limit ($3/$6 USD) - 2015/12/24 13:45:33 ET
Table 'Adeona' 6-max Seat #4 is the button
Seat 3: Dok2920 ($165.15 in chips)
Seat 4: sskpoker ($55 in chips)
sskpoker: posts small blind $1
Dok2920: posts big blind $3
*** HOLE CARDS ***
sskpoker: raises $3 to $6
Dok2920: folds
Uncalled bet ($3) returned to sskpoker
sskpoker collected $6 from pot
*** SUMMARY ***
Total pot $6 | Rake $0
Seat 3: Dok2920 (big blind) folded before Flop
Seat 4: sskpoker (button) (small blind) collected ($6)


PokerStars Hand #145857040176:  Hold'em Limit ($3/$6 USD) - 2015/12/24 13:45:27 ET
Table 'Adeona' 6-max Seat #3 is the button
Seat 3: Dok2920 ($162.15 in chips)
Seat 4: sskpoker ($58 in chips)
Dok2920: posts small blind $1
sskpoker: posts big blind $3
*** HOLE CARDS ***
Dok2920: raises $3 to $6
sskpoker: folds
Uncalled bet ($3) returned to Dok2920
Dok2920 collected $6 from pot
*** SUMMARY ***
Total pot $6 | Rake $0
Seat 3: Dok2920 (button) (small blind) collected ($6)
Seat 4: sskpoker (big blind) folded before Flop


