PokerStars Hand #161763441734:  Hold'em Limit ($3/$6 USD) - 2016/11/21 17:36:07 ET
Table 'Adeona' 6-max Seat #6 is the button
Seat 1: Profitables ($118.50 in chips)
Seat 6: denn69 ($101 in chips)
denn69: posts small blind $1
Profitables: posts big blind $3
*** HOLE CARDS ***
denn69: folds
Uncalled bet ($2) returned to Profitables
Profitables collected $2 from pot
Profitables: doesn't show hand
*** SUMMARY ***
Total pot $2 | Rake $0
Seat 1: Profitables (big blind) collected ($2)
Seat 6: denn69 (button) (small blind) folded before Flop


PokerStars Hand #161763428104:  Hold'em Limit ($3/$6 USD) - 2016/11/21 17:35:50 ET
Table 'Adeona' 6-max Seat #1 is the button
Seat 1: Profitables ($101 in chips)
Seat 6: denn69 ($119 in chips)
Profitables: posts small blind $1
denn69: posts big blind $3
*** HOLE CARDS ***
Profitables: raises $3 to $6
denn69: raises $3 to $9
Profitables: calls $3
*** FLOP *** [5s Kd 5c]
denn69: bets $3
Profitables: calls $3
*** TURN *** [5s Kd 5c] [4h]
denn69: checks
Profitables: bets $6
denn69: calls $6
*** RIVER *** [5s Kd 5c 4h] [2c]
denn69: checks
Profitables: checks
*** SHOW DOWN ***
denn69: shows [Jd As] (a pair of Fives)
Profitables: shows [3d 3h] (two pair, Fives and Threes)
vovojc joins the table at seat #2
Profitables collected $35.50 from pot
*** SUMMARY ***
Total pot $36 | Rake $0.50
Board [5s Kd 5c 4h 2c]
Seat 1: Profitables (button) (small blind) showed [3d 3h] and won ($35.50) with two pair, Fives and Threes
Seat 6: denn69 (big blind) showed [Jd As] and lost with a pair of Fives


