PokerStars Hand #175662666173:  Hold'em Limit ($3/$6 USD) - 2017/09/15 2:55:24 ET
Table 'Adeona' 6-max Seat #4 is the button
Seat 3: partyalex92 ($108 in chips)
Seat 4: Agrotait ($77.52 in chips)
Agrotait: posts small blind $1
partyalex92: posts big blind $3
*** HOLE CARDS ***
Agrotait: folds
Uncalled bet ($2) returned to partyalex92
partyalex92 collected $2 from pot
*** SUMMARY ***
Total pot $2 | Rake $0
Seat 3: partyalex92 (big blind) collected ($2)
Seat 4: Agrotait (button) (small blind) folded before Flop


PokerStars Hand #175662662289:  Hold'em Limit ($3/$6 USD) - 2017/09/15 2:55:07 ET
Table 'Adeona' 6-max Seat #3 is the button
Seat 3: partyalex92 ($120 in chips)
Seat 4: Agrotait ($66 in chips)
partyalex92: posts small blind $1
Agrotait: posts big blind $3
*** HOLE CARDS ***
partyalex92: raises $3 to $6
Agrotait: raises $3 to $9
partyalex92: calls $3
*** FLOP *** [5s 7h 2c]
Agrotait: bets $3
partyalex92: calls $3
*** TURN *** [5s 7h 2c] [7s]
Agrotait: bets $6
partyalex92: folds
Uncalled bet ($6) returned to Agrotait
Agrotait collected $23.52 from pot
Agrotait: doesn't show hand
*** SUMMARY ***
Total pot $24 | Rake $0.48
Board [5s 7h 2c 7s]
Seat 3: partyalex92 (button) (small blind) folded on the Turn
Seat 4: Agrotait (big blind) collected ($23.52)


PokerStars Hand #175662667413:  Hold'em Limit ($3/$6 USD) - 2017/09/15 2:55:30 ET
Table 'Adeona' 6-max Seat #3 is the button
Seat 3: partyalex92 ($109 in chips)
Seat 4: Agrotait ($76.52 in chips)
partyalex92: posts small blind $1
Agrotait: posts big blind $3
*** HOLE CARDS ***
partyalex92: folds
Uncalled bet ($2) returned to Agrotait
Agrotait collected $2 from pot
Agrotait: doesn't show hand
*** SUMMARY ***
Total pot $2 | Rake $0
Seat 3: partyalex92 (button) (small blind) folded before Flop
Seat 4: Agrotait (big blind) collected ($2)


PokerStars Hand #175662671044:  Hold'em Limit ($3/$6 USD) - 2017/09/15 2:55:46 ET
Table 'Adeona' 6-max Seat #3 is the button
Seat 3: partyalex92 ($116.64 in chips)
Seat 4: Agrotait ($68.52 in chips)
partyalex92: posts small blind $1
Agrotait: posts big blind $3
*** HOLE CARDS ***
partyalex92: raises $3 to $6
Agrotait: calls $3
*** FLOP *** [Kd 4h 2s]
Agrotait: checks
partyalex92: checks
*** TURN *** [Kd 4h 2s] [3c]
Agrotait: checks
partyalex92: bets $6
Agrotait: folds
Uncalled bet ($6) returned to partyalex92
partyalex92 collected $11.76 from pot
*** SUMMARY ***
Total pot $12 | Rake $0.24
Board [Kd 4h 2s 3c]
Seat 3: partyalex92 (button) (small blind) collected ($11.76)
Seat 4: Agrotait (big blind) folded on the Turn


PokerStars Hand #175662680521:  Hold'em Limit ($3/$6 USD) - 2017/09/15 2:56:28 ET
Table 'Adeona' 6-max Seat #3 is the button
Seat 3: partyalex92 ($98.40 in chips)
Seat 4: Agrotait ($86.02 in chips)
partyalex92: posts small blind $1
Agrotait: posts big blind $3
*** HOLE CARDS ***
partyalex92: folds
Uncalled bet ($2) returned to Agrotait
Agrotait collected $2 from pot
Agrotait: doesn't show hand
*** SUMMARY ***
Total pot $2 | Rake $0
Seat 3: partyalex92 (button) (small blind) folded before Flop
Seat 4: Agrotait (big blind) collected ($2)


PokerStars Hand #175662675033:  Hold'em Limit ($3/$6 USD) - 2017/09/15 2:56:04 ET
Table 'Adeona' 6-max Seat #4 is the button
Seat 3: partyalex92 ($122.40 in chips)
Seat 4: Agrotait ($62.52 in chips)
Agrotait: posts small blind $1
partyalex92: posts big blind $3
*** HOLE CARDS ***
Agrotait: raises $3 to $6
partyalex92: calls $3
*** FLOP *** [7c 6d 4h]
partyalex92: bets $3
Agrotait: raises $3 to $6
partyalex92: calls $3
*** TURN *** [7c 6d 4h] [Td]
partyalex92: checks
Agrotait: bets $6
partyalex92: calls $6
*** RIVER *** [7c 6d 4h Td] [Qh]
partyalex92: checks
Agrotait: bets $6
partyalex92: calls $6
*** SHOW DOWN ***
Agrotait: shows [7d Ac] (a pair of Sevens)
partyalex92: mucks hand
Agrotait collected $47.50 from pot
*** SUMMARY ***
Total pot $48 | Rake $0.50
Board [7c 6d 4h Td Qh]
Seat 3: partyalex92 (big blind) mucked
Seat 4: Agrotait (button) (small blind) showed [7d Ac] and won ($47.50) with a pair of Sevens


PokerStars Hand #175662681607:  Hold'em Limit ($3/$6 USD) - 2017/09/15 2:56:33 ET
Table 'Adeona' 6-max Seat #4 is the button
Seat 3: partyalex92 ($97.40 in chips)
Seat 4: Agrotait ($87.02 in chips)
Agrotait: posts small blind $1
partyalex92: posts big blind $3
*** HOLE CARDS ***
Agrotait: raises $3 to $6
partyalex92: calls $3
*** FLOP *** [8c Jc 5d]
partyalex92: checks
Agrotait: bets $3
partyalex92: calls $3
*** TURN *** [8c Jc 5d] [Kh]
partyalex92: checks
Agrotait: checks
*** RIVER *** [8c Jc 5d Kh] [Ks]
partyalex92: checks
Agrotait: checks
*** SHOW DOWN ***
partyalex92: shows [2h 6h] (a pair of Kings)
Agrotait: shows [4s Ad] (a pair of Kings - Ace kicker)
Agrotait collected $17.64 from pot
*** SUMMARY ***
Total pot $18 | Rake $0.36
Board [8c Jc 5d Kh Ks]
Seat 3: partyalex92 (big blind) showed [2h 6h] and lost with a pair of Kings
Seat 4: Agrotait (button) (small blind) showed [4s Ad] and won ($17.64) with a pair of Kings


PokerStars Hand #175662685602:  Hold'em Limit ($3/$6 USD) - 2017/09/15 2:56:51 ET
Table 'Adeona' 6-max Seat #3 is the button
Seat 3: partyalex92 ($88.40 in chips)
Seat 4: Agrotait ($95.66 in chips)
partyalex92: posts small blind $1
Agrotait: posts big blind $3
*** HOLE CARDS ***
partyalex92: calls $2
Agrotait: checks
*** FLOP *** [Qs Kh 7c]
Agrotait: checks
partyalex92: checks
*** TURN *** [Qs Kh 7c] [2s]
Agrotait: bets $6
partyalex92: folds
Uncalled bet ($6) returned to Agrotait
Agrotait collected $5.88 from pot
Agrotait: doesn't show hand
*** SUMMARY ***
Total pot $6 | Rake $0.12
Board [Qs Kh 7c 2s]
Seat 3: partyalex92 (button) (small blind) folded on the Turn
Seat 4: Agrotait (big blind) collected ($5.88)


PokerStars Hand #175662695099:  Hold'em Limit ($3/$6 USD) - 2017/09/15 2:57:33 ET
Table 'Adeona' 6-max Seat #3 is the button
Seat 3: partyalex92 ($96.92 in chips)
Seat 4: Agrotait ($86.54 in chips)
partyalex92: posts small blind $1
Agrotait: posts big blind $3
*** HOLE CARDS ***
partyalex92: folds
Uncalled bet ($2) returned to Agrotait
Agrotait collected $2 from pot
Agrotait: doesn't show hand
*** SUMMARY ***
Total pot $2 | Rake $0
Seat 3: partyalex92 (button) (small blind) folded before Flop
Seat 4: Agrotait (big blind) collected ($2)


PokerStars Hand #175662690197:  Hold'em Limit ($3/$6 USD) - 2017/09/15 2:57:11 ET
Table 'Adeona' 6-max Seat #4 is the button
Seat 3: partyalex92 ($85.40 in chips)
Seat 4: Agrotait ($98.54 in chips)
Agrotait: posts small blind $1
partyalex92: posts big blind $3
*** HOLE CARDS ***
Agrotait: raises $3 to $6
partyalex92: calls $3
*** FLOP *** [Qs Tc 6h]
partyalex92: bets $3
Agrotait: raises $3 to $6
partyalex92: calls $3
*** TURN *** [Qs Tc 6h] [7c]
partyalex92: checks
Agrotait: checks
*** RIVER *** [Qs Tc 6h 7c] [5c]
partyalex92: bets $6
Agrotait: folds
Uncalled bet ($6) returned to partyalex92
partyalex92 collected $23.52 from pot
*** SUMMARY ***
Total pot $24 | Rake $0.48
Board [Qs Tc 6h 7c 5c]
Seat 3: partyalex92 (big blind) collected ($23.52)
Seat 4: Agrotait (button) (small blind) folded on the River


PokerStars Hand #175662696227:  Hold'em Limit ($3/$6 USD) - 2017/09/15 2:57:38 ET
Table 'Adeona' 6-max Seat #4 is the button
Seat 3: partyalex92 ($95.92 in chips)
Seat 4: Agrotait ($87.54 in chips)
Agrotait: posts small blind $1
partyalex92: posts big blind $3
*** HOLE CARDS ***
Agrotait: raises $3 to $6
partyalex92: calls $3
*** FLOP *** [7s 2s Kc]
partyalex92: checks
Agrotait: bets $3
partyalex92: folds
Uncalled bet ($3) returned to Agrotait
Agrotait collected $11.76 from pot
Agrotait: doesn't show hand
*** SUMMARY ***
Total pot $12 | Rake $0.24
Board [7s 2s Kc]
Seat 3: partyalex92 (big blind) folded on the Flop
Seat 4: Agrotait (button) (small blind) collected ($11.76)


PokerStars Hand #175662709391:  Hold'em Limit ($3/$6 USD) - 2017/09/15 2:58:35 ET
Table 'Adeona' 6-max Seat #4 is the button
Seat 3: partyalex92 ($88.92 in chips)
Seat 4: Agrotait ($94.30 in chips)
Agrotait: posts small blind $1
partyalex92: posts big blind $3
*** HOLE CARDS ***
Agrotait: raises $3 to $6
partyalex92: calls $3
*** FLOP *** [Qs 9c Jh]
partyalex92: checks
Agrotait: checks
*** TURN *** [Qs 9c Jh] [3c]
partyalex92: bets $6
Agrotait: folds
Uncalled bet ($6) returned to partyalex92
partyalex92 collected $11.76 from pot
*** SUMMARY ***
Total pot $12 | Rake $0.24
Board [Qs 9c Jh 3c]
Seat 3: partyalex92 (big blind) collected ($11.76)
Seat 4: Agrotait (button) (small blind) folded on the Turn


PokerStars Hand #175662708378:  Hold'em Limit ($3/$6 USD) - 2017/09/15 2:58:31 ET
Table 'Adeona' 6-max Seat #3 is the button
Seat 3: partyalex92 ($89.92 in chips)
Seat 4: Agrotait ($93.30 in chips)
partyalex92: posts small blind $1
Agrotait: posts big blind $3
*** HOLE CARDS ***
partyalex92: folds
Uncalled bet ($2) returned to Agrotait
Agrotait collected $2 from pot
Agrotait: doesn't show hand
*** SUMMARY ***
Total pot $2 | Rake $0
Seat 3: partyalex92 (button) (small blind) folded before Flop
Seat 4: Agrotait (big blind) collected ($2)


PokerStars Hand #175662714900:  Hold'em Limit ($3/$6 USD) - 2017/09/15 2:59:00 ET
Table 'Adeona' 6-max Seat #3 is the button
Seat 3: partyalex92 ($94.68 in chips)
Seat 4: Agrotait ($88.30 in chips)
partyalex92: posts small blind $1
Agrotait: posts big blind $3
*** HOLE CARDS ***
partyalex92: raises $3 to $6
Agrotait: folds
Uncalled bet ($3) returned to partyalex92
partyalex92 collected $6 from pot
*** SUMMARY ***
Total pot $6 | Rake $0
Seat 3: partyalex92 (button) (small blind) collected ($6)
Seat 4: Agrotait (big blind) folded before Flop


PokerStars Hand #175662811486:  Hold'em Limit ($3/$6 USD) - 2017/09/15 3:05:41 ET
Table 'Adeona' 6-max Seat #5 is the button
Seat 4: Agrotait ($86.71 in chips)
Seat 5: Mordnilap ($72 in chips)
Mordnilap: posts small blind $1
Agrotait: posts big blind $3
*** HOLE CARDS ***
Mordnilap: raises $3 to $6
Agrotait: raises $3 to $9
Mordnilap: calls $3
*** FLOP *** [As 4h 3h]
Agrotait: bets $3
Mordnilap: calls $3
*** TURN *** [As 4h 3h] [Qs]
Agrotait: bets $6
Mordnilap: calls $6
*** RIVER *** [As 4h 3h Qs] [6h]
Agrotait: checks
Mordnilap: bets $6
Agrotait: calls $6
*** SHOW DOWN ***
Mordnilap: shows [Kd Qc] (a pair of Queens)
Agrotait: shows [7d Ad] (a pair of Aces)
Agrotait collected $47.50 from pot
*** SUMMARY ***
Total pot $48 | Rake $0.50
Board [As 4h 3h Qs 6h]
Seat 4: Agrotait (big blind) showed [7d Ad] and won ($47.50) with a pair of Aces
Seat 5: Mordnilap (button) (small blind) showed [Kd Qc] and lost with a pair of Queens


