PokerStars Hand #156078893471:  Hold'em Limit ($3/$6 USD) - 2016/07/17 9:17:30 ET
Table 'Adhafera' 10-max Seat #2 is the button
Seat 1: Scheubi88 ($90 in chips)
Seat 2: kolaz03 ($72 in chips)
kolaz03: posts small blind $1
anetkaapro has timed out
anetkaapro: is sitting out
Scheubi88: posts big blind $3
*** HOLE CARDS ***
kolaz03: raises $3 to $6
Scheubi88: calls $3
*** FLOP *** [8s 4s 4d]
Scheubi88: checks
kolaz03: bets $3
Scheubi88: calls $3
*** TURN *** [8s 4s 4d] [7h]
Scheubi88: checks
kolaz03: checks
*** RIVER *** [8s 4s 4d 7h] [6h]
Scheubi88: bets $6
kolaz03: folds
Uncalled bet ($6) returned to Scheubi88
Scheubi88 collected $17.64 from pot
Scheubi88: doesn't show hand
*** SUMMARY ***
Total pot $18 | Rake $0.36
Board [8s 4s 4d 7h 6h]
Seat 1: Scheubi88 (big blind) collected ($17.64)
Seat 2: kolaz03 (button) (small blind) folded on the River


PokerStars Hand #156078936914:  Hold'em Limit ($3/$6 USD) - 2016/07/17 9:18:46 ET
Table 'Adhafera' 10-max Seat #1 is the button
Seat 1: Scheubi88 ($98.64 in chips)
Seat 2: kolaz03 ($72 in chips)
Scheubi88: posts small blind $1
kolaz03: posts big blind $3
*** HOLE CARDS ***
Scheubi88: raises $3 to $6
kolaz03: calls $3
*** FLOP *** [3s Kd 3c]
kolaz03: checks
Scheubi88: bets $3
kolaz03: folds
Uncalled bet ($3) returned to Scheubi88
Scheubi88 collected $11.76 from pot
Scheubi88: doesn't show hand
*** SUMMARY ***
Total pot $12 | Rake $0.24
Board [3s Kd 3c]
Seat 1: Scheubi88 (button) (small blind) collected ($11.76)
Seat 2: kolaz03 (big blind) folded on the Flop


PokerStars Hand #156078973279:  Hold'em Limit ($3/$6 USD) - 2016/07/17 9:19:50 ET
Table 'Adhafera' 10-max Seat #1 is the button
Seat 1: Scheubi88 ($98.04 in chips)
Seat 2: kolaz03 ($79.64 in chips)
Scheubi88: posts small blind $1
kolaz03: posts big blind $3
*** HOLE CARDS ***
Scheubi88: folds
Uncalled bet ($2) returned to kolaz03
kolaz03 collected $2 from pot
kolaz03: doesn't show hand
*** SUMMARY ***
Total pot $2 | Rake $0
Seat 1: Scheubi88 (button) (small blind) folded before Flop
Seat 2: kolaz03 (big blind) collected ($2)


PokerStars Hand #156078970795:  Hold'em Limit ($3/$6 USD) - 2016/07/17 9:19:46 ET
Table 'Adhafera' 10-max Seat #2 is the button
Seat 1: Scheubi88 ($97.04 in chips)
Seat 2: kolaz03 ($80.64 in chips)
kolaz03: posts small blind $1
Scheubi88: posts big blind $3
*** HOLE CARDS ***
kolaz03: folds
Uncalled bet ($2) returned to Scheubi88
Scheubi88 collected $2 from pot
Scheubi88: doesn't show hand
*** SUMMARY ***
Total pot $2 | Rake $0
Seat 1: Scheubi88 (big blind) collected ($2)
Seat 2: kolaz03 (button) (small blind) folded before Flop


PokerStars Hand #156078955306:  Hold'em Limit ($3/$6 USD) - 2016/07/17 9:19:18 ET
Table 'Adhafera' 10-max Seat #2 is the button
Seat 1: Scheubi88 ($97.40 in chips)
Seat 2: kolaz03 ($78.76 in chips)
kolaz03: posts small blind $1
Scheubi88: posts big blind $3
*** HOLE CARDS ***
kolaz03: raises $3 to $6
Scheubi88: calls $3
*** FLOP *** [4h 9c 4c]
Scheubi88: checks
kolaz03: bets $3
Scheubi88: raises $3 to $6
kolaz03: folds
Uncalled bet ($3) returned to Scheubi88
Scheubi88 collected $17.64 from pot
Scheubi88: doesn't show hand
*** SUMMARY ***
Total pot $18 | Rake $0.36
Board [4h 9c 4c]
Seat 1: Scheubi88 (big blind) collected ($17.64)
Seat 2: kolaz03 (button) (small blind) folded on the Flop


PokerStars Hand #156078952558:  Hold'em Limit ($3/$6 USD) - 2016/07/17 9:19:13 ET
Table 'Adhafera' 10-max Seat #1 is the button
Seat 1: Scheubi88 ($98.40 in chips)
Seat 2: kolaz03 ($77.76 in chips)
Scheubi88: posts small blind $1
kolaz03: posts big blind $3
*** HOLE CARDS ***
Scheubi88: folds
Uncalled bet ($2) returned to kolaz03
kolaz03 collected $2 from pot
kolaz03: doesn't show hand
*** SUMMARY ***
Total pot $2 | Rake $0
Seat 1: Scheubi88 (button) (small blind) folded before Flop
Seat 2: kolaz03 (big blind) collected ($2)


PokerStars Hand #156078947263:  Hold'em Limit ($3/$6 USD) - 2016/07/17 9:19:04 ET
Table 'Adhafera' 10-max Seat #2 is the button
Seat 1: Scheubi88 ($104.40 in chips)
Seat 2: kolaz03 ($72 in chips)
kolaz03: posts small blind $1
Scheubi88: posts big blind $3
*** HOLE CARDS ***
kolaz03: raises $3 to $6
Scheubi88: calls $3
*** FLOP *** [Qd 3d 3s]
Scheubi88: checks
kolaz03: bets $3
Scheubi88: folds
Uncalled bet ($3) returned to kolaz03
kolaz03 collected $11.76 from pot
kolaz03: doesn't show hand
*** SUMMARY ***
Total pot $12 | Rake $0.24
Board [Qd 3d 3s]
Seat 1: Scheubi88 (big blind) folded on the Flop
Seat 2: kolaz03 (button) (small blind) collected ($11.76)


PokerStars Hand #156078961571:  Hold'em Limit ($3/$6 USD) - 2016/07/17 9:19:29 ET
Table 'Adhafera' 10-max Seat #1 is the button
Seat 1: Scheubi88 ($106.04 in chips)
Seat 2: kolaz03 ($72 in chips)
Scheubi88: posts small blind $1
kolaz03: posts big blind $3
*** HOLE CARDS ***
Scheubi88: raises $3 to $6
kolaz03: calls $3
*** FLOP *** [2c Ts 9d]
kolaz03: checks
Scheubi88: bets $3
kolaz03: raises $3 to $6
Scheubi88: folds
Uncalled bet ($3) returned to kolaz03
kolaz03 collected $17.64 from pot
kolaz03: doesn't show hand
*** SUMMARY ***
Total pot $18 | Rake $0.36
Board [2c Ts 9d]
Seat 1: Scheubi88 (button) (small blind) folded on the Flop
Seat 2: kolaz03 (big blind) collected ($17.64)


PokerStars Hand #156078985198:  Hold'em Limit ($3/$6 USD) - 2016/07/17 9:20:11 ET
Table 'Adhafera' 10-max Seat #1 is the button
Seat 1: Scheubi88 ($111.54 in chips)
Seat 2: kolaz03 ($72 in chips)
Scheubi88: posts small blind $1
kolaz03: posts big blind $3
*** HOLE CARDS ***
Scheubi88: raises $3 to $6
kolaz03: folds
Uncalled bet ($3) returned to Scheubi88
Scheubi88 collected $6 from pot
Scheubi88: doesn't show hand
*** SUMMARY ***
Total pot $6 | Rake $0
Seat 1: Scheubi88 (button) (small blind) collected ($6)
Seat 2: kolaz03 (big blind) folded before Flop


PokerStars Hand #156078976850:  Hold'em Limit ($3/$6 USD) - 2016/07/17 9:19:56 ET
Table 'Adhafera' 10-max Seat #2 is the button
Seat 1: Scheubi88 ($97.04 in chips)
Seat 2: kolaz03 ($80.64 in chips)
kolaz03: posts small blind $1
Scheubi88: posts big blind $3
*** HOLE CARDS ***
kolaz03: raises $3 to $6
Scheubi88: calls $3
*** FLOP *** [6s 4s 8d]
Scheubi88: checks
kolaz03: bets $3
Scheubi88: calls $3
*** TURN *** [6s 4s 8d] [6h]
Scheubi88: checks
kolaz03: bets $6
Scheubi88: calls $6
*** RIVER *** [6s 4s 8d 6h] [5s]
Scheubi88: checks
kolaz03: checks
*** SHOW DOWN ***
Scheubi88: shows [8s Td] (two pair, Eights and Sixes)
kolaz03: mucks hand
Scheubi88 collected $29.50 from pot
*** SUMMARY ***
Total pot $30 | Rake $0.50
Board [6s 4s 8d 6h 5s]
Seat 1: Scheubi88 (big blind) showed [8s Td] and won ($29.50) with two pair, Eights and Sixes
Seat 2: kolaz03 (button) (small blind) mucked


PokerStars Hand #156078988963:  Hold'em Limit ($3/$6 USD) - 2016/07/17 9:20:17 ET
Table 'Adhafera' 10-max Seat #2 is the button
Seat 1: Scheubi88 ($114.54 in chips)
Seat 2: kolaz03 ($72 in chips)
kolaz03: posts small blind $1
Scheubi88: posts big blind $3
*** HOLE CARDS ***
kolaz03: raises $3 to $6
Scheubi88: calls $3
*** FLOP *** [6d Tc Ad]
Scheubi88: checks
kolaz03: bets $3
Scheubi88: folds
Uncalled bet ($3) returned to kolaz03
kolaz03 collected $11.76 from pot
kolaz03: doesn't show hand
*** SUMMARY ***
Total pot $12 | Rake $0.24
Board [6d Tc Ad]
Seat 1: Scheubi88 (big blind) folded on the Flop
Seat 2: kolaz03 (button) (small blind) collected ($11.76)


PokerStars Hand #156079001342:  Hold'em Limit ($3/$6 USD) - 2016/07/17 9:20:39 ET
Table 'Adhafera' 10-max Seat #1 is the button
Seat 1: Scheubi88 ($108.54 in chips)
Seat 2: kolaz03 ($77.76 in chips)
Scheubi88: posts small blind $1
kolaz03: posts big blind $3
*** HOLE CARDS ***
Scheubi88: raises $3 to $6
kolaz03: calls $3
*** FLOP *** [4c 4s 3d]
kolaz03: checks
Scheubi88: bets $3
kolaz03: calls $3
*** TURN *** [4c 4s 3d] [6d]
kolaz03: checks
Scheubi88: checks
*** RIVER *** [4c 4s 3d 6d] [Qc]
kolaz03: bets $6
Scheubi88: calls $6
*** SHOW DOWN ***
kolaz03: shows [Qd 7c] (two pair, Queens and Fours)
Scheubi88: mucks hand
kolaz03 collected $29.50 from pot
*** SUMMARY ***
Total pot $30 | Rake $0.50
Board [4c 4s 3d 6d Qc]
Seat 1: Scheubi88 (button) (small blind) mucked
Seat 2: kolaz03 (big blind) showed [Qd 7c] and won ($29.50) with two pair, Queens and Fours


PokerStars Hand #156078997947:  Hold'em Limit ($3/$6 USD) - 2016/07/17 9:20:33 ET
Table 'Adhafera' 10-max Seat #2 is the button
Seat 1: Scheubi88 ($111.54 in chips)
Seat 2: kolaz03 ($74.76 in chips)
kolaz03: posts small blind $1
Scheubi88: posts big blind $3
*** HOLE CARDS ***
kolaz03: raises $3 to $6
Scheubi88: folds
Uncalled bet ($3) returned to kolaz03
kolaz03 collected $6 from pot
kolaz03: doesn't show hand
*** SUMMARY ***
Total pot $6 | Rake $0
Seat 1: Scheubi88 (big blind) folded before Flop
Seat 2: kolaz03 (button) (small blind) collected ($6)


PokerStars Hand #156078994296:  Hold'em Limit ($3/$6 USD) - 2016/07/17 9:20:27 ET
Table 'Adhafera' 10-max Seat #1 is the button
Seat 1: Scheubi88 ($108.54 in chips)
Seat 2: kolaz03 ($77.76 in chips)
Scheubi88: posts small blind $1
kolaz03: posts big blind $3
*** HOLE CARDS ***
Scheubi88: raises $3 to $6
kolaz03: folds
Uncalled bet ($3) returned to Scheubi88
Scheubi88 collected $6 from pot
Scheubi88: doesn't show hand
*** SUMMARY ***
Total pot $6 | Rake $0
Seat 1: Scheubi88 (button) (small blind) collected ($6)
Seat 2: kolaz03 (big blind) folded before Flop


PokerStars Hand #156079011275:  Hold'em Limit ($3/$6 USD) - 2016/07/17 9:20:57 ET
Table 'Adhafera' 10-max Seat #2 is the button
Seat 1: Scheubi88 ($93.54 in chips)
Seat 2: kolaz03 ($92.26 in chips)
kolaz03: posts small blind $1
Scheubi88: posts big blind $3
*** HOLE CARDS ***
kolaz03: raises $3 to $6
Scheubi88: calls $3
*** FLOP *** [9d 6s 4s]
Scheubi88: checks
kolaz03: bets $3
Scheubi88: calls $3
*** TURN *** [9d 6s 4s] [8s]
Scheubi88: checks
kolaz03: checks
*** RIVER *** [9d 6s 4s 8s] [Jc]
Scheubi88: bets $6
kolaz03: folds
Uncalled bet ($6) returned to Scheubi88
Scheubi88 collected $17.64 from pot
Scheubi88: doesn't show hand
*** SUMMARY ***
Total pot $18 | Rake $0.36
Board [9d 6s 4s 8s Jc]
Seat 1: Scheubi88 (big blind) collected ($17.64)
Seat 2: kolaz03 (button) (small blind) folded on the River


PokerStars Hand #156079023579:  Hold'em Limit ($3/$6 USD) - 2016/07/17 9:21:18 ET
Table 'Adhafera' 10-max Seat #1 is the button
Seat 1: Scheubi88 ($102.18 in chips)
Seat 2: kolaz03 ($83.26 in chips)
Scheubi88: posts small blind $1
kolaz03: posts big blind $3
*** HOLE CARDS ***
Scheubi88: raises $3 to $6
kolaz03: folds
Uncalled bet ($3) returned to Scheubi88
Scheubi88 collected $6 from pot
Scheubi88: doesn't show hand
*** SUMMARY ***
Total pot $6 | Rake $0
Seat 1: Scheubi88 (button) (small blind) collected ($6)
Seat 2: kolaz03 (big blind) folded before Flop


PokerStars Hand #156079027533:  Hold'em Limit ($3/$6 USD) - 2016/07/17 9:21:25 ET
Table 'Adhafera' 10-max Seat #2 is the button
Seat 1: Scheubi88 ($105.18 in chips)
Seat 2: kolaz03 ($80.26 in chips)
kolaz03: posts small blind $1
Scheubi88: posts big blind $3
*** HOLE CARDS ***
kolaz03: raises $3 to $6
Scheubi88 said, "polak, did you ever steal a car?"
Scheubi88: calls $3
*** FLOP *** [8s 7d Jc]
Scheubi88: checks
kolaz03: bets $3
Scheubi88: calls $3
*** TURN *** [8s 7d Jc] [2s]
kolaz03 said, "yes"
Scheubi88: checks
kolaz03 said, "twice"
kolaz03: checks
*** RIVER *** [8s 7d Jc 2s] [8c]
Scheubi88: bets $6
kolaz03: calls $6
*** SHOW DOWN ***
Scheubi88: shows [7s Jh] (two pair, Jacks and Eights)
kolaz03: mucks hand
Scheubi88 collected $29.50 from pot
*** SUMMARY ***
Total pot $30 | Rake $0.50
Board [8s 7d Jc 2s 8c]
Seat 1: Scheubi88 (big blind) showed [7s Jh] and won ($29.50) with two pair, Jacks and Eights
Seat 2: kolaz03 (button) (small blind) mucked


PokerStars Hand #156079044986:  Hold'em Limit ($3/$6 USD) - 2016/07/17 9:21:56 ET
Table 'Adhafera' 10-max Seat #1 is the button
Seat 1: Scheubi88 ($119.68 in chips)
Seat 2: kolaz03 ($72 in chips)
Scheubi88: posts small blind $1
kolaz03: posts big blind $3
*** HOLE CARDS ***
Scheubi88 said, "do you remember 1939?"
Scheubi88: raises $3 to $6
kolaz03: calls $3
*** FLOP *** [Jh Qh 7d]
kolaz03 said, "yes"
FaStBluff joins the table at seat #3
kolaz03 said, "good blizkrig"
YourMother66 joins the table at seat #4
kolaz03 said, "nice tactics"
kolaz03: checks
Scheubi88: bets $3
kolaz03: raises $3 to $6
Scheubi88: calls $3
*** TURN *** [Jh Qh 7d] [Th]
kolaz03: bets $6
Scheubi88: raises $6 to $12
kolaz03: calls $6
*** RIVER *** [Jh Qh 7d Th] [9s]
kolaz03: checks
Scheubi88: bets $6
kolaz03: folds
Uncalled bet ($6) returned to Scheubi88
Scheubi88 collected $47.50 from pot
Scheubi88: doesn't show hand
*** SUMMARY ***
Total pot $48 | Rake $0.50
Board [Jh Qh 7d Th 9s]
Seat 1: Scheubi88 (button) (small blind) collected ($47.50)
Seat 2: kolaz03 (big blind) folded on the River


PokerStars Hand #156079151461:  Hold'em Limit ($3/$6 USD) - 2016/07/17 9:25:03 ET
Table 'Adhafera' 10-max Seat #4 is the button
Seat 3: FaStBluff ($99.74 in chips)
Seat 4: YourMother66 ($123 in chips)
YourMother66: posts small blind $1
kolaz03: is sitting out
FaStBluff: posts big blind $3
*** HOLE CARDS ***
YourMother66: folds
Uncalled bet ($2) returned to FaStBluff
kolaz03 leaves the table
FaStBluff collected $2 from pot
FaStBluff: doesn't show hand
*** SUMMARY ***
Total pot $2 | Rake $0
Seat 3: FaStBluff (big blind) collected ($2)
Seat 4: YourMother66 (button) (small blind) folded before Flop


PokerStars Hand #156079153979:  Hold'em Limit ($3/$6 USD) - 2016/07/17 9:25:07 ET
Table 'Adhafera' 10-max Seat #3 is the button
Seat 3: FaStBluff ($100.74 in chips)
Seat 4: YourMother66 ($122 in chips)
FaStBluff: posts small blind $1
YourMother66: posts big blind $3
*** HOLE CARDS ***
FaStBluff: raises $3 to $6
YourMother66: calls $3
*** FLOP *** [Jd 3d Qd]
YourMother66: checks
FaStBluff: bets $3
YourMother66: folds
Uncalled bet ($3) returned to FaStBluff
FaStBluff collected $11.76 from pot
FaStBluff: doesn't show hand
*** SUMMARY ***
Total pot $12 | Rake $0.24
Board [Jd 3d Qd]
Seat 3: FaStBluff (button) (small blind) collected ($11.76)
Seat 4: YourMother66 (big blind) folded on the Flop


PokerStars Hand #156079158826:  Hold'em Limit ($3/$6 USD) - 2016/07/17 9:25:16 ET
Table 'Adhafera' 10-max Seat #4 is the button
Seat 3: FaStBluff ($106.50 in chips)
Seat 4: YourMother66 ($116 in chips)
YourMother66: posts small blind $1
FaStBluff: posts big blind $3
*** HOLE CARDS ***
YourMother66: raises $3 to $6
FaStBluff: calls $3
*** FLOP *** [9d Td 6d]
FaStBluff: checks
YourMother66: bets $3
FaStBluff: folds
Uncalled bet ($3) returned to YourMother66
YourMother66 collected $11.76 from pot
YourMother66: doesn't show hand
*** SUMMARY ***
Total pot $12 | Rake $0.24
Board [9d Td 6d]
Seat 3: FaStBluff (big blind) folded on the Flop
Seat 4: YourMother66 (button) (small blind) collected ($11.76)


PokerStars Hand #156079178872:  Hold'em Limit ($3/$6 USD) - 2016/07/17 9:25:51 ET
Table 'Adhafera' 10-max Seat #4 is the button
Seat 3: FaStBluff ($58.50 in chips)
Seat 4: YourMother66 ($163.26 in chips)
YourMother66: posts small blind $1
FaStBluff: posts big blind $3
*** HOLE CARDS ***
YourMother66: raises $3 to $6
FaStBluff: calls $3
*** FLOP *** [Th 7s Kd]
FaStBluff: checks
YourMother66: bets $3
FaStBluff: calls $3
*** TURN *** [Th 7s Kd] [Jc]
FaStBluff: checks
YourMother66: checks
*** RIVER *** [Th 7s Kd Jc] [5c]
FaStBluff: checks
YourMother66: checks
*** SHOW DOWN ***
FaStBluff: shows [5d 3d] (a pair of Fives)
YourMother66: mucks hand
FaStBluff collected $17.64 from pot
*** SUMMARY ***
Total pot $18 | Rake $0.36
Board [Th 7s Kd Jc 5c]
Seat 3: FaStBluff (big blind) showed [5d 3d] and won ($17.64) with a pair of Fives
Seat 4: YourMother66 (button) (small blind) mucked


PokerStars Hand #156079166963:  Hold'em Limit ($3/$6 USD) - 2016/07/17 9:25:30 ET
Table 'Adhafera' 10-max Seat #3 is the button
Seat 3: FaStBluff ($100.50 in chips)
Seat 4: YourMother66 ($121.76 in chips)
FaStBluff: posts small blind $1
YourMother66: posts big blind $3
*** HOLE CARDS ***
FaStBluff: raises $3 to $6
YourMother66: raises $3 to $9
FaStBluff: calls $3
*** FLOP *** [8c Kd 7d]
YourMother66: bets $3
FaStBluff: calls $3
*** TURN *** [8c Kd 7d] [6c]
YourMother66: bets $6
FaStBluff: raises $6 to $12
YourMother66: raises $6 to $18
FaStBluff: raises $6 to $24
Betting is capped
YourMother66: calls $6
*** RIVER *** [8c Kd 7d 6c] [Th]
YourMother66: checks
FaStBluff: bets $6
YourMother66: calls $6
*** SHOW DOWN ***
FaStBluff: shows [6d 6s] (three of a kind, Sixes)
YourMother66: shows [7h 7c] (three of a kind, Sevens)
YourMother66 collected $83.50 from pot
*** SUMMARY ***
Total pot $84 | Rake $0.50
Board [8c Kd 7d 6c Th]
Seat 3: FaStBluff (button) (small blind) showed [6d 6s] and lost with three of a kind, Sixes
Seat 4: YourMother66 (big blind) showed [7h 7c] and won ($83.50) with three of a kind, Sevens


PokerStars Hand #156079193718:  Hold'em Limit ($3/$6 USD) - 2016/07/17 9:26:17 ET
Table 'Adhafera' 10-max Seat #3 is the button
Seat 3: FaStBluff ($71.14 in chips)
Seat 4: YourMother66 ($150.26 in chips)
FaStBluff: posts small blind $1
YourMother66: posts big blind $3
*** HOLE CARDS ***
FaStBluff: raises $3 to $6
YourMother66: raises $3 to $9
FaStBluff: calls $3
*** FLOP *** [9d 2h 3d]
YourMother66: bets $3
FaStBluff: calls $3
*** TURN *** [9d 2h 3d] [Tc]
YourMother66: checks
FaStBluff: checks
*** RIVER *** [9d 2h 3d Tc] [5c]
YourMother66: checks
FaStBluff: checks
*** SHOW DOWN ***
YourMother66: shows [As Jd] (high card Ace)
FaStBluff: mucks hand
YourMother66 collected $23.52 from pot
*** SUMMARY ***
Total pot $24 | Rake $0.48
Board [9d 2h 3d Tc 5c]
Seat 3: FaStBluff (button) (small blind) mucked
Seat 4: YourMother66 (big blind) showed [As Jd] and won ($23.52) with high card Ace


PokerStars Hand #156079191350:  Hold'em Limit ($3/$6 USD) - 2016/07/17 9:26:13 ET
Table 'Adhafera' 10-max Seat #4 is the button
Seat 3: FaStBluff ($70.14 in chips)
Seat 4: YourMother66 ($151.26 in chips)
YourMother66: posts small blind $1
FaStBluff: posts big blind $3
*** HOLE CARDS ***
YourMother66: folds
Uncalled bet ($2) returned to FaStBluff
FaStBluff collected $2 from pot
FaStBluff: doesn't show hand
*** SUMMARY ***
Total pot $2 | Rake $0
Seat 3: FaStBluff (big blind) collected ($2)
Seat 4: YourMother66 (button) (small blind) folded before Flop


PokerStars Hand #156079188662:  Hold'em Limit ($3/$6 USD) - 2016/07/17 9:26:09 ET
Table 'Adhafera' 10-max Seat #3 is the button
Seat 3: FaStBluff ($67.14 in chips)
Seat 4: YourMother66 ($154.26 in chips)
FaStBluff: posts small blind $1
YourMother66: posts big blind $3
*** HOLE CARDS ***
FaStBluff: raises $3 to $6
YourMother66: folds
Uncalled bet ($3) returned to FaStBluff
FaStBluff collected $6 from pot
FaStBluff: doesn't show hand
*** SUMMARY ***
Total pot $6 | Rake $0
Seat 3: FaStBluff (button) (small blind) collected ($6)
Seat 4: YourMother66 (big blind) folded before Flop


PokerStars Hand #156079218204:  Hold'em Limit ($3/$6 USD) - 2016/07/17 9:27:00 ET
Table 'Adhafera' 10-max Seat #4 is the button
Seat 3: FaStBluff ($52.64 in chips)
Seat 4: YourMother66 ($167.28 in chips)
YourMother66: posts small blind $1
FaStBluff: posts big blind $3
*** HOLE CARDS ***
YourMother66: folds
Uncalled bet ($2) returned to FaStBluff
FaStBluff collected $2 from pot
FaStBluff: doesn't show hand
*** SUMMARY ***
Total pot $2 | Rake $0
Seat 3: FaStBluff (big blind) collected ($2)
Seat 4: YourMother66 (button) (small blind) folded before Flop


PokerStars Hand #156079209008:  Hold'em Limit ($3/$6 USD) - 2016/07/17 9:26:44 ET
Table 'Adhafera' 10-max Seat #3 is the button
Seat 3: FaStBluff ($76.64 in chips)
Seat 4: YourMother66 ($143.78 in chips)
FaStBluff: posts small blind $1
YourMother66: posts big blind $3
*** HOLE CARDS ***
FaStBluff: raises $3 to $6
YourMother66: raises $3 to $9
FaStBluff: calls $3
*** FLOP *** [4s 2c Qs]
YourMother66: bets $3
FaStBluff: calls $3
*** TURN *** [4s 2c Qs] [Qh]
YourMother66: bets $6
FaStBluff: calls $6
*** RIVER *** [4s 2c Qs Qh] [9d]
YourMother66: bets $6
FaStBluff: calls $6
*** SHOW DOWN ***
YourMother66: shows [5c 5d] (two pair, Queens and Fives)
FaStBluff: mucks hand
YourMother66 collected $47.50 from pot
*** SUMMARY ***
Total pot $48 | Rake $0.50
Board [4s 2c Qs Qh 9d]
Seat 3: FaStBluff (button) (small blind) mucked
Seat 4: YourMother66 (big blind) showed [5c 5d] and won ($47.50) with two pair, Queens and Fives


PokerStars Hand #156079201474:  Hold'em Limit ($3/$6 USD) - 2016/07/17 9:26:31 ET
Table 'Adhafera' 10-max Seat #4 is the button
Seat 3: FaStBluff ($59.14 in chips)
Seat 4: YourMother66 ($161.78 in chips)
YourMother66: posts small blind $1
FaStBluff: posts big blind $3
*** HOLE CARDS ***
YourMother66: raises $3 to $6
FaStBluff: calls $3
*** FLOP *** [5d 9s 8s]
FaStBluff: checks
YourMother66: bets $3
FaStBluff: raises $3 to $6
YourMother66: calls $3
*** TURN *** [5d 9s 8s] [5s]
FaStBluff: bets $6
YourMother66: calls $6
*** RIVER *** [5d 9s 8s 5s] [7d]
FaStBluff: bets $6
YourMother66: folds
Uncalled bet ($6) returned to FaStBluff
FaStBluff collected $35.50 from pot
FaStBluff: doesn't show hand
*** SUMMARY ***
Total pot $36 | Rake $0.50
Board [5d 9s 8s 5s 7d]
Seat 3: FaStBluff (big blind) collected ($35.50)
Seat 4: YourMother66 (button) (small blind) folded on the River


PokerStars Hand #156079223891:  Hold'em Limit ($3/$6 USD) - 2016/07/17 9:27:11 ET
Table 'Adhafera' 10-max Seat #4 is the button
Seat 3: FaStBluff ($52.64 in chips)
Seat 4: YourMother66 ($167.28 in chips)
YourMother66: posts small blind $1
FaStBluff: posts big blind $3
*** HOLE CARDS ***
YourMother66: raises $3 to $6
FaStBluff: calls $3
*** FLOP *** [5h 4c 3c]
FaStBluff: checks
YourMother66: bets $3
FaStBluff: calls $3
*** TURN *** [5h 4c 3c] [Kc]
FaStBluff: checks
YourMother66: bets $6
FaStBluff: folds
Uncalled bet ($6) returned to YourMother66
YourMother66 collected $17.64 from pot
YourMother66: doesn't show hand
*** SUMMARY ***
Total pot $18 | Rake $0.36
Board [5h 4c 3c Kc]
Seat 3: FaStBluff (big blind) folded on the Turn
Seat 4: YourMother66 (button) (small blind) collected ($17.64)


PokerStars Hand #156079230799:  Hold'em Limit ($3/$6 USD) - 2016/07/17 9:27:23 ET
Table 'Adhafera' 10-max Seat #3 is the button
Seat 3: FaStBluff ($43.64 in chips)
Seat 4: YourMother66 ($175.92 in chips)
FaStBluff: posts small blind $1
YourMother66: posts big blind $3
*** HOLE CARDS ***
FaStBluff: raises $3 to $6
YourMother66: raises $3 to $9
FaStBluff: calls $3
*** FLOP *** [Js 7c 6s]
YourMother66: bets $3
FaStBluff: calls $3
*** TURN *** [Js 7c 6s] [7h]
YourMother66: bets $6
FaStBluff: folds
Uncalled bet ($6) returned to YourMother66
YourMother66 collected $23.52 from pot
YourMother66: doesn't show hand
*** SUMMARY ***
Total pot $24 | Rake $0.48
Board [Js 7c 6s 7h]
Seat 3: FaStBluff (button) (small blind) folded on the Turn
Seat 4: YourMother66 (big blind) collected ($23.52)


PokerStars Hand #156079220575:  Hold'em Limit ($3/$6 USD) - 2016/07/17 9:27:05 ET
Table 'Adhafera' 10-max Seat #3 is the button
Seat 3: FaStBluff ($53.64 in chips)
Seat 4: YourMother66 ($166.28 in chips)
FaStBluff: posts small blind $1
YourMother66: posts big blind $3
*** HOLE CARDS ***
FaStBluff: folds
Uncalled bet ($2) returned to YourMother66
YourMother66 collected $2 from pot
YourMother66: doesn't show hand
*** SUMMARY ***
Total pot $2 | Rake $0
Seat 3: FaStBluff (button) (small blind) folded before Flop
Seat 4: YourMother66 (big blind) collected ($2)


