PokerStars Hand #159528056771:  Hold'em Limit ($3/$6 USD) - 2016/10/05 17:29:26 ET
Table 'Adhafera II' 6-max Seat #6 is the button
Seat 2: Actionni13 ($272.29 in chips)
Seat 6: Avy lucky 8 ($291.11 in chips)
Avy lucky 8: posts small blind $1
Actionni13: posts big blind $3
*** HOLE CARDS ***
Avy lucky 8: folds
Uncalled bet ($2) returned to Actionni13
Actionni13 collected $2 from pot
Actionni13: doesn't show hand
*** SUMMARY ***
Total pot $2 | Rake $0
Seat 2: Actionni13 (big blind) collected ($2)
Seat 6: Avy lucky 8 (button) (small blind) folded before Flop


PokerStars Hand #159528040249:  Hold'em Limit ($3/$6 USD) - 2016/10/05 17:29:09 ET
Table 'Adhafera II' 6-max Seat #2 is the button
Seat 2: Actionni13 ($281.29 in chips)
Seat 6: Avy lucky 8 ($282.47 in chips)
Actionni13: posts small blind $1
ToDaFelt: is sitting out
Avy lucky 8: posts big blind $3
*** HOLE CARDS ***
Actionni13: raises $3 to $6
Avy lucky 8: raises $3 to $9
ToDaFelt leaves the table
Actionni13: calls $3
*** FLOP *** [Tc Ad Kc]
Avy lucky 8: bets $3
Actionni13: folds
Uncalled bet ($3) returned to Avy lucky 8
Avy lucky 8 collected $17.64 from pot
Avy lucky 8: doesn't show hand
*** SUMMARY ***
Total pot $18 | Rake $0.36
Board [Tc Ad Kc]
Seat 2: Actionni13 (button) (small blind) folded on the Flop
Seat 6: Avy lucky 8 (big blind) collected ($17.64)


PokerStars Hand #159528060679:  Hold'em Limit ($3/$6 USD) - 2016/10/05 17:29:31 ET
Table 'Adhafera II' 6-max Seat #2 is the button
Seat 2: Actionni13 ($273.29 in chips)
Seat 6: Avy lucky 8 ($290.11 in chips)
Actionni13: posts small blind $1
Avy lucky 8: posts big blind $3
*** HOLE CARDS ***
Actionni13: raises $3 to $6
Avy lucky 8: raises $3 to $9
Actionni13: calls $3
*** FLOP *** [4h 9s Ah]
Avy lucky 8: bets $3
Actionni13: folds
Uncalled bet ($3) returned to Avy lucky 8
Avy lucky 8 collected $17.64 from pot
Avy lucky 8: doesn't show hand
*** SUMMARY ***
Total pot $18 | Rake $0.36
Board [4h 9s Ah]
Seat 2: Actionni13 (button) (small blind) folded on the Flop
Seat 6: Avy lucky 8 (big blind) collected ($17.64)


PokerStars Hand #159528069877:  Hold'em Limit ($3/$6 USD) - 2016/10/05 17:29:40 ET
Table 'Adhafera II' 6-max Seat #6 is the button
Seat 2: Actionni13 ($264.29 in chips)
Seat 6: Avy lucky 8 ($298.75 in chips)
Avy lucky 8: posts small blind $1
Actionni13: posts big blind $3
*** HOLE CARDS ***
Avy lucky 8: raises $3 to $6
Actionni13: calls $3
*** FLOP *** [5d 2c Kc]
Actionni13: checks
Avy lucky 8: checks
*** TURN *** [5d 2c Kc] [7h]
kogaymg joins the table at seat #3
Actionni13: checks
Avy lucky 8: bets $6
Actionni13: calls $6
*** RIVER *** [5d 2c Kc 7h] [5h]
Actionni13: checks
Avy lucky 8: bets $6
Actionni13: calls $6
*** SHOW DOWN ***
Avy lucky 8: shows [7c Qh] (two pair, Sevens and Fives)
Actionni13: shows [Qs 7s] (two pair, Sevens and Fives)
Actionni13 collected $17.75 from pot
Avy lucky 8 collected $17.75 from pot
*** SUMMARY ***
Total pot $36 | Rake $0.50
Board [5d 2c Kc 7h 5h]
Seat 2: Actionni13 (big blind) showed [Qs 7s] and won ($17.75) with two pair, Sevens and Fives
Seat 6: Avy lucky 8 (button) (small blind) showed [7c Qh] and won ($17.75) with two pair, Sevens and Fives


