PokerStars Hand #170798116092:  Hold'em Limit ($3/$6 USD) - 2017/05/23 2:36:28 ET
Table 'Adhara' 6-max Seat #2 is the button
Seat 2: acemoney1988 ($180.63 in chips)
Seat 4: Agrotait ($349.35 in chips)
acemoney1988: posts small blind $1
Agrotait: posts big blind $3
*** HOLE CARDS ***
acemoney1988: folds
Uncalled bet ($2) returned to Agrotait
Agrotait collected $2 from pot
Agrotait: doesn't show hand
*** SUMMARY ***
Total pot $2 | Rake $0
Seat 2: acemoney1988 (button) (small blind) folded before Flop
Seat 4: Agrotait (big blind) collected ($2)


PokerStars Hand #170798109512:  Hold'em Limit ($3/$6 USD) - 2017/05/23 2:36:03 ET
Table 'Adhara' 6-max Seat #4 is the button
Seat 2: acemoney1988 ($195.63 in chips)
Seat 4: Agrotait ($334.85 in chips)
Agrotait: posts small blind $1
acemoney1988: posts big blind $3
*** HOLE CARDS ***
Agrotait: raises $3 to $6
acemoney1988: calls $3
*** FLOP *** [7s Ts 8d]
acemoney1988: checks
Agrotait: bets $3
acemoney1988: calls $3
*** TURN *** [7s Ts 8d] [4d]
acemoney1988: checks
Agrotait: bets $6
acemoney1988: calls $6
*** RIVER *** [7s Ts 8d 4d] [Kh]
acemoney1988: checks
Agrotait: checks
*** SHOW DOWN ***
acemoney1988: shows [Ac 4h] (a pair of Fours)
Agrotait: shows [6c 6h] (a pair of Sixes)
Agrotait collected $29.50 from pot
*** SUMMARY ***
Total pot $30 | Rake $0.50
Board [7s Ts 8d 4d Kh]
Seat 2: acemoney1988 (big blind) showed [Ac 4h] and lost with a pair of Fours
Seat 4: Agrotait (button) (small blind) showed [6c 6h] and won ($29.50) with a pair of Sixes


PokerStars Hand #170800144975:  Hold'em Limit ($3/$6 USD) - 2017/05/23 4:37:29 ET
Table 'Adhara' 6-max Seat #5 is the button
Seat 3: Ale4o ($250.44 in chips)
Seat 5: Bird87bird ($351.81 in chips)
Bird87bird: posts small blind $1
Ale4o: posts big blind $3
*** HOLE CARDS ***
Bird87bird: raises $3 to $6
Ale4o: folds
Uncalled bet ($3) returned to Bird87bird
Bird87bird collected $6 from pot
Bird87bird: doesn't show hand
*** SUMMARY ***
Total pot $6 | Rake $0
Seat 3: Ale4o (big blind) folded before Flop
Seat 5: Bird87bird (button) (small blind) collected ($6)


PokerStars Hand #170800153260:  Hold'em Limit ($3/$6 USD) - 2017/05/23 4:37:55 ET
Table 'Adhara' 6-max Seat #5 is the button
Seat 3: Ale4o ($241.44 in chips)
Seat 5: Bird87bird ($360.57 in chips)
Bird87bird: posts small blind $1
Ale4o: posts big blind $3
*** HOLE CARDS ***
Bird87bird: raises $3 to $6
Ale4o: calls $3
*** FLOP *** [6c 5h 8h]
Ale4o: checks
Bird87bird: bets $3
Ale4o: raises $3 to $6
Bird87bird: raises $3 to $9
Ale4o: calls $3
*** TURN *** [6c 5h 8h] [4s]
Ale4o: checks
Bird87bird: checks
*** RIVER *** [6c 5h 8h 4s] [Kd]
Ale4o: checks
Bird87bird: checks
*** SHOW DOWN ***
Ale4o: shows [6s Ts] (a pair of Sixes)
Bird87bird: mucks hand
Ale4o collected $29.50 from pot
*** SUMMARY ***
Total pot $30 | Rake $0.50
Board [6c 5h 8h 4s Kd]
Seat 3: Ale4o (big blind) showed [6s Ts] and won ($29.50) with a pair of Sixes
Seat 5: Bird87bird (button) (small blind) mucked


PokerStars Hand #170800160712:  Hold'em Limit ($3/$6 USD) - 2017/05/23 4:38:19 ET
Table 'Adhara' 6-max Seat #3 is the button
Seat 3: Ale4o ($255.94 in chips)
Seat 5: Bird87bird ($345.57 in chips)
Ale4o: posts small blind $1
Bird87bird: posts big blind $3
*** HOLE CARDS ***
Ale4o: raises $3 to $6
Bird87bird: calls $3
*** FLOP *** [Qh Ts Qs]
Bird87bird: checks
Ale4o: bets $3
Bird87bird: raises $3 to $6
Ale4o: folds
Uncalled bet ($3) returned to Bird87bird
Bird87bird collected $17.64 from pot
Bird87bird: doesn't show hand
*** SUMMARY ***
Total pot $18 | Rake $0.36
Board [Qh Ts Qs]
Seat 3: Ale4o (button) (small blind) folded on the Flop
Seat 5: Bird87bird (big blind) collected ($17.64)


PokerStars Hand #170800148017:  Hold'em Limit ($3/$6 USD) - 2017/05/23 4:37:38 ET
Table 'Adhara' 6-max Seat #3 is the button
Seat 3: Ale4o ($247.44 in chips)
Seat 5: Bird87bird ($354.81 in chips)
Ale4o: posts small blind $1
Bird87bird: posts big blind $3
*** HOLE CARDS ***
Ale4o: raises $3 to $6
Bird87bird: calls $3
*** FLOP *** [6c Tc 9h]
Bird87bird: checks
Ale4o: checks
*** TURN *** [6c Tc 9h] [Js]
Bird87bird: checks
Ale4o: checks
*** RIVER *** [6c Tc 9h Js] [8h]
Bird87bird: bets $6
Ale4o: folds
Uncalled bet ($6) returned to Bird87bird
Bird87bird collected $11.76 from pot
Bird87bird: doesn't show hand
*** SUMMARY ***
Total pot $12 | Rake $0.24
Board [6c Tc 9h Js 8h]
Seat 3: Ale4o (button) (small blind) folded on the River
Seat 5: Bird87bird (big blind) collected ($11.76)


