PokerStars Hand #163399768062:  Hold'em Limit ($3/$6 USD) - 2016/12/23 12:26:40 ET
Table 'Adhafera II' 6-max Seat #3 is the button
Seat 3: slavii0o0 ($27 in chips)
Seat 4: AzureCaper ($75 in chips)
slavii0o0: posts small blind $1
AzureCaper: posts big blind $3
*** HOLE CARDS ***
slavii0o0: raises $3 to $6
AzureCaper: calls $3
*** FLOP *** [7h Ks Qh]
AzureCaper: checks
slavii0o0: bets $3
AzureCaper: calls $3
*** TURN *** [7h Ks Qh] [4c]
AzureCaper: checks
slavii0o0: bets $6
AzureCaper: raises $6 to $12
slavii0o0: calls $6
*** RIVER *** [7h Ks Qh 4c] [Kh]
AzureCaper: checks
slavii0o0: checks
*** SHOW DOWN ***
AzureCaper: shows [7s 4s] (two pair, Kings and Sevens)
slavii0o0: shows [6d Qd] (two pair, Kings and Queens)
slavii0o0 collected $41.50 from pot
*** SUMMARY ***
Total pot $42 | Rake $0.50
Board [7h Ks Qh 4c Kh]
Seat 3: slavii0o0 (button) (small blind) showed [6d Qd] and won ($41.50) with two pair, Kings and Queens
Seat 4: AzureCaper (big blind) showed [7s 4s] and lost with two pair, Kings and Sevens


PokerStars Hand #163399792044:  Hold'em Limit ($3/$6 USD) - 2016/12/23 12:27:10 ET
Table 'Adhafera II' 6-max Seat #4 is the button
Seat 3: slavii0o0 ($47.50 in chips)
Seat 4: AzureCaper ($72 in chips)
AzureCaper: posts small blind $1
slavii0o0: posts big blind $3
*** HOLE CARDS ***
RockKillerTY joins the table at seat #5
AzureCaper: raises $3 to $6
slavii0o0: folds
Uncalled bet ($3) returned to AzureCaper
AzureCaper collected $6 from pot
AzureCaper: doesn't show hand
*** SUMMARY ***
Total pot $6 | Rake $0
Seat 3: slavii0o0 (big blind) folded before Flop
Seat 4: AzureCaper (button) (small blind) collected ($6)


PokerStars Hand #163399798626:  Hold'em Limit ($3/$6 USD) - 2016/12/23 12:27:18 ET
Table 'Adhafera II' 6-max Seat #3 is the button
Seat 3: slavii0o0 ($44.50 in chips)
Seat 4: AzureCaper ($75 in chips)
slavii0o0: posts small blind $1
AzureCaper: posts big blind $3
*** HOLE CARDS ***
slavii0o0: folds
Uncalled bet ($2) returned to AzureCaper
AzureCaper collected $2 from pot
AzureCaper: doesn't show hand
*** SUMMARY ***
Total pot $2 | Rake $0
Seat 3: slavii0o0 (button) (small blind) folded before Flop
Seat 4: AzureCaper (big blind) collected ($2)


PokerStars Hand #163402316906:  Hold'em Limit ($3/$6 USD) - 2016/12/23 13:17:27 ET
Table 'Adhafera II' 6-max Seat #4 is the button
Seat 4: AzureCaper ($113.17 in chips)
Seat 6: Cigarete94 ($134.54 in chips)
AzureCaper: posts small blind $1
Cigarete94: posts big blind $3
*** HOLE CARDS ***
AzureCaper: folds
Uncalled bet ($2) returned to Cigarete94
Cigarete94 collected $2 from pot
Cigarete94: doesn't show hand
*** SUMMARY ***
Total pot $2 | Rake $0
Seat 4: AzureCaper (button) (small blind) folded before Flop
Seat 6: Cigarete94 (big blind) collected ($2)


PokerStars Hand #163402299061:  Hold'em Limit ($3/$6 USD) - 2016/12/23 13:17:06 ET
Table 'Adhafera II' 6-max Seat #6 is the button
Seat 4: AzureCaper ($112.17 in chips)
Seat 6: Cigarete94 ($135.54 in chips)
Cigarete94: posts small blind $1
Apanage joins the table at seat #1
markusfriebe is disconnected
markusfriebe has timed out while disconnected
markusfriebe: is sitting out
AzureCaper: posts big blind $3
*** HOLE CARDS ***
Cigarete94: folds
Uncalled bet ($2) returned to AzureCaper
AzureCaper collected $2 from pot
AzureCaper: doesn't show hand
*** SUMMARY ***
Total pot $2 | Rake $0
Seat 4: AzureCaper (big blind) collected ($2)
Seat 6: Cigarete94 (button) (small blind) folded before Flop


PokerStars Hand #163403042679:  Hold'em Limit ($3/$6 USD) - 2016/12/23 13:31:28 ET
Table 'Adhafera II' 6-max Seat #2 is the button
Seat 2: RockKillerTY ($120 in chips)
Seat 5: lastcardwild ($232.51 in chips)
RockKillerTY: posts small blind $1
lastcardwild: posts big blind $3
*** HOLE CARDS ***
Cigarete94 joins the table at seat #4
RockKillerTY: raises $3 to $6
lastcardwild: calls $3
*** FLOP *** [2c Jd As]
Apanage joins the table at seat #6
lastcardwild: checks
RockKillerTY: bets $3
lastcardwild: folds
Uncalled bet ($3) returned to RockKillerTY
RockKillerTY collected $11.76 from pot
RockKillerTY: doesn't show hand
*** SUMMARY ***
Total pot $12 | Rake $0.24
Board [2c Jd As]
Seat 2: RockKillerTY (button) (small blind) collected ($11.76)
Seat 5: lastcardwild (big blind) folded on the Flop


PokerStars Hand #163407555246:  Hold'em Limit ($3/$6 USD) - 2016/12/23 14:55:51 ET
Table 'Adhafera II' 6-max Seat #2 is the button
Seat 2: ABATAPP ($92.87 in chips)
Seat 5: lastcardwild ($434.26 in chips)
ABATAPP: posts small blind $1
AA_ILI: is sitting out
lastcardwild: posts big blind $3
*** HOLE CARDS ***
ABATAPP: folds
Uncalled bet ($2) returned to lastcardwild
lastcardwild collected $2 from pot
lastcardwild: doesn't show hand
*** SUMMARY ***
Total pot $2 | Rake $0
Seat 2: ABATAPP (button) (small blind) folded before Flop
Seat 5: lastcardwild (big blind) collected ($2)


PokerStars Hand #163407570477:  Hold'em Limit ($3/$6 USD) - 2016/12/23 14:56:12 ET
Table 'Adhafera II' 6-max Seat #2 is the button
Seat 2: ABATAPP ($97.63 in chips)
Seat 5: lastcardwild ($429.26 in chips)
ABATAPP: posts small blind $1
lastcardwild: posts big blind $3
*** HOLE CARDS ***
ABATAPP: raises $3 to $6
lastcardwild: folds
Uncalled bet ($3) returned to ABATAPP
ABATAPP collected $6 from pot
ABATAPP: doesn't show hand
*** SUMMARY ***
Total pot $6 | Rake $0
Seat 2: ABATAPP (button) (small blind) collected ($6)
Seat 5: lastcardwild (big blind) folded before Flop


PokerStars Hand #163407559080:  Hold'em Limit ($3/$6 USD) - 2016/12/23 14:55:57 ET
Table 'Adhafera II' 6-max Seat #5 is the button
Seat 2: ABATAPP ($91.87 in chips)
Seat 5: lastcardwild ($435.26 in chips)
lastcardwild: posts small blind $1
ABATAPP: posts big blind $3
*** HOLE CARDS ***
lastcardwild: raises $3 to $6
ABATAPP: calls $3
*** FLOP *** [5c Kh 8d]
ABATAPP: checks
lastcardwild: checks
*** TURN *** [5c Kh 8d] [8s]
ABATAPP: bets $6
lastcardwild: folds
Uncalled bet ($6) returned to ABATAPP
ABATAPP collected $11.76 from pot
ABATAPP: doesn't show hand
*** SUMMARY ***
Total pot $12 | Rake $0.24
Board [5c Kh 8d 8s]
Seat 2: ABATAPP (big blind) collected ($11.76)
Seat 5: lastcardwild (button) (small blind) folded on the Turn


PokerStars Hand #163407576002:  Hold'em Limit ($3/$6 USD) - 2016/12/23 14:56:19 ET
Table 'Adhafera II' 6-max Seat #5 is the button
Seat 2: ABATAPP ($100.63 in chips)
Seat 5: lastcardwild ($426.26 in chips)
lastcardwild: posts small blind $1
ABATAPP: posts big blind $3
*** HOLE CARDS ***
lastcardwild: raises $3 to $6
ABATAPP: folds
Uncalled bet ($3) returned to lastcardwild
lastcardwild collected $6 from pot
lastcardwild: doesn't show hand
*** SUMMARY ***
Total pot $6 | Rake $0
Seat 2: ABATAPP (big blind) folded before Flop
Seat 5: lastcardwild (button) (small blind) collected ($6)


PokerStars Hand #163407608938:  Hold'em Limit ($3/$6 USD) - 2016/12/23 14:57:02 ET
Table 'Adhafera II' 6-max Seat #2 is the button
Seat 2: ABATAPP ($103.27 in chips)
Seat 5: lastcardwild ($423.14 in chips)
ABATAPP: posts small blind $1
lastcardwild: posts big blind $3
*** HOLE CARDS ***
ABATAPP: folds
Uncalled bet ($2) returned to lastcardwild
lastcardwild collected $2 from pot
lastcardwild: doesn't show hand
*** SUMMARY ***
Total pot $2 | Rake $0
Seat 2: ABATAPP (button) (small blind) folded before Flop
Seat 5: lastcardwild (big blind) collected ($2)


PokerStars Hand #163407596638:  Hold'em Limit ($3/$6 USD) - 2016/12/23 14:56:46 ET
Table 'Adhafera II' 6-max Seat #5 is the button
Seat 2: ABATAPP ($106.27 in chips)
Seat 5: lastcardwild ($420.26 in chips)
RenMP joins the table at seat #1
lastcardwild: posts small blind $1
ABATAPP: posts big blind $3
*** HOLE CARDS ***
lastcardwild: calls $2
ABATAPP: checks
*** FLOP *** [8h Ks 2h]
ABATAPP: checks
lastcardwild: bets $3
ABATAPP: folds
Uncalled bet ($3) returned to lastcardwild
lastcardwild collected $5.88 from pot
lastcardwild: doesn't show hand
*** SUMMARY ***
Total pot $6 | Rake $0.12
Board [8h Ks 2h]
Seat 2: ABATAPP (big blind) folded on the Flop
Seat 5: lastcardwild (button) (small blind) collected ($5.88)


PokerStars Hand #163408275710:  Hold'em Limit ($3/$6 USD) - 2016/12/23 15:09:22 ET
Table 'Adhafera II' 6-max Seat #2 is the button
Seat 2: ABATAPP ($161.14 in chips)
Seat 3: AA_ILI ($137.21 in chips)
ABATAPP: posts small blind $1
AA_ILI: posts big blind $3
*** HOLE CARDS ***
ABATAPP: raises $3 to $6
AA_ILI: calls $3
*** FLOP *** [9s Th 8s]
AA_ILI: checks
ABATAPP: checks
*** TURN *** [9s Th 8s] [3h]
AA_ILI: bets $6
ABATAPP: raises $6 to $12
AA_ILI: calls $6
*** RIVER *** [9s Th 8s 3h] [Js]
AA_ILI: bets $6
ABATAPP: folds
Uncalled bet ($6) returned to AA_ILI
AA_ILI collected $35.50 from pot
AA_ILI: doesn't show hand
*** SUMMARY ***
Total pot $36 | Rake $0.50
Board [9s Th 8s 3h Js]
Seat 2: ABATAPP (button) (small blind) folded on the River
Seat 3: AA_ILI (big blind) collected ($35.50)


