PokerStars Hand #161674141910:  Hold'em Limit ($3/$6 USD) - 2016/11/20 2:12:29 ET
Table 'Adhafera' 6-max Seat #1 is the button
Seat 1: D Juice11 ($71.10 in chips)
Seat 4: VolkovDmitri ($120 in chips)
D Juice11: posts small blind $1
VolkovDmitri: posts big blind $3
*** HOLE CARDS ***
D Juice11: folds
Uncalled bet ($2) returned to VolkovDmitri
VolkovDmitri collected $2 from pot
VolkovDmitri: doesn't show hand
*** SUMMARY ***
Total pot $2 | Rake $0
Seat 1: D Juice11 (button) (small blind) folded before Flop
Seat 4: VolkovDmitri (big blind) collected ($2)


PokerStars Hand #161674144454:  Hold'em Limit ($3/$6 USD) - 2016/11/20 2:12:38 ET
Table 'Adhafera' 6-max Seat #4 is the button
Seat 1: D Juice11 ($70.10 in chips)
Seat 4: VolkovDmitri ($121 in chips)
beng_51 joins the table at seat #2
VolkovDmitri: posts small blind $1
D Juice11: posts big blind $3
*** HOLE CARDS ***
VolkovDmitri: raises $3 to $6
D Juice11: calls $3
*** FLOP *** [Th 7c 4c]
D Juice11: bets $3
VolkovDmitri: raises $3 to $6
D Juice11: raises $3 to $9
VolkovDmitri: raises $3 to $12
Betting is capped
D Juice11: calls $3
*** TURN *** [Th 7c 4c] [Qs]
D Juice11: bets $6
VolkovDmitri: calls $6
*** RIVER *** [Th 7c 4c Qs] [Ad]
D Juice11: checks
VolkovDmitri: bets $6
D Juice11: calls $6
*** SHOW DOWN ***
VolkovDmitri: shows [Ts Ah] (two pair, Aces and Tens)
D Juice11: mucks hand
VolkovDmitri collected $59.50 from pot
*** SUMMARY ***
Total pot $60 | Rake $0.50
Board [Th 7c 4c Qs Ad]
Seat 1: D Juice11 (big blind) mucked
Seat 4: VolkovDmitri (button) (small blind) showed [Ts Ah] and won ($59.50) with two pair, Aces and Tens


PokerStars Hand #161676557251:  Hold'em Limit ($3/$6 USD) - 2016/11/20 4:14:23 ET
Table 'Adhafera' 6-max Seat #6 is the button
Seat 4: Pti4ka_Tucan ($287.87 in chips)
Seat 6: michehh5 ($112.71 in chips)
michehh5: posts small blind $1
Pti4ka_Tucan: posts big blind $3
*** HOLE CARDS ***
michehh5: folds
Uncalled bet ($2) returned to Pti4ka_Tucan
Pti4ka_Tucan collected $2 from pot
Pti4ka_Tucan: doesn't show hand
*** SUMMARY ***
Total pot $2 | Rake $0
Seat 4: Pti4ka_Tucan (big blind) collected ($2)
Seat 6: michehh5 (button) (small blind) folded before Flop


PokerStars Hand #161676538034:  Hold'em Limit ($3/$6 USD) - 2016/11/20 4:13:58 ET
Table 'Adhafera' 6-max Seat #6 is the button
Seat 4: Pti4ka_Tucan ($299.87 in chips)
Seat 6: michehh5 ($101.07 in chips)
michehh5: posts small blind $1
Pti4ka_Tucan: posts big blind $3
*** HOLE CARDS ***
michehh5: raises $3 to $6
Pti4ka_Tucan: folds
Uncalled bet ($3) returned to michehh5
michehh5 collected $6 from pot
michehh5: doesn't show hand
*** SUMMARY ***
Total pot $6 | Rake $0
Seat 4: Pti4ka_Tucan (big blind) folded before Flop
Seat 6: michehh5 (button) (small blind) collected ($6)


PokerStars Hand #161676550936:  Hold'em Limit ($3/$6 USD) - 2016/11/20 4:14:07 ET
Table 'Adhafera' 6-max Seat #4 is the button
Seat 4: Pti4ka_Tucan ($296.87 in chips)
Seat 6: michehh5 ($104.07 in chips)
Pti4ka_Tucan: posts small blind $1
michehh5: posts big blind $3
*** HOLE CARDS ***
Pti4ka_Tucan: raises $3 to $6
michehh5: raises $3 to $9
Pti4ka_Tucan: calls $3
*** FLOP *** [2s Jh Ac]
michehh5: bets $3
Pti4ka_Tucan: folds
Uncalled bet ($3) returned to michehh5
michehh5 collected $17.64 from pot
michehh5: doesn't show hand
*** SUMMARY ***
Total pot $18 | Rake $0.36
Board [2s Jh Ac]
Seat 4: Pti4ka_Tucan (button) (small blind) folded on the Flop
Seat 6: michehh5 (big blind) collected ($17.64)


PokerStars Hand #161676559239:  Hold'em Limit ($3/$6 USD) - 2016/11/20 4:14:28 ET
Table 'Adhafera' 6-max Seat #4 is the button
Seat 4: Pti4ka_Tucan ($288.87 in chips)
Seat 6: michehh5 ($111.71 in chips)
Pti4ka_Tucan: posts small blind $1
michehh5: posts big blind $3
*** HOLE CARDS ***
Pti4ka_Tucan: raises $3 to $6
michehh5: raises $3 to $9
Pti4ka_Tucan: calls $3
*** FLOP *** [9s 3c 2s]
michehh5: bets $3
Pti4ka_Tucan: calls $3
*** TURN *** [9s 3c 2s] [4c]
michehh5: bets $6
Pti4ka_Tucan: calls $6
*** RIVER *** [9s 3c 2s 4c] [5s]
michehh5: bets $6
Pti4ka_Tucan: raises $6 to $12
michehh5: calls $6
*** SHOW DOWN ***
Pti4ka_Tucan: shows [Ac 7s] (a straight, Ace to Five)
michehh5: shows [5h Ad] (a straight, Ace to Five)
michehh5 collected $29.75 from pot
Pti4ka_Tucan collected $29.75 from pot
*** SUMMARY ***
Total pot $60 | Rake $0.50
Board [9s 3c 2s 4c 5s]
Seat 4: Pti4ka_Tucan (button) (small blind) showed [Ac 7s] and won ($29.75) with a straight, Ace to Five
Seat 6: michehh5 (big blind) showed [5h Ad] and won ($29.75) with a straight, Ace to Five


PokerStars Hand #161676609988:  Hold'em Limit ($3/$6 USD) - 2016/11/20 4:16:37 ET
Table 'Adhafera' 6-max Seat #6 is the button
Seat 4: Pti4ka_Tucan ($267.62 in chips)
Seat 6: michehh5 ($131.72 in chips)
michehh5: posts small blind $1
Pti4ka_Tucan: posts big blind $3
*** HOLE CARDS ***
michehh5: folds
Uncalled bet ($2) returned to Pti4ka_Tucan
Pti4ka_Tucan collected $2 from pot
Pti4ka_Tucan: doesn't show hand
*** SUMMARY ***
Total pot $2 | Rake $0
Seat 4: Pti4ka_Tucan (big blind) collected ($2)
Seat 6: michehh5 (button) (small blind) folded before Flop


PokerStars Hand #161676599178:  Hold'em Limit ($3/$6 USD) - 2016/11/20 4:16:10 ET
Table 'Adhafera' 6-max Seat #4 is the button
Seat 4: Pti4ka_Tucan ($282.62 in chips)
Seat 6: michehh5 ($117.22 in chips)
Pti4ka_Tucan: posts small blind $1
michehh5: posts big blind $3
*** HOLE CARDS ***
Pti4ka_Tucan: raises $3 to $6
michehh5: calls $3
*** FLOP *** [Js 2d 7h]
michehh5: bets $3
Pti4ka_Tucan: raises $3 to $6
michehh5: raises $3 to $9
Pti4ka_Tucan: calls $3
*** TURN *** [Js 2d 7h] [6d]
michehh5: bets $6
Pti4ka_Tucan: folds
Uncalled bet ($6) returned to michehh5
michehh5 collected $29.50 from pot
michehh5: doesn't show hand
*** SUMMARY ***
Total pot $30 | Rake $0.50
Board [Js 2d 7h 6d]
Seat 4: Pti4ka_Tucan (button) (small blind) folded on the Turn
Seat 6: michehh5 (big blind) collected ($29.50)


PokerStars Hand #161676575030:  Hold'em Limit ($3/$6 USD) - 2016/11/20 4:15:08 ET
Table 'Adhafera' 6-max Seat #6 is the button
Seat 4: Pti4ka_Tucan ($288.62 in chips)
Seat 6: michehh5 ($111.46 in chips)
michehh5: posts small blind $1
Pti4ka_Tucan: posts big blind $3
*** HOLE CARDS ***
michehh5: raises $3 to $6
Pti4ka_Tucan: calls $3
*** FLOP *** [9h 9c 4d]
Pti4ka_Tucan: checks
michehh5 is disconnected
michehh5 has timed out while disconnected
michehh5: checks
*** TURN *** [9h 9c 4d] [Kd]
Pti4ka_Tucan: checks
michehh5: bets $6
Pti4ka_Tucan: folds
Uncalled bet ($6) returned to michehh5
michehh5 collected $11.76 from pot
michehh5: doesn't show hand
*** SUMMARY ***
Total pot $12 | Rake $0.24
Board [9h 9c 4d Kd]
Seat 4: Pti4ka_Tucan (big blind) folded on the Turn
Seat 6: michehh5 (button) (small blind) collected ($11.76)


PokerStars Hand #161676612087:  Hold'em Limit ($3/$6 USD) - 2016/11/20 4:16:43 ET
Table 'Adhafera' 6-max Seat #4 is the button
Seat 4: Pti4ka_Tucan ($268.62 in chips)
Seat 6: michehh5 ($130.72 in chips)
Pti4ka_Tucan: posts small blind $1
michehh5: posts big blind $3
*** HOLE CARDS ***
Pti4ka_Tucan: raises $3 to $6
michehh5: calls $3
*** FLOP *** [8c Qs 8d]
michehh5: checks
Pti4ka_Tucan: bets $3
michehh5: calls $3
*** TURN *** [8c Qs 8d] [6d]
michehh5: checks
Pti4ka_Tucan: checks
*** RIVER *** [8c Qs 8d 6d] [Ah]
michehh5: bets $6
Pti4ka_Tucan: folds
Uncalled bet ($6) returned to michehh5
michehh5 collected $17.64 from pot
michehh5: doesn't show hand
*** SUMMARY ***
Total pot $18 | Rake $0.36
Board [8c Qs 8d 6d Ah]
Seat 4: Pti4ka_Tucan (button) (small blind) folded on the River
Seat 6: michehh5 (big blind) collected ($17.64)


PokerStars Hand #161676632732:  Hold'em Limit ($3/$6 USD) - 2016/11/20 4:17:35 ET
Table 'Adhafera' 6-max Seat #6 is the button
Seat 4: Pti4ka_Tucan ($259.62 in chips)
Seat 6: michehh5 ($139.36 in chips)
michehh5: posts small blind $1
Pti4ka_Tucan: posts big blind $3
*** HOLE CARDS ***
michehh5: raises $3 to $6
Pti4ka_Tucan: calls $3
*** FLOP *** [6c 6h Qc]
Pti4ka_Tucan: checks
michehh5: bets $3
Pti4ka_Tucan: raises $3 to $6
michehh5: calls $3
*** TURN *** [6c 6h Qc] [Ks]
Pti4ka_Tucan: checks
michehh5: bets $6
Pti4ka_Tucan: calls $6
*** RIVER *** [6c 6h Qc Ks] [Jh]
Pti4ka_Tucan: checks
michehh5: bets $6
Pti4ka_Tucan: calls $6
*** SHOW DOWN ***
michehh5: shows [Qs 9c] (two pair, Queens and Sixes)
Pti4ka_Tucan: shows [9d Qh] (two pair, Queens and Sixes)
Pti4ka_Tucan collected $23.75 from pot
michehh5 collected $23.75 from pot
*** SUMMARY ***
Total pot $48 | Rake $0.50
Board [6c 6h Qc Ks Jh]
Seat 4: Pti4ka_Tucan (big blind) showed [9d Qh] and won ($23.75) with two pair, Queens and Sixes
Seat 6: michehh5 (button) (small blind) showed [Qs 9c] and won ($23.75) with two pair, Queens and Sixes


PokerStars Hand #161676652149:  Hold'em Limit ($3/$6 USD) - 2016/11/20 4:18:24 ET
Table 'Adhafera' 6-max Seat #4 is the button
Seat 4: Pti4ka_Tucan ($259.37 in chips)
Seat 6: michehh5 ($139.11 in chips)
Pti4ka_Tucan: posts small blind $1
michehh5: posts big blind $3
*** HOLE CARDS ***
Pti4ka_Tucan: raises $3 to $6
michehh5: raises $3 to $9
Pti4ka_Tucan: calls $3
*** FLOP *** [7h Th Td]
michehh5: bets $3
Pti4ka_Tucan: folds
Uncalled bet ($3) returned to michehh5
michehh5 collected $17.64 from pot
michehh5: doesn't show hand
*** SUMMARY ***
Total pot $18 | Rake $0.36
Board [7h Th Td]
Seat 4: Pti4ka_Tucan (button) (small blind) folded on the Flop
Seat 6: michehh5 (big blind) collected ($17.64)


PokerStars Hand #161676660278:  Hold'em Limit ($3/$6 USD) - 2016/11/20 4:18:44 ET
Table 'Adhafera' 6-max Seat #6 is the button
Seat 4: Pti4ka_Tucan ($250.37 in chips)
Seat 6: michehh5 ($147.75 in chips)
michehh5: posts small blind $1
Pti4ka_Tucan: posts big blind $3
*** HOLE CARDS ***
michehh5: raises $3 to $6
Pti4ka_Tucan: calls $3
*** FLOP *** [9h 9s 7c]
Pti4ka_Tucan: checks
michehh5: bets $3
Pti4ka_Tucan: folds
Uncalled bet ($3) returned to michehh5
michehh5 collected $11.76 from pot
michehh5: doesn't show hand
*** SUMMARY ***
Total pot $12 | Rake $0.24
Board [9h 9s 7c]
Seat 4: Pti4ka_Tucan (big blind) folded on the Flop
Seat 6: michehh5 (button) (small blind) collected ($11.76)


PokerStars Hand #161676671211:  Hold'em Limit ($3/$6 USD) - 2016/11/20 4:19:12 ET
Table 'Adhafera' 6-max Seat #6 is the button
Seat 4: Pti4ka_Tucan ($247.37 in chips)
Seat 6: michehh5 ($150.51 in chips)
michehh5: posts small blind $1
Pti4ka_Tucan: posts big blind $3
*** HOLE CARDS ***
michehh5: folds
Uncalled bet ($2) returned to Pti4ka_Tucan
Pti4ka_Tucan collected $2 from pot
Pti4ka_Tucan: doesn't show hand
*** SUMMARY ***
Total pot $2 | Rake $0
Seat 4: Pti4ka_Tucan (big blind) collected ($2)
Seat 6: michehh5 (button) (small blind) folded before Flop


PokerStars Hand #161676667800:  Hold'em Limit ($3/$6 USD) - 2016/11/20 4:19:03 ET
Table 'Adhafera' 6-max Seat #4 is the button
Seat 4: Pti4ka_Tucan ($244.37 in chips)
Seat 6: michehh5 ($153.51 in chips)
Pti4ka_Tucan: posts small blind $1
michehh5: posts big blind $3
*** HOLE CARDS ***
Pti4ka_Tucan: raises $3 to $6
michehh5: folds
Uncalled bet ($3) returned to Pti4ka_Tucan
Pti4ka_Tucan collected $6 from pot
Pti4ka_Tucan: doesn't show hand
*** SUMMARY ***
Total pot $6 | Rake $0
Seat 4: Pti4ka_Tucan (button) (small blind) collected ($6)
Seat 6: michehh5 (big blind) folded before Flop


PokerStars Hand #161676673374:  Hold'em Limit ($3/$6 USD) - 2016/11/20 4:19:17 ET
Table 'Adhafera' 6-max Seat #4 is the button
Seat 4: Pti4ka_Tucan ($248.37 in chips)
Seat 6: michehh5 ($149.51 in chips)
Pti4ka_Tucan: posts small blind $1
michehh5: posts big blind $3
*** HOLE CARDS ***
Pti4ka_Tucan: raises $3 to $6
michehh5: raises $3 to $9
Pti4ka_Tucan: calls $3
*** FLOP *** [Td 9h Ts]
michehh5: bets $3
Pti4ka_Tucan: calls $3
*** TURN *** [Td 9h Ts] [2h]
michehh5: bets $6
Pti4ka_Tucan: calls $6
*** RIVER *** [Td 9h Ts 2h] [8h]
michehh5: bets $6
Pti4ka_Tucan: folds
Uncalled bet ($6) returned to michehh5
michehh5 collected $35.50 from pot
michehh5: doesn't show hand
*** SUMMARY ***
Total pot $36 | Rake $0.50
Board [Td 9h Ts 2h 8h]
Seat 4: Pti4ka_Tucan (button) (small blind) folded on the River
Seat 6: michehh5 (big blind) collected ($35.50)


PokerStars Hand #161676685978:  Hold'em Limit ($3/$6 USD) - 2016/11/20 4:19:49 ET
Table 'Adhafera' 6-max Seat #4 is the button
Seat 4: Pti4ka_Tucan ($231.37 in chips)
Seat 6: michehh5 ($166.01 in chips)
Pti4ka_Tucan: posts small blind $1
michehh5: posts big blind $3
*** HOLE CARDS ***
Pti4ka_Tucan: raises $3 to $6
michehh5: folds
Uncalled bet ($3) returned to Pti4ka_Tucan
Pti4ka_Tucan collected $6 from pot
Pti4ka_Tucan: doesn't show hand
*** SUMMARY ***
Total pot $6 | Rake $0
Seat 4: Pti4ka_Tucan (button) (small blind) collected ($6)
Seat 6: michehh5 (big blind) folded before Flop


PokerStars Hand #161676683876:  Hold'em Limit ($3/$6 USD) - 2016/11/20 4:19:44 ET
Table 'Adhafera' 6-max Seat #6 is the button
Seat 4: Pti4ka_Tucan ($230.37 in chips)
Seat 6: michehh5 ($167.01 in chips)
michehh5: posts small blind $1
Pti4ka_Tucan: posts big blind $3
*** HOLE CARDS ***
michehh5: folds
Uncalled bet ($2) returned to Pti4ka_Tucan
Pti4ka_Tucan collected $2 from pot
Pti4ka_Tucan: doesn't show hand
*** SUMMARY ***
Total pot $2 | Rake $0
Seat 4: Pti4ka_Tucan (big blind) collected ($2)
Seat 6: michehh5 (button) (small blind) folded before Flop


PokerStars Hand #161676691047:  Hold'em Limit ($3/$6 USD) - 2016/11/20 4:20:02 ET
Table 'Adhafera' 6-max Seat #4 is the button
Seat 4: Pti4ka_Tucan ($235.37 in chips)
Seat 6: michehh5 ($162.01 in chips)
Pti4ka_Tucan: posts small blind $1
michehh5: posts big blind $3
*** HOLE CARDS ***
Pti4ka_Tucan: folds
Uncalled bet ($2) returned to michehh5
michehh5 collected $2 from pot
michehh5: doesn't show hand
*** SUMMARY ***
Total pot $2 | Rake $0
Seat 4: Pti4ka_Tucan (button) (small blind) folded before Flop
Seat 6: michehh5 (big blind) collected ($2)


PokerStars Hand #161676694865:  Hold'em Limit ($3/$6 USD) - 2016/11/20 4:20:11 ET
Table 'Adhafera' 6-max Seat #6 is the button
Seat 4: Pti4ka_Tucan ($234.37 in chips)
Seat 6: michehh5 ($163.01 in chips)
michehh5: posts small blind $1
Pti4ka_Tucan: posts big blind $3
*** HOLE CARDS ***
michehh5: raises $3 to $6
Pti4ka_Tucan: raises $3 to $9
michehh5: calls $3
*** FLOP *** [Qd 4s Td]
Pti4ka_Tucan: bets $3
michehh5: raises $3 to $6
Pti4ka_Tucan: raises $3 to $9
michehh5: calls $3
*** TURN *** [Qd 4s Td] [3c]
Pti4ka_Tucan: bets $6
michehh5: folds
Uncalled bet ($6) returned to Pti4ka_Tucan
Pti4ka_Tucan collected $35.50 from pot
Pti4ka_Tucan: doesn't show hand
*** SUMMARY ***
Total pot $36 | Rake $0.50
Board [Qd 4s Td 3c]
Seat 4: Pti4ka_Tucan (big blind) collected ($35.50)
Seat 6: michehh5 (button) (small blind) folded on the Turn


PokerStars Hand #161676688887:  Hold'em Limit ($3/$6 USD) - 2016/11/20 4:19:56 ET
Table 'Adhafera' 6-max Seat #6 is the button
Seat 4: Pti4ka_Tucan ($234.37 in chips)
Seat 6: michehh5 ($163.01 in chips)
michehh5: posts small blind $1
Pti4ka_Tucan: posts big blind $3
*** HOLE CARDS ***
michehh5: folds
Uncalled bet ($2) returned to Pti4ka_Tucan
Pti4ka_Tucan collected $2 from pot
Pti4ka_Tucan: doesn't show hand
*** SUMMARY ***
Total pot $2 | Rake $0
Seat 4: Pti4ka_Tucan (big blind) collected ($2)
Seat 6: michehh5 (button) (small blind) folded before Flop


PokerStars Hand #161676709489:  Hold'em Limit ($3/$6 USD) - 2016/11/20 4:20:48 ET
Table 'Adhafera' 6-max Seat #4 is the button
Seat 4: Pti4ka_Tucan ($251.87 in chips)
Seat 6: michehh5 ($145.01 in chips)
Pti4ka_Tucan: posts small blind $1
michehh5: posts big blind $3
*** HOLE CARDS ***
Pti4ka_Tucan: raises $3 to $6
michehh5: raises $3 to $9
Pti4ka_Tucan: calls $3
*** FLOP *** [5h 4s 2s]
michehh5: bets $3
Pti4ka_Tucan: calls $3
*** TURN *** [5h 4s 2s] [Kd]
michehh5: bets $6
Pti4ka_Tucan: calls $6
*** RIVER *** [5h 4s 2s Kd] [Qs]
michehh5: bets $6
Pti4ka_Tucan: calls $6
*** SHOW DOWN ***
michehh5: shows [6d Qh] (a pair of Queens)
Pti4ka_Tucan: mucks hand
michehh5 collected $47.50 from pot
*** SUMMARY ***
Total pot $48 | Rake $0.50
Board [5h 4s 2s Kd Qs]
Seat 4: Pti4ka_Tucan (button) (small blind) mucked
Seat 6: michehh5 (big blind) showed [6d Qh] and won ($47.50) with a pair of Queens


PokerStars Hand #161676726639:  Hold'em Limit ($3/$6 USD) - 2016/11/20 4:21:31 ET
Table 'Adhafera' 6-max Seat #6 is the button
Seat 4: Pti4ka_Tucan ($227.87 in chips)
Seat 6: michehh5 ($168.51 in chips)
michehh5: posts small blind $1
Pti4ka_Tucan: posts big blind $3
*** HOLE CARDS ***
michehh5: raises $3 to $6
Pti4ka_Tucan: calls $3
*** FLOP *** [Ac Qh 9c]
Pti4ka_Tucan: checks
michehh5: bets $3
Pti4ka_Tucan: raises $3 to $6
michehh5: calls $3
*** TURN *** [Ac Qh 9c] [3h]
Pti4ka_Tucan: bets $6
michehh5: raises $6 to $12
Pti4ka_Tucan: calls $6
*** RIVER *** [Ac Qh 9c 3h] [8d]
Pti4ka_Tucan: checks
michehh5: bets $6
Pti4ka_Tucan: raises $6 to $12
michehh5: folds
Uncalled bet ($6) returned to Pti4ka_Tucan
Pti4ka_Tucan collected $59.50 from pot
Pti4ka_Tucan: doesn't show hand
*** SUMMARY ***
Total pot $60 | Rake $0.50
Board [Ac Qh 9c 3h 8d]
Seat 4: Pti4ka_Tucan (big blind) collected ($59.50)
Seat 6: michehh5 (button) (small blind) folded on the River


PokerStars Hand #161676746824:  Hold'em Limit ($3/$6 USD) - 2016/11/20 4:22:21 ET
Table 'Adhafera' 6-max Seat #4 is the button
Seat 4: Pti4ka_Tucan ($257.37 in chips)
Seat 6: michehh5 ($138.51 in chips)
Pti4ka_Tucan: posts small blind $1
michehh5: posts big blind $3
*** HOLE CARDS ***
Pti4ka_Tucan: raises $3 to $6
michehh5: calls $3
*** FLOP *** [6c 2h Td]
michehh5: checks
Pti4ka_Tucan: checks
*** TURN *** [6c 2h Td] [3d]
michehh5: bets $6
Pti4ka_Tucan: calls $6
*** RIVER *** [6c 2h Td 3d] [5d]
michehh5: bets $6
Pti4ka_Tucan: raises $6 to $12
michehh5: folds
Uncalled bet ($6) returned to Pti4ka_Tucan
Pti4ka_Tucan collected $35.50 from pot
Pti4ka_Tucan: doesn't show hand
*** SUMMARY ***
Total pot $36 | Rake $0.50
Board [6c 2h Td 3d 5d]
Seat 4: Pti4ka_Tucan (button) (small blind) collected ($35.50)
Seat 6: michehh5 (big blind) folded on the River


PokerStars Hand #161676760172:  Hold'em Limit ($3/$6 USD) - 2016/11/20 4:22:55 ET
Table 'Adhafera' 6-max Seat #6 is the button
Seat 4: Pti4ka_Tucan ($274.87 in chips)
Seat 6: michehh5 ($120.51 in chips)
michehh5: posts small blind $1
Pti4ka_Tucan: posts big blind $3
*** HOLE CARDS ***
michehh5: raises $3 to $6
Pti4ka_Tucan: calls $3
*** FLOP *** [Js 4s 9s]
Pti4ka_Tucan: checks
michehh5: bets $3
Pti4ka_Tucan: raises $3 to $6
michehh5: raises $3 to $9
Pti4ka_Tucan: calls $3
*** TURN *** [Js 4s 9s] [Td]
Pti4ka_Tucan: checks
michehh5: bets $6
Pti4ka_Tucan: calls $6
*** RIVER *** [Js 4s 9s Td] [5d]
Pti4ka_Tucan: checks
michehh5: bets $6
Pti4ka_Tucan: calls $6
*** SHOW DOWN ***
michehh5: shows [2c 2d] (a pair of Deuces)
Pti4ka_Tucan: shows [Qc 9c] (a pair of Nines)
Pti4ka_Tucan collected $53.50 from pot
*** SUMMARY ***
Total pot $54 | Rake $0.50
Board [Js 4s 9s Td 5d]
Seat 4: Pti4ka_Tucan (big blind) showed [Qc 9c] and won ($53.50) with a pair of Nines
Seat 6: michehh5 (button) (small blind) showed [2c 2d] and lost with a pair of Deuces


PokerStars Hand #161676780929:  Hold'em Limit ($3/$6 USD) - 2016/11/20 4:23:47 ET
Table 'Adhafera' 6-max Seat #4 is the button
Seat 4: Pti4ka_Tucan ($301.37 in chips)
Seat 6: michehh5 ($93.51 in chips)
Pti4ka_Tucan: posts small blind $1
michehh5: posts big blind $3
*** HOLE CARDS ***
sinsadir joins the table at seat #1
Pti4ka_Tucan: raises $3 to $6
michehh5: raises $3 to $9
Pti4ka_Tucan: calls $3
*** FLOP *** [Ts Kc Qh]
michehh5: bets $3
Pti4ka_Tucan: raises $3 to $6
michehh5: raises $3 to $9
Pti4ka_Tucan: raises $3 to $12
Betting is capped
michehh5: calls $3
*** TURN *** [Ts Kc Qh] [4d]
michehh5: checks
Pti4ka_Tucan: bets $6
michehh5: calls $6
*** RIVER *** [Ts Kc Qh 4d] [7h]
michehh5: checks
Pti4ka_Tucan: bets $6
michehh5: folds
Uncalled bet ($6) returned to Pti4ka_Tucan
Pti4ka_Tucan collected $53.50 from pot
Pti4ka_Tucan: doesn't show hand
*** SUMMARY ***
Total pot $54 | Rake $0.50
Board [Ts Kc Qh 4d 7h]
Seat 4: Pti4ka_Tucan (button) (small blind) collected ($53.50)
Seat 6: michehh5 (big blind) folded on the River


PokerStars Hand #161676813994:  Hold'em Limit ($3/$6 USD) - 2016/11/20 4:25:10 ET
Table 'Adhafera' 6-max Seat #1 is the button
Seat 1: sinsadir ($114 in chips)
Seat 6: michehh5 ($72.15 in chips)
sinsadir: posts small blind $1
Pti4ka_Tucan: is sitting out
michehh5: posts big blind $3
*** HOLE CARDS ***
sinsadir: raises $3 to $6
michehh5: raises $3 to $9
sinsadir: calls $3
*** FLOP *** [7c Js Ts]
michehh5: bets $3
sinsadir: calls $3
*** TURN *** [7c Js Ts] [Kc]
michehh5: bets $6
sinsadir: folds
Uncalled bet ($6) returned to michehh5
michehh5 collected $23.52 from pot
michehh5: doesn't show hand
*** SUMMARY ***
Total pot $24 | Rake $0.48
Board [7c Js Ts Kc]
Seat 1: sinsadir (button) (small blind) folded on the Turn
Seat 6: michehh5 (big blind) collected ($23.52)


PokerStars Hand #161676823853:  Hold'em Limit ($3/$6 USD) - 2016/11/20 4:25:34 ET
Table 'Adhafera' 6-max Seat #6 is the button
Seat 1: sinsadir ($102 in chips)
Seat 6: michehh5 ($83.67 in chips)
michehh5: posts small blind $1
sinsadir: posts big blind $3
*** HOLE CARDS ***
michehh5: raises $3 to $6
sinsadir: calls $3
*** FLOP *** [Kc 6s Ac]
sinsadir: checks
michehh5: bets $3
sinsadir: raises $3 to $6
michehh5: raises $3 to $9
sinsadir: raises $3 to $12
Betting is capped
michehh5: calls $3
*** TURN *** [Kc 6s Ac] [Qc]
sinsadir: bets $6
michehh5: folds
Uncalled bet ($6) returned to sinsadir
sinsadir collected $35.50 from pot
sinsadir: doesn't show hand
*** SUMMARY ***
Total pot $36 | Rake $0.50
Board [Kc 6s Ac Qc]
Seat 1: sinsadir (big blind) collected ($35.50)
Seat 6: michehh5 (button) (small blind) folded on the Turn


PokerStars Hand #161676852414:  Hold'em Limit ($3/$6 USD) - 2016/11/20 4:26:45 ET
Table 'Adhafera' 6-max Seat #1 is the button
Seat 1: sinsadir ($119.50 in chips)
Seat 6: michehh5 ($65.67 in chips)
sinsadir: posts small blind $1
michehh5: posts big blind $3
*** HOLE CARDS ***
sinsadir: raises $3 to $6
michehh5: raises $3 to $9
sinsadir: calls $3
*** FLOP *** [5h Kh Th]
michehh5: bets $3
sinsadir: calls $3
*** TURN *** [5h Kh Th] [3d]
Pti4ka_Tucan leaves the table
michehh5: bets $6
sinsadir: raises $6 to $12
michehh5: calls $6
*** RIVER *** [5h Kh Th 3d] [Ad]
michehh5: bets $6
sinsadir: raises $6 to $12
michehh5: raises $6 to $18
sinsadir: raises $6 to $24
Betting is capped
michehh5: folds
Uncalled bet ($6) returned to sinsadir
sinsadir collected $83.50 from pot
sinsadir: doesn't show hand
*** SUMMARY ***
Total pot $84 | Rake $0.50
Board [5h Kh Th 3d Ad]
Seat 1: sinsadir (button) (small blind) collected ($83.50)
Seat 6: michehh5 (big blind) folded on the River


PokerStars Hand #161676885785:  Hold'em Limit ($3/$6 USD) - 2016/11/20 4:28:07 ET
Table 'Adhafera' 6-max Seat #1 is the button
Seat 1: sinsadir ($158 in chips)
Seat 6: michehh5 ($26.55 in chips)
sinsadir: posts small blind $1
michehh5: posts big blind $3
*** HOLE CARDS ***
sinsadir: raises $3 to $6
michehh5: raises $3 to $9
sinsadir: calls $3
*** FLOP *** [Ad 3c 6c]
michehh5: bets $3
sinsadir: calls $3
*** TURN *** [Ad 3c 6c] [Ts]
michehh5: bets $6
sinsadir: calls $6
*** RIVER *** [Ad 3c 6c Ts] [9h]
michehh5: bets $6
sinsadir: raises $6 to $12
michehh5: calls $2.55 and is all-in
Uncalled bet ($3.45) returned to sinsadir
*** SHOW DOWN ***
sinsadir: shows [As 4c] (a pair of Aces)
michehh5: shows [Kd Kh] (a pair of Kings)
sinsadir collected $52.60 from pot
*** SUMMARY ***
Total pot $53.10 | Rake $0.50
Board [Ad 3c 6c Ts 9h]
Seat 1: sinsadir (button) (small blind) showed [As 4c] and won ($52.60) with a pair of Aces
Seat 6: michehh5 (big blind) showed [Kd Kh] and lost with a pair of Kings


PokerStars Hand #161676871775:  Hold'em Limit ($3/$6 USD) - 2016/11/20 4:27:33 ET
Table 'Adhafera' 6-max Seat #6 is the button
Seat 1: sinsadir ($161 in chips)
Seat 6: michehh5 ($23.67 in chips)
michehh5: posts small blind $1
sinsadir: posts big blind $3
*** HOLE CARDS ***
michehh5: calls $2
sinsadir: checks
*** FLOP *** [2c 4h Tc]
sinsadir: checks
michehh5: checks
*** TURN *** [2c 4h Tc] [Qh]
sinsadir: checks
michehh5: bets $6
sinsadir: folds
Uncalled bet ($6) returned to michehh5
michehh5 collected $5.88 from pot
michehh5: doesn't show hand
*** SUMMARY ***
Total pot $6 | Rake $0.12
Board [2c 4h Tc Qh]
Seat 1: sinsadir (big blind) folded on the Turn
Seat 6: michehh5 (button) (small blind) collected ($5.88)


PokerStars Hand #161676911171:  Hold'em Limit ($3/$6 USD) - 2016/11/20 4:29:10 ET
Table 'Adhafera' 6-max Seat #2 is the button
Seat 1: sinsadir ($184.05 in chips)
Seat 2: grand-samira ($72 in chips)
grand-samira: posts small blind $1
sinsadir: posts big blind $3
*** HOLE CARDS ***
grand-samira: calls $2
sinsadir: raises $3 to $6
grand-samira: calls $3
*** FLOP *** [Ad Ac 2h]
sinsadir: bets $3
grand-samira: folds
Uncalled bet ($3) returned to sinsadir
sinsadir collected $11.76 from pot
sinsadir: doesn't show hand
*** SUMMARY ***
Total pot $12 | Rake $0.24
Board [Ad Ac 2h]
Seat 1: sinsadir (big blind) collected ($11.76)
Seat 2: grand-samira (button) (small blind) folded on the Flop


PokerStars Hand #161676917587:  Hold'em Limit ($3/$6 USD) - 2016/11/20 4:29:26 ET
Table 'Adhafera' 6-max Seat #1 is the button
Seat 1: sinsadir ($189.81 in chips)
Seat 2: grand-samira ($66 in chips)
sinsadir: posts small blind $1
grand-samira: posts big blind $3
*** HOLE CARDS ***
sinsadir: raises $3 to $6
grand-samira: calls $3
*** FLOP *** [9s 8h As]
grand-samira: checks
sinsadir: checks
*** TURN *** [9s 8h As] [5h]
grand-samira: bets $6
sinsadir: calls $6
*** RIVER *** [9s 8h As 5h] [6h]
grand-samira: bets $6
sinsadir: calls $6
*** SHOW DOWN ***
grand-samira: shows [Qd 5s] (a pair of Fives)
sinsadir: shows [Ad 4d] (a pair of Aces)
sinsadir collected $35.50 from pot
*** SUMMARY ***
Total pot $36 | Rake $0.50
Board [9s 8h As 5h 6h]
Seat 1: sinsadir (button) (small blind) showed [Ad 4d] and won ($35.50) with a pair of Aces
Seat 2: grand-samira (big blind) showed [Qd 5s] and lost with a pair of Fives


PokerStars Hand #161676927095:  Hold'em Limit ($3/$6 USD) - 2016/11/20 4:29:49 ET
Table 'Adhafera' 6-max Seat #2 is the button
Seat 1: sinsadir ($207.31 in chips)
Seat 2: grand-samira ($48 in chips)
grand-samira: posts small blind $1
sinsadir: posts big blind $3
*** HOLE CARDS ***
grand-samira: calls $2
sinsadir: checks
*** FLOP *** [Tc 6d Kc]
sinsadir: bets $3
grand-samira: calls $3
*** TURN *** [Tc 6d Kc] [8c]
sinsadir: checks
grand-samira: checks
*** RIVER *** [Tc 6d Kc 8c] [4s]
sinsadir: checks
grand-samira: checks
*** SHOW DOWN ***
sinsadir: shows [3s Qs] (high card King)
grand-samira: shows [Qh Ac] (high card Ace)
grand-samira collected $11.76 from pot
*** SUMMARY ***
Total pot $12 | Rake $0.24
Board [Tc 6d Kc 8c 4s]
Seat 1: sinsadir (big blind) showed [3s Qs] and lost with high card King
Seat 2: grand-samira (button) (small blind) showed [Qh Ac] and won ($11.76) with high card Ace


PokerStars Hand #161676935939:  Hold'em Limit ($3/$6 USD) - 2016/11/20 4:30:11 ET
Table 'Adhafera' 6-max Seat #1 is the button
Seat 1: sinsadir ($201.31 in chips)
Seat 2: grand-samira ($53.76 in chips)
sinsadir: posts small blind $1
grand-samira: posts big blind $3
*** HOLE CARDS ***
sinsadir: raises $3 to $6
grand-samira: raises $3 to $9
sinsadir: calls $3
*** FLOP *** [5h 9s 5c]
grand-samira: checks
sinsadir: bets $3
grand-samira: calls $3
*** TURN *** [5h 9s 5c] [6s]
grand-samira: checks
sinsadir: bets $6
grand-samira: raises $6 to $12
sinsadir: raises $6 to $18
grand-samira: calls $6
*** RIVER *** [5h 9s 5c 6s] [3s]
grand-samira: bets $6
sinsadir: raises $6 to $12
grand-samira: calls $6
*** SHOW DOWN ***
sinsadir: shows [6h 6d] (a full house, Sixes full of Fives)
grand-samira: mucks hand
sinsadir collected $83.50 from pot
*** SUMMARY ***
Total pot $84 | Rake $0.50
Board [5h 9s 5c 6s 3s]
Seat 1: sinsadir (button) (small blind) showed [6h 6d] and won ($83.50) with a full house, Sixes full of Fives
Seat 2: grand-samira (big blind) mucked


