PokerStars Hand #171755601900:  Hold'em Limit ($3/$6 USD) - 2017/06/14 5:11:59 ET
Table 'Adhara' 6-max Seat #1 is the button
Seat 1: igorkabmw ($33 in chips)
Seat 4: VolkovDmitri ($120 in chips)
igorkabmw: posts small blind $1
VolkovDmitri: posts big blind $3
*** HOLE CARDS ***
igorkabmw: folds
Uncalled bet ($2) returned to VolkovDmitri
VolkovDmitri collected $2 from pot
VolkovDmitri: doesn't show hand
*** SUMMARY ***
Total pot $2 | Rake $0
Seat 1: igorkabmw (button) (small blind) folded before Flop
Seat 4: VolkovDmitri (big blind) collected ($2)


PokerStars Hand #171755604149:  Hold'em Limit ($3/$6 USD) - 2017/06/14 5:12:05 ET
Table 'Adhara' 6-max Seat #4 is the button
Seat 1: igorkabmw ($32 in chips)
Seat 4: VolkovDmitri ($121 in chips)
VolkovDmitri: posts small blind $1
igorkabmw: posts big blind $3
*** HOLE CARDS ***
Blackadder77 joins the table at seat #6
VolkovDmitri: raises $3 to $6
igorkabmw: calls $3
*** FLOP *** [Qd 7s Jd]
igorkabmw: checks
VolkovDmitri: bets $3
igorkabmw: calls $3
*** TURN *** [Qd 7s Jd] [5c]
B_loJkl joins the table at seat #2
igorkabmw: checks
VolkovDmitri: checks
*** RIVER *** [Qd 7s Jd 5c] [2d]
igorkabmw: checks
Ale4o joins the table at seat #3
VolkovDmitri: checks
*** SHOW DOWN ***
igorkabmw: shows [Ts Jc] (a pair of Jacks)
VolkovDmitri: mucks hand
igorkabmw collected $17.64 from pot
*** SUMMARY ***
Total pot $18 | Rake $0.36
Board [Qd 7s Jd 5c 2d]
Seat 1: igorkabmw (big blind) showed [Ts Jc] and won ($17.64) with a pair of Jacks
Seat 4: VolkovDmitri (button) (small blind) mucked


PokerStars Hand #171755733921:  Hold'em Limit ($3/$6 USD) - 2017/06/14 5:18:19 ET
Table 'Adhara' 6-max Seat #2 is the button
Seat 2: B_loJkl ($131.53 in chips)
Seat 6: Blackadder77 ($49.66 in chips)
igorkabmw will be allowed to play after the button
B_loJkl: posts small blind $1
Ale4o: is sitting out
Blackadder77: posts big blind $3
*** HOLE CARDS ***
B_loJkl: raises $3 to $6
Blackadder77: calls $3
*** FLOP *** [Qh Qs Jd]
Blackadder77: checks
hairy1961 joins the table at seat #5
B_loJkl: bets $3
Blackadder77: calls $3
*** TURN *** [Qh Qs Jd] [Qd]
Blackadder77: checks
B_loJkl: checks
*** RIVER *** [Qh Qs Jd Qd] [2d]
Blackadder77: checks
B_loJkl: checks
*** SHOW DOWN ***
Blackadder77: shows [9c Ks] (three of a kind, Queens)
B_loJkl: mucks hand
Blackadder77 collected $17.64 from pot
*** SUMMARY ***
Total pot $18 | Rake $0.36
Board [Qh Qs Jd Qd 2d]
Seat 2: B_loJkl (button) (small blind) mucked
Seat 6: Blackadder77 (big blind) showed [9c Ks] and won ($17.64) with three of a kind, Queens


PokerStars Hand #171755967020:  Hold'em Limit ($3/$6 USD) - 2017/06/14 5:29:14 ET
Table 'Adhara' 6-max Seat #2 is the button
Seat 1: Agrotait ($72 in chips)
Seat 2: B_loJkl ($145.91 in chips)
B_loJkl: posts small blind $1
Ale4o: is sitting out
turtlespit: is sitting out
Blackadder77: is sitting out
Agrotait: posts big blind $3
*** HOLE CARDS ***
Ale4o leaves the table
turtlespit leaves the table
B_loJkl: folds
Uncalled bet ($2) returned to Agrotait
Agrotait collected $2 from pot
Agrotait: doesn't show hand
*** SUMMARY ***
Total pot $2 | Rake $0
Seat 1: Agrotait (big blind) collected ($2)
Seat 2: B_loJkl (button) (small blind) folded before Flop


PokerStars Hand #171755971343:  Hold'em Limit ($3/$6 USD) - 2017/06/14 5:29:26 ET
Table 'Adhara' 6-max Seat #1 is the button
Seat 1: Agrotait ($73 in chips)
Seat 2: B_loJkl ($144.91 in chips)
Agrotait: posts small blind $1
B_loJkl: posts big blind $3
*** HOLE CARDS ***
Agrotait: raises $3 to $6
B_loJkl: raises $3 to $9
Agrotait: calls $3
*** FLOP *** [Js 4s Th]
B_loJkl: bets $3
Agrotait: calls $3
*** TURN *** [Js 4s Th] [9d]
B_loJkl: checks
Agrotait: checks
*** RIVER *** [Js 4s Th 9d] [2s]
B_loJkl: bets $6
Agrotait: calls $6
*** SHOW DOWN ***
B_loJkl: shows [5c 5s] (a pair of Fives)
Agrotait: mucks hand
B_loJkl collected $35.50 from pot
*** SUMMARY ***
Total pot $36 | Rake $0.50
Board [Js 4s Th 9d 2s]
Seat 1: Agrotait (button) (small blind) mucked
Seat 2: B_loJkl (big blind) showed [5c 5s] and won ($35.50) with a pair of Fives


