PokerStars Hand #169121202702:  Hold'em Limit ($3/$6 USD) - 2017/04/16 11:05:34 ET
Table 'Adhafera' 6-max Seat #3 is the button
Seat 1: humlefar ($60.75 in chips)
Seat 3: tttzzz ($83.19 in chips)
tttzzz: posts small blind $1
humlefar: posts big blind $3
*** HOLE CARDS ***
tttzzz: raises $3 to $6
humlefar: calls $3
*** FLOP *** [9d Td 4s]
humlefar: checks
tttzzz: bets $3
humlefar: calls $3
*** TURN *** [9d Td 4s] [4d]
humlefar: checks
tttzzz: bets $6
humlefar: calls $6
*** RIVER *** [9d Td 4s 4d] [Jd]
humlefar: checks
tttzzz: bets $6
humlefar: calls $6
*** SHOW DOWN ***
tttzzz: shows [Qd 3d] (a flush, Queen high)
humlefar: mucks hand
tttzzz collected $41.50 from pot
*** SUMMARY ***
Total pot $42 | Rake $0.50
Board [9d Td 4s 4d Jd]
Seat 1: humlefar (big blind) mucked
Seat 3: tttzzz (button) (small blind) showed [Qd 3d] and won ($41.50) with a flush, Queen high


PokerStars Hand #169123774300:  Hold'em Limit ($3/$6 USD) - 2017/04/16 12:08:01 ET
Table 'Adhafera' 6-max Seat #2 is the button
Seat 2: Kaukadiginte ($53.93 in chips)
Seat 4: AzureCaper ($72 in chips)
Kaukadiginte: posts small blind $1
AzureCaper: posts big blind $3
*** HOLE CARDS ***
Kaukadiginte: calls $2
AzureCaper: checks
*** FLOP *** [7h 5c 2c]
AzureCaper: bets $3
Kaukadiginte: calls $3
*** TURN *** [7h 5c 2c] [3c]
AzureCaper: bets $6
Kaukadiginte: calls $6
*** RIVER *** [7h 5c 2c 3c] [7d]
AzureCaper: checks
Kaukadiginte: checks
*** SHOW DOWN ***
AzureCaper: shows [2d Ks] (two pair, Sevens and Deuces)
Kaukadiginte: mucks hand
AzureCaper collected $23.52 from pot
*** SUMMARY ***
Total pot $24 | Rake $0.48
Board [7h 5c 2c 3c 7d]
Seat 2: Kaukadiginte (button) (small blind) mucked
Seat 4: AzureCaper (big blind) showed [2d Ks] and won ($23.52) with two pair, Sevens and Deuces


PokerStars Hand #169123806999:  Hold'em Limit ($3/$6 USD) - 2017/04/16 12:08:46 ET
Table 'Adhafera' 6-max Seat #2 is the button
Seat 2: Kaukadiginte ($35.93 in chips)
Seat 4: AzureCaper ($89.28 in chips)
Kaukadiginte: posts small blind $1
AzureCaper: posts big blind $3
*** HOLE CARDS ***
Kaukadiginte: calls $2
AzureCaper: checks
*** FLOP *** [Qc Th 2c]
AzureCaper: checks
Kaukadiginte: bets $3
AzureCaper: folds
Uncalled bet ($3) returned to Kaukadiginte
Kaukadiginte collected $5.88 from pot
Kaukadiginte: doesn't show hand
*** SUMMARY ***
Total pot $6 | Rake $0.12
Board [Qc Th 2c]
Seat 2: Kaukadiginte (button) (small blind) collected ($5.88)
Seat 4: AzureCaper (big blind) folded on the Flop


PokerStars Hand #169123798294:  Hold'em Limit ($3/$6 USD) - 2017/04/16 12:08:34 ET
Table 'Adhafera' 6-max Seat #4 is the button
Seat 2: Kaukadiginte ($41.93 in chips)
Seat 4: AzureCaper ($83.52 in chips)
AzureCaper: posts small blind $1
Kaukadiginte: posts big blind $3
*** HOLE CARDS ***
Bonafidegirl joins the table at seat #6
AzureCaper: raises $3 to $6
Kaukadiginte: calls $3
*** FLOP *** [Kh 8d Td]
Kaukadiginte: checks
AzureCaper: bets $3
Kaukadiginte: folds
Uncalled bet ($3) returned to AzureCaper
AzureCaper collected $11.76 from pot
AzureCaper: doesn't show hand
*** SUMMARY ***
Total pot $12 | Rake $0.24
Board [Kh 8d Td]
Seat 2: Kaukadiginte (big blind) folded on the Flop
Seat 4: AzureCaper (button) (small blind) collected ($11.76)


PokerStars Hand #169124692180:  Hold'em Limit ($3/$6 USD) - 2017/04/16 12:28:31 ET
Table 'Adhafera' 6-max Seat #1 is the button
Seat 1: vestimokrec ($147.72 in chips)
Seat 6: Bonafidegirl ($37.55 in chips)
vestimokrec: posts small blind $1
AzureCaper: is sitting out
Bonafidegirl: posts big blind $3
*** HOLE CARDS ***
AzureCaper leaves the table
vestimokrec: raises $3 to $6
Bonafidegirl: calls $3
*** FLOP *** [5d 6h 8s]
Bonafidegirl: bets $3
vestimokrec: calls $3
*** TURN *** [5d 6h 8s] [3c]
Bonafidegirl: bets $6
vestimokrec: calls $6
*** RIVER *** [5d 6h 8s 3c] [2d]
Bonafidegirl: checks
vestimokrec: checks
*** SHOW DOWN ***
Bonafidegirl: shows [Ts 5s] (a pair of Fives)
vestimokrec: mucks hand
Bonafidegirl collected $29.50 from pot
*** SUMMARY ***
Total pot $30 | Rake $0.50
Board [5d 6h 8s 3c 2d]
Seat 1: vestimokrec (button) (small blind) mucked
Seat 6: Bonafidegirl (big blind) showed [Ts 5s] and won ($29.50) with a pair of Fives


