PokerStars Hand #151349340312:  Hold'em Limit ($3/$6 USD) - 2016/04/03 0:03:53 ET
Table 'Adhafera' 6-max Seat #1 is the button
Seat 1: frazerchi ($30 in chips)
Seat 4: VolkovDmitri ($120 in chips)
frazerchi: posts small blind $1
VolkovDmitri: posts big blind $3
*** HOLE CARDS ***
frazerchi: folds
Uncalled bet ($2) returned to VolkovDmitri
VolkovDmitri collected $2 from pot
VolkovDmitri: doesn't show hand
*** SUMMARY ***
Total pot $2 | Rake $0
Seat 1: frazerchi (button) (small blind) folded before Flop
Seat 4: VolkovDmitri (big blind) collected ($2)


PokerStars Hand #151349355305:  Hold'em Limit ($3/$6 USD) - 2016/04/03 0:04:43 ET
Table 'Adhafera' 6-max Seat #4 is the button
Seat 1: frazerchi ($48.50 in chips)
Seat 4: VolkovDmitri ($121 in chips)
VolkovDmitri: posts small blind $1
frazerchi: posts big blind $3
*** HOLE CARDS ***
VolkovDmitri: raises $3 to $6
frazerchi: folds
Uncalled bet ($3) returned to VolkovDmitri
VolkovDmitri collected $6 from pot
VolkovDmitri: doesn't show hand
*** SUMMARY ***
Total pot $6 | Rake $0
Seat 1: frazerchi (big blind) folded before Flop
Seat 4: VolkovDmitri (button) (small blind) collected ($6)


PokerStars Hand #151349353378:  Hold'em Limit ($3/$6 USD) - 2016/04/03 0:04:37 ET
Table 'Adhafera' 6-max Seat #1 is the button
Seat 1: frazerchi ($49.50 in chips)
Seat 4: VolkovDmitri ($120 in chips)
frazerchi: posts small blind $1
VolkovDmitri: posts big blind $3
*** HOLE CARDS ***
frazerchi: folds
Uncalled bet ($2) returned to VolkovDmitri
VolkovDmitri collected $2 from pot
VolkovDmitri: doesn't show hand
*** SUMMARY ***
Total pot $2 | Rake $0
Seat 1: frazerchi (button) (small blind) folded before Flop
Seat 4: VolkovDmitri (big blind) collected ($2)


PokerStars Hand #151349343415:  Hold'em Limit ($3/$6 USD) - 2016/04/03 0:04:03 ET
Table 'Adhafera' 6-max Seat #4 is the button
Seat 1: frazerchi ($29 in chips)
Seat 4: VolkovDmitri ($121 in chips)
VolkovDmitri: posts small blind $1
frazerchi: posts big blind $3
*** HOLE CARDS ***
VolkovDmitri: raises $3 to $6
frazerchi: calls $3
*** FLOP *** [3s 5c 2s]
frazerchi: checks
VolkovDmitri: bets $3
frazerchi: calls $3
*** TURN *** [3s 5c 2s] [Th]
frazerchi: bets $6
VolkovDmitri: calls $6
*** RIVER *** [3s 5c 2s Th] [Kc]
frazerchi: bets $6
VolkovDmitri said, "and wtf u r jumping?"
VolkovDmitri: calls $6
*** SHOW DOWN ***
frazerchi: shows [6c Tc] (a pair of Tens)
VolkovDmitri: mucks hand
frazerchi collected $41.50 from pot
*** SUMMARY ***
Total pot $42 | Rake $0.50
Board [3s 5c 2s Th Kc]
Seat 1: frazerchi (big blind) showed [6c Tc] and won ($41.50) with a pair of Tens
Seat 4: VolkovDmitri (button) (small blind) mucked


PokerStars Hand #151349357081:  Hold'em Limit ($3/$6 USD) - 2016/04/03 0:04:49 ET
Table 'Adhafera' 6-max Seat #1 is the button
Seat 1: frazerchi ($45.50 in chips)
Seat 4: VolkovDmitri ($124 in chips)
frazerchi: posts small blind $1
VolkovDmitri: posts big blind $3
*** HOLE CARDS ***
frazerchi: calls $2
VolkovDmitri: raises $3 to $6
frazerchi: calls $3
*** FLOP *** [7s Th 8h]
VolkovDmitri: bets $3
frazerchi: calls $3
*** TURN *** [7s Th 8h] [7d]
VolkovDmitri: checks
frazerchi: bets $6
VolkovDmitri: calls $6
*** RIVER *** [7s Th 8h 7d] [2c]
VolkovDmitri: checks
frazerchi: bets $6
VolkovDmitri: calls $6
*** SHOW DOWN ***
frazerchi: shows [5h Qh] (a pair of Sevens)
VolkovDmitri: shows [Ac 4h] (a pair of Sevens - Ace kicker)
VolkovDmitri collected $41.50 from pot
*** SUMMARY ***
Total pot $42 | Rake $0.50
Board [7s Th 8h 7d 2c]
Seat 1: frazerchi (button) (small blind) showed [5h Qh] and lost with a pair of Sevens
Seat 4: VolkovDmitri (big blind) showed [Ac 4h] and won ($41.50) with a pair of Sevens


PokerStars Hand #151349367747:  Hold'em Limit ($3/$6 USD) - 2016/04/03 0:05:25 ET
Table 'Adhafera' 6-max Seat #1 is the button
Seat 1: frazerchi ($21.50 in chips)
Seat 4: VolkovDmitri ($147.50 in chips)
frazerchi: posts small blind $1
VolkovDmitri: posts big blind $3
*** HOLE CARDS ***
frazerchi: folds
Uncalled bet ($2) returned to VolkovDmitri
VolkovDmitri collected $2 from pot
VolkovDmitri: doesn't show hand
*** SUMMARY ***
Total pot $2 | Rake $0
Seat 1: frazerchi (button) (small blind) folded before Flop
Seat 4: VolkovDmitri (big blind) collected ($2)


PokerStars Hand #151349365679:  Hold'em Limit ($3/$6 USD) - 2016/04/03 0:05:18 ET
Table 'Adhafera' 6-max Seat #4 is the button
Seat 1: frazerchi ($24.50 in chips)
Seat 4: VolkovDmitri ($144.50 in chips)
VolkovDmitri: posts small blind $1
frazerchi: posts big blind $3
*** HOLE CARDS ***
VolkovDmitri: raises $3 to $6
frazerchi: folds
Uncalled bet ($3) returned to VolkovDmitri
VolkovDmitri collected $6 from pot
VolkovDmitri: doesn't show hand
*** SUMMARY ***
Total pot $6 | Rake $0
Seat 1: frazerchi (big blind) folded before Flop
Seat 4: VolkovDmitri (button) (small blind) collected ($6)


PokerStars Hand #151349369545:  Hold'em Limit ($3/$6 USD) - 2016/04/03 0:05:31 ET
Table 'Adhafera' 6-max Seat #4 is the button
Seat 1: frazerchi ($20.50 in chips)
Seat 4: VolkovDmitri ($148.50 in chips)
VolkovDmitri: posts small blind $1
frazerchi: posts big blind $3
*** HOLE CARDS ***
VolkovDmitri: raises $3 to $6
frazerchi: calls $3
*** FLOP *** [Qs 3d Td]
frazerchi: checks
VolkovDmitri: bets $3
frazerchi: folds
Uncalled bet ($3) returned to VolkovDmitri
VolkovDmitri collected $11.76 from pot
VolkovDmitri: doesn't show hand
*** SUMMARY ***
Total pot $12 | Rake $0.24
Board [Qs 3d Td]
Seat 1: frazerchi (big blind) folded on the Flop
Seat 4: VolkovDmitri (button) (small blind) collected ($11.76)


PokerStars Hand #151349374355:  Hold'em Limit ($3/$6 USD) - 2016/04/03 0:05:47 ET
Table 'Adhafera' 6-max Seat #1 is the button
Seat 1: frazerchi ($14.50 in chips)
Seat 4: VolkovDmitri ($154.26 in chips)
frazerchi: posts small blind $1
VolkovDmitri: posts big blind $3
*** HOLE CARDS ***
frazerchi: raises $3 to $6
VolkovDmitri: calls $3
*** FLOP *** [4d 5s 8c]
VolkovDmitri: checks
frazerchi: bets $3
VolkovDmitri: raises $3 to $6
frazerchi: raises $2.50 to $8.50 and is all-in
VolkovDmitri: calls $2.50
*** TURN *** [4d 5s 8c] [3s]
*** RIVER *** [4d 5s 8c 3s] [6c]
*** SHOW DOWN ***
VolkovDmitri: shows [7s 6h] (a straight, Four to Eight)
frazerchi: shows [Ad Jd] (high card Ace)
VolkovDmitri collected $28.50 from pot
*** SUMMARY ***
Total pot $29 | Rake $0.50
Board [4d 5s 8c 3s 6c]
Seat 1: frazerchi (button) (small blind) showed [Ad Jd] and lost with high card Ace
Seat 4: VolkovDmitri (big blind) showed [7s 6h] and won ($28.50) with a straight, Four to Eight


PokerStars Hand #151349404601:  Hold'em Limit ($3/$6 USD) - 2016/04/03 0:07:30 ET
Table 'Adhafera' 6-max Seat #1 is the button
Seat 1: frazerchi ($25.86 in chips)
Seat 4: VolkovDmitri ($173.02 in chips)
frazerchi: posts small blind $1
VolkovDmitri: posts big blind $3
*** HOLE CARDS ***
frazerchi: raises $3 to $6
VolkovDmitri: calls $3
*** FLOP *** [4h Kd 4s]
VolkovDmitri: checks
frazerchi: bets $3
VolkovDmitri: folds
Uncalled bet ($3) returned to frazerchi
frazerchi collected $11.76 from pot
frazerchi: doesn't show hand
*** SUMMARY ***
Total pot $12 | Rake $0.24
Board [4h Kd 4s]
Seat 1: frazerchi (button) (small blind) collected ($11.76)
Seat 4: VolkovDmitri (big blind) folded on the Flop


PokerStars Hand #151349402439:  Hold'em Limit ($3/$6 USD) - 2016/04/03 0:07:22 ET
Table 'Adhafera' 6-max Seat #4 is the button
Seat 1: frazerchi ($28.86 in chips)
Seat 4: VolkovDmitri ($170.02 in chips)
VolkovDmitri: posts small blind $1
frazerchi: posts big blind $3
*** HOLE CARDS ***
VolkovDmitri: raises $3 to $6
frazerchi: folds
Uncalled bet ($3) returned to VolkovDmitri
VolkovDmitri collected $6 from pot
VolkovDmitri: doesn't show hand
*** SUMMARY ***
Total pot $6 | Rake $0
Seat 1: frazerchi (big blind) folded before Flop
Seat 4: VolkovDmitri (button) (small blind) collected ($6)


PokerStars Hand #151349400839:  Hold'em Limit ($3/$6 USD) - 2016/04/03 0:07:17 ET
Table 'Adhafera' 6-max Seat #1 is the button
Seat 1: frazerchi ($29.86 in chips)
Seat 4: VolkovDmitri ($169.02 in chips)
frazerchi: posts small blind $1
VolkovDmitri: posts big blind $3
*** HOLE CARDS ***
frazerchi: folds
Uncalled bet ($2) returned to VolkovDmitri
VolkovDmitri collected $2 from pot
VolkovDmitri: doesn't show hand
*** SUMMARY ***
Total pot $2 | Rake $0
Seat 1: frazerchi (button) (small blind) folded before Flop
Seat 4: VolkovDmitri (big blind) collected ($2)


PokerStars Hand #151349394647:  Hold'em Limit ($3/$6 USD) - 2016/04/03 0:06:56 ET
Table 'Adhafera' 6-max Seat #1 is the button
Seat 1: frazerchi ($36.86 in chips)
Seat 4: VolkovDmitri ($162.26 in chips)
frazerchi: posts small blind $1
VolkovDmitri: posts big blind $3
*** HOLE CARDS ***
frazerchi: folds
Uncalled bet ($2) returned to VolkovDmitri
VolkovDmitri collected $2 from pot
VolkovDmitri: doesn't show hand
*** SUMMARY ***
Total pot $2 | Rake $0
Seat 1: frazerchi (button) (small blind) folded before Flop
Seat 4: VolkovDmitri (big blind) collected ($2)


PokerStars Hand #151349387543:  Hold'em Limit ($3/$6 USD) - 2016/04/03 0:06:32 ET
Table 'Adhafera' 6-max Seat #4 is the button
Seat 1: frazerchi ($31.10 in chips)
Seat 4: VolkovDmitri ($168.26 in chips)
VolkovDmitri: posts small blind $1
frazerchi: posts big blind $3
*** HOLE CARDS ***
VolkovDmitri: raises $3 to $6
frazerchi: calls $3
*** FLOP *** [8h 3h Jd]
frazerchi: bets $3
VolkovDmitri: folds
Uncalled bet ($3) returned to frazerchi
frazerchi collected $11.76 from pot
frazerchi: doesn't show hand
*** SUMMARY ***
Total pot $12 | Rake $0.24
Board [8h 3h Jd]
Seat 1: frazerchi (big blind) collected ($11.76)
Seat 4: VolkovDmitri (button) (small blind) folded on the Flop


PokerStars Hand #151349396287:  Hold'em Limit ($3/$6 USD) - 2016/04/03 0:07:02 ET
Table 'Adhafera' 6-max Seat #4 is the button
Seat 1: frazerchi ($35.86 in chips)
Seat 4: VolkovDmitri ($163.26 in chips)
VolkovDmitri: posts small blind $1
frazerchi: posts big blind $3
*** HOLE CARDS ***
VolkovDmitri: raises $3 to $6
frazerchi: calls $3
*** FLOP *** [7d Jc Th]
frazerchi: checks
VolkovDmitri: bets $3
frazerchi: folds
Uncalled bet ($3) returned to VolkovDmitri
VolkovDmitri collected $11.76 from pot
VolkovDmitri: doesn't show hand
*** SUMMARY ***
Total pot $12 | Rake $0.24
Board [7d Jc Th]
Seat 1: frazerchi (big blind) folded on the Flop
Seat 4: VolkovDmitri (button) (small blind) collected ($11.76)


PokerStars Hand #151349417099:  Hold'em Limit ($3/$6 USD) - 2016/04/03 0:08:12 ET
Table 'Adhafera' 6-max Seat #1 is the button
Seat 1: frazerchi ($46.12 in chips)
Seat 4: VolkovDmitri ($152.02 in chips)
frazerchi: posts small blind $1
VolkovDmitri: posts big blind $3
*** HOLE CARDS ***
frazerchi: folds
Uncalled bet ($2) returned to VolkovDmitri
VolkovDmitri collected $2 from pot
VolkovDmitri: doesn't show hand
*** SUMMARY ***
Total pot $2 | Rake $0
Seat 1: frazerchi (button) (small blind) folded before Flop
Seat 4: VolkovDmitri (big blind) collected ($2)


PokerStars Hand #151349409864:  Hold'em Limit ($3/$6 USD) - 2016/04/03 0:07:48 ET
Table 'Adhafera' 6-max Seat #4 is the button
Seat 1: frazerchi ($31.62 in chips)
Seat 4: VolkovDmitri ($167.02 in chips)
VolkovDmitri: posts small blind $1
frazerchi: posts big blind $3
*** HOLE CARDS ***
VolkovDmitri: raises $3 to $6
frazerchi: calls $3
*** FLOP *** [5c 9d 8d]
frazerchi: bets $3
VolkovDmitri: calls $3
*** TURN *** [5c 9d 8d] [7s]
frazerchi: bets $6
VolkovDmitri: calls $6
*** RIVER *** [5c 9d 8d 7s] [Ad]
frazerchi: checks
VolkovDmitri: checks
*** SHOW DOWN ***
frazerchi: shows [7c 9s] (two pair, Nines and Sevens)
VolkovDmitri: mucks hand
frazerchi collected $29.50 from pot
*** SUMMARY ***
Total pot $30 | Rake $0.50
Board [5c 9d 8d 7s Ad]
Seat 1: frazerchi (big blind) showed [7c 9s] and won ($29.50) with two pair, Nines and Sevens
Seat 4: VolkovDmitri (button) (small blind) mucked


PokerStars Hand #151349418941:  Hold'em Limit ($3/$6 USD) - 2016/04/03 0:08:19 ET
Table 'Adhafera' 6-max Seat #4 is the button
Seat 1: frazerchi ($45.12 in chips)
Seat 4: VolkovDmitri ($153.02 in chips)
VolkovDmitri: posts small blind $1
frazerchi: posts big blind $3
*** HOLE CARDS ***
VolkovDmitri: raises $3 to $6
frazerchi: raises $3 to $9
VolkovDmitri: calls $3
*** FLOP *** [Ks 2d Qd]
frazerchi: bets $3
VolkovDmitri: calls $3
*** TURN *** [Ks 2d Qd] [Ac]
frazerchi: bets $6
VolkovDmitri: calls $6
*** RIVER *** [Ks 2d Qd Ac] [8d]
frazerchi: bets $6
VolkovDmitri: calls $6
*** SHOW DOWN ***
frazerchi: shows [Kc Ad] (two pair, Aces and Kings)
VolkovDmitri: mucks hand
frazerchi collected $47.50 from pot
*** SUMMARY ***
Total pot $48 | Rake $0.50
Board [Ks 2d Qd Ac 8d]
Seat 1: frazerchi (big blind) showed [Kc Ad] and won ($47.50) with two pair, Aces and Kings
Seat 4: VolkovDmitri (button) (small blind) mucked


PokerStars Hand #151349427556:  Hold'em Limit ($3/$6 USD) - 2016/04/03 0:08:49 ET
Table 'Adhafera' 6-max Seat #1 is the button
Seat 1: frazerchi ($68.62 in chips)
Seat 4: VolkovDmitri ($129.02 in chips)
frazerchi: posts small blind $1
VolkovDmitri: posts big blind $3
*** HOLE CARDS ***
frazerchi: folds
Uncalled bet ($2) returned to VolkovDmitri
VolkovDmitri collected $2 from pot
VolkovDmitri: doesn't show hand
*** SUMMARY ***
Total pot $2 | Rake $0
Seat 1: frazerchi (button) (small blind) folded before Flop
Seat 4: VolkovDmitri (big blind) collected ($2)


