PokerStars Hand #171594444651:  Hold'em Limit ($3/$6 USD) - 2017/06/10 11:31:25 ET
Table 'Adhafera II' 6-max Seat #3 is the button
Seat 3: sim5sim5 ($72 in chips)
Seat 4: BetterTennis ($120 in chips)
sim5sim5: posts small blind $1
BetterTennis: posts big blind $3
*** HOLE CARDS ***
Anchig joins the table at seat #5
sim5sim5: raises $3 to $6
BetterTennis: calls $3
*** FLOP *** [4h 8h 4s]
BetterTennis: checks
sim5sim5: bets $3
BetterTennis: raises $3 to $6
sim5sim5: calls $3
*** TURN *** [4h 8h 4s] [6d]
BetterTennis: bets $6
sim5sim5: raises $6 to $12
BetterTennis: calls $6
*** RIVER *** [4h 8h 4s 6d] [7h]
BetterTennis: checks
sim5sim5: bets $6
BetterTennis: calls $6
*** SHOW DOWN ***
sim5sim5: shows [Ad 8d] (two pair, Eights and Fours)
BetterTennis: mucks hand
sim5sim5 collected $59.50 from pot
*** SUMMARY ***
Total pot $60 | Rake $0.50
Board [4h 8h 4s 6d 7h]
Seat 3: sim5sim5 (button) (small blind) showed [Ad 8d] and won ($59.50) with two pair, Eights and Fours
Seat 4: BetterTennis (big blind) mucked


PokerStars Hand #171594488337:  Hold'em Limit ($3/$6 USD) - 2017/06/10 11:32:37 ET
Table 'Adhafera II' 6-max Seat #5 is the button
Seat 4: BetterTennis ($93 in chips)
Seat 5: Anchig ($117 in chips)
Anchig: posts small blind $1
sim5sim5: is sitting out
BetterTennis: posts big blind $3
*** HOLE CARDS ***
Anchig: raises $3 to $6
sim5sim5 leaves the table
BetterTennis: calls $3
*** FLOP *** [5c 7d Kh]
BetterTennis: checks
Anchig: bets $3
BetterTennis: folds
Uncalled bet ($3) returned to Anchig
Anchig collected $11.76 from pot
Anchig: doesn't show hand
*** SUMMARY ***
Total pot $12 | Rake $0.24
Board [5c 7d Kh]
Seat 4: BetterTennis (big blind) folded on the Flop
Seat 5: Anchig (button) (small blind) collected ($11.76)


PokerStars Hand #171594500858:  Hold'em Limit ($3/$6 USD) - 2017/06/10 11:32:57 ET
Table 'Adhafera II' 6-max Seat #4 is the button
Seat 4: BetterTennis ($87 in chips)
Seat 5: Anchig ($122.76 in chips)
BetterTennis: posts small blind $1
Anchig: posts big blind $3
*** HOLE CARDS ***
BetterTennis: raises $3 to $6
Anchig: calls $3
*** FLOP *** [Kd Jd 2h]
Anchig: checks
BetterTennis: bets $3
Anchig: folds
Uncalled bet ($3) returned to BetterTennis
BetterTennis collected $11.76 from pot
BetterTennis: doesn't show hand
*** SUMMARY ***
Total pot $12 | Rake $0.24
Board [Kd Jd 2h]
Seat 4: BetterTennis (button) (small blind) collected ($11.76)
Seat 5: Anchig (big blind) folded on the Flop


PokerStars Hand #171594509688:  Hold'em Limit ($3/$6 USD) - 2017/06/10 11:33:12 ET
Table 'Adhafera II' 6-max Seat #5 is the button
Seat 4: BetterTennis ($92.76 in chips)
Seat 5: Anchig ($116.76 in chips)
Anchig: posts small blind $1
BetterTennis: posts big blind $3
*** HOLE CARDS ***
Anchig: raises $3 to $6
BetterTennis: raises $3 to $9
Anchig: calls $3
*** FLOP *** [Ac 9s 2h]
BetterTennis: bets $3
Anchig: calls $3
*** TURN *** [Ac 9s 2h] [6h]
BetterTennis: bets $6
Anchig: raises $6 to $12
BetterTennis: folds
Uncalled bet ($6) returned to Anchig
Anchig collected $35.50 from pot
Anchig: doesn't show hand
*** SUMMARY ***
Total pot $36 | Rake $0.50
Board [Ac 9s 2h 6h]
Seat 4: BetterTennis (big blind) folded on the Turn
Seat 5: Anchig (button) (small blind) collected ($35.50)


PokerStars Hand #171594520655:  Hold'em Limit ($3/$6 USD) - 2017/06/10 11:33:30 ET
Table 'Adhafera II' 6-max Seat #4 is the button
Seat 4: BetterTennis ($74.76 in chips)
Seat 5: Anchig ($134.26 in chips)
BetterTennis: posts small blind $1
Anchig: posts big blind $3
*** HOLE CARDS ***
BetterTennis: folds
Uncalled bet ($2) returned to Anchig
Anchig collected $2 from pot
Anchig: doesn't show hand
*** SUMMARY ***
Total pot $2 | Rake $0
Seat 4: BetterTennis (button) (small blind) folded before Flop
Seat 5: Anchig (big blind) collected ($2)


PokerStars Hand #171594524322:  Hold'em Limit ($3/$6 USD) - 2017/06/10 11:33:36 ET
Table 'Adhafera II' 6-max Seat #5 is the button
Seat 4: BetterTennis ($73.76 in chips)
Seat 5: Anchig ($135.26 in chips)
Anchig: posts small blind $1
BetterTennis: posts big blind $3
*** HOLE CARDS ***
Anchig: raises $3 to $6
BetterTennis: calls $3
*** FLOP *** [Kh 7d 7s]
BetterTennis: checks
Anchig: bets $3
BetterTennis: folds
Uncalled bet ($3) returned to Anchig
Anchig collected $11.76 from pot
Anchig: doesn't show hand
*** SUMMARY ***
Total pot $12 | Rake $0.24
Board [Kh 7d 7s]
Seat 4: BetterTennis (big blind) folded on the Flop
Seat 5: Anchig (button) (small blind) collected ($11.76)


PokerStars Hand #171594534052:  Hold'em Limit ($3/$6 USD) - 2017/06/10 11:33:52 ET
Table 'Adhafera II' 6-max Seat #5 is the button
Seat 4: BetterTennis ($66.76 in chips)
Seat 5: Anchig ($142.02 in chips)
Anchig: posts small blind $1
BetterTennis: posts big blind $3
*** HOLE CARDS ***
Anchig: folds
Uncalled bet ($2) returned to BetterTennis
BetterTennis collected $2 from pot
BetterTennis: doesn't show hand
*** SUMMARY ***
Total pot $2 | Rake $0
Seat 4: BetterTennis (big blind) collected ($2)
Seat 5: Anchig (button) (small blind) folded before Flop


PokerStars Hand #171594531232:  Hold'em Limit ($3/$6 USD) - 2017/06/10 11:33:47 ET
Table 'Adhafera II' 6-max Seat #4 is the button
Seat 4: BetterTennis ($67.76 in chips)
Seat 5: Anchig ($141.02 in chips)
BetterTennis: posts small blind $1
Anchig: posts big blind $3
*** HOLE CARDS ***
BetterTennis: folds
Uncalled bet ($2) returned to Anchig
Anchig collected $2 from pot
Anchig: doesn't show hand
*** SUMMARY ***
Total pot $2 | Rake $0
Seat 4: BetterTennis (button) (small blind) folded before Flop
Seat 5: Anchig (big blind) collected ($2)


PokerStars Hand #171594537175:  Hold'em Limit ($3/$6 USD) - 2017/06/10 11:33:57 ET
Table 'Adhafera II' 6-max Seat #4 is the button
Seat 4: BetterTennis ($67.76 in chips)
Seat 5: Anchig ($141.02 in chips)
BetterTennis: posts small blind $1
Anchig: posts big blind $3
Manipulera joins the table at seat #6
*** HOLE CARDS ***
BetterTennis: raises $3 to $6
Anchig: calls $3
*** FLOP *** [4h 5d 5h]
Anchig: checks
BetterTennis: bets $3
Anchig: raises $3 to $6
BetterTennis: calls $3
*** TURN *** [4h 5d 5h] [3h]
Anchig: bets $6
BetterTennis: raises $6 to $12
Anchig: calls $6
*** RIVER *** [4h 5d 5h 3h] [Kd]
Anchig: checks
BetterTennis: checks
*** SHOW DOWN ***
Anchig: shows [Qd 5c] (three of a kind, Fives)
BetterTennis: mucks hand
Anchig collected $47.50 from pot
*** SUMMARY ***
Total pot $48 | Rake $0.50
Board [4h 5d 5h 3h Kd]
Seat 4: BetterTennis (button) (small blind) mucked
Seat 5: Anchig (big blind) showed [Qd 5c] and won ($47.50) with three of a kind, Fives


