PokerStars Hand #150682636613:  Hold'em Limit ($3/$6 USD) - 2016/03/20 20:02:20 ET
Table 'Adhafera' 6-max Seat #1 is the button
Seat 1: Zubasa07 ($477 in chips)
Seat 4: kumarmoh ($90.08 in chips)
Zubasa07: posts small blind $1
kumarmoh: posts big blind $3
*** HOLE CARDS ***
Zubasa07: folds
Uncalled bet ($2) returned to kumarmoh
kumarmoh collected $2 from pot
kumarmoh: doesn't show hand
*** SUMMARY ***
Total pot $2 | Rake $0
Seat 1: Zubasa07 (button) (small blind) folded before Flop
Seat 4: kumarmoh (big blind) collected ($2)


PokerStars Hand #150682632670:  Hold'em Limit ($3/$6 USD) - 2016/03/20 20:02:14 ET
Table 'Adhafera' 6-max Seat #4 is the button
Seat 1: Zubasa07 ($476 in chips)
Seat 4: kumarmoh ($91.08 in chips)
kumarmoh: posts small blind $1
Zubasa07: posts big blind $3
*** HOLE CARDS ***
kumarmoh: folds
Uncalled bet ($2) returned to Zubasa07
Zubasa07 collected $2 from pot
Zubasa07: doesn't show hand
*** SUMMARY ***
Total pot $2 | Rake $0
Seat 1: Zubasa07 (big blind) collected ($2)
Seat 4: kumarmoh (button) (small blind) folded before Flop


PokerStars Hand #150682610693:  Hold'em Limit ($3/$6 USD) - 2016/03/20 20:01:41 ET
Table 'Adhafera' 6-max Seat #1 is the button
Seat 1: Zubasa07 ($500 in chips)
Seat 4: kumarmoh ($67.58 in chips)
Zubasa07: posts small blind $1
kumarmoh: posts big blind $3
*** HOLE CARDS ***
Zubasa07: raises $3 to $6
kumarmoh: calls $3
*** FLOP *** [6s Js Kc]
kumarmoh: checks
Zubasa07: bets $3
kumarmoh: raises $3 to $6
Zubasa07: calls $3
*** TURN *** [6s Js Kc] [7h]
kumarmoh: bets $6
Zubasa07: calls $6
*** RIVER *** [6s Js Kc 7h] [7c]
kumarmoh: bets $6
Zubasa07: calls $6
*** SHOW DOWN ***
kumarmoh: shows [Jh 2s] (two pair, Jacks and Sevens)
Zubasa07: mucks hand
kumarmoh collected $47.50 from pot
*** SUMMARY ***
Total pot $48 | Rake $0.50
Board [6s Js Kc 7h 7c]
Seat 1: Zubasa07 (button) (small blind) mucked
Seat 4: kumarmoh (big blind) showed [Jh 2s] and won ($47.50) with two pair, Jacks and Sevens


PokerStars Hand #150682666709:  Hold'em Limit ($3/$6 USD) - 2016/03/20 20:03:05 ET
Table 'Adhafera' 6-max Seat #1 is the button
Seat 1: Zubasa07 ($481.76 in chips)
Seat 4: kumarmoh ($85.08 in chips)
Zubasa07: posts small blind $1
kumarmoh: posts big blind $3
*** HOLE CARDS ***
Zubasa07: raises $3 to $6
kumarmoh: calls $3
*** FLOP *** [Kc 4d 5d]
kumarmoh: checks
Zubasa07: bets $3
kumarmoh: raises $3 to $6
Zubasa07: calls $3
*** TURN *** [Kc 4d 5d] [8d]
kumarmoh: bets $6
Zubasa07: raises $6 to $12
kumarmoh: calls $6
*** RIVER *** [Kc 4d 5d 8d] [Ts]
kumarmoh: checks
Zubasa07: bets $6
kumarmoh: calls $6
*** SHOW DOWN ***
Zubasa07: shows [Kd Th] (two pair, Kings and Tens)
kumarmoh: mucks hand
Zubasa07 collected $59.50 from pot
*** SUMMARY ***
Total pot $60 | Rake $0.50
Board [Kc 4d 5d 8d Ts]
Seat 1: Zubasa07 (button) (small blind) showed [Kd Th] and won ($59.50) with two pair, Kings and Tens
Seat 4: kumarmoh (big blind) mucked


PokerStars Hand #150682641835:  Hold'em Limit ($3/$6 USD) - 2016/03/20 20:02:28 ET
Table 'Adhafera' 6-max Seat #4 is the button
Seat 1: Zubasa07 ($476 in chips)
Seat 4: kumarmoh ($91.08 in chips)
kumarmoh: posts small blind $1
Zubasa07: posts big blind $3
*** HOLE CARDS ***
kumarmoh: calls $2
Zubasa07: checks
*** FLOP *** [Th 6c Ts]
Zubasa07: bets $3
kumarmoh: calls $3
*** TURN *** [Th 6c Ts] [Kh]
Zubasa07: checks
kumarmoh: checks
*** RIVER *** [Th 6c Ts Kh] [Qs]
Zubasa07: checks
kumarmoh: checks
*** SHOW DOWN ***
Zubasa07: shows [Js 3s] (a pair of Tens)
kumarmoh: mucks hand
Zubasa07 collected $11.76 from pot
*** SUMMARY ***
Total pot $12 | Rake $0.24
Board [Th 6c Ts Kh Qs]
Seat 1: Zubasa07 (big blind) showed [Js 3s] and won ($11.76) with a pair of Tens
Seat 4: kumarmoh (button) (small blind) mucked


PokerStars Hand #150682696862:  Hold'em Limit ($3/$6 USD) - 2016/03/20 20:03:49 ET
Table 'Adhafera' 6-max Seat #4 is the button
Seat 1: Zubasa07 ($511.26 in chips)
Seat 4: kumarmoh ($55.08 in chips)
kumarmoh: posts small blind $1
Zubasa07: posts big blind $3
*** HOLE CARDS ***
kumarmoh: folds
Uncalled bet ($2) returned to Zubasa07
Zubasa07 collected $2 from pot
Zubasa07: doesn't show hand
*** SUMMARY ***
Total pot $2 | Rake $0
Seat 1: Zubasa07 (big blind) collected ($2)
Seat 4: kumarmoh (button) (small blind) folded before Flop


PokerStars Hand #150682745444:  Hold'em Limit ($3/$6 USD) - 2016/03/20 20:04:58 ET
Table 'Adhafera' 6-max Seat #1 is the button
Seat 1: Zubasa07 ($535.52 in chips)
Seat 4: kumarmoh ($30.08 in chips)
Zubasa07: posts small blind $1
kumarmoh: posts big blind $3
*** HOLE CARDS ***
Zubasa07: raises $3 to $6
kumarmoh: calls $3
*** FLOP *** [Tc Th Kd]
kumarmoh: checks
Zubasa07: bets $3
kumarmoh: folds
Uncalled bet ($3) returned to Zubasa07
Zubasa07 collected $11.76 from pot
Zubasa07: doesn't show hand
*** SUMMARY ***
Total pot $12 | Rake $0.24
Board [Tc Th Kd]
Seat 1: Zubasa07 (button) (small blind) collected ($11.76)
Seat 4: kumarmoh (big blind) folded on the Flop


PokerStars Hand #150682764053:  Hold'em Limit ($3/$6 USD) - 2016/03/20 20:05:25 ET
Table 'Adhafera' 6-max Seat #4 is the button
Seat 1: Zubasa07 ($541.28 in chips)
Seat 4: kumarmoh ($24.08 in chips)
kumarmoh: posts small blind $1
Zubasa07: posts big blind $3
*** HOLE CARDS ***
kumarmoh: folds
Uncalled bet ($2) returned to Zubasa07
Zubasa07 collected $2 from pot
Zubasa07: doesn't show hand
*** SUMMARY ***
Total pot $2 | Rake $0
Seat 1: Zubasa07 (big blind) collected ($2)
Seat 4: kumarmoh (button) (small blind) folded before Flop


PokerStars Hand #150682721416:  Hold'em Limit ($3/$6 USD) - 2016/03/20 20:04:24 ET
Table 'Adhafera' 6-max Seat #4 is the button
Seat 1: Zubasa07 ($529.76 in chips)
Seat 4: kumarmoh ($36.08 in chips)
kumarmoh: posts small blind $1
Zubasa07: posts big blind $3
*** HOLE CARDS ***
kumarmoh: raises $3 to $6
Zubasa07: calls $3
*** FLOP *** [4s Ks 5d]
Zubasa07: checks
kumarmoh: checks
*** TURN *** [4s Ks 5d] [5h]
Zubasa07: bets $6
kumarmoh: folds
Uncalled bet ($6) returned to Zubasa07
Zubasa07 collected $11.76 from pot
Zubasa07: doesn't show hand
*** SUMMARY ***
Total pot $12 | Rake $0.24
Board [4s Ks 5d 5h]
Seat 1: Zubasa07 (big blind) collected ($11.76)
Seat 4: kumarmoh (button) (small blind) folded on the Turn


PokerStars Hand #150682786501:  Hold'em Limit ($3/$6 USD) - 2016/03/20 20:05:57 ET
Table 'Adhafera' 6-max Seat #1 is the button
Seat 1: Zubasa07 ($534.28 in chips)
Seat 4: kumarmoh ($30.72 in chips)
Zubasa07: posts small blind $1
kumarmoh: posts big blind $3
*** HOLE CARDS ***
Zubasa07: raises $3 to $6
kumarmoh: raises $3 to $9
Zubasa07: calls $3
*** FLOP *** [Kc Qs 8h]
kumarmoh: bets $3
Zubasa07: calls $3
*** TURN *** [Kc Qs 8h] [3s]
kumarmoh: bets $6
Zubasa07: calls $6
*** RIVER *** [Kc Qs 8h 3s] [3d]
kumarmoh: bets $6
Zubasa07: calls $6
*** SHOW DOWN ***
kumarmoh: shows [Qh Jd] (two pair, Queens and Threes)
Zubasa07: mucks hand
kumarmoh collected $47.50 from pot
*** SUMMARY ***
Total pot $48 | Rake $0.50
Board [Kc Qs 8h 3s 3d]
Seat 1: Zubasa07 (button) (small blind) mucked
Seat 4: kumarmoh (big blind) showed [Qh Jd] and won ($47.50) with two pair, Queens and Threes


PokerStars Hand #150682782529:  Hold'em Limit ($3/$6 USD) - 2016/03/20 20:05:51 ET
Table 'Adhafera' 6-max Seat #4 is the button
Seat 1: Zubasa07 ($533.28 in chips)
Seat 4: kumarmoh ($31.72 in chips)
kumarmoh: posts small blind $1
Zubasa07: posts big blind $3
*** HOLE CARDS ***
kumarmoh: folds
Uncalled bet ($2) returned to Zubasa07
Zubasa07 collected $2 from pot
Zubasa07: doesn't show hand
*** SUMMARY ***
Total pot $2 | Rake $0
Seat 1: Zubasa07 (big blind) collected ($2)
Seat 4: kumarmoh (button) (small blind) folded before Flop


PokerStars Hand #150682767703:  Hold'em Limit ($3/$6 USD) - 2016/03/20 20:05:30 ET
Table 'Adhafera' 6-max Seat #1 is the button
Seat 1: Zubasa07 ($542.28 in chips)
Seat 4: kumarmoh ($23.08 in chips)
Zubasa07: posts small blind $1
kumarmoh: posts big blind $3
*** HOLE CARDS ***
Zubasa07: raises $3 to $6
kumarmoh: raises $3 to $9
Zubasa07: calls $3
*** FLOP *** [8h Th Ac]
kumarmoh: bets $3
Zubasa07: folds
Uncalled bet ($3) returned to kumarmoh
kumarmoh collected $17.64 from pot
kumarmoh: doesn't show hand
*** SUMMARY ***
Total pot $18 | Rake $0.36
Board [8h Th Ac]
Seat 1: Zubasa07 (button) (small blind) folded on the Flop
Seat 4: kumarmoh (big blind) collected ($17.64)


PokerStars Hand #150682841432:  Hold'em Limit ($3/$6 USD) - 2016/03/20 20:07:16 ET
Table 'Adhafera' 6-max Seat #1 is the button
Seat 1: Zubasa07 ($527.78 in chips)
Seat 4: kumarmoh ($36.22 in chips)
Zubasa07: posts small blind $1
kumarmoh: posts big blind $3
*** HOLE CARDS ***
Zubasa07: raises $3 to $6
kumarmoh: calls $3
*** FLOP *** [Jh 8h Ac]
kumarmoh: checks
Zubasa07: bets $3
kumarmoh: calls $3
*** TURN *** [Jh 8h Ac] [Kd]
kumarmoh: checks
Zubasa07: checks
*** RIVER *** [Jh 8h Ac Kd] [Ks]
kumarmoh: bets $6
Zubasa07: calls $6
*** SHOW DOWN ***
kumarmoh: shows [8s 4d] (two pair, Kings and Eights)
Zubasa07: shows [Tc Jc] (two pair, Kings and Jacks)
Zubasa07 collected $29.50 from pot
*** SUMMARY ***
Total pot $30 | Rake $0.50
Board [Jh 8h Ac Kd Ks]
Seat 1: Zubasa07 (button) (small blind) showed [Tc Jc] and won ($29.50) with two pair, Kings and Jacks
Seat 4: kumarmoh (big blind) showed [8s 4d] and lost with two pair, Kings and Eights


PokerStars Hand #150682812810:  Hold'em Limit ($3/$6 USD) - 2016/03/20 20:06:34 ET
Table 'Adhafera' 6-max Seat #4 is the button
Seat 1: Zubasa07 ($510.28 in chips)
Seat 4: kumarmoh ($54.22 in chips)
kumarmoh: posts small blind $1
Zubasa07: posts big blind $3
*** HOLE CARDS ***
kumarmoh: raises $3 to $6
Zubasa07: calls $3
*** FLOP *** [4s 9d 2s]
Zubasa07: checks
kumarmoh: bets $3
Zubasa07: raises $3 to $6
kumarmoh: calls $3
*** TURN *** [4s 9d 2s] [5c]
Zubasa07: bets $6
kumarmoh: calls $6
*** RIVER *** [4s 9d 2s 5c] [5s]
Zubasa07: checks
kumarmoh: checks
*** SHOW DOWN ***
Zubasa07: shows [Js 2h] (two pair, Fives and Deuces)
kumarmoh: mucks hand
Zubasa07 collected $35.50 from pot
*** SUMMARY ***
Total pot $36 | Rake $0.50
Board [4s 9d 2s 5c 5s]
Seat 1: Zubasa07 (big blind) showed [Js 2h] and won ($35.50) with two pair, Fives and Deuces
Seat 4: kumarmoh (button) (small blind) mucked


