PokerStars Hand #161055485627:  Hold'em Limit ($3/$6 USD) - 2016/11/07 14:58:01 ET
Table 'Admete III' 6-max Seat #5 is the button
Seat 3: Tatyana3005 ($33.19 in chips)
Seat 5: vovojc ($47 in chips)
vovojc: posts small blind $1
Tatyana3005: posts big blind $3
*** HOLE CARDS ***
vovojc: folds
Uncalled bet ($2) returned to Tatyana3005
Tatyana3005 collected $2 from pot
*** SUMMARY ***
Total pot $2 | Rake $0
Seat 3: Tatyana3005 (big blind) collected ($2)
Seat 5: vovojc (button) (small blind) folded before Flop


PokerStars Hand #161055480865:  Hold'em Limit ($3/$6 USD) - 2016/11/07 14:57:55 ET
Table 'Admete III' 6-max Seat #3 is the button
Seat 3: Tatyana3005 ($34.19 in chips)
Seat 5: vovojc ($46 in chips)
Tatyana3005: posts small blind $1
vovojc: posts big blind $3
*** HOLE CARDS ***
Tatyana3005: folds
Uncalled bet ($2) returned to vovojc
vovojc collected $2 from pot
*** SUMMARY ***
Total pot $2 | Rake $0
Seat 3: Tatyana3005 (button) (small blind) folded before Flop
Seat 5: vovojc (big blind) collected ($2)


PokerStars Hand #161055474699:  Hold'em Limit ($3/$6 USD) - 2016/11/07 14:57:48 ET
Table 'Admete III' 6-max Seat #5 is the button
Seat 3: Tatyana3005 ($37.19 in chips)
Seat 5: vovojc ($43 in chips)
vovojc: posts small blind $1
Tatyana3005: posts big blind $3
*** HOLE CARDS ***
vestimokrec joins the table at seat #6
vovojc: raises $3 to $6
Tatyana3005: folds
Uncalled bet ($3) returned to vovojc
vovojc collected $6 from pot
*** SUMMARY ***
Total pot $6 | Rake $0
Seat 3: Tatyana3005 (big blind) folded before Flop
Seat 5: vovojc (button) (small blind) collected ($6)


