PokerStars Hand #153006599418:  Hold'em Limit ($3/$6 USD) - 2016/05/08 1:27:42 ET
Table 'Admete' 6-max Seat #4 is the button
Seat 3: alingi77 ($99.61 in chips)
Seat 4: VolkovDmitri ($120 in chips)
VolkovDmitri: posts small blind $1
alingi77: posts big blind $3
*** HOLE CARDS ***
VolkovDmitri: raises $3 to $6
alingi77: calls $3
*** FLOP *** [3c Qh 9c]
alingi77: checks
VolkovDmitri: bets $3
alingi77: calls $3
*** TURN *** [3c Qh 9c] [Ah]
alingi77: bets $6
VolkovDmitri: calls $6
*** RIVER *** [3c Qh 9c Ah] [5c]
alingi77: bets $6
VolkovDmitri: calls $6
*** SHOW DOWN ***
alingi77: shows [Ks As] (a pair of Aces)
VolkovDmitri: mucks hand
alingi77 collected $41.50 from pot
*** SUMMARY ***
Total pot $42 | Rake $0.50
Board [3c Qh 9c Ah 5c]
Seat 3: alingi77 (big blind) showed [Ks As] and won ($41.50) with a pair of Aces
Seat 4: VolkovDmitri (button) (small blind) mucked


PokerStars Hand #153006584643:  Hold'em Limit ($3/$6 USD) - 2016/05/08 1:26:44 ET
Table 'Admete' 6-max Seat #3 is the button
Seat 3: alingi77 ($79.11 in chips)
Seat 4: VolkovDmitri ($120 in chips)
alingi77: posts small blind $1
VolkovDmitri: posts big blind $3
*** HOLE CARDS ***
alingi77: calls $2
VolkovDmitri: raises $3 to $6
alingi77: calls $3
*** FLOP *** [2d Tc 4d]
VolkovDmitri: bets $3
alingi77: calls $3
*** TURN *** [2d Tc 4d] [5c]
VolkovDmitri: checks
alingi77: bets $6
VolkovDmitri: calls $6
*** RIVER *** [2d Tc 4d 5c] [6s]
VolkovDmitri: checks
alingi77: bets $6
VolkovDmitri: calls $6
*** SHOW DOWN ***
alingi77: shows [Js 3s] (a straight, Deuce to Six)
VolkovDmitri: mucks hand
alingi77 collected $41.50 from pot
*** SUMMARY ***
Total pot $42 | Rake $0.50
Board [2d Tc 4d 5c 6s]
Seat 3: alingi77 (button) (small blind) showed [Js 3s] and won ($41.50) with a straight, Deuce to Six
Seat 4: VolkovDmitri (big blind) mucked


PokerStars Hand #153006609114:  Hold'em Limit ($3/$6 USD) - 2016/05/08 1:28:19 ET
Table 'Admete' 6-max Seat #3 is the button
Seat 3: alingi77 ($120.11 in chips)
Seat 4: VolkovDmitri ($120 in chips)
alingi77: posts small blind $1
VolkovDmitri: posts big blind $3
*** HOLE CARDS ***
alingi77: calls $2
VolkovDmitri: checks
*** FLOP *** [6c Kh 7c]
VolkovDmitri: checks
alingi77: bets $3
VolkovDmitri: folds
Uncalled bet ($3) returned to alingi77
alingi77 collected $5.88 from pot
*** SUMMARY ***
Total pot $6 | Rake $0.12
Board [6c Kh 7c]
Seat 3: alingi77 (button) (small blind) collected ($5.88)
Seat 4: VolkovDmitri (big blind) folded on the Flop


PokerStars Hand #153006621036:  Hold'em Limit ($3/$6 USD) - 2016/05/08 1:29:06 ET
Table 'Admete' 6-max Seat #4 is the button
Seat 3: alingi77 ($122.99 in chips)
Seat 4: VolkovDmitri ($120 in chips)
VolkovDmitri: posts small blind $1
alingi77: posts big blind $3
*** HOLE CARDS ***
VolkovDmitri: raises $3 to $6
alingi77: calls $3
*** FLOP *** [9h 6d 7c]
alingi77: bets $3
VolkovDmitri: calls $3
*** TURN *** [9h 6d 7c] [7h]
alingi77: bets $6
VolkovDmitri: calls $6
*** RIVER *** [9h 6d 7c 7h] [Qc]
alingi77: bets $6
VolkovDmitri: raises $6 to $12
alingi77: calls $6
*** SHOW DOWN ***
VolkovDmitri: shows [Qs Jd] (two pair, Queens and Sevens)
alingi77: shows [6s 7s] (a full house, Sevens full of Sixes)
alingi77 collected $53.50 from pot
*** SUMMARY ***
Total pot $54 | Rake $0.50
Board [9h 6d 7c 7h Qc]
Seat 3: alingi77 (big blind) showed [6s 7s] and won ($53.50) with a full house, Sevens full of Sixes
Seat 4: VolkovDmitri (button) (small blind) showed [Qs Jd] and lost with two pair, Queens and Sevens


PokerStars Hand #153006635833:  Hold'em Limit ($3/$6 USD) - 2016/05/08 1:30:03 ET
Table 'Admete' 6-max Seat #3 is the button
Seat 3: alingi77 ($149.49 in chips)
Seat 4: VolkovDmitri ($120 in chips)
alingi77: posts small blind $1
VolkovDmitri: posts big blind $3
*** HOLE CARDS ***
alingi77: folds
Uncalled bet ($2) returned to VolkovDmitri
VolkovDmitri collected $2 from pot
VolkovDmitri: doesn't show hand
*** SUMMARY ***
Total pot $2 | Rake $0
Seat 3: alingi77 (button) (small blind) folded before Flop
Seat 4: VolkovDmitri (big blind) collected ($2)


PokerStars Hand #153006637587:  Hold'em Limit ($3/$6 USD) - 2016/05/08 1:30:10 ET
Table 'Admete' 6-max Seat #4 is the button
Seat 3: alingi77 ($148.49 in chips)
Seat 4: VolkovDmitri ($121 in chips)
VolkovDmitri: posts small blind $1
alingi77: posts big blind $3
*** HOLE CARDS ***
VolkovDmitri: raises $3 to $6
alingi77: calls $3
*** FLOP *** [Ks 9d Js]
alingi77: checks
VolkovDmitri: bets $3
alingi77: folds
Uncalled bet ($3) returned to VolkovDmitri
VolkovDmitri collected $11.76 from pot
VolkovDmitri: doesn't show hand
*** SUMMARY ***
Total pot $12 | Rake $0.24
Board [Ks 9d Js]
Seat 3: alingi77 (big blind) folded on the Flop
Seat 4: VolkovDmitri (button) (small blind) collected ($11.76)


