PokerStars Hand #165922939169:  Hold'em Limit ($3/$6 USD) - 2017/02/09 4:24:33 ET
Table 'Admete II' 10-max Seat #10 is the button
Seat 6: Rus29APX ($120 in chips)
Seat 10: nordschrott ($43.77 in chips)
nordschrott: posts small blind $1
Rus29APX: posts big blind $3
*** HOLE CARDS ***
nordschrott: calls $2
Rus29APX: raises $3 to $6
nordschrott: calls $3
*** FLOP *** [5c 2c Ts]
Velbor107 joins the table at seat #1
Rus29APX: bets $3
nordschrott: calls $3
*** TURN *** [5c 2c Ts] [4h]
Rus29APX: bets $6
nordschrott: calls $6
*** RIVER *** [5c 2c Ts 4h] [Qh]
Rus29APX: checks
nordschrott: bets $6
Rus29APX: calls $6
*** SHOW DOWN ***
nordschrott: shows [7h 6h] (high card Queen)
Rus29APX: shows [5s 8s] (a pair of Fives)
Rus29APX collected $41.50 from pot
*** SUMMARY ***
Total pot $42 | Rake $0.50
Board [5c 2c Ts 4h Qh]
Seat 6: Rus29APX (big blind) showed [5s 8s] and won ($41.50) with a pair of Fives
Seat 10: nordschrott (button) (small blind) showed [7h 6h] and lost with high card Queen


PokerStars Hand #165922954862:  Hold'em Limit ($3/$6 USD) - 2017/02/09 4:25:14 ET
Table 'Admete II' 10-max Seat #6 is the button
Seat 6: Rus29APX ($140.50 in chips)
Seat 10: nordschrott ($22.77 in chips)
Rus29APX: posts small blind $1
nordschrott: posts big blind $3
*** HOLE CARDS ***
Rus29APX: raises $3 to $6
nordschrott: calls $3
*** FLOP *** [Kc 3h Ah]
nordschrott: checks
Rus29APX: bets $3
nordschrott: raises $3 to $6
Rus29APX: folds
Uncalled bet ($3) returned to nordschrott
nordschrott collected $17.64 from pot
*** SUMMARY ***
Total pot $18 | Rake $0.36
Board [Kc 3h Ah]
Seat 6: Rus29APX (button) (small blind) folded on the Flop
Seat 10: nordschrott (big blind) collected ($17.64)


PokerStars Hand #165923113749:  Hold'em Limit ($3/$6 USD) - 2017/02/09 4:32:01 ET
Table 'Admete II' 10-max Seat #1 is the button
Seat 1: Velbor107 ($269.70 in chips)
Seat 6: Rus29APX ($184.26 in chips)
Velbor107: posts small blind $1
Rus29APX: posts big blind $3
*** HOLE CARDS ***
Velbor107: raises $3 to $6
nordschrott leaves the table
Rus29APX: calls $3
*** FLOP *** [3h 5h 3s]
Rus29APX: checks
Velbor107: bets $3
Rus29APX: raises $3 to $6
Velbor107: calls $3
*** TURN *** [3h 5h 3s] [Qh]
Rus29APX: bets $6
Velbor107: folds
Uncalled bet ($6) returned to Rus29APX
Rus29APX collected $23.52 from pot
Rus29APX: doesn't show hand
*** SUMMARY ***
Total pot $24 | Rake $0.48
Board [3h 5h 3s Qh]
Seat 1: Velbor107 (button) (small blind) folded on the Turn
Seat 6: Rus29APX (big blind) collected ($23.52)


PokerStars Hand #165923229452:  Hold'em Limit ($3/$6 USD) - 2017/02/09 4:36:51 ET
Table 'Admete II' 10-max Seat #6 is the button
Seat 6: Rus29APX ($195.78 in chips)
Seat 9: nordschrott ($48 in chips)
Rus29APX: posts small blind $1
nordschrott: posts big blind $3
*** HOLE CARDS ***
Rus29APX: raises $3 to $6
nordschrott: calls $3
*** FLOP *** [6d 2s 4h]
nordschrott: checks
Rus29APX: checks
*** TURN *** [6d 2s 4h] [Jc]
nordschrott: checks
Rus29APX: checks
*** RIVER *** [6d 2s 4h Jc] [6c]
nordschrott: bets $6
Rus29APX: folds
Uncalled bet ($6) returned to nordschrott
nordschrott collected $11.76 from pot
*** SUMMARY ***
Total pot $12 | Rake $0.24
Board [6d 2s 4h Jc 6c]
Seat 6: Rus29APX (button) (small blind) folded on the River
Seat 9: nordschrott (big blind) collected ($11.76)


PokerStars Hand #165923257875:  Hold'em Limit ($3/$6 USD) - 2017/02/09 4:38:02 ET
Table 'Admete II' 10-max Seat #6 is the button
Seat 6: Rus29APX ($186.78 in chips)
Seat 9: nordschrott ($56.64 in chips)
Rus29APX: posts small blind $1
nordschrott: posts big blind $3
*** HOLE CARDS ***
Rus29APX: raises $3 to $6
nordschrott: calls $3
*** FLOP *** [2h Tc 2c]
nordschrott: checks
Rus29APX: bets $3
TbIP-TbIP 88 joins the table at seat #10
nordschrott: folds
Uncalled bet ($3) returned to Rus29APX
Rus29APX collected $11.76 from pot
Rus29APX: doesn't show hand
*** SUMMARY ***
Total pot $12 | Rake $0.24
Board [2h Tc 2c]
Seat 6: Rus29APX (button) (small blind) collected ($11.76)
Seat 9: nordschrott (big blind) folded on the Flop


PokerStars Hand #165923246441:  Hold'em Limit ($3/$6 USD) - 2017/02/09 4:37:34 ET
Table 'Admete II' 10-max Seat #9 is the button
Seat 6: Rus29APX ($189.78 in chips)
Seat 9: nordschrott ($53.76 in chips)
nordschrott: posts small blind $1
Rus29APX: posts big blind $3
*** HOLE CARDS ***
nordschrott: calls $2
Rus29APX: checks
*** FLOP *** [Qd Ks Ts]
Rus29APX: checks
nordschrott: bets $3
Rus29APX: folds
Uncalled bet ($3) returned to nordschrott
nordschrott collected $5.88 from pot
*** SUMMARY ***
Total pot $6 | Rake $0.12
Board [Qd Ks Ts]
Seat 6: Rus29APX (big blind) folded on the Flop
Seat 9: nordschrott (button) (small blind) collected ($5.88)


PokerStars Hand #165924056277:  Hold'em Limit ($3/$6 USD) - 2017/02/09 5:10:42 ET
Table 'Admete II' 10-max Seat #6 is the button
Seat 6: Rus29APX ($237.82 in chips)
Seat 10: TbIP-TbIP 88 ($100.84 in chips)
Rus29APX: posts small blind $1
TbIP-TbIP 88: posts big blind $3
*** HOLE CARDS ***
Rus29APX: raises $3 to $6
TbIP-TbIP 88: calls $3
*** FLOP *** [Th 3h Tc]
TbIP-TbIP 88: checks
Rus29APX: bets $3
TbIP-TbIP 88: calls $3
*** TURN *** [Th 3h Tc] [2s]
TbIP-TbIP 88: checks
Rus29APX: bets $6
TbIP-TbIP 88: calls $6
*** RIVER *** [Th 3h Tc 2s] [4s]
TbIP-TbIP 88: checks
Rus29APX: bets $6
TbIP-TbIP 88: calls $6
*** SHOW DOWN ***
Rus29APX: shows [As Kd] (a pair of Tens)
TbIP-TbIP 88: mucks hand
Rus29APX collected $41.50 from pot
*** SUMMARY ***
Total pot $42 | Rake $0.50
Board [Th 3h Tc 2s 4s]
Seat 6: Rus29APX (button) (small blind) showed [As Kd] and won ($41.50) with a pair of Tens
Seat 10: TbIP-TbIP 88 (big blind) mucked


