PokerStars Hand #175627565241:  Hold'em Limit ($3/$6 USD) - 2017/09/14 8:41:30 ET
Table 'Admete' 6-max Seat #3 is the button
Seat 3: xcgxcg2005 ($120 in chips)
Seat 4: Agrotait ($66 in chips)
xcgxcg2005: posts small blind $1
Agrotait: posts big blind $3
*** HOLE CARDS ***
xcgxcg2005: raises $3 to $6
Agrotait: calls $3
*** FLOP *** [6h Qd Jh]
Agrotait: checks
xcgxcg2005: bets $3
Agrotait: folds
Uncalled bet ($3) returned to xcgxcg2005
xcgxcg2005 collected $11.76 from pot
xcgxcg2005: doesn't show hand
*** SUMMARY ***
Total pot $12 | Rake $0.24
Board [6h Qd Jh]
Seat 3: xcgxcg2005 (button) (small blind) collected ($11.76)
Seat 4: Agrotait (big blind) folded on the Flop


PokerStars Hand #175627594817:  Hold'em Limit ($3/$6 USD) - 2017/09/14 8:42:31 ET
Table 'Admete' 6-max Seat #3 is the button
Seat 3: xcgxcg2005 ($143.26 in chips)
Seat 4: Agrotait ($42 in chips)
xcgxcg2005: posts small blind $1
Agrotait: posts big blind $3
*** HOLE CARDS ***
xcgxcg2005: raises $3 to $6
Agrotait: calls $3
*** FLOP *** [9d Jd Qh]
Agrotait: checks
xcgxcg2005: bets $3
Agrotait: folds
Uncalled bet ($3) returned to xcgxcg2005
xcgxcg2005 collected $11.76 from pot
xcgxcg2005: doesn't show hand
*** SUMMARY ***
Total pot $12 | Rake $0.24
Board [9d Jd Qh]
Seat 3: xcgxcg2005 (button) (small blind) collected ($11.76)
Seat 4: Agrotait (big blind) folded on the Flop


PokerStars Hand #175627578676:  Hold'em Limit ($3/$6 USD) - 2017/09/14 8:41:58 ET
Table 'Admete' 6-max Seat #4 is the button
Seat 3: xcgxcg2005 ($125.76 in chips)
Seat 4: Agrotait ($60 in chips)
Agrotait: posts small blind $1
xcgxcg2005: posts big blind $3
*** HOLE CARDS ***
Agrotait: raises $3 to $6
xcgxcg2005: raises $3 to $9
Agrotait: calls $3
*** FLOP *** [4s Jc Tc]
xcgxcg2005: bets $3
Agrotait: calls $3
*** TURN *** [4s Jc Tc] [Ts]
xcgxcg2005: bets $6
Agrotait: calls $6
*** RIVER *** [4s Jc Tc Ts] [8d]
xcgxcg2005: bets $6
Agrotait: folds
Uncalled bet ($6) returned to xcgxcg2005
xcgxcg2005 collected $35.50 from pot
xcgxcg2005: doesn't show hand
*** SUMMARY ***
Total pot $36 | Rake $0.50
Board [4s Jc Tc Ts 8d]
Seat 3: xcgxcg2005 (big blind) collected ($35.50)
Seat 4: Agrotait (button) (small blind) folded on the River


PokerStars Hand #175627619433:  Hold'em Limit ($3/$6 USD) - 2017/09/14 8:43:23 ET
Table 'Admete' 6-max Seat #4 is the button
Seat 3: xcgxcg2005 ($136.02 in chips)
Seat 4: Agrotait ($48.52 in chips)
Agrotait: posts small blind $1
xcgxcg2005: posts big blind $3
*** HOLE CARDS ***
Agrotait: raises $3 to $6
xcgxcg2005: raises $3 to $9
Agrotait: raises $3 to $12
Betting is capped
xcgxcg2005: calls $3
*** FLOP *** [4d 8c Ad]
xcgxcg2005: checks
Agrotait: checks
*** TURN *** [4d 8c Ad] [8d]
xcgxcg2005: bets $6
Agrotait: calls $6
*** RIVER *** [4d 8c Ad 8d] [6d]
xcgxcg2005: checks
Agrotait: bets $6
xcgxcg2005: calls $6
*** SHOW DOWN ***
Agrotait: shows [Qd Qc] (a flush, Ace high)
xcgxcg2005: mucks hand
Agrotait collected $47.50 from pot
*** SUMMARY ***
Total pot $48 | Rake $0.50
Board [4d 8c Ad 8d 6d]
Seat 3: xcgxcg2005 (big blind) mucked
Seat 4: Agrotait (button) (small blind) showed [Qd Qc] and won ($47.50) with a flush, Ace high


PokerStars Hand #175627616266:  Hold'em Limit ($3/$6 USD) - 2017/09/14 8:43:16 ET
Table 'Admete' 6-max Seat #3 is the button
Seat 3: xcgxcg2005 ($137.02 in chips)
Seat 4: Agrotait ($47.52 in chips)
xcgxcg2005: posts small blind $1
Agrotait: posts big blind $3
*** HOLE CARDS ***
xcgxcg2005: folds
Uncalled bet ($2) returned to Agrotait
Agrotait collected $2 from pot
Agrotait: doesn't show hand
*** SUMMARY ***
Total pot $2 | Rake $0
Seat 3: xcgxcg2005 (button) (small blind) folded before Flop
Seat 4: Agrotait (big blind) collected ($2)


PokerStars Hand #175627606222:  Hold'em Limit ($3/$6 USD) - 2017/09/14 8:42:55 ET
Table 'Admete' 6-max Seat #4 is the button
Seat 3: xcgxcg2005 ($149.02 in chips)
Seat 4: Agrotait ($36 in chips)
Agrotait: posts small blind $1
xcgxcg2005: posts big blind $3
*** HOLE CARDS ***
Agrotait: raises $3 to $6
xcgxcg2005: raises $3 to $9
Agrotait: raises $3 to $12
Betting is capped
xcgxcg2005: calls $3
*** FLOP *** [5c Jd Ts]
xcgxcg2005: checks
Agrotait: bets $3
xcgxcg2005: folds
Uncalled bet ($3) returned to Agrotait
Agrotait collected $23.52 from pot
Agrotait: doesn't show hand
*** SUMMARY ***
Total pot $24 | Rake $0.48
Board [5c Jd Ts]
Seat 3: xcgxcg2005 (big blind) folded on the Flop
Seat 4: Agrotait (button) (small blind) collected ($23.52)


PokerStars Hand #175627644907:  Hold'em Limit ($3/$6 USD) - 2017/09/14 8:44:16 ET
Table 'Admete' 6-max Seat #4 is the button
Seat 3: xcgxcg2005 ($97.02 in chips)
Seat 4: Agrotait ($86.52 in chips)
Agrotait: posts small blind $1
xcgxcg2005: posts big blind $3
*** HOLE CARDS ***
Agrotait: raises $3 to $6
xcgxcg2005: raises $3 to $9
Agrotait: calls $3
*** FLOP *** [3d Ah 6c]
xcgxcg2005: bets $3
Agrotait: calls $3
*** TURN *** [3d Ah 6c] [3h]
xcgxcg2005: bets $6
Agrotait: calls $6
*** RIVER *** [3d Ah 6c 3h] [7d]
xcgxcg2005: bets $6
Agrotait: calls $6
*** SHOW DOWN ***
xcgxcg2005: shows [6d As] (two pair, Aces and Sixes)
Agrotait: mucks hand
xcgxcg2005 collected $47.50 from pot
*** SUMMARY ***
Total pot $48 | Rake $0.50
Board [3d Ah 6c 3h 7d]
Seat 3: xcgxcg2005 (big blind) showed [6d As] and won ($47.50) with two pair, Aces and Sixes
Seat 4: Agrotait (button) (small blind) mucked


PokerStars Hand #175627633331:  Hold'em Limit ($3/$6 USD) - 2017/09/14 8:43:52 ET
Table 'Admete' 6-max Seat #3 is the button
Seat 3: xcgxcg2005 ($112.02 in chips)
Seat 4: Agrotait ($72.02 in chips)
xcgxcg2005: posts small blind $1
Agrotait: posts big blind $3
*** HOLE CARDS ***
xcgxcg2005: raises $3 to $6
Agrotait: calls $3
*** FLOP *** [Qs 5d Kc]
Agrotait: checks
xcgxcg2005: bets $3
Agrotait: calls $3
*** TURN *** [Qs 5d Kc] [Jc]
Agrotait: checks
xcgxcg2005: checks
*** RIVER *** [Qs 5d Kc Jc] [4d]
Agrotait: bets $6
xcgxcg2005: calls $6
*** SHOW DOWN ***
Agrotait: shows [Qc 3d] (a pair of Queens)
xcgxcg2005: mucks hand
Agrotait collected $29.50 from pot
*** SUMMARY ***
Total pot $30 | Rake $0.50
Board [Qs 5d Kc Jc 4d]
Seat 3: xcgxcg2005 (button) (small blind) mucked
Seat 4: Agrotait (big blind) showed [Qc 3d] and won ($29.50) with a pair of Queens


PokerStars Hand #175627679994:  Hold'em Limit ($3/$6 USD) - 2017/09/14 8:45:29 ET
Table 'Admete' 6-max Seat #3 is the button
Seat 3: xcgxcg2005 ($97.52 in chips)
Seat 4: Agrotait ($85.02 in chips)
xcgxcg2005: posts small blind $1
Agrotait: posts big blind $3
*** HOLE CARDS ***
xcgxcg2005: raises $3 to $6
Agrotait: raises $3 to $9
xcgxcg2005: calls $3
*** FLOP *** [5c As Qh]
Agrotait: bets $3
xcgxcg2005: folds
Uncalled bet ($3) returned to Agrotait
Agrotait collected $17.64 from pot
Agrotait: doesn't show hand
*** SUMMARY ***
Total pot $18 | Rake $0.36
Board [5c As Qh]
Seat 3: xcgxcg2005 (button) (small blind) folded on the Flop
Seat 4: Agrotait (big blind) collected ($17.64)


PokerStars Hand #175627675291:  Hold'em Limit ($3/$6 USD) - 2017/09/14 8:45:19 ET
Table 'Admete' 6-max Seat #4 is the button
Seat 3: xcgxcg2005 ($96.52 in chips)
Seat 4: Agrotait ($86.02 in chips)
Agrotait: posts small blind $1
xcgxcg2005: posts big blind $3
*** HOLE CARDS ***
Agrotait: folds
Uncalled bet ($2) returned to xcgxcg2005
xcgxcg2005 collected $2 from pot
xcgxcg2005: doesn't show hand
*** SUMMARY ***
Total pot $2 | Rake $0
Seat 3: xcgxcg2005 (big blind) collected ($2)
Seat 4: Agrotait (button) (small blind) folded before Flop


PokerStars Hand #175627654539:  Hold'em Limit ($3/$6 USD) - 2017/09/14 8:44:36 ET
Table 'Admete' 6-max Seat #3 is the button
Seat 3: xcgxcg2005 ($120.52 in chips)
Seat 4: Agrotait ($62.52 in chips)
xcgxcg2005: posts small blind $1
Agrotait: posts big blind $3
*** HOLE CARDS ***
xcgxcg2005: raises $3 to $6
Agrotait: calls $3
*** FLOP *** [2h 2c Td]
Agrotait: checks
xcgxcg2005: bets $3
Agrotait: raises $3 to $6
xcgxcg2005: calls $3
*** TURN *** [2h 2c Td] [Ks]
Agrotait: bets $6
xcgxcg2005: raises $6 to $12
Agrotait: calls $6
*** RIVER *** [2h 2c Td Ks] [8c]
Agrotait: checks
xcgxcg2005: checks
*** SHOW DOWN ***
Agrotait: shows [Tc 3c] (two pair, Tens and Deuces)
xcgxcg2005: mucks hand
Agrotait collected $47.50 from pot
*** SUMMARY ***
Total pot $48 | Rake $0.50
Board [2h 2c Td Ks 8c]
Seat 3: xcgxcg2005 (button) (small blind) mucked
Seat 4: Agrotait (big blind) showed [Tc 3c] and won ($47.50) with two pair, Tens and Deuces


PokerStars Hand #175627710002:  Hold'em Limit ($3/$6 USD) - 2017/09/14 8:46:32 ET
Table 'Admete' 6-max Seat #3 is the button
Seat 3: xcgxcg2005 ($79.52 in chips)
Seat 4: Agrotait ($102.30 in chips)
xcgxcg2005: posts small blind $1
Agrotait: posts big blind $3
*** HOLE CARDS ***
xcgxcg2005: folds
Uncalled bet ($2) returned to Agrotait
Agrotait collected $2 from pot
Agrotait: doesn't show hand
*** SUMMARY ***
Total pot $2 | Rake $0
Seat 3: xcgxcg2005 (button) (small blind) folded before Flop
Seat 4: Agrotait (big blind) collected ($2)


PokerStars Hand #175627691894:  Hold'em Limit ($3/$6 USD) - 2017/09/14 8:45:55 ET
Table 'Admete' 6-max Seat #4 is the button
Seat 3: xcgxcg2005 ($88.52 in chips)
Seat 4: Agrotait ($93.66 in chips)
Agrotait: posts small blind $1
xcgxcg2005: posts big blind $3
*** HOLE CARDS ***
Agrotait: raises $3 to $6
xcgxcg2005: raises $3 to $9
Agrotait: calls $3
*** FLOP *** [6c Tc Js]
xcgxcg2005: checks
Agrotait: bets $3
xcgxcg2005: folds
Uncalled bet ($3) returned to Agrotait
Agrotait collected $17.64 from pot
Agrotait: doesn't show hand
*** SUMMARY ***
Total pot $18 | Rake $0.36
Board [6c Tc Js]
Seat 3: xcgxcg2005 (big blind) folded on the Flop
Seat 4: Agrotait (button) (small blind) collected ($17.64)


PokerStars Hand #175627730776:  Hold'em Limit ($3/$6 USD) - 2017/09/14 8:47:16 ET
Table 'Admete' 6-max Seat #3 is the button
Seat 3: xcgxcg2005 ($87.16 in chips)
Seat 4: Agrotait ($94.30 in chips)
xcgxcg2005: posts small blind $1
Agrotait: posts big blind $3
*** HOLE CARDS ***
xcgxcg2005: raises $3 to $6
Agrotait: calls $3
*** FLOP *** [6h Th 2c]
Agrotait: checks
xcgxcg2005: bets $3
Agrotait: calls $3
*** TURN *** [6h Th 2c] [9c]
Agrotait: checks
xcgxcg2005: bets $6
Agrotait: calls $6
*** RIVER *** [6h Th 2c 9c] [Qd]
Agrotait: bets $6
xcgxcg2005: calls $6
*** SHOW DOWN ***
Agrotait: shows [Qs 6c] (two pair, Queens and Sixes)
xcgxcg2005: mucks hand
Agrotait collected $41.50 from pot
*** SUMMARY ***
Total pot $42 | Rake $0.50
Board [6h Th 2c 9c Qd]
Seat 3: xcgxcg2005 (button) (small blind) mucked
Seat 4: Agrotait (big blind) showed [Qs 6c] and won ($41.50) with two pair, Queens and Sixes


PokerStars Hand #175627712529:  Hold'em Limit ($3/$6 USD) - 2017/09/14 8:46:37 ET
Table 'Admete' 6-max Seat #4 is the button
Seat 3: xcgxcg2005 ($78.52 in chips)
Seat 4: Agrotait ($103.30 in chips)
Agrotait: posts small blind $1
xcgxcg2005: posts big blind $3
*** HOLE CARDS ***
Agrotait: raises $3 to $6
xcgxcg2005: raises $3 to $9
Agrotait: calls $3
*** FLOP *** [6s Jc 5c]
xcgxcg2005: bets $3
Agrotait: folds
Uncalled bet ($3) returned to xcgxcg2005
xcgxcg2005 collected $17.64 from pot
xcgxcg2005: doesn't show hand
*** SUMMARY ***
Total pot $18 | Rake $0.36
Board [6s Jc 5c]
Seat 3: xcgxcg2005 (big blind) collected ($17.64)
Seat 4: Agrotait (button) (small blind) folded on the Flop


PokerStars Hand #175627766707:  Hold'em Limit ($3/$6 USD) - 2017/09/14 8:48:31 ET
Table 'Admete' 6-max Seat #3 is the button
Seat 3: xcgxcg2005 ($67.16 in chips)
Seat 4: Agrotait ($113.80 in chips)
xcgxcg2005: posts small blind $1
Agrotait: posts big blind $3
*** HOLE CARDS ***
xcgxcg2005: raises $3 to $6
Agrotait: folds
Uncalled bet ($3) returned to xcgxcg2005
xcgxcg2005 collected $6 from pot
xcgxcg2005: doesn't show hand
*** SUMMARY ***
Total pot $6 | Rake $0
Seat 3: xcgxcg2005 (button) (small blind) collected ($6)
Seat 4: Agrotait (big blind) folded before Flop


PokerStars Hand #175627762231:  Hold'em Limit ($3/$6 USD) - 2017/09/14 8:48:21 ET
Table 'Admete' 6-max Seat #4 is the button
Seat 3: xcgxcg2005 ($66.16 in chips)
Seat 4: Agrotait ($114.80 in chips)
Agrotait: posts small blind $1
xcgxcg2005: posts big blind $3
*** HOLE CARDS ***
Agrotait: folds
Uncalled bet ($2) returned to xcgxcg2005
xcgxcg2005 collected $2 from pot
xcgxcg2005: doesn't show hand
*** SUMMARY ***
Total pot $2 | Rake $0
Seat 3: xcgxcg2005 (big blind) collected ($2)
Seat 4: Agrotait (button) (small blind) folded before Flop


PokerStars Hand #175627759813:  Hold'em Limit ($3/$6 USD) - 2017/09/14 8:48:16 ET
Table 'Admete' 6-max Seat #3 is the button
Seat 3: xcgxcg2005 ($67.16 in chips)
Seat 4: Agrotait ($113.80 in chips)
xcgxcg2005: posts small blind $1
Agrotait: posts big blind $3
*** HOLE CARDS ***
xcgxcg2005: folds
Uncalled bet ($2) returned to Agrotait
Agrotait collected $2 from pot
Agrotait: doesn't show hand
*** SUMMARY ***
Total pot $2 | Rake $0
Seat 3: xcgxcg2005 (button) (small blind) folded before Flop
Seat 4: Agrotait (big blind) collected ($2)


PokerStars Hand #175627755940:  Hold'em Limit ($3/$6 USD) - 2017/09/14 8:48:08 ET
Table 'Admete' 6-max Seat #4 is the button
Seat 3: xcgxcg2005 ($66.16 in chips)
Seat 4: Agrotait ($114.80 in chips)
Agrotait: posts small blind $1
xcgxcg2005: posts big blind $3
*** HOLE CARDS ***
Agrotait: folds
Uncalled bet ($2) returned to xcgxcg2005
xcgxcg2005 collected $2 from pot
xcgxcg2005: doesn't show hand
*** SUMMARY ***
Total pot $2 | Rake $0
Seat 3: xcgxcg2005 (big blind) collected ($2)
Seat 4: Agrotait (button) (small blind) folded before Flop


PokerStars Hand #175627808074:  Hold'em Limit ($3/$6 USD) - 2017/09/14 8:49:57 ET
Table 'Admete' 6-max Seat #3 is the button
Seat 3: xcgxcg2005 ($110.16 in chips)
Seat 4: Agrotait ($69.80 in chips)
xcgxcg2005: posts small blind $1
Agrotait: posts big blind $3
*** HOLE CARDS ***
xcgxcg2005: raises $3 to $6
Agrotait: folds
Uncalled bet ($3) returned to xcgxcg2005
xcgxcg2005 collected $6 from pot
xcgxcg2005: doesn't show hand
*** SUMMARY ***
Total pot $6 | Rake $0
Seat 3: xcgxcg2005 (button) (small blind) collected ($6)
Seat 4: Agrotait (big blind) folded before Flop


PokerStars Hand #175627796503:  Hold'em Limit ($3/$6 USD) - 2017/09/14 8:49:33 ET
Table 'Admete' 6-max Seat #4 is the button
Seat 3: xcgxcg2005 ($86.66 in chips)
Seat 4: Agrotait ($93.80 in chips)
Agrotait: posts small blind $1
xcgxcg2005: posts big blind $3
*** HOLE CARDS ***
Agrotait: raises $3 to $6
xcgxcg2005: raises $3 to $9
Agrotait: calls $3
*** FLOP *** [9h 7s 8d]
xcgxcg2005: bets $3
Agrotait: calls $3
*** TURN *** [9h 7s 8d] [2d]
xcgxcg2005: bets $6
Agrotait: calls $6
*** RIVER *** [9h 7s 8d 2d] [3s]
xcgxcg2005: bets $6
Agrotait: calls $6
*** SHOW DOWN ***
xcgxcg2005: shows [7d Ks] (a pair of Sevens)
Agrotait: mucks hand
xcgxcg2005 collected $47.50 from pot
*** SUMMARY ***
Total pot $48 | Rake $0.50
Board [9h 7s 8d 2d 3s]
Seat 3: xcgxcg2005 (big blind) showed [7d Ks] and won ($47.50) with a pair of Sevens
Seat 4: Agrotait (button) (small blind) mucked


PokerStars Hand #175627793065:  Hold'em Limit ($3/$6 USD) - 2017/09/14 8:49:26 ET
Table 'Admete' 6-max Seat #3 is the button
Seat 3: xcgxcg2005 ($83.66 in chips)
Seat 4: Agrotait ($96.80 in chips)
xcgxcg2005: posts small blind $1
Agrotait: posts big blind $3
*** HOLE CARDS ***
xcgxcg2005: raises $3 to $6
Agrotait: folds
Uncalled bet ($3) returned to xcgxcg2005
xcgxcg2005 collected $6 from pot
xcgxcg2005: doesn't show hand
*** SUMMARY ***
Total pot $6 | Rake $0
Seat 3: xcgxcg2005 (button) (small blind) collected ($6)
Seat 4: Agrotait (big blind) folded before Flop


PokerStars Hand #175627789273:  Hold'em Limit ($3/$6 USD) - 2017/09/14 8:49:18 ET
Table 'Admete' 6-max Seat #4 is the button
Seat 3: xcgxcg2005 ($86.66 in chips)
Seat 4: Agrotait ($93.80 in chips)
Agrotait: posts small blind $1
xcgxcg2005: posts big blind $3
*** HOLE CARDS ***
Agrotait: raises $3 to $6
xcgxcg2005: folds
Uncalled bet ($3) returned to Agrotait
Agrotait collected $6 from pot
Agrotait: doesn't show hand
*** SUMMARY ***
Total pot $6 | Rake $0
Seat 3: xcgxcg2005 (big blind) folded before Flop
Seat 4: Agrotait (button) (small blind) collected ($6)


PokerStars Hand #175627786984:  Hold'em Limit ($3/$6 USD) - 2017/09/14 8:49:13 ET
Table 'Admete' 6-max Seat #3 is the button
Seat 3: xcgxcg2005 ($87.66 in chips)
Seat 4: Agrotait ($92.80 in chips)
xcgxcg2005: posts small blind $1
Agrotait: posts big blind $3
*** HOLE CARDS ***
xcgxcg2005: folds
Uncalled bet ($2) returned to Agrotait
Agrotait collected $2 from pot
Agrotait: doesn't show hand
*** SUMMARY ***
Total pot $2 | Rake $0
Seat 3: xcgxcg2005 (button) (small blind) folded before Flop
Seat 4: Agrotait (big blind) collected ($2)


PokerStars Hand #175627772515:  Hold'em Limit ($3/$6 USD) - 2017/09/14 8:48:43 ET
Table 'Admete' 6-max Seat #4 is the button
Seat 3: xcgxcg2005 ($70.16 in chips)
Seat 4: Agrotait ($110.80 in chips)
Agrotait: posts small blind $1
xcgxcg2005: posts big blind $3
*** HOLE CARDS ***
Agrotait: raises $3 to $6
xcgxcg2005: raises $3 to $9
Agrotait: calls $3
*** FLOP *** [9c 7c Jd]
xcgxcg2005: bets $3
Agrotait: calls $3
*** TURN *** [9c 7c Jd] [8s]
xcgxcg2005: bets $6
Agrotait: calls $6
*** RIVER *** [9c 7c Jd 8s] [7d]
xcgxcg2005: checks
Agrotait: checks
*** SHOW DOWN ***
xcgxcg2005: shows [Js Ah] (two pair, Jacks and Sevens)
Agrotait: mucks hand
xcgxcg2005 collected $35.50 from pot
*** SUMMARY ***
Total pot $36 | Rake $0.50
Board [9c 7c Jd 8s 7d]
Seat 3: xcgxcg2005 (big blind) showed [Js Ah] and won ($35.50) with two pair, Jacks and Sevens
Seat 4: Agrotait (button) (small blind) mucked


PokerStars Hand #175627828958:  Hold'em Limit ($3/$6 USD) - 2017/09/14 8:50:41 ET
Table 'Admete' 6-max Seat #4 is the button
Seat 3: xcgxcg2005 ($123.68 in chips)
Seat 4: Agrotait ($55.80 in chips)
Agrotait: posts small blind $1
xcgxcg2005: posts big blind $3
*** HOLE CARDS ***
Agrotait: raises $3 to $6
xcgxcg2005: folds
Uncalled bet ($3) returned to Agrotait
Agrotait collected $6 from pot
Agrotait: doesn't show hand
*** SUMMARY ***
Total pot $6 | Rake $0
Seat 3: xcgxcg2005 (big blind) folded before Flop
Seat 4: Agrotait (button) (small blind) collected ($6)


PokerStars Hand #175627826576:  Hold'em Limit ($3/$6 USD) - 2017/09/14 8:50:36 ET
Table 'Admete' 6-max Seat #3 is the button
Seat 3: xcgxcg2005 ($124.68 in chips)
Seat 4: Agrotait ($54.80 in chips)
xcgxcg2005: posts small blind $1
Agrotait: posts big blind $3
*** HOLE CARDS ***
xcgxcg2005: folds
Uncalled bet ($2) returned to Agrotait
Agrotait collected $2 from pot
Agrotait: doesn't show hand
*** SUMMARY ***
Total pot $2 | Rake $0
Seat 3: xcgxcg2005 (button) (small blind) folded before Flop
Seat 4: Agrotait (big blind) collected ($2)


PokerStars Hand #175627814706:  Hold'em Limit ($3/$6 USD) - 2017/09/14 8:50:11 ET
Table 'Admete' 6-max Seat #4 is the button
Seat 3: xcgxcg2005 ($113.16 in chips)
Seat 4: Agrotait ($66.80 in chips)
Agrotait: posts small blind $1
xcgxcg2005: posts big blind $3
*** HOLE CARDS ***
Agrotait: raises $3 to $6
xcgxcg2005: raises $3 to $9
Agrotait: calls $3
*** FLOP *** [9d 6h Qc]
xcgxcg2005: bets $3
Agrotait: calls $3
*** TURN *** [9d 6h Qc] [Jd]
xcgxcg2005: checks
Agrotait: checks
*** RIVER *** [9d 6h Qc Jd] [Ac]
xcgxcg2005: checks
Agrotait: checks
*** SHOW DOWN ***
xcgxcg2005: shows [8d Qd] (a pair of Queens)
Agrotait: mucks hand
xcgxcg2005 collected $23.52 from pot
*** SUMMARY ***
Total pot $24 | Rake $0.48
Board [9d 6h Qc Jd Ac]
Seat 3: xcgxcg2005 (big blind) showed [8d Qd] and won ($23.52) with a pair of Queens
Seat 4: Agrotait (button) (small blind) mucked


PokerStars Hand #175627860877:  Hold'em Limit ($3/$6 USD) - 2017/09/14 8:51:48 ET
Table 'Admete' 6-max Seat #4 is the button
Seat 3: xcgxcg2005 ($93.68 in chips)
Seat 4: Agrotait ($85.30 in chips)
Agrotait: posts small blind $1
xcgxcg2005: posts big blind $3
*** HOLE CARDS ***
Agrotait: raises $3 to $6
xcgxcg2005: folds
Uncalled bet ($3) returned to Agrotait
Agrotait collected $6 from pot
Agrotait: doesn't show hand
*** SUMMARY ***
Total pot $6 | Rake $0
Seat 3: xcgxcg2005 (big blind) folded before Flop
Seat 4: Agrotait (button) (small blind) collected ($6)


PokerStars Hand #175627832266:  Hold'em Limit ($3/$6 USD) - 2017/09/14 8:50:48 ET
Table 'Admete' 6-max Seat #3 is the button
Seat 3: xcgxcg2005 ($120.68 in chips)
Seat 4: Agrotait ($58.80 in chips)
xcgxcg2005: posts small blind $1
Agrotait: posts big blind $3
*** HOLE CARDS ***
xcgxcg2005: raises $3 to $6
Agrotait: raises $3 to $9
xcgxcg2005: calls $3
*** FLOP *** [8d Jd 2h]
Agrotait: bets $3
xcgxcg2005: raises $3 to $6
Agrotait: calls $3
*** TURN *** [8d Jd 2h] [9c]
Agrotait: checks
xcgxcg2005: bets $6
Agrotait: calls $6
*** RIVER *** [8d Jd 2h 9c] [Qs]
Agrotait: bets $6
xcgxcg2005: calls $6
*** SHOW DOWN ***
Agrotait: shows [Tc Ah] (a straight, Eight to Queen)
xcgxcg2005: mucks hand
Agrotait collected $53.50 from pot
*** SUMMARY ***
Total pot $54 | Rake $0.50
Board [8d Jd 2h 9c Qs]
Seat 3: xcgxcg2005 (button) (small blind) mucked
Seat 4: Agrotait (big blind) showed [Tc Ah] and won ($53.50) with a straight, Eight to Queen


PokerStars Hand #175627865669:  Hold'em Limit ($3/$6 USD) - 2017/09/14 8:51:58 ET
Table 'Admete' 6-max Seat #3 is the button
Seat 3: xcgxcg2005 ($90.68 in chips)
Seat 4: Agrotait ($88.30 in chips)
xcgxcg2005: posts small blind $1
Agrotait: posts big blind $3
*** HOLE CARDS ***
xcgxcg2005 has timed out
xcgxcg2005: folds
Uncalled bet ($2) returned to Agrotait
Agrotait collected $2 from pot
Agrotait: doesn't show hand
*** SUMMARY ***
Total pot $2 | Rake $0
Seat 3: xcgxcg2005 (button) (small blind) folded before Flop
Seat 4: Agrotait (big blind) collected ($2)


