PokerStars Hand #173912589969:  Hold'em Limit ($3/$6 USD) - 2017/08/04 12:18:27 ET
Table 'Adolfine' 6-max Seat #6 is the button
Seat 1: AzureCaper ($72 in chips)
Seat 6: michehh5 ($55.02 in chips)
michehh5: posts small blind $1
AzureCaper: posts big blind $3
*** HOLE CARDS ***
michehh5: calls $2
AzureCaper: checks
*** FLOP *** [3c Qc 4c]
AzureCaper: bets $3
michehh5: calls $3
*** TURN *** [3c Qc 4c] [Th]
AzureCaper: checks
michehh5: bets $6
AzureCaper: folds
Uncalled bet ($6) returned to michehh5
michehh5 collected $11.76 from pot
michehh5: doesn't show hand
*** SUMMARY ***
Total pot $12 | Rake $0.24
Board [3c Qc 4c Th]
Seat 1: AzureCaper (big blind) folded on the Turn
Seat 6: michehh5 (button) (small blind) collected ($11.76)


PokerStars Hand #173912604458:  Hold'em Limit ($3/$6 USD) - 2017/08/04 12:18:52 ET
Table 'Adolfine' 6-max Seat #1 is the button
Seat 1: AzureCaper ($72 in chips)
Seat 6: michehh5 ($60.78 in chips)
AzureCaper: posts small blind $1
AnVan joins the table at seat #2
michehh5: posts big blind $3
*** HOLE CARDS ***
GoliafUa leaves the table
AzureCaper: folds
Uncalled bet ($2) returned to michehh5
michehh5 collected $2 from pot
michehh5: doesn't show hand
*** SUMMARY ***
Total pot $2 | Rake $0
Seat 1: AzureCaper (button) (small blind) folded before Flop
Seat 6: michehh5 (big blind) collected ($2)


PokerStars Hand #173912607484:  Hold'em Limit ($3/$6 USD) - 2017/08/04 12:18:57 ET
Table 'Adolfine' 6-max Seat #6 is the button
Seat 1: AzureCaper ($72 in chips)
Seat 6: michehh5 ($61.78 in chips)
michehh5: posts small blind $1
AzureCaper: posts big blind $3
*** HOLE CARDS ***
NewRocker joins the table at seat #3
michehh5: calls $2
AzureCaper: checks
*** FLOP *** [9s 3s Js]
AzureCaper: checks
michehh5: bets $3
AzureCaper: folds
Uncalled bet ($3) returned to michehh5
michehh5 collected $5.88 from pot
michehh5: doesn't show hand
*** SUMMARY ***
Total pot $6 | Rake $0.12
Board [9s 3s Js]
Seat 1: AzureCaper (big blind) folded on the Flop
Seat 6: michehh5 (button) (small blind) collected ($5.88)


