PokerStars Hand #147431881821:  Hold'em Limit ($3/$6 USD) - 2016/01/21 13:16:14 ET
Table 'Adolfine II' 6-max Seat #5 is the button
Seat 1: ChOfW ($66 in chips)
Seat 5: Pandakey ($121 in chips)
Pandakey: posts small blind $1
ChOfW: posts big blind $3
*** HOLE CARDS ***
ISSASHMIT joins the table at seat #3
Karpik09 joins the table at seat #4
Pandakey has timed out
Pandakey: folds
Uncalled bet ($2) returned to ChOfW
ChOfW collected $2 from pot
ChOfW: doesn't show hand
*** SUMMARY ***
Total pot $2 | Rake $0
Seat 1: ChOfW (big blind) collected ($2)
Seat 5: Pandakey (button) (small blind) folded before Flop


PokerStars Hand #147435773469:  Hold'em Limit ($3/$6 USD) - 2016/01/21 14:18:15 ET
Table 'Adolfine II' 6-max Seat #5 is the button
Seat 3: belik555 ($159.52 in chips)
Seat 5: wind722 ($72.98 in chips)
wind722: posts small blind $1
belik555: posts big blind $3
*** HOLE CARDS ***
wind722: folds
Uncalled bet ($2) returned to belik555
wind722 leaves the table
belik555 collected $2 from pot
belik555: doesn't show hand
*** SUMMARY ***
Total pot $2 | Rake $0
Seat 3: belik555 (big blind) collected ($2)
Seat 5: wind722 (button) (small blind) folded before Flop


PokerStars Hand #147435766088:  Hold'em Limit ($3/$6 USD) - 2016/01/21 14:18:09 ET
Table 'Adolfine II' 6-max Seat #3 is the button
Seat 3: belik555 ($156.52 in chips)
Seat 5: wind722 ($75.98 in chips)
belik555: posts small blind $1
wind722: posts big blind $3
*** HOLE CARDS ***
belik555: raises $3 to $6
wind722: folds
Uncalled bet ($3) returned to belik555
belik555 collected $6 from pot
belik555: doesn't show hand
*** SUMMARY ***
Total pot $6 | Rake $0
Seat 3: belik555 (button) (small blind) collected ($6)
Seat 5: wind722 (big blind) folded before Flop


PokerStars Hand #147435733911:  Hold'em Limit ($3/$6 USD) - 2016/01/21 14:17:40 ET
Table 'Adolfine II' 6-max Seat #5 is the button
Seat 3: belik555 ($174.52 in chips)
Seat 5: wind722 ($58.48 in chips)
wind722: posts small blind $1
Karpik09: is sitting out
belik555: posts big blind $3
*** HOLE CARDS ***
wind722: raises $3 to $6
belik555: calls $3
*** FLOP *** [4h 8c 5d]
belik555: checks
wind722: checks
*** TURN *** [4h 8c 5d] [Ks]
belik555: bets $6
wind722: raises $6 to $12
belik555: calls $6
*** RIVER *** [4h 8c 5d Ks] [Ah]
Karpik09 leaves the table
belik555: checks
wind722: checks
*** SHOW DOWN ***
belik555: shows [5c 7c] (a pair of Fives)
wind722: shows [Kh 9d] (a pair of Kings)
wind722 collected $35.50 from pot
*** SUMMARY ***
Total pot $36 | Rake $0.50
Board [4h 8c 5d Ks Ah]
Seat 3: belik555 (big blind) showed [5c 7c] and lost with a pair of Fives
Seat 5: wind722 (button) (small blind) showed [Kh 9d] and won ($35.50) with a pair of Kings


