PokerStars Hand #146921597791:  Hold'em Limit ($3/$6 USD) - 2016/01/12 13:04:52 ET
Table 'Adolfine III' 6-max Seat #4 is the button
Seat 1: Domenl ($118.69 in chips)
Seat 4: Great_Kang ($120 in chips)
Great_Kang: posts small blind $1
Domenl: posts big blind $3
*** HOLE CARDS ***
Great_Kang: raises $3 to $6
Domenl: calls $3
*** FLOP *** [Ac 6d Ad]
Domenl: checks
Great_Kang: bets $3
Domenl: calls $3
*** TURN *** [Ac 6d Ad] [As]
Domenl: checks
Great_Kang: bets $6
Domenl: calls $6
*** RIVER *** [Ac 6d Ad As] [5d]
Domenl: checks
Great_Kang: bets $6
Domenl: calls $6
*** SHOW DOWN ***
Great_Kang: shows [Kh Ah] (four of a kind, Aces)
Domenl: mucks hand
Great_Kang collected $41.50 from pot
*** SUMMARY ***
Total pot $42 | Rake $0.50
Board [Ac 6d Ad As 5d]
Seat 1: Domenl (big blind) mucked
Seat 4: Great_Kang (button) (small blind) showed [Kh Ah] and won ($41.50) with four of a kind, Aces


PokerStars Hand #146922466552:  Hold'em Limit ($3/$6 USD) - 2016/01/12 13:18:50 ET
Table 'Adolfine III' 6-max Seat #5 is the button
Seat 4: Great_Kang ($146.35 in chips)
Seat 5: vladal 888 ($43.37 in chips)
vladal 888: posts small blind $1
Great_Kang: posts big blind $3
*** HOLE CARDS ***
vladal 888: folds
Uncalled bet ($2) returned to Great_Kang
Great_Kang collected $2 from pot
Great_Kang: doesn't show hand
*** SUMMARY ***
Total pot $2 | Rake $0
Seat 4: Great_Kang (big blind) collected ($2)
Seat 5: vladal 888 (button) (small blind) folded before Flop


PokerStars Hand #146922472259:  Hold'em Limit ($3/$6 USD) - 2016/01/12 13:18:56 ET
Table 'Adolfine III' 6-max Seat #4 is the button
Seat 4: Great_Kang ($147.35 in chips)
Seat 5: vladal 888 ($42.37 in chips)
Great_Kang: posts small blind $1
vladal 888: posts big blind $3
*** HOLE CARDS ***
Great_Kang: raises $3 to $6
vladal 888: calls $3
*** FLOP *** [8c Td Jd]
vladal 888: checks
Great_Kang: bets $3
Domenl leaves the table
vladal 888: calls $3
*** TURN *** [8c Td Jd] [Ac]
vladal 888: checks
Mordnilap joins the table at seat #6
Great_Kang: checks
*** RIVER *** [8c Td Jd Ac] [As]
vladal 888: bets $6
Great_Kang: folds
Uncalled bet ($6) returned to vladal 888
vladal 888 collected $17.64 from pot
*** SUMMARY ***
Total pot $18 | Rake $0.36
Board [8c Td Jd Ac As]
Seat 4: Great_Kang (button) (small blind) folded on the River
Seat 5: vladal 888 (big blind) collected ($17.64)


