PokerStars Hand #167351334175:  Hold'em Limit ($3/$6 USD) - 2017/03/09 15:28:50 ET
Table 'Adolfine' 6-max Seat #6 is the button
Seat 5: NOMOS1984 ($108.57 in chips)
Seat 6: pompier40 ($138.65 in chips)
pompier40: posts small blind $1
TbIP-TbIP 88: is sitting out
NOMOS1984: posts big blind $3
*** HOLE CARDS ***
pompier40: raises $3 to $6
NOMOS1984: folds
Uncalled bet ($3) returned to pompier40
pompier40 collected $6 from pot
*** SUMMARY ***
Total pot $6 | Rake $0
Seat 5: NOMOS1984 (big blind) folded before Flop
Seat 6: pompier40 (button) (small blind) collected ($6)


PokerStars Hand #167351340657:  Hold'em Limit ($3/$6 USD) - 2017/03/09 15:28:58 ET
Table 'Adolfine' 6-max Seat #5 is the button
Seat 5: NOMOS1984 ($105.57 in chips)
Seat 6: pompier40 ($141.65 in chips)
NOMOS1984: posts small blind $1
pompier40: posts big blind $3
*** HOLE CARDS ***
NOMOS1984: raises $3 to $6
TbIP-TbIP 88 leaves the table
pompier40: folds
Uncalled bet ($3) returned to NOMOS1984
NOMOS1984 collected $6 from pot
*** SUMMARY ***
Total pot $6 | Rake $0
Seat 5: NOMOS1984 (button) (small blind) collected ($6)
Seat 6: pompier40 (big blind) folded before Flop


PokerStars Hand #167351349342:  Hold'em Limit ($3/$6 USD) - 2017/03/09 15:29:07 ET
Table 'Adolfine' 6-max Seat #6 is the button
Seat 5: NOMOS1984 ($108.57 in chips)
Seat 6: pompier40 ($138.65 in chips)
pompier40: posts small blind $1
NOMOS1984: posts big blind $3
*** HOLE CARDS ***
pompier40: raises $3 to $6
NOMOS1984: calls $3
*** FLOP *** [6h 8c 6s]
NOMOS1984: checks
pompier40: bets $3
NOMOS1984: calls $3
*** TURN *** [6h 8c 6s] [Qh]
NOMOS1984: checks
pompier40: bets $6
NOMOS1984: calls $6
*** RIVER *** [6h 8c 6s Qh] [Ah]
NOMOS1984: checks
pompier40: checks
*** SHOW DOWN ***
NOMOS1984: shows [4h Ad] (two pair, Aces and Sixes)
pompier40: mucks hand
NOMOS1984 collected $29.50 from pot
*** SUMMARY ***
Total pot $30 | Rake $0.50
Board [6h 8c 6s Qh Ah]
Seat 5: NOMOS1984 (big blind) showed [4h Ad] and won ($29.50) with two pair, Aces and Sixes
Seat 6: pompier40 (button) (small blind) mucked


PokerStars Hand #167360375322:  Hold'em Limit ($3/$6 USD) - 2017/03/09 18:35:31 ET
Table 'Adolfine' 6-max Seat #5 is the button
Seat 2: essam2222 ($77.19 in chips)
Seat 5: Zubasa07 ($347.33 in chips)
Zubasa07: posts small blind $1
essam2222: posts big blind $3
*** HOLE CARDS ***
Zubasa07: raises $3 to $6
essam2222: raises $3 to $9
Zubasa07: calls $3
*** FLOP *** [2h 6s 9s]
essam2222: checks
Zubasa07: checks
*** TURN *** [2h 6s 9s] [4h]
essam2222: checks
Zubasa07: checks
*** RIVER *** [2h 6s 9s 4h] [8c]
essam2222: bets $6
Zubasa07: calls $6
*** SHOW DOWN ***
essam2222: shows [Ad Tc] (high card Ace)
Zubasa07: shows [Jc As] (high card Ace - Jack kicker)
Zubasa07 collected $29.50 from pot
*** SUMMARY ***
Total pot $30 | Rake $0.50
Board [2h 6s 9s 4h 8c]
Seat 2: essam2222 (big blind) showed [Ad Tc] and lost with high card Ace
Seat 5: Zubasa07 (button) (small blind) showed [Jc As] and won ($29.50) with high card Ace


PokerStars Hand #167360353055:  Hold'em Limit ($3/$6 USD) - 2017/03/09 18:34:58 ET
Table 'Adolfine' 6-max Seat #2 is the button
Seat 2: essam2222 ($104.19 in chips)
Seat 5: Zubasa07 ($320.83 in chips)
essam2222: posts small blind $1
ToDaFelt: is sitting out
Zubasa07: posts big blind $3
*** HOLE CARDS ***
essam2222: calls $2
Zubasa07: raises $3 to $6
essam2222: calls $3
*** FLOP *** [9d Qh Ah]
Zubasa07: bets $3
essam2222: calls $3
*** TURN *** [9d Qh Ah] [5s]
ToDaFelt leaves the table
Zubasa07: bets $6
essam2222: raises $6 to $12
Zubasa07: calls $6
*** RIVER *** [9d Qh Ah 5s] [8h]
Zubasa07: checks
essam2222: bets $6
Zubasa07: calls $6
*** SHOW DOWN ***
essam2222: shows [3d Kd] (high card Ace)
Zubasa07: shows [As Js] (a pair of Aces)
Zubasa07 collected $53.50 from pot
*** SUMMARY ***
Total pot $54 | Rake $0.50
Board [9d Qh Ah 5s 8h]
Seat 2: essam2222 (button) (small blind) showed [3d Kd] and lost with high card Ace
Seat 5: Zubasa07 (big blind) showed [As Js] and won ($53.50) with a pair of Aces


PokerStars Hand #167360487011:  Hold'em Limit ($3/$6 USD) - 2017/03/09 18:38:18 ET
Table 'Adolfine' 6-max Seat #4 is the button
Seat 2: essam2222 ($70.57 in chips)
Seat 4: Actionni13 ($203.27 in chips)
Actionni13: posts small blind $1
Zubasa07: is sitting out
essam2222: posts big blind $3
*** HOLE CARDS ***
Zubasa07 leaves the table
Actionni13: raises $3 to $6
essam2222: calls $3
*** FLOP *** [6h 6c 2d]
Zubasa07 joins the table at seat #3
essam2222: checks
Actionni13: bets $3
essam2222: folds
Uncalled bet ($3) returned to Actionni13
Actionni13 collected $11.76 from pot
Actionni13: doesn't show hand
*** SUMMARY ***
Total pot $12 | Rake $0.24
Board [6h 6c 2d]
Seat 2: essam2222 (big blind) folded on the Flop
Seat 4: Actionni13 (button) (small blind) collected ($11.76)


