PokerStars Hand #155459195730:  Hold'em Limit ($3/$6 USD) - 2016/07/02 6:10:35 ET
Table 'Adonis' 6-max Seat #4 is the button
Seat 4: VolkovDmitri ($120 in chips)
Seat 5: AA_ILI ($120 in chips)
VolkovDmitri: posts small blind $1
AA_ILI: posts big blind $3
*** HOLE CARDS ***
VolkovDmitri: raises $3 to $6
AA_ILI: calls $3
*** FLOP *** [Ac Jc 7s]
AA_ILI: checks
VolkovDmitri: bets $3
AA_ILI: folds
Uncalled bet ($3) returned to VolkovDmitri
VolkovDmitri collected $11.76 from pot
VolkovDmitri: doesn't show hand
*** SUMMARY ***
Total pot $12 | Rake $0.24
Board [Ac Jc 7s]
Seat 4: VolkovDmitri (button) (small blind) collected ($11.76)
Seat 5: AA_ILI (big blind) folded on the Flop


PokerStars Hand #155459201827:  Hold'em Limit ($3/$6 USD) - 2016/07/02 6:10:51 ET
Table 'Adonis' 6-max Seat #5 is the button
Seat 4: VolkovDmitri ($125.76 in chips)
Seat 5: AA_ILI ($114 in chips)
AA_ILI: posts small blind $1
VolkovDmitri: posts big blind $3
*** HOLE CARDS ***
AA_ILI: raises $3 to $6
VolkovDmitri: calls $3
*** FLOP *** [2d 8d Qs]
VolkovDmitri: checks
AA_ILI: bets $3
VolkovDmitri: calls $3
*** TURN *** [2d 8d Qs] [Td]
VolkovDmitri: checks
AA_ILI: bets $6
VolkovDmitri: folds
Uncalled bet ($6) returned to AA_ILI
AA_ILI collected $17.64 from pot
*** SUMMARY ***
Total pot $18 | Rake $0.36
Board [2d 8d Qs Td]
Seat 4: VolkovDmitri (big blind) folded on the Turn
Seat 5: AA_ILI (button) (small blind) collected ($17.64)


PokerStars Hand #155459212609:  Hold'em Limit ($3/$6 USD) - 2016/07/02 6:11:18 ET
Table 'Adonis' 6-max Seat #4 is the button
Seat 4: VolkovDmitri ($120 in chips)
Seat 5: AA_ILI ($122.64 in chips)
VolkovDmitri: posts small blind $1
AA_ILI: posts big blind $3
*** HOLE CARDS ***
VolkovDmitri: folds
Uncalled bet ($2) returned to AA_ILI
AA_ILI collected $2 from pot
*** SUMMARY ***
Total pot $2 | Rake $0
Seat 4: VolkovDmitri (button) (small blind) folded before Flop
Seat 5: AA_ILI (big blind) collected ($2)


PokerStars Hand #155459214515:  Hold'em Limit ($3/$6 USD) - 2016/07/02 6:11:22 ET
Table 'Adonis' 6-max Seat #5 is the button
Seat 4: VolkovDmitri ($120 in chips)
Seat 5: AA_ILI ($123.64 in chips)
AA_ILI: posts small blind $1
VolkovDmitri: posts big blind $3
*** HOLE CARDS ***
AA_ILI: calls $2
VolkovDmitri: checks
*** FLOP *** [9d 6d 7s]
VolkovDmitri: bets $3
AA_ILI: calls $3
*** TURN *** [9d 6d 7s] [3s]
VolkovDmitri: bets $6
AA_ILI: raises $6 to $12
VolkovDmitri: calls $6
*** RIVER *** [9d 6d 7s 3s] [8d]
VolkovDmitri: checks
AA_ILI: bets $6
VolkovDmitri: folds
Uncalled bet ($6) returned to AA_ILI
AA_ILI collected $35.50 from pot
*** SUMMARY ***
Total pot $36 | Rake $0.50
Board [9d 6d 7s 3s 8d]
Seat 4: VolkovDmitri (big blind) folded on the River
Seat 5: AA_ILI (button) (small blind) collected ($35.50)


PokerStars Hand #155459224641:  Hold'em Limit ($3/$6 USD) - 2016/07/02 6:11:48 ET
Table 'Adonis' 6-max Seat #4 is the button
Seat 4: VolkovDmitri ($120 in chips)
Seat 5: AA_ILI ($141.14 in chips)
VolkovDmitri: posts small blind $1
AA_ILI: posts big blind $3
*** HOLE CARDS ***
VolkovDmitri: raises $3 to $6
AA_ILI: calls $3
*** FLOP *** [3c Ts 9s]
AA_ILI: checks
VolkovDmitri: bets $3
AA_ILI: folds
Uncalled bet ($3) returned to VolkovDmitri
VolkovDmitri collected $11.76 from pot
VolkovDmitri: doesn't show hand
*** SUMMARY ***
Total pot $12 | Rake $0.24
Board [3c Ts 9s]
Seat 4: VolkovDmitri (button) (small blind) collected ($11.76)
Seat 5: AA_ILI (big blind) folded on the Flop


PokerStars Hand #155459232646:  Hold'em Limit ($3/$6 USD) - 2016/07/02 6:12:08 ET
Table 'Adonis' 6-max Seat #5 is the button
Seat 4: VolkovDmitri ($125.76 in chips)
Seat 5: AA_ILI ($135.14 in chips)
AA_ILI: posts small blind $1
VolkovDmitri: posts big blind $3
*** HOLE CARDS ***
AA_ILI: raises $3 to $6
VolkovDmitri: raises $3 to $9
xcgxcg2005 joins the table at seat #3
AA_ILI: calls $3
*** FLOP *** [Td 2c Th]
VolkovDmitri: bets $3
AA_ILI: calls $3
*** TURN *** [Td 2c Th] [3h]
VolkovDmitri: bets $6
AA_ILI: folds
Uncalled bet ($6) returned to VolkovDmitri
VolkovDmitri collected $23.52 from pot
VolkovDmitri: doesn't show hand
*** SUMMARY ***
Total pot $24 | Rake $0.48
Board [Td 2c Th 3h]
Seat 4: VolkovDmitri (big blind) collected ($23.52)
Seat 5: AA_ILI (button) (small blind) folded on the Turn


PokerStars Hand #155459240785:  Hold'em Limit ($3/$6 USD) - 2016/07/02 6:12:28 ET
Table 'Adonis' 6-max Seat #4 is the button
Seat 4: VolkovDmitri ($137.28 in chips)
Seat 5: AA_ILI ($123.14 in chips)
VolkovDmitri: posts small blind $1
AA_ILI: posts big blind $3
*** HOLE CARDS ***
VolkovDmitri: raises $3 to $6
AA_ILI: calls $3
*** FLOP *** [4h 9h 8s]
AA_ILI: checks
VolkovDmitri: bets $3
AA_ILI: raises $3 to $6
VolkovDmitri: calls $3
*** TURN *** [4h 9h 8s] [Jc]
AA_ILI: bets $6
VolkovDmitri: raises $6 to $12
AA_ILI: folds
Uncalled bet ($6) returned to VolkovDmitri
VolkovDmitri collected $35.50 from pot
VolkovDmitri: doesn't show hand
*** SUMMARY ***
Total pot $36 | Rake $0.50
Board [4h 9h 8s Jc]
Seat 4: VolkovDmitri (button) (small blind) collected ($35.50)
Seat 5: AA_ILI (big blind) folded on the Turn


