PokerStars Hand #160445117855:  Hold'em Limit ($3/$6 USD) - 2016/10/25 20:45:05 ET
Table 'Adonis' 6-max Seat #1 is the button
Seat 1: LWNS ($80 in chips)
Seat 4: assitoni ($72 in chips)
LWNS: posts small blind $1
assitoni: posts big blind $3
*** HOLE CARDS ***
LWNS: raises $3 to $6
assitoni: folds
Uncalled bet ($3) returned to LWNS
LWNS collected $6 from pot
LWNS: doesn't show hand
*** SUMMARY ***
Total pot $6 | Rake $0
Seat 1: LWNS (button) (small blind) collected ($6)
Seat 4: assitoni (big blind) folded before Flop


PokerStars Hand #160445147492:  Hold'em Limit ($3/$6 USD) - 2016/10/25 20:46:11 ET
Table 'Adonis' 6-max Seat #1 is the button
Seat 1: LWNS ($56 in chips)
Seat 4: assitoni ($98.50 in chips)
LWNS: posts small blind $1
assitoni: posts big blind $3
*** HOLE CARDS ***
LWNS: raises $3 to $6
assitoni: raises $3 to $9
LWNS: calls $3
*** FLOP *** [Ts 5h 5d]
assitoni: checks
LWNS: bets $3
assitoni: calls $3
*** TURN *** [Ts 5h 5d] [4c]
assitoni: checks
LWNS: bets $6
assitoni: folds
Uncalled bet ($6) returned to LWNS
LWNS collected $23.52 from pot
LWNS: doesn't show hand
*** SUMMARY ***
Total pot $24 | Rake $0.48
Board [Ts 5h 5d 4c]
Seat 1: LWNS (button) (small blind) collected ($23.52)
Seat 4: assitoni (big blind) folded on the Turn


PokerStars Hand #160445127364:  Hold'em Limit ($3/$6 USD) - 2016/10/25 20:45:26 ET
Table 'Adonis' 6-max Seat #4 is the button
Seat 1: LWNS ($83 in chips)
Seat 4: assitoni ($72 in chips)
assitoni: posts small blind $1
LWNS: posts big blind $3
*** HOLE CARDS ***
assitoni: raises $3 to $6
LWNS: calls $3
*** FLOP *** [3c 5d 7c]
LWNS: checks
assitoni: bets $3
LWNS: raises $3 to $6
assitoni: raises $3 to $9
LWNS: calls $3
*** TURN *** [3c 5d 7c] [Td]
LWNS: checks
assitoni: checks
*** RIVER *** [3c 5d 7c Td] [8h]
LWNS: bets $6
assitoni: raises $6 to $12
LWNS: calls $6
*** SHOW DOWN ***
assitoni: shows [9s 6h] (a straight, Six to Ten)
LWNS: mucks hand
assitoni collected $53.50 from pot
*** SUMMARY ***
Total pot $54 | Rake $0.50
Board [3c 5d 7c Td 8h]
Seat 1: LWNS (big blind) mucked
Seat 4: assitoni (button) (small blind) showed [9s 6h] and won ($53.50) with a straight, Six to Ten


PokerStars Hand #160445183298:  Hold'em Limit ($3/$6 USD) - 2016/10/25 20:47:29 ET
Table 'Adonis' 6-max Seat #4 is the button
Seat 1: LWNS ($73.02 in chips)
Seat 4: assitoni ($80.64 in chips)
assitoni: posts small blind $1
LWNS: posts big blind $3
*** HOLE CARDS ***
assitoni: folds
Uncalled bet ($2) returned to LWNS
LWNS collected $2 from pot
LWNS: doesn't show hand
*** SUMMARY ***
Total pot $2 | Rake $0
Seat 1: LWNS (big blind) collected ($2)
Seat 4: assitoni (button) (small blind) folded before Flop


PokerStars Hand #160445176158:  Hold'em Limit ($3/$6 USD) - 2016/10/25 20:47:14 ET
Table 'Adonis' 6-max Seat #1 is the button
Seat 1: LWNS ($82.02 in chips)
Seat 4: assitoni ($72 in chips)
LWNS: posts small blind $1
assitoni: posts big blind $3
*** HOLE CARDS ***
LWNS: raises $3 to $6
assitoni: raises $3 to $9
LWNS: calls $3
*** FLOP *** [2c Qd 6s]
assitoni: bets $3
LWNS: folds
Uncalled bet ($3) returned to assitoni
assitoni collected $17.64 from pot
assitoni: doesn't show hand
*** SUMMARY ***
Total pot $18 | Rake $0.36
Board [2c Qd 6s]
Seat 1: LWNS (button) (small blind) folded on the Flop
Seat 4: assitoni (big blind) collected ($17.64)


PokerStars Hand #160445166655:  Hold'em Limit ($3/$6 USD) - 2016/10/25 20:46:53 ET
Table 'Adonis' 6-max Seat #4 is the button
Seat 1: LWNS ($67.52 in chips)
Seat 4: assitoni ($86.50 in chips)
assitoni: posts small blind $1
LWNS: posts big blind $3
*** HOLE CARDS ***
assitoni: raises $3 to $6
LWNS: calls $3
*** FLOP *** [Qd 2d 9h]
LWNS: checks
assitoni: bets $3
LWNS: calls $3
*** TURN *** [Qd 2d 9h] [2s]
LWNS: checks
assitoni: checks
*** RIVER *** [Qd 2d 9h 2s] [7h]
LWNS: bets $6
assitoni: calls $6
*** SHOW DOWN ***
LWNS: shows [9s 7d] (two pair, Nines and Sevens)
assitoni: mucks hand
LWNS collected $29.50 from pot
*** SUMMARY ***
Total pot $30 | Rake $0.50
Board [Qd 2d 9h 2s 7h]
Seat 1: LWNS (big blind) showed [9s 7d] and won ($29.50) with two pair, Nines and Sevens
Seat 4: assitoni (button) (small blind) mucked


PokerStars Hand #160445185557:  Hold'em Limit ($3/$6 USD) - 2016/10/25 20:47:34 ET
Table 'Adonis' 6-max Seat #1 is the button
Seat 1: LWNS ($74.02 in chips)
Seat 4: assitoni ($79.64 in chips)
LWNS: posts small blind $1
assitoni: posts big blind $3
*** HOLE CARDS ***
LWNS: raises $3 to $6
assitoni: calls $3
*** FLOP *** [6d Ad Jc]
assitoni: checks
LWNS: bets $3
assitoni: calls $3
*** TURN *** [6d Ad Jc] [5h]
assitoni: checks
LWNS: checks
*** RIVER *** [6d Ad Jc 5h] [3h]
assitoni: checks
LWNS: checks
*** SHOW DOWN ***
assitoni: shows [Qh 7c] (high card Ace)
LWNS: shows [Kd Ts] (high card Ace - King kicker)
LWNS collected $17.64 from pot
*** SUMMARY ***
Total pot $18 | Rake $0.36
Board [6d Ad Jc 5h 3h]
Seat 1: LWNS (button) (small blind) showed [Kd Ts] and won ($17.64) with high card Ace
Seat 4: assitoni (big blind) showed [Qh 7c] and lost with high card Ace


PokerStars Hand #160445211798:  Hold'em Limit ($3/$6 USD) - 2016/10/25 20:48:33 ET
Table 'Adonis' 6-max Seat #4 is the button
Seat 1: LWNS ($79.66 in chips)
Seat 4: assitoni ($74.76 in chips)
assitoni: posts small blind $1
LWNS: posts big blind $3
*** HOLE CARDS ***
assitoni: folds
Uncalled bet ($2) returned to LWNS
LWNS collected $2 from pot
LWNS: doesn't show hand
*** SUMMARY ***
Total pot $2 | Rake $0
Seat 1: LWNS (big blind) collected ($2)
Seat 4: assitoni (button) (small blind) folded before Flop


PokerStars Hand #160445207454:  Hold'em Limit ($3/$6 USD) - 2016/10/25 20:48:23 ET
Table 'Adonis' 6-max Seat #1 is the button
Seat 1: LWNS ($76.66 in chips)
Seat 4: assitoni ($77.76 in chips)
LWNS: posts small blind $1
assitoni: posts big blind $3
*** HOLE CARDS ***
LWNS: raises $3 to $6
assitoni: folds
Uncalled bet ($3) returned to LWNS
LWNS collected $6 from pot
LWNS: doesn't show hand
*** SUMMARY ***
Total pot $6 | Rake $0
Seat 1: LWNS (button) (small blind) collected ($6)
Seat 4: assitoni (big blind) folded before Flop


PokerStars Hand #160445198803:  Hold'em Limit ($3/$6 USD) - 2016/10/25 20:48:04 ET
Table 'Adonis' 6-max Seat #4 is the button
Seat 1: LWNS ($82.66 in chips)
Seat 4: assitoni ($72 in chips)
assitoni: posts small blind $1
LWNS: posts big blind $3
*** HOLE CARDS ***
assitoni: raises $3 to $6
LWNS: calls $3
*** FLOP *** [5s 9s Qc]
LWNS: checks
assitoni: bets $3
LWNS: folds
Uncalled bet ($3) returned to assitoni
assitoni collected $11.76 from pot
assitoni: doesn't show hand
*** SUMMARY ***
Total pot $12 | Rake $0.24
Board [5s 9s Qc]
Seat 1: LWNS (big blind) folded on the Flop
Seat 4: assitoni (button) (small blind) collected ($11.76)


PokerStars Hand #160445230337:  Hold'em Limit ($3/$6 USD) - 2016/10/25 20:49:14 ET
Table 'Adonis' 6-max Seat #4 is the button
Seat 1: LWNS ($62.66 in chips)
Seat 4: assitoni ($91.26 in chips)
assitoni: posts small blind $1
LWNS: posts big blind $3
*** HOLE CARDS ***
assitoni: raises $3 to $6
LWNS: calls $3
*** FLOP *** [6c 8c Kc]
LWNS: checks
assitoni: bets $3
LWNS: raises $3 to $6
assitoni: calls $3
*** TURN *** [6c 8c Kc] [4s]
LWNS: bets $6
ToDaFelt joins the table at seat #3
assitoni: calls $6
*** RIVER *** [6c 8c Kc 4s] [4h]
LWNS: bets $6
assitoni: raises $6 to $12
LWNS: calls $6
*** SHOW DOWN ***
assitoni: shows [Kh Ah] (two pair, Kings and Fours)
LWNS: mucks hand
assitoni collected $59.50 from pot
*** SUMMARY ***
Total pot $60 | Rake $0.50
Board [6c 8c Kc 4s 4h]
Seat 1: LWNS (big blind) mucked
Seat 4: assitoni (button) (small blind) showed [Kh Ah] and won ($59.50) with two pair, Kings and Fours


PokerStars Hand #160445215849:  Hold'em Limit ($3/$6 USD) - 2016/10/25 20:48:42 ET
Table 'Adonis' 6-max Seat #1 is the button
Seat 1: LWNS ($80.66 in chips)
Seat 4: assitoni ($73.76 in chips)
LWNS: posts small blind $1
assitoni: posts big blind $3
*** HOLE CARDS ***
LWNS: raises $3 to $6
assitoni: calls $3
*** FLOP *** [6s 4c Kh]
assitoni: checks
LWNS: bets $3
assitoni: raises $3 to $6
LWNS: calls $3
*** TURN *** [6s 4c Kh] [As]
assitoni: bets $6
LWNS: calls $6
*** RIVER *** [6s 4c Kh As] [Ts]
Fantomet joins the table at seat #2
assitoni: bets $6
LWNS: folds
Uncalled bet ($6) returned to assitoni
assitoni collected $35.50 from pot
assitoni: doesn't show hand
*** SUMMARY ***
Total pot $36 | Rake $0.50
Board [6s 4c Kh As Ts]
Seat 1: LWNS (button) (small blind) folded on the River
Seat 4: assitoni (big blind) collected ($35.50)


PokerStars Hand #160445411912:  Hold'em Limit ($3/$6 USD) - 2016/10/25 20:55:54 ET
Table 'Adonis' 6-max Seat #3 is the button
Seat 1: LWNS ($9.86 in chips)
Seat 3: ToDaFelt ($167.01 in chips)
ToDaFelt: posts small blind $1
Chessnok: is sitting out
LWNS: posts big blind $3
*** HOLE CARDS ***
ToDaFelt: raises $3 to $6
LWNS: folds
Uncalled bet ($3) returned to ToDaFelt
ToDaFelt collected $6 from pot
ToDaFelt: doesn't show hand
*** SUMMARY ***
Total pot $6 | Rake $0
Seat 1: LWNS (big blind) folded before Flop
Seat 3: ToDaFelt (button) (small blind) collected ($6)


