PokerStars Hand #156771085873:  Hold'em Limit ($3/$6 USD) - 2016/08/02 12:19:01 ET
Table 'Adonis II' 6-max Seat #3 is the button
Seat 2: pulvris ($113.15 in chips)
Seat 3: BuzovaPro ($72 in chips)
BuzovaPro: posts small blind $1
Agrotait has timed out
Agrotait: is sitting out
pulvris: posts big blind $3
*** HOLE CARDS ***
BuzovaPro: raises $3 to $6
pulvris: raises $3 to $9
BuzovaPro: calls $3
*** FLOP *** [7s 7c 9c]
pulvris: bets $3
Agrotait leaves the table
BuzovaPro: calls $3
*** TURN *** [7s 7c 9c] [Tc]
pulvris: bets $6
BuzovaPro: calls $6
*** RIVER *** [7s 7c 9c Tc] [5c]
pulvris: bets $6
BuzovaPro: calls $6
*** SHOW DOWN ***
pulvris: shows [5s 5h] (a full house, Fives full of Sevens)
BuzovaPro: mucks hand
pulvris collected $47.50 from pot
*** SUMMARY ***
Total pot $48 | Rake $0.50
Board [7s 7c 9c Tc 5c]
Seat 2: pulvris (big blind) showed [5s 5h] and won ($47.50) with a full house, Fives full of Sevens
Seat 3: BuzovaPro (button) (small blind) mucked


PokerStars Hand #156771110462:  Hold'em Limit ($3/$6 USD) - 2016/08/02 12:19:39 ET
Table 'Adonis II' 6-max Seat #2 is the button
Seat 2: pulvris ($136.65 in chips)
Seat 3: BuzovaPro ($72 in chips)
pulvris: posts small blind $1
BuzovaPro: posts big blind $3
*** HOLE CARDS ***
pulvris: folds
Uncalled bet ($2) returned to BuzovaPro
B_loJkl joins the table at seat #4
BuzovaPro collected $2 from pot
BuzovaPro: doesn't show hand
*** SUMMARY ***
Total pot $2 | Rake $0
Seat 2: pulvris (button) (small blind) folded before Flop
Seat 3: BuzovaPro (big blind) collected ($2)


PokerStars Hand #156774784258:  Hold'em Limit ($3/$6 USD) - 2016/08/02 13:47:21 ET
Table 'Adonis II' 6-max Seat #4 is the button
Seat 3: hasky156 ($39.73 in chips)
Seat 4: iskambil ($70.64 in chips)
iskambil: posts small blind $1
hasky156: posts big blind $3
*** HOLE CARDS ***
iskambil: raises $3 to $6
hasky156: folds
Uncalled bet ($3) returned to iskambil
iskambil collected $6 from pot
*** SUMMARY ***
Total pot $6 | Rake $0
Seat 3: hasky156 (big blind) folded before Flop
Seat 4: iskambil (button) (small blind) collected ($6)


PokerStars Hand #156774780591:  Hold'em Limit ($3/$6 USD) - 2016/08/02 13:47:16 ET
Table 'Adonis II' 6-max Seat #3 is the button
Seat 3: hasky156 ($40.73 in chips)
Seat 4: iskambil ($69.64 in chips)
hasky156: posts small blind $1
iskambil: posts big blind $3
*** HOLE CARDS ***
hasky156: folds
Uncalled bet ($2) returned to iskambil
iskambil collected $2 from pot
*** SUMMARY ***
Total pot $2 | Rake $0
Seat 3: hasky156 (button) (small blind) folded before Flop
Seat 4: iskambil (big blind) collected ($2)


PokerStars Hand #156774755403:  Hold'em Limit ($3/$6 USD) - 2016/08/02 13:46:42 ET
Table 'Adonis II' 6-max Seat #4 is the button
Seat 3: hasky156 ($26.23 in chips)
Seat 4: iskambil ($84.64 in chips)
iskambil: posts small blind $1
Fabulous108: is sitting out
abatic: is sitting out
hasky156: posts big blind $3
*** HOLE CARDS ***
iskambil: raises $3 to $6
Fabulous108 leaves the table
hasky156: calls $3
*** FLOP *** [Ac Td 2c]
hasky156: checks
iskambil: bets $3
hasky156: calls $3
*** TURN *** [Ac Td 2c] [9c]
abatic leaves the table
hasky156: checks
iskambil: bets $6
hasky156: calls $6
*** RIVER *** [Ac Td 2c 9c] [5h]
hasky156: checks
iskambil: checks
*** SHOW DOWN ***
hasky156: shows [Tc Jd] (a pair of Tens)
iskambil: mucks hand
hasky156 collected $29.50 from pot
*** SUMMARY ***
Total pot $30 | Rake $0.50
Board [Ac Td 2c 9c 5h]
Seat 3: hasky156 (big blind) showed [Tc Jd] and won ($29.50) with a pair of Tens
Seat 4: iskambil (button) (small blind) mucked


