PokerStars Hand #170561352547:  Hold'em Limit ($3/$6 USD) - 2017/05/17 19:14:11 ET
Table 'Adonis' 6-max Seat #3 is the button
Seat 3: rippey156 ($120 in chips)
Seat 4: Zubasa07 ($300 in chips)
rippey156: posts small blind $1
Zubasa07: posts big blind $3
*** HOLE CARDS ***
rippey156: raises $3 to $6
Zubasa07: calls $3
*** FLOP *** [9d Qs 7s]
Zubasa07: checks
rippey156: bets $3
Zubasa07: raises $3 to $6
rippey156: raises $3 to $9
Zubasa07: calls $3
*** TURN *** [9d Qs 7s] [8s]
Zubasa07: checks
NewRocker joins the table at seat #2
NewRocker leaves the table
rippey156: bets $6
Zubasa07: calls $6
*** RIVER *** [9d Qs 7s 8s] [8c]
Zubasa07: checks
rippey156: checks
*** SHOW DOWN ***
Zubasa07: shows [Ks 4h] (a pair of Eights)
rippey156: shows [Ad 9s] (two pair, Nines and Eights)
rippey156 collected $41.50 from pot
*** SUMMARY ***
Total pot $42 | Rake $0.50
Board [9d Qs 7s 8s 8c]
Seat 3: rippey156 (button) (small blind) showed [Ad 9s] and won ($41.50) with two pair, Nines and Eights
Seat 4: Zubasa07 (big blind) showed [Ks 4h] and lost with a pair of Eights


PokerStars Hand #170561421518:  Hold'em Limit ($3/$6 USD) - 2017/05/17 19:16:08 ET
Table 'Adonis' 6-max Seat #3 is the button
Seat 3: rippey156 ($134.50 in chips)
Seat 4: Zubasa07 ($284.76 in chips)
rippey156: posts small blind $1
Zubasa07: posts big blind $3
*** HOLE CARDS ***
rippey156: folds
Uncalled bet ($2) returned to Zubasa07
Zubasa07 collected $2 from pot
Zubasa07: doesn't show hand
*** SUMMARY ***
Total pot $2 | Rake $0
Seat 3: rippey156 (button) (small blind) folded before Flop
Seat 4: Zubasa07 (big blind) collected ($2)


PokerStars Hand #170561396642:  Hold'em Limit ($3/$6 USD) - 2017/05/17 19:15:26 ET
Table 'Adonis' 6-max Seat #4 is the button
Seat 3: rippey156 ($140.50 in chips)
Seat 4: Zubasa07 ($279 in chips)
Zubasa07: posts small blind $1
rippey156: posts big blind $3
*** HOLE CARDS ***
Zubasa07: raises $3 to $6
rippey156: calls $3
*** FLOP *** [4c Kc Jh]
rippey156: checks
Zubasa07: checks
*** TURN *** [4c Kc Jh] [Kd]
rippey156: checks
Zubasa07: bets $6
rippey156: folds
Uncalled bet ($6) returned to Zubasa07
Zubasa07 collected $11.76 from pot
Zubasa07: doesn't show hand
*** SUMMARY ***
Total pot $12 | Rake $0.24
Board [4c Kc Jh Kd]
Seat 3: rippey156 (big blind) folded on the Turn
Seat 4: Zubasa07 (button) (small blind) collected ($11.76)


PokerStars Hand #170561425798:  Hold'em Limit ($3/$6 USD) - 2017/05/17 19:16:16 ET
Table 'Adonis' 6-max Seat #4 is the button
Seat 3: rippey156 ($133.50 in chips)
Seat 4: Zubasa07 ($285.76 in chips)
Zubasa07: posts small blind $1
rippey156: posts big blind $3
*** HOLE CARDS ***
Zubasa07: raises $3 to $6
rippey156: calls $3
*** FLOP *** [Qd 8h Qh]
rippey156: checks
Zubasa07: bets $3
rippey156: calls $3
*** TURN *** [Qd 8h Qh] [Td]
rippey156: checks
Zubasa07: checks
*** RIVER *** [Qd 8h Qh Td] [Ad]
rippey156: checks
Zubasa07: bets $6
rippey156: folds
Uncalled bet ($6) returned to Zubasa07
Zubasa07 collected $17.64 from pot
Zubasa07: doesn't show hand
*** SUMMARY ***
Total pot $18 | Rake $0.36
Board [Qd 8h Qh Td Ad]
Seat 3: rippey156 (big blind) folded on the River
Seat 4: Zubasa07 (button) (small blind) collected ($17.64)


PokerStars Hand #170561464651:  Hold'em Limit ($3/$6 USD) - 2017/05/17 19:17:22 ET
Table 'Adonis' 6-max Seat #4 is the button
Seat 3: rippey156 ($127.50 in chips)
Seat 4: Zubasa07 ($291.40 in chips)
Zubasa07: posts small blind $1
rippey156: posts big blind $3
*** HOLE CARDS ***
Zubasa07: folds
Uncalled bet ($2) returned to rippey156
rippey156 collected $2 from pot
*** SUMMARY ***
Total pot $2 | Rake $0
Seat 3: rippey156 (big blind) collected ($2)
Seat 4: Zubasa07 (button) (small blind) folded before Flop


PokerStars Hand #170561458142:  Hold'em Limit ($3/$6 USD) - 2017/05/17 19:17:11 ET
Table 'Adonis' 6-max Seat #3 is the button
Seat 3: rippey156 ($124.50 in chips)
Seat 4: Zubasa07 ($294.40 in chips)
rippey156: posts small blind $1
Zubasa07: posts big blind $3
*** HOLE CARDS ***
rippey156: raises $3 to $6
Zubasa07: folds
Uncalled bet ($3) returned to rippey156
rippey156 collected $6 from pot
rippey156: doesn't show hand
*** SUMMARY ***
Total pot $6 | Rake $0
Seat 3: rippey156 (button) (small blind) collected ($6)
Seat 4: Zubasa07 (big blind) folded before Flop


PokerStars Hand #170561467851:  Hold'em Limit ($3/$6 USD) - 2017/05/17 19:17:28 ET
Table 'Adonis' 6-max Seat #3 is the button
Seat 3: rippey156 ($128.50 in chips)
Seat 4: Zubasa07 ($290.40 in chips)
rippey156: posts small blind $1
Zubasa07: posts big blind $3
*** HOLE CARDS ***
rippey156: folds
Uncalled bet ($2) returned to Zubasa07
Zubasa07 collected $2 from pot
Zubasa07: doesn't show hand
*** SUMMARY ***
Total pot $2 | Rake $0
Seat 3: rippey156 (button) (small blind) folded before Flop
Seat 4: Zubasa07 (big blind) collected ($2)


PokerStars Hand #170561496075:  Hold'em Limit ($3/$6 USD) - 2017/05/17 19:18:16 ET
Table 'Adonis' 6-max Seat #3 is the button
Seat 3: rippey156 ($142 in chips)
Seat 4: Zubasa07 ($276.40 in chips)
rippey156: posts small blind $1
Zubasa07: posts big blind $3
*** HOLE CARDS ***
rippey156: folds
Uncalled bet ($2) returned to Zubasa07
Zubasa07 collected $2 from pot
Zubasa07: doesn't show hand
*** SUMMARY ***
Total pot $2 | Rake $0
Seat 3: rippey156 (button) (small blind) folded before Flop
Seat 4: Zubasa07 (big blind) collected ($2)


PokerStars Hand #170561472513:  Hold'em Limit ($3/$6 USD) - 2017/05/17 19:17:35 ET
Table 'Adonis' 6-max Seat #4 is the button
Seat 3: rippey156 ($127.50 in chips)
Seat 4: Zubasa07 ($291.40 in chips)
Zubasa07: posts small blind $1
rippey156: posts big blind $3
*** HOLE CARDS ***
JANETHEARTS joins the table at seat #2
Zubasa07: raises $3 to $6
rippey156: calls $3
*** FLOP *** [As 6h Ad]
rippey156: checks
Zubasa07: bets $3
rippey156: calls $3
*** TURN *** [As 6h Ad] [Kd]
rippey156: checks
Zubasa07: bets $6
rippey156: calls $6
*** RIVER *** [As 6h Ad Kd] [Ah]
rippey156: bets $6
Zubasa07: folds
Uncalled bet ($6) returned to rippey156
rippey156 collected $29.50 from pot
rippey156: doesn't show hand
*** SUMMARY ***
Total pot $30 | Rake $0.50
Board [As 6h Ad Kd Ah]
Seat 3: rippey156 (big blind) collected ($29.50)
Seat 4: Zubasa07 (button) (small blind) folded on the River


PokerStars Hand #170562629442:  Hold'em Limit ($3/$6 USD) - 2017/05/17 19:52:47 ET
Table 'Adonis' 6-max Seat #2 is the button
Seat 1: RaisemyNut$ ($154.88 in chips)
Seat 2: Larooo ($108.07 in chips)
Larooo: posts small blind $1
masterblstr8: is sitting out
RaisemyNut$: posts big blind $3
*** HOLE CARDS ***
Larooo: calls $2
RaisemyNut$: raises $3 to $6
masterblstr8 leaves the table
Larooo: calls $3
*** FLOP *** [3c 8h 5h]
RaisemyNut$: bets $3
Larooo: calls $3
*** TURN *** [3c 8h 5h] [2d]
RaisemyNut$: bets $6
Larooo: raises $6 to $12
RaisemyNut$: calls $6
*** RIVER *** [3c 8h 5h 2d] [5d]
lelala joins the table at seat #3
RaisemyNut$: checks
Larooo: bets $6
RaisemyNut$: calls $6
*** SHOW DOWN ***
Larooo: shows [8c 4s] (two pair, Eights and Fives)
RaisemyNut$: mucks hand
Larooo collected $53.50 from pot
*** SUMMARY ***
Total pot $54 | Rake $0.50
Board [3c 8h 5h 2d 5d]
Seat 1: RaisemyNut$ (big blind) mucked
Seat 2: Larooo (button) (small blind) showed [8c 4s] and won ($53.50) with two pair, Eights and Fives


PokerStars Hand #170562666051:  Hold'em Limit ($3/$6 USD) - 2017/05/17 19:53:59 ET
Table 'Adonis' 6-max Seat #3 is the button
Seat 1: RaisemyNut$ ($115.88 in chips)
Seat 3: lelala ($131.52 in chips)
lelala: posts small blind $1
RaisemyNut$: posts big blind $3
*** HOLE CARDS ***
lelala: raises $3 to $6
RaisemyNut$: raises $3 to $9
lelala: calls $3
*** FLOP *** [Kh Jh Js]
RaisemyNut$: bets $3
lelala: raises $3 to $6
RaisemyNut$: calls $3
*** TURN *** [Kh Jh Js] [9s]
RaisemyNut$: checks
lelala: bets $6
RaisemyNut$: calls $6
*** RIVER *** [Kh Jh Js 9s] [8h]
RaisemyNut$: checks
lelala: bets $6
RaisemyNut$: calls $6
*** SHOW DOWN ***
lelala: shows [Qh Th] (a flush, King high)
RaisemyNut$: mucks hand
lelala collected $53.50 from pot
*** SUMMARY ***
Total pot $54 | Rake $0.50
Board [Kh Jh Js 9s 8h]
Seat 1: RaisemyNut$ (big blind) mucked
Seat 3: lelala (button) (small blind) showed [Qh Th] and won ($53.50) with a flush, King high


PokerStars Hand #170562681664:  Hold'em Limit ($3/$6 USD) - 2017/05/17 19:54:30 ET
Table 'Adonis' 6-max Seat #1 is the button
Seat 1: RaisemyNut$ ($88.88 in chips)
Seat 3: lelala ($158.02 in chips)
RaisemyNut$: posts small blind $1
lelala: posts big blind $3
*** HOLE CARDS ***
RaisemyNut$: raises $3 to $6
lelala: calls $3
*** FLOP *** [8h As Td]
lelala: checks
RaisemyNut$: bets $3
lelala: folds
Uncalled bet ($3) returned to RaisemyNut$
RaisemyNut$ collected $11.76 from pot
RaisemyNut$: doesn't show hand
*** SUMMARY ***
Total pot $12 | Rake $0.24
Board [8h As Td]
Seat 1: RaisemyNut$ (button) (small blind) collected ($11.76)
Seat 3: lelala (big blind) folded on the Flop


PokerStars Hand #170562700063:  Hold'em Limit ($3/$6 USD) - 2017/05/17 19:55:06 ET
Table 'Adonis' 6-max Seat #3 is the button
Seat 1: RaisemyNut$ ($84.64 in chips)
Seat 3: lelala ($161.66 in chips)
lelala: posts small blind $1
RaisemyNut$: posts big blind $3
*** HOLE CARDS ***
lelala: folds
Uncalled bet ($2) returned to RaisemyNut$
RaisemyNut$ collected $2 from pot
RaisemyNut$: doesn't show hand
*** SUMMARY ***
Total pot $2 | Rake $0
Seat 1: RaisemyNut$ (big blind) collected ($2)
Seat 3: lelala (button) (small blind) folded before Flop


PokerStars Hand #170562702280:  Hold'em Limit ($3/$6 USD) - 2017/05/17 19:55:10 ET
Table 'Adonis' 6-max Seat #1 is the button
Seat 1: RaisemyNut$ ($85.64 in chips)
Seat 3: lelala ($160.66 in chips)
RaisemyNut$: posts small blind $1
lelala: posts big blind $3
*** HOLE CARDS ***
RaisemyNut$: raises $3 to $6
lelala: calls $3
*** FLOP *** [9d Qd 3c]
lelala: checks
RaisemyNut$: bets $3
lelala: calls $3
*** TURN *** [9d Qd 3c] [Jh]
lelala: checks
RaisemyNut$: bets $6
lelala: folds
Uncalled bet ($6) returned to RaisemyNut$
RaisemyNut$ collected $17.64 from pot
RaisemyNut$: doesn't show hand
*** SUMMARY ***
Total pot $18 | Rake $0.36
Board [9d Qd 3c Jh]
Seat 1: RaisemyNut$ (button) (small blind) collected ($17.64)
Seat 3: lelala (big blind) folded on the Turn


PokerStars Hand #170562712263:  Hold'em Limit ($3/$6 USD) - 2017/05/17 19:55:33 ET
Table 'Adonis' 6-max Seat #3 is the button
Seat 1: RaisemyNut$ ($94.28 in chips)
Seat 3: lelala ($151.66 in chips)
lelala: posts small blind $1
RaisemyNut$: posts big blind $3
*** HOLE CARDS ***
lelala: folds
Uncalled bet ($2) returned to RaisemyNut$
RaisemyNut$ collected $2 from pot
RaisemyNut$: doesn't show hand
*** SUMMARY ***
Total pot $2 | Rake $0
Seat 1: RaisemyNut$ (big blind) collected ($2)
Seat 3: lelala (button) (small blind) folded before Flop


PokerStars Hand #170562696483:  Hold'em Limit ($3/$6 USD) - 2017/05/17 19:54:59 ET
Table 'Adonis' 6-max Seat #1 is the button
Seat 1: RaisemyNut$ ($85.64 in chips)
Seat 3: lelala ($160.66 in chips)
RaisemyNut$: posts small blind $1
lelala: posts big blind $3
*** HOLE CARDS ***
RaisemyNut$: folds
Uncalled bet ($2) returned to lelala
lelala collected $2 from pot
*** SUMMARY ***
Total pot $2 | Rake $0
Seat 1: RaisemyNut$ (button) (small blind) folded before Flop
Seat 3: lelala (big blind) collected ($2)


PokerStars Hand #170562714226:  Hold'em Limit ($3/$6 USD) - 2017/05/17 19:55:38 ET
Table 'Adonis' 6-max Seat #1 is the button
Seat 1: RaisemyNut$ ($95.28 in chips)
Seat 3: lelala ($150.66 in chips)
RaisemyNut$: posts small blind $1
lelala: posts big blind $3
*** HOLE CARDS ***
RaisemyNut$: raises $3 to $6
lelala: calls $3
*** FLOP *** [6c 2h Tc]
lelala: checks
RaisemyNut$: bets $3
lelala: calls $3
*** TURN *** [6c 2h Tc] [Th]
lelala: checks
RaisemyNut$: checks
*** RIVER *** [6c 2h Tc Th] [Ac]
lelala: bets $6
RaisemyNut$: folds
Uncalled bet ($6) returned to lelala
lelala collected $17.64 from pot
*** SUMMARY ***
Total pot $18 | Rake $0.36
Board [6c 2h Tc Th Ac]
Seat 1: RaisemyNut$ (button) (small blind) folded on the River
Seat 3: lelala (big blind) collected ($17.64)


PokerStars Hand #170562722881:  Hold'em Limit ($3/$6 USD) - 2017/05/17 19:55:59 ET
Table 'Adonis' 6-max Seat #3 is the button
Seat 1: RaisemyNut$ ($86.28 in chips)
Seat 3: lelala ($159.30 in chips)
lelala: posts small blind $1
RaisemyNut$: posts big blind $3
*** HOLE CARDS ***
lelala: raises $3 to $6
RaisemyNut$: raises $3 to $9
lelala: calls $3
*** FLOP *** [2s 3c 3s]
RaisemyNut$: bets $3
lelala: calls $3
*** TURN *** [2s 3c 3s] [5c]
RaisemyNut$: bets $6
lelala: folds
Uncalled bet ($6) returned to RaisemyNut$
RaisemyNut$ collected $23.52 from pot
RaisemyNut$: doesn't show hand
*** SUMMARY ***
Total pot $24 | Rake $0.48
Board [2s 3c 3s 5c]
Seat 1: RaisemyNut$ (big blind) collected ($23.52)
Seat 3: lelala (button) (small blind) folded on the Turn


PokerStars Hand #170562728610:  Hold'em Limit ($3/$6 USD) - 2017/05/17 19:56:13 ET
Table 'Adonis' 6-max Seat #1 is the button
Seat 1: RaisemyNut$ ($97.80 in chips)
Seat 3: lelala ($147.30 in chips)
RaisemyNut$: posts small blind $1
lelala: posts big blind $3
*** HOLE CARDS ***
RaisemyNut$: raises $3 to $6
lelala: raises $3 to $9
RaisemyNut$: raises $3 to $12
Betting is capped
lelala: calls $3
*** FLOP *** [5d 6c Ad]
lelala: checks
RaisemyNut$: bets $3
lelala: raises $3 to $6
RaisemyNut$: calls $3
*** TURN *** [5d 6c Ad] [Qd]
lelala: bets $6
RaisemyNut$: raises $6 to $12
lelala: folds
Uncalled bet ($6) returned to RaisemyNut$
RaisemyNut$ collected $47.50 from pot
RaisemyNut$: doesn't show hand
*** SUMMARY ***
Total pot $48 | Rake $0.50
Board [5d 6c Ad Qd]
Seat 1: RaisemyNut$ (button) (small blind) collected ($47.50)
Seat 3: lelala (big blind) folded on the Turn


PokerStars Hand #170562738692:  Hold'em Limit ($3/$6 USD) - 2017/05/17 19:56:37 ET
Table 'Adonis' 6-max Seat #3 is the button
Seat 1: RaisemyNut$ ($121.30 in chips)
Seat 3: lelala ($123.30 in chips)
lelala: posts small blind $1
RaisemyNut$: posts big blind $3
*** HOLE CARDS ***
lelala: folds
Uncalled bet ($2) returned to RaisemyNut$
RaisemyNut$ collected $2 from pot
RaisemyNut$: doesn't show hand
*** SUMMARY ***
Total pot $2 | Rake $0
Seat 1: RaisemyNut$ (big blind) collected ($2)
Seat 3: lelala (button) (small blind) folded before Flop


