PokerStars Hand #172931603162:  Hold'em Limit ($3/$6 USD) - 2017/07/12 8:26:34 ET
Table 'Adonis' 6-max Seat #2 is the button
Seat 2: BranzanM ($350.78 in chips)
Seat 4: AzureCaper ($86.19 in chips)
BranzanM: posts small blind $1
sim5sim5: is sitting out
AzureCaper: posts big blind $3
*** HOLE CARDS ***
BranzanM: calls $2
AzureCaper: checks
*** FLOP *** [Ac Th Qs]
AzureCaper: bets $3
BranzanM: calls $3
*** TURN *** [Ac Th Qs] [8d]
AzureCaper: checks
BranzanM: bets $6
AzureCaper: calls $6
*** RIVER *** [Ac Th Qs 8d] [4h]
AzureCaper: checks
sim5sim5 leaves the table
BranzanM: bets $6
AzureCaper: folds
Uncalled bet ($6) returned to BranzanM
BranzanM collected $23.52 from pot
BranzanM: doesn't show hand
*** SUMMARY ***
Total pot $24 | Rake $0.48
Board [Ac Th Qs 8d 4h]
Seat 2: BranzanM (button) (small blind) collected ($23.52)
Seat 4: AzureCaper (big blind) folded on the River


PokerStars Hand #172931626225:  Hold'em Limit ($3/$6 USD) - 2017/07/12 8:27:24 ET
Table 'Adonis' 6-max Seat #4 is the button
Seat 2: BranzanM ($350.30 in chips)
Seat 4: AzureCaper ($85.71 in chips)
AzureCaper: posts small blind $1
BranzanM: posts big blind $3
*** HOLE CARDS ***
AzureCaper: raises $3 to $6
BranzanM: raises $3 to $9
AzureCaper: calls $3
*** FLOP *** [4s 5d 9s]
BranzanM: checks
AzureCaper: checks
*** TURN *** [4s 5d 9s] [3s]
BranzanM: bets $6
AzureCaper: calls $6
*** RIVER *** [4s 5d 9s 3s] [Kd]
BranzanM: bets $6
AzureCaper: folds
Uncalled bet ($6) returned to BranzanM
BranzanM collected $29.50 from pot
BranzanM: doesn't show hand
*** SUMMARY ***
Total pot $30 | Rake $0.50
Board [4s 5d 9s 3s Kd]
Seat 2: BranzanM (big blind) collected ($29.50)
Seat 4: AzureCaper (button) (small blind) folded on the River


PokerStars Hand #172931633503:  Hold'em Limit ($3/$6 USD) - 2017/07/12 8:27:39 ET
Table 'Adonis' 6-max Seat #2 is the button
Seat 2: BranzanM ($364.80 in chips)
Seat 4: AzureCaper ($72 in chips)
BranzanM: posts small blind $1
AzureCaper: posts big blind $3
*** HOLE CARDS ***
andyrr joins the table at seat #1
BranzanM: calls $2
AzureCaper: checks
*** FLOP *** [8h Qd Kc]
AzureCaper: checks
BranzanM: bets $3
AzureCaper: folds
Uncalled bet ($3) returned to BranzanM
BranzanM collected $5.88 from pot
BranzanM: doesn't show hand
*** SUMMARY ***
Total pot $6 | Rake $0.12
Board [8h Qd Kc]
Seat 2: BranzanM (button) (small blind) collected ($5.88)
Seat 4: AzureCaper (big blind) folded on the Flop


PokerStars Hand #172931615141:  Hold'em Limit ($3/$6 USD) - 2017/07/12 8:27:00 ET
Table 'Adonis' 6-max Seat #4 is the button
Seat 2: BranzanM ($362.30 in chips)
Seat 4: AzureCaper ($74.19 in chips)
AzureCaper: posts small blind $1
BranzanM: posts big blind $3
*** HOLE CARDS ***
AzureCaper: raises $3 to $6
BranzanM: calls $3
*** FLOP *** [4s 8s 5s]
BranzanM: bets $3
AzureCaper: raises $3 to $6
BranzanM: folds
Uncalled bet ($3) returned to AzureCaper
AzureCaper collected $17.64 from pot
AzureCaper: doesn't show hand
*** SUMMARY ***
Total pot $18 | Rake $0.36
Board [4s 8s 5s]
Seat 2: BranzanM (big blind) folded on the Flop
Seat 4: AzureCaper (button) (small blind) collected ($17.64)


PokerStars Hand #172931621492:  Hold'em Limit ($3/$6 USD) - 2017/07/12 8:27:13 ET
Table 'Adonis' 6-max Seat #2 is the button
Seat 2: BranzanM ($353.30 in chips)
Seat 4: AzureCaper ($82.83 in chips)
BranzanM: posts small blind $1
AzureCaper: posts big blind $3
*** HOLE CARDS ***
BranzanM: calls $2
AzureCaper: checks
*** FLOP *** [5s 8d 6d]
AzureCaper: bets $3
BranzanM: folds
Uncalled bet ($3) returned to AzureCaper
AzureCaper collected $5.88 from pot
AzureCaper: doesn't show hand
*** SUMMARY ***
Total pot $6 | Rake $0.12
Board [5s 8d 6d]
Seat 2: BranzanM (button) (small blind) folded on the Flop
Seat 4: AzureCaper (big blind) collected ($5.88)


