PokerStars Hand #145978202855:  Hold'em Limit ($3/$6 USD) - 2015/12/26 20:36:24 ET
Table 'Adorea II' 6-max Seat #4 is the button
Seat 3: Dinov1 ($58.53 in chips)
Seat 4: Chessnok ($117.10 in chips)
Chessnok: posts small blind $1
Zubasa07: is sitting out
Dinov1: posts big blind $3
*** HOLE CARDS ***
Chessnok: folds
Uncalled bet ($2) returned to Dinov1
Dinov1 collected $2 from pot
*** SUMMARY ***
Total pot $2 | Rake $0
Seat 3: Dinov1 (big blind) collected ($2)
Seat 4: Chessnok (button) (small blind) folded before Flop


PokerStars Hand #145978206100:  Hold'em Limit ($3/$6 USD) - 2015/12/26 20:36:30 ET
Table 'Adorea II' 6-max Seat #3 is the button
Seat 3: Dinov1 ($59.53 in chips)
Seat 4: Chessnok ($116.10 in chips)
Dinov1: posts small blind $1
Chessnok: posts big blind $3
*** HOLE CARDS ***
Dinov1: raises $3 to $6
Chessnok: raises $3 to $9
Dinov1: calls $3
*** FLOP *** [8h Qc 4d]
Chessnok: bets $3
Dinov1: folds
Uncalled bet ($3) returned to Chessnok
Chessnok collected $17.64 from pot
Chessnok: doesn't show hand
*** SUMMARY ***
Total pot $18 | Rake $0.36
Board [8h Qc 4d]
Seat 3: Dinov1 (button) (small blind) folded on the Flop
Seat 4: Chessnok (big blind) collected ($17.64)


PokerStars Hand #145978234703:  Hold'em Limit ($3/$6 USD) - 2015/12/26 20:37:22 ET
Table 'Adorea II' 6-max Seat #4 is the button
Seat 3: Dinov1 ($47.03 in chips)
Seat 4: Chessnok ($127.24 in chips)
Chessnok: posts small blind $1
Dinov1: posts big blind $3
*** HOLE CARDS ***
Chessnok: raises $3 to $6
Dinov1: calls $3
*** FLOP *** [3s Ad Th]
Dinov1: checks
Chessnok: bets $3
Dinov1: folds
Uncalled bet ($3) returned to Chessnok
Chessnok collected $11.76 from pot
Chessnok: doesn't show hand
*** SUMMARY ***
Total pot $12 | Rake $0.24
Board [3s Ad Th]
Seat 3: Dinov1 (big blind) folded on the Flop
Seat 4: Chessnok (button) (small blind) collected ($11.76)


PokerStars Hand #145978226072:  Hold'em Limit ($3/$6 USD) - 2015/12/26 20:37:06 ET
Table 'Adorea II' 6-max Seat #3 is the button
Seat 3: Dinov1 ($26.53 in chips)
Seat 4: Chessnok ($148.24 in chips)
Dinov1: posts small blind $1
Chessnok: posts big blind $3
*** HOLE CARDS ***
Dinov1: raises $3 to $6
Chessnok: calls $3
*** FLOP *** [Ad Jh 8d]
Chessnok: checks
Dinov1: bets $3
Chessnok: calls $3
*** TURN *** [Ad Jh 8d] [Td]
Chessnok: checks
Dinov1: bets $6
Chessnok: calls $6
*** RIVER *** [Ad Jh 8d Td] [7d]
Chessnok: bets $6
Dinov1: calls $6
*** SHOW DOWN ***
Chessnok: shows [Ks 3d] (a flush, Ace high)
Dinov1: shows [5d 7s] (a flush, Ace high - Five higher)
Dinov1 collected $41.50 from pot
*** SUMMARY ***
Total pot $42 | Rake $0.50
Board [Ad Jh 8d Td 7d]
Seat 3: Dinov1 (button) (small blind) showed [5d 7s] and won ($41.50) with a flush, Ace high
Seat 4: Chessnok (big blind) showed [Ks 3d] and lost with a flush, Ace high


PokerStars Hand #145978213983:  Hold'em Limit ($3/$6 USD) - 2015/12/26 20:36:44 ET
Table 'Adorea II' 6-max Seat #4 is the button
Seat 3: Dinov1 ($50.53 in chips)
Seat 4: Chessnok ($124.74 in chips)
Chessnok: posts small blind $1
Dinov1: posts big blind $3
*** HOLE CARDS ***
Chessnok: raises $3 to $6
Dinov1: raises $3 to $9
Chessnok: calls $3
*** FLOP *** [9h 8d 5s]
Dinov1: bets $3
Chessnok: calls $3
*** TURN *** [9h 8d 5s] [4h]
Dinov1: bets $6
Zubasa07 leaves the table
Chessnok: calls $6
*** RIVER *** [9h 8d 5s 4h] [7d]
Dinov1: checks
Chessnok: bets $6
Dinov1: calls $6
*** SHOW DOWN ***
Chessnok: shows [6d Th] (a straight, Six to Ten)
Dinov1: mucks hand
Chessnok collected $47.50 from pot
*** SUMMARY ***
Total pot $48 | Rake $0.50
Board [9h 8d 5s 4h 7d]
Seat 3: Dinov1 (big blind) mucked
Seat 4: Chessnok (button) (small blind) showed [6d Th] and won ($47.50) with a straight, Six to Ten


PokerStars Hand #145978264761:  Hold'em Limit ($3/$6 USD) - 2015/12/26 20:38:16 ET
Table 'Adorea II' 6-max Seat #3 is the button
Seat 3: Dinov1 ($49.53 in chips)
Seat 4: Chessnok ($123.76 in chips)
Dinov1: posts small blind $1
Chessnok: posts big blind $3
*** HOLE CARDS ***
Dinov1: raises $3 to $6
Chessnok: folds
Uncalled bet ($3) returned to Dinov1
Dinov1 collected $6 from pot
*** SUMMARY ***
Total pot $6 | Rake $0
Seat 3: Dinov1 (button) (small blind) collected ($6)
Seat 4: Chessnok (big blind) folded before Flop


PokerStars Hand #145978243759:  Hold'em Limit ($3/$6 USD) - 2015/12/26 20:37:38 ET
Table 'Adorea II' 6-max Seat #3 is the button
Seat 3: Dinov1 ($41.03 in chips)
Seat 4: Chessnok ($133 in chips)
Dinov1: posts small blind $1
Chessnok: posts big blind $3
*** HOLE CARDS ***
Dinov1: raises $3 to $6
Chessnok: calls $3
*** FLOP *** [Kc Jh 4h]
Chessnok: checks
Dinov1: bets $3
Chessnok: calls $3
*** TURN *** [Kc Jh 4h] [9c]
Chessnok: checks
Dinov1: bets $6
Chessnok: calls $6
*** RIVER *** [Kc Jh 4h 9c] [8d]
Chessnok: checks
Dinov1: checks
*** SHOW DOWN ***
Chessnok: shows [2s 2c] (a pair of Deuces)
Dinov1: shows [5c 4c] (a pair of Fours)
Dinov1 collected $29.50 from pot
*** SUMMARY ***
Total pot $30 | Rake $0.50
Board [Kc Jh 4h 9c 8d]
Seat 3: Dinov1 (button) (small blind) showed [5c 4c] and won ($29.50) with a pair of Fours
Seat 4: Chessnok (big blind) showed [2s 2c] and lost with a pair of Deuces


PokerStars Hand #145978256197:  Hold'em Limit ($3/$6 USD) - 2015/12/26 20:38:01 ET
Table 'Adorea II' 6-max Seat #4 is the button
Seat 3: Dinov1 ($55.53 in chips)
Seat 4: Chessnok ($118 in chips)
Chessnok: posts small blind $1
Dinov1: posts big blind $3
*** HOLE CARDS ***
Chessnok: raises $3 to $6
Dinov1: calls $3
*** FLOP *** [2c Jh 7s]
Dinov1: checks
SmellyToes4u joins the table at seat #5
Chessnok: bets $3
Dinov1: folds
Uncalled bet ($3) returned to Chessnok
Chessnok collected $11.76 from pot
Chessnok: doesn't show hand
*** SUMMARY ***
Total pot $12 | Rake $0.24
Board [2c Jh 7s]
Seat 3: Dinov1 (big blind) folded on the Flop
Seat 4: Chessnok (button) (small blind) collected ($11.76)


PokerStars Hand #145978464447:  Hold'em Limit ($3/$6 USD) - 2015/12/26 20:44:27 ET
Table 'Adorea II' 6-max Seat #3 is the button
Seat 3: Dinov1 ($136.54 in chips)
Seat 4: Chessnok ($136.32 in chips)
Dinov1: posts small blind $1
Chessnok: posts big blind $3
*** HOLE CARDS ***
Dinov1: raises $3 to $6
Chessnok: calls $3
*** FLOP *** [5h 6c As]
Chessnok: checks
insapoff leaves the table
Dinov1: bets $3
Chessnok: calls $3
*** TURN *** [5h 6c As] [Qs]
Chessnok: checks
Dinov1: bets $6
Chessnok: folds
Uncalled bet ($6) returned to Dinov1
Dinov1 collected $17.64 from pot
*** SUMMARY ***
Total pot $18 | Rake $0.36
Board [5h 6c As Qs]
Seat 3: Dinov1 (button) (small blind) collected ($17.64)
Seat 4: Chessnok (big blind) folded on the Turn


PokerStars Hand #145978461451:  Hold'em Limit ($3/$6 USD) - 2015/12/26 20:44:21 ET
Table 'Adorea II' 6-max Seat #4 is the button
Seat 3: Dinov1 ($139.54 in chips)
Seat 4: Chessnok ($133.32 in chips)
Chessnok: posts small blind $1
Dinov1: posts big blind $3
*** HOLE CARDS ***
Chessnok: raises $3 to $6
Dinov1: folds
Uncalled bet ($3) returned to Chessnok
Chessnok collected $6 from pot
Chessnok: doesn't show hand
*** SUMMARY ***
Total pot $6 | Rake $0
Seat 3: Dinov1 (big blind) folded before Flop
Seat 4: Chessnok (button) (small blind) collected ($6)


PokerStars Hand #145978480221:  Hold'em Limit ($3/$6 USD) - 2015/12/26 20:44:57 ET
Table 'Adorea II' 6-max Seat #3 is the button
Seat 3: Dinov1 ($144.93 in chips)
Seat 4: Chessnok ($127.07 in chips)
Dinov1: posts small blind $1
Chessnok: posts big blind $3
*** HOLE CARDS ***
Dinov1: raises $3 to $6
Chessnok: calls $3
*** FLOP *** [Qh Kc Ah]
Chessnok: checks
Dinov1: bets $3
Chessnok: calls $3
*** TURN *** [Qh Kc Ah] [7s]
Chessnok: checks
Dinov1: bets $6
Chessnok: calls $6
*** RIVER *** [Qh Kc Ah 7s] [6c]
Chessnok: checks
Dinov1: checks
*** SHOW DOWN ***
Chessnok: shows [Js 5s] (high card Ace)
Dinov1: shows [Qs 3d] (a pair of Queens)
Dinov1 collected $29.50 from pot
*** SUMMARY ***
Total pot $30 | Rake $0.50
Board [Qh Kc Ah 7s 6c]
Seat 3: Dinov1 (button) (small blind) showed [Qs 3d] and won ($29.50) with a pair of Queens
Seat 4: Chessnok (big blind) showed [Js 5s] and lost with high card Ace


PokerStars Hand #145978492718:  Hold'em Limit ($3/$6 USD) - 2015/12/26 20:45:20 ET
Table 'Adorea II' 6-max Seat #3 is the button
Seat 3: Dinov1 ($153.43 in chips)
Seat 4: Chessnok ($117.83 in chips)
Dinov1: posts small blind $1
Chessnok: posts big blind $3
*** HOLE CARDS ***
Dinov1: raises $3 to $6
Chessnok: calls $3
*** FLOP *** [7h 3h 8c]
Chessnok: checks
Dinov1: bets $3
Chessnok: raises $3 to $6
Dinov1: calls $3
*** TURN *** [7h 3h 8c] [Ts]
Chessnok: bets $6
Dinov1: raises $6 to $12
Chessnok: raises $6 to $18
Dinov1: calls $6
*** RIVER *** [7h 3h 8c Ts] [Tc]
Chessnok: bets $6
perten joins the table at seat #5
Dinov1: raises $6 to $12
Chessnok: raises $6 to $18
Dinov1: calls $6
*** SHOW DOWN ***
Chessnok: shows [9c 6c] (a straight, Six to Ten)
Dinov1: mucks hand
Chessnok collected $95.50 from pot
*** SUMMARY ***
Total pot $96 | Rake $0.50
Board [7h 3h 8c Ts Tc]
Seat 3: Dinov1 (button) (small blind) mucked
Seat 4: Chessnok (big blind) showed [9c 6c] and won ($95.50) with a straight, Six to Ten


PokerStars Hand #145978471707:  Hold'em Limit ($3/$6 USD) - 2015/12/26 20:44:41 ET
Table 'Adorea II' 6-max Seat #4 is the button
Seat 3: Dinov1 ($145.18 in chips)
Seat 4: Chessnok ($127.32 in chips)
Chessnok: posts small blind $1
Dinov1: posts big blind $3
*** HOLE CARDS ***
Chessnok: raises $3 to $6
Dinov1: raises $3 to $9
Chessnok: calls $3
*** FLOP *** [5d 6c 8c]
Dinov1: bets $3
Chessnok: calls $3
*** TURN *** [5d 6c 8c] [9s]
Dinov1: checks
Chessnok: checks
*** RIVER *** [5d 6c 8c 9s] [7s]
Dinov1: checks
Chessnok: bets $6
Dinov1: calls $6
*** SHOW DOWN ***
Chessnok: shows [Qs Jh] (a straight, Five to Nine)
Dinov1: shows [Ah 9c] (a straight, Five to Nine)
Dinov1 collected $17.75 from pot
Chessnok collected $17.75 from pot
*** SUMMARY ***
Total pot $36 | Rake $0.50
Board [5d 6c 8c 9s 7s]
Seat 3: Dinov1 (big blind) showed [Ah 9c] and won ($17.75) with a straight, Five to Nine
Seat 4: Chessnok (button) (small blind) showed [Qs Jh] and won ($17.75) with a straight, Five to Nine


PokerStars Hand #145978488191:  Hold'em Limit ($3/$6 USD) - 2015/12/26 20:45:11 ET
Table 'Adorea II' 6-max Seat #4 is the button
Seat 3: Dinov1 ($159.43 in chips)
Seat 4: Chessnok ($112.07 in chips)
Chessnok: posts small blind $1
Dinov1: posts big blind $3
*** HOLE CARDS ***
Chessnok: raises $3 to $6
Dinov1: calls $3
*** FLOP *** [Ad 8d Qh]
Dinov1: checks
Chessnok: bets $3
Dinov1: folds
Uncalled bet ($3) returned to Chessnok
Chessnok collected $11.76 from pot
Chessnok: doesn't show hand
*** SUMMARY ***
Total pot $12 | Rake $0.24
Board [Ad 8d Qh]
Seat 3: Dinov1 (big blind) folded on the Flop
Seat 4: Chessnok (button) (small blind) collected ($11.76)


PokerStars Hand #145978649118:  Hold'em Limit ($3/$6 USD) - 2015/12/26 20:50:13 ET
Table 'Adorea II' 6-max Seat #5 is the button
Seat 4: Chessnok ($267.42 in chips)
Seat 5: perten ($26.77 in chips)
perten: posts small blind $1
Dinov1: is sitting out
Chessnok: posts big blind $3
*** HOLE CARDS ***
perten: calls $2
Dinov1 leaves the table
Chessnok: checks
*** FLOP *** [4c 6d Js]
Chessnok: checks
perten: bets $3
Chessnok: folds
Uncalled bet ($3) returned to perten
perten collected $5.88 from pot
perten: doesn't show hand
*** SUMMARY ***
Total pot $6 | Rake $0.12
Board [4c 6d Js]
Seat 4: Chessnok (big blind) folded on the Flop
Seat 5: perten (button) (small blind) collected ($5.88)


PokerStars Hand #145978661303:  Hold'em Limit ($3/$6 USD) - 2015/12/26 20:50:36 ET
Table 'Adorea II' 6-max Seat #4 is the button
Seat 4: Chessnok ($264.42 in chips)
Seat 5: perten ($29.65 in chips)
Chessnok: posts small blind $1
perten: posts big blind $3
*** HOLE CARDS ***
Chessnok: folds
Uncalled bet ($2) returned to perten
perten collected $2 from pot
perten: doesn't show hand
*** SUMMARY ***
Total pot $2 | Rake $0
Seat 4: Chessnok (button) (small blind) folded before Flop
Seat 5: perten (big blind) collected ($2)


PokerStars Hand #145978664256:  Hold'em Limit ($3/$6 USD) - 2015/12/26 20:50:42 ET
Table 'Adorea II' 6-max Seat #5 is the button
Seat 4: Chessnok ($263.42 in chips)
Seat 5: perten ($30.65 in chips)
perten: posts small blind $1
Chessnok: posts big blind $3
*** HOLE CARDS ***
perten: raises $3 to $6
Chessnok: calls $3
*** FLOP *** [8s 5d 3c]
Chessnok: checks
perten: checks
*** TURN *** [8s 5d 3c] [Qs]
Chessnok: bets $6
perten: folds
Uncalled bet ($6) returned to Chessnok
Chessnok collected $11.76 from pot
Chessnok: doesn't show hand
*** SUMMARY ***
Total pot $12 | Rake $0.24
Board [8s 5d 3c Qs]
Seat 4: Chessnok (big blind) collected ($11.76)
Seat 5: perten (button) (small blind) folded on the Turn


