PokerStars Hand #161720364507:  Hold'em Limit ($3/$6 USD) - 2016/11/20 19:59:43 ET
Table 'Adorea' 6-max Seat #4 is the button
Seat 4: Jeelsy ($62.65 in chips)
Seat 6: Velbor107 ($300 in chips)
GoliafUa: is sitting out
Jeelsy: posts small blind $1
Velbor107: posts big blind $3
*** HOLE CARDS ***
Jeelsy: folds
Uncalled bet ($2) returned to Velbor107
Velbor107 collected $2 from pot
*** SUMMARY ***
Total pot $2 | Rake $0
Seat 4: Jeelsy (button) (small blind) folded before Flop
Seat 6: Velbor107 (big blind) collected ($2)


PokerStars Hand #161720387685:  Hold'em Limit ($3/$6 USD) - 2016/11/20 20:00:34 ET
Table 'Adorea' 6-max Seat #4 is the button
Seat 4: Jeelsy ($40.65 in chips)
Seat 6: Velbor107 ($321.50 in chips)
Jeelsy: posts small blind $1
Velbor107: posts big blind $3
*** HOLE CARDS ***
Jeelsy: calls $2
Velbor107: raises $3 to $6
Jeelsy: calls $3
*** FLOP *** [5s 7h 2s]
Velbor107: bets $3
Jeelsy: calls $3
*** TURN *** [5s 7h 2s] [2c]
Velbor107: bets $6
Jeelsy: folds
Uncalled bet ($6) returned to Velbor107
Velbor107 collected $17.64 from pot
*** SUMMARY ***
Total pot $18 | Rake $0.36
Board [5s 7h 2s 2c]
Seat 4: Jeelsy (button) (small blind) folded on the Turn
Seat 6: Velbor107 (big blind) collected ($17.64)


PokerStars Hand #161720369874:  Hold'em Limit ($3/$6 USD) - 2016/11/20 19:59:54 ET
Table 'Adorea' 6-max Seat #6 is the button
Seat 4: Jeelsy ($61.65 in chips)
Seat 6: Velbor107 ($301 in chips)
Velbor107: posts small blind $1
Jeelsy: posts big blind $3
*** HOLE CARDS ***
Velbor107: raises $3 to $6
Jeelsy: calls $3
*** FLOP *** [7h 8c 5s]
Jeelsy: checks
Velbor107: bets $3
Jeelsy: calls $3
*** TURN *** [7h 8c 5s] [3h]
Jeelsy: bets $6
Velbor107: calls $6
*** RIVER *** [7h 8c 5s 3h] [6s]
Jeelsy: bets $6
Velbor107: raises $6 to $12
Jeelsy: folds
Uncalled bet ($6) returned to Velbor107
Velbor107 collected $41.50 from pot
*** SUMMARY ***
Total pot $42 | Rake $0.50
Board [7h 8c 5s 3h 6s]
Seat 4: Jeelsy (big blind) folded on the River
Seat 6: Velbor107 (button) (small blind) collected ($41.50)


PokerStars Hand #161720397881:  Hold'em Limit ($3/$6 USD) - 2016/11/20 20:00:55 ET
Table 'Adorea' 6-max Seat #6 is the button
Seat 4: Jeelsy ($31.65 in chips)
Seat 6: Velbor107 ($330.14 in chips)
Velbor107: posts small blind $1
Jeelsy: posts big blind $3
*** HOLE CARDS ***
Velbor107: raises $3 to $6
Jeelsy: calls $3
*** FLOP *** [4h 7d 4d]
Jeelsy: checks
Velbor107: bets $3
Jeelsy: calls $3
*** TURN *** [4h 7d 4d] [As]
Jeelsy: checks
Velbor107: bets $6
Jeelsy: calls $6
*** RIVER *** [4h 7d 4d As] [6d]
Jeelsy: checks
Velbor107: checks
*** SHOW DOWN ***
Jeelsy: shows [5c 4c] (three of a kind, Fours)
Velbor107: mucks hand
Jeelsy collected $29.50 from pot
*** SUMMARY ***
Total pot $30 | Rake $0.50
Board [4h 7d 4d As 6d]
Seat 4: Jeelsy (big blind) showed [5c 4c] and won ($29.50) with three of a kind, Fours
Seat 6: Velbor107 (button) (small blind) mucked


PokerStars Hand #161720431191:  Hold'em Limit ($3/$6 USD) - 2016/11/20 20:02:02 ET
Table 'Adorea' 6-max Seat #4 is the button
Seat 4: Jeelsy ($44.15 in chips)
Seat 6: Velbor107 ($317.02 in chips)
Jeelsy: posts small blind $1
Velbor107: posts big blind $3
*** HOLE CARDS ***
Jeelsy: folds
Uncalled bet ($2) returned to Velbor107
Velbor107 collected $2 from pot
*** SUMMARY ***
Total pot $2 | Rake $0
Seat 4: Jeelsy (button) (small blind) folded before Flop
Seat 6: Velbor107 (big blind) collected ($2)


PokerStars Hand #161720428795:  Hold'em Limit ($3/$6 USD) - 2016/11/20 20:01:57 ET
Table 'Adorea' 6-max Seat #6 is the button
Seat 4: Jeelsy ($43.15 in chips)
Seat 6: Velbor107 ($318.02 in chips)
Velbor107: posts small blind $1
Jeelsy: posts big blind $3
*** HOLE CARDS ***
Velbor107: folds
Uncalled bet ($2) returned to Jeelsy
Jeelsy collected $2 from pot
Jeelsy: doesn't show hand
*** SUMMARY ***
Total pot $2 | Rake $0
Seat 4: Jeelsy (big blind) collected ($2)
Seat 6: Velbor107 (button) (small blind) folded before Flop


PokerStars Hand #161720414707:  Hold'em Limit ($3/$6 USD) - 2016/11/20 20:01:29 ET
Table 'Adorea' 6-max Seat #4 is the button
Seat 4: Jeelsy ($46.15 in chips)
Seat 6: Velbor107 ($315.14 in chips)
Jeelsy: posts small blind $1
Velbor107: posts big blind $3
*** HOLE CARDS ***
Jeelsy: calls $2
Velbor107: checks
*** FLOP *** [9c Ts 9d]
Velbor107: checks
Jeelsy: checks
*** TURN *** [9c Ts 9d] [3c]
Velbor107: bets $6
Jeelsy: folds
Uncalled bet ($6) returned to Velbor107
Velbor107 collected $5.88 from pot
*** SUMMARY ***
Total pot $6 | Rake $0.12
Board [9c Ts 9d 3c]
Seat 4: Jeelsy (button) (small blind) folded on the Turn
Seat 6: Velbor107 (big blind) collected ($5.88)


PokerStars Hand #161720450779:  Hold'em Limit ($3/$6 USD) - 2016/11/20 20:02:43 ET
Table 'Adorea' 6-max Seat #4 is the button
Seat 4: Jeelsy ($22.15 in chips)
Seat 6: Velbor107 ($338.52 in chips)
Jeelsy: posts small blind $1
Velbor107: posts big blind $3
*** HOLE CARDS ***
Jeelsy: raises $3 to $6
Velbor107: raises $3 to $9
Jeelsy: calls $3
*** FLOP *** [Qd Jd 6d]
Velbor107: bets $3
Jeelsy: calls $3
*** TURN *** [Qd Jd 6d] [Ad]
Velbor107: bets $6
Jeelsy: raises $4.15 to $10.15 and is all-in
Velbor107: calls $4.15
*** RIVER *** [Qd Jd 6d Ad] [Qh]
*** SHOW DOWN ***
Velbor107: shows [Kd Qc] (a flush, Ace high)
Jeelsy: shows [3d Jh] (a flush, Ace high - lower cards)
Velbor107 collected $43.80 from pot
*** SUMMARY ***
Total pot $44.30 | Rake $0.50
Board [Qd Jd 6d Ad Qh]
Seat 4: Jeelsy (button) (small blind) showed [3d Jh] and lost with a flush, Ace high
Seat 6: Velbor107 (big blind) showed [Kd Qc] and won ($43.80) with a flush, Ace high


PokerStars Hand #161720447235:  Hold'em Limit ($3/$6 USD) - 2016/11/20 20:02:36 ET
Table 'Adorea' 6-max Seat #6 is the button
Seat 4: Jeelsy ($21.15 in chips)
Seat 6: Velbor107 ($339.52 in chips)
Velbor107: posts small blind $1
Jeelsy: posts big blind $3
*** HOLE CARDS ***
Velbor107: folds
Uncalled bet ($2) returned to Jeelsy
Jeelsy collected $2 from pot
Jeelsy: doesn't show hand
*** SUMMARY ***
Total pot $2 | Rake $0
Seat 4: Jeelsy (big blind) collected ($2)
Seat 6: Velbor107 (button) (small blind) folded before Flop


PokerStars Hand #161720445069:  Hold'em Limit ($3/$6 USD) - 2016/11/20 20:02:31 ET
Table 'Adorea' 6-max Seat #4 is the button
Seat 4: Jeelsy ($22.15 in chips)
Seat 6: Velbor107 ($338.52 in chips)
Jeelsy: posts small blind $1
Velbor107: posts big blind $3
*** HOLE CARDS ***
Jeelsy: folds
Uncalled bet ($2) returned to Velbor107
Velbor107 collected $2 from pot
*** SUMMARY ***
Total pot $2 | Rake $0
Seat 4: Jeelsy (button) (small blind) folded before Flop
Seat 6: Velbor107 (big blind) collected ($2)


PokerStars Hand #161720433949:  Hold'em Limit ($3/$6 USD) - 2016/11/20 20:02:07 ET
Table 'Adorea' 6-max Seat #6 is the button
Seat 4: Jeelsy ($43.15 in chips)
Seat 6: Velbor107 ($318.02 in chips)
Velbor107: posts small blind $1
Jeelsy: posts big blind $3
*** HOLE CARDS ***
Velbor107: raises $3 to $6
Jeelsy: calls $3
*** FLOP *** [7d Qd 6c]
Jeelsy: checks
Velbor107: bets $3
Jeelsy: calls $3
*** TURN *** [7d Qd 6c] [7c]
Jeelsy: checks
Velbor107: bets $6
Jeelsy: calls $6
*** RIVER *** [7d Qd 6c 7c] [3c]
Jeelsy: checks
Velbor107: bets $6
Jeelsy: calls $6
*** SHOW DOWN ***
Velbor107: shows [Qc Kc] (a flush, King high)
Jeelsy: mucks hand
Velbor107 collected $41.50 from pot
*** SUMMARY ***
Total pot $42 | Rake $0.50
Board [7d Qd 6c 7c 3c]
Seat 4: Jeelsy (big blind) mucked
Seat 6: Velbor107 (button) (small blind) showed [Qc Kc] and won ($41.50) with a flush, King high


