PokerStars Hand #173852298348:  Hold'em Limit ($3/$6 USD) - 2017/08/02 20:43:17 ET
Table 'Adorea II' 6-max Seat #3 is the button
Seat 3: scorpio04 ($120 in chips)
Seat 4: sawel888 ($308.88 in chips)
scorpio04: posts small blind $1
sawel888: posts big blind $3
*** HOLE CARDS ***
scorpio04: raises $3 to $6
sawel888: calls $3
*** FLOP *** [6c As 7d]
belik555 joins the table at seat #5
sawel888: checks
scorpio04: bets $3
sawel888: calls $3
*** TURN *** [6c As 7d] [8s]
sawel888: checks
scorpio04: bets $6
sawel888: calls $6
*** RIVER *** [6c As 7d 8s] [8d]
sawel888: bets $6
scorpio04: calls $6
*** SHOW DOWN ***
sawel888: shows [9d Jd] (a pair of Eights)
scorpio04: shows [7h 5c] (two pair, Eights and Sevens)
scorpio04 collected $41.50 from pot
*** SUMMARY ***
Total pot $42 | Rake $0.50
Board [6c As 7d 8s 8d]
Seat 3: scorpio04 (button) (small blind) showed [7h 5c] and won ($41.50) with two pair, Eights and Sevens
Seat 4: sawel888 (big blind) showed [9d Jd] and lost with a pair of Eights


PokerStars Hand #173854665427:  Hold'em Limit ($3/$6 USD) - 2017/08/02 22:26:54 ET
Table 'Adorea II' 6-max Seat #6 is the button
Seat 4: sawel888 ($403.32 in chips)
Seat 6: ToDaFelt ($139.28 in chips)
ToDaFelt: posts small blind $1
sawel888: posts big blind $3
*** HOLE CARDS ***
ToDaFelt: folds
Uncalled bet ($2) returned to sawel888
sawel888 collected $2 from pot
sawel888: doesn't show hand
*** SUMMARY ***
Total pot $2 | Rake $0
Seat 4: sawel888 (big blind) collected ($2)
Seat 6: ToDaFelt (button) (small blind) folded before Flop


PokerStars Hand #173854662832:  Hold'em Limit ($3/$6 USD) - 2017/08/02 22:26:47 ET
Table 'Adorea II' 6-max Seat #4 is the button
Seat 4: sawel888 ($404.32 in chips)
Seat 6: ToDaFelt ($138.28 in chips)
sawel888: posts small blind $1
ToDaFelt: posts big blind $3
*** HOLE CARDS ***
sawel888: folds
Uncalled bet ($2) returned to ToDaFelt
ToDaFelt collected $2 from pot
ToDaFelt: doesn't show hand
*** SUMMARY ***
Total pot $2 | Rake $0
Seat 4: sawel888 (button) (small blind) folded before Flop
Seat 6: ToDaFelt (big blind) collected ($2)


PokerStars Hand #173854667275:  Hold'em Limit ($3/$6 USD) - 2017/08/02 22:27:00 ET
Table 'Adorea II' 6-max Seat #4 is the button
Seat 4: sawel888 ($404.32 in chips)
Seat 6: ToDaFelt ($138.28 in chips)
sawel888: posts small blind $1
ToDaFelt: posts big blind $3
*** HOLE CARDS ***
sawel888: raises $3 to $6
Chessnok leaves the table
ToDaFelt: calls $3
*** FLOP *** [Qh 2d 5d]
ToDaFelt: checks
sawel888: checks
*** TURN *** [Qh 2d 5d] [8h]
habari786 joins the table at seat #1
ToDaFelt: checks
sawel888: checks
*** RIVER *** [Qh 2d 5d 8h] [Kd]
ToDaFelt: checks
sawel888: bets $6
ToDaFelt: folds
Uncalled bet ($6) returned to sawel888
sawel888 collected $11.76 from pot
sawel888: doesn't show hand
*** SUMMARY ***
Total pot $12 | Rake $0.24
Board [Qh 2d 5d 8h Kd]
Seat 4: sawel888 (button) (small blind) collected ($11.76)
Seat 6: ToDaFelt (big blind) folded on the River


PokerStars Hand #173854768232:  Hold'em Limit ($3/$6 USD) - 2017/08/02 22:32:00 ET
Table 'Adorea II' 6-max Seat #6 is the button
Seat 4: sawel888 ($402.86 in chips)
Seat 6: ToDaFelt ($192.79 in chips)
DeathBlow500 will be allowed to play after the button
ToDaFelt: posts small blind $1
sawel888: posts big blind $3
*** HOLE CARDS ***
habari786 leaves the table
ToDaFelt: folds
Uncalled bet ($2) returned to sawel888
sawel888 collected $2 from pot
sawel888: doesn't show hand
*** SUMMARY ***
Total pot $2 | Rake $0
Seat 4: sawel888 (big blind) collected ($2)
Seat 6: ToDaFelt (button) (small blind) folded before Flop


PokerStars Hand #173854869467:  Hold'em Limit ($3/$6 USD) - 2017/08/02 22:37:09 ET
Table 'Adorea II' 6-max Seat #4 is the button
Seat 4: sawel888 ($358.43 in chips)
Seat 6: ToDaFelt ($248.31 in chips)
sawel888: posts small blind $1
ToDaFelt: posts big blind $3
*** HOLE CARDS ***
sawel888: raises $3 to $6
ToDaFelt: calls $3
*** FLOP *** [As 3s 4h]
ToDaFelt: checks
sawel888: bets $3
ToDaFelt: raises $3 to $6
sawel888: folds
Uncalled bet ($3) returned to ToDaFelt
ToDaFelt collected $17.64 from pot
ToDaFelt: doesn't show hand
*** SUMMARY ***
Total pot $18 | Rake $0.36
Board [As 3s 4h]
Seat 4: sawel888 (button) (small blind) folded on the Flop
Seat 6: ToDaFelt (big blind) collected ($17.64)


PokerStars Hand #173854877509:  Hold'em Limit ($3/$6 USD) - 2017/08/02 22:37:34 ET
Table 'Adorea II' 6-max Seat #6 is the button
Seat 4: sawel888 ($349.43 in chips)
Seat 6: ToDaFelt ($256.95 in chips)
ToDaFelt: posts small blind $1
sawel888: posts big blind $3
*** HOLE CARDS ***
ToDaFelt: raises $3 to $6
sawel888: raises $3 to $9
ToDaFelt: calls $3
*** FLOP *** [Js Ks 6h]
sawel888: checks
ToDaFelt: bets $3
sawel888: calls $3
*** TURN *** [Js Ks 6h] [3s]
sawel888: checks
ToDaFelt: bets $6
sawel888: raises $6 to $12
ToDaFelt: calls $6
*** RIVER *** [Js Ks 6h 3s] [Qc]
sawel888: bets $6
ToDaFelt: calls $6
*** SHOW DOWN ***
sawel888: shows [Jh Jc] (three of a kind, Jacks)
ToDaFelt: mucks hand
sawel888 collected $59.50 from pot
*** SUMMARY ***
Total pot $60 | Rake $0.50
Board [Js Ks 6h 3s Qc]
Seat 4: sawel888 (big blind) showed [Jh Jc] and won ($59.50) with three of a kind, Jacks
Seat 6: ToDaFelt (button) (small blind) mucked


PokerStars Hand #173854888414:  Hold'em Limit ($3/$6 USD) - 2017/08/02 22:38:04 ET
Table 'Adorea II' 6-max Seat #4 is the button
Seat 4: sawel888 ($378.93 in chips)
Seat 6: ToDaFelt ($226.95 in chips)
sawel888: posts small blind $1
ToDaFelt: posts big blind $3
*** HOLE CARDS ***
sawel888: raises $3 to $6
ToDaFelt: raises $3 to $9
sawel888: calls $3
*** FLOP *** [Jh Ks 3d]
ToDaFelt: bets $3
sawel888: calls $3
*** TURN *** [Jh Ks 3d] [Tc]
ToDaFelt: checks
sawel888: bets $6
ToDaFelt: calls $6
*** RIVER *** [Jh Ks 3d Tc] [Ad]
ToDaFelt: checks
sawel888: checks
*** SHOW DOWN ***
ToDaFelt: shows [9d 9s] (a pair of Nines)
sawel888: shows [Js 6d] (a pair of Jacks)
sawel888 collected $35.50 from pot
*** SUMMARY ***
Total pot $36 | Rake $0.50
Board [Jh Ks 3d Tc Ad]
Seat 4: sawel888 (button) (small blind) showed [Js 6d] and won ($35.50) with a pair of Jacks
Seat 6: ToDaFelt (big blind) showed [9d 9s] and lost with a pair of Nines


PokerStars Hand #173854897888:  Hold'em Limit ($3/$6 USD) - 2017/08/02 22:38:33 ET
Table 'Adorea II' 6-max Seat #6 is the button
Seat 4: sawel888 ($396.43 in chips)
Seat 6: ToDaFelt ($208.95 in chips)
ToDaFelt: posts small blind $1
sawel888: posts big blind $3
*** HOLE CARDS ***
ToDaFelt: raises $3 to $6
sawel888: raises $3 to $9
ToDaFelt: calls $3
*** FLOP *** [8c Kd Qs]
sawel888: bets $3
ToDaFelt: calls $3
*** TURN *** [8c Kd Qs] [9s]
sawel888: bets $6
ToDaFelt: raises $6 to $12
sawel888: calls $6
*** RIVER *** [8c Kd Qs 9s] [7c]
sawel888: checks
ToDaFelt: bets $6
sawel888: calls $6
*** SHOW DOWN ***
ToDaFelt: shows [8h Qd] (two pair, Queens and Eights)
sawel888: mucks hand
ToDaFelt collected $59.50 from pot
*** SUMMARY ***
Total pot $60 | Rake $0.50
Board [8c Kd Qs 9s 7c]
Seat 4: sawel888 (big blind) mucked
Seat 6: ToDaFelt (button) (small blind) showed [8h Qd] and won ($59.50) with two pair, Queens and Eights


PokerStars Hand #173854904643:  Hold'em Limit ($3/$6 USD) - 2017/08/02 22:38:54 ET
Table 'Adorea II' 6-max Seat #4 is the button
Seat 4: sawel888 ($366.43 in chips)
Seat 6: ToDaFelt ($238.45 in chips)
sawel888: posts small blind $1
ToDaFelt: posts big blind $3
*** HOLE CARDS ***
sawel888: raises $3 to $6
ToDaFelt: folds
Uncalled bet ($3) returned to sawel888
sawel888 collected $6 from pot
sawel888: doesn't show hand
*** SUMMARY ***
Total pot $6 | Rake $0
Seat 4: sawel888 (button) (small blind) collected ($6)
Seat 6: ToDaFelt (big blind) folded before Flop


PokerStars Hand #173854920245:  Hold'em Limit ($3/$6 USD) - 2017/08/02 22:39:42 ET
Table 'Adorea II' 6-max Seat #4 is the button
Seat 4: sawel888 ($383.93 in chips)
Seat 6: ToDaFelt ($220.45 in chips)
sawel888: posts small blind $1
ToDaFelt: posts big blind $3
*** HOLE CARDS ***
sawel888: raises $3 to $6
ToDaFelt: folds
Uncalled bet ($3) returned to sawel888
sawel888 collected $6 from pot
sawel888: doesn't show hand
*** SUMMARY ***
Total pot $6 | Rake $0
Seat 4: sawel888 (button) (small blind) collected ($6)
Seat 6: ToDaFelt (big blind) folded before Flop


PokerStars Hand #173854907513:  Hold'em Limit ($3/$6 USD) - 2017/08/02 22:39:03 ET
Table 'Adorea II' 6-max Seat #6 is the button
Seat 4: sawel888 ($369.43 in chips)
Seat 6: ToDaFelt ($235.45 in chips)
ToDaFelt: posts small blind $1
sawel888: posts big blind $3
*** HOLE CARDS ***
ToDaFelt: raises $3 to $6
sawel888: raises $3 to $9
ToDaFelt: calls $3
*** FLOP *** [5c 9c 8s]
sawel888: checks
ToDaFelt: checks
*** TURN *** [5c 9c 8s] [2c]
sawel888: bets $6
ToDaFelt: calls $6
*** RIVER *** [5c 9c 8s 2c] [3d]
sawel888: bets $6
ToDaFelt: folds
Uncalled bet ($6) returned to sawel888
sawel888 collected $29.50 from pot
sawel888: doesn't show hand
*** SUMMARY ***
Total pot $30 | Rake $0.50
Board [5c 9c 8s 2c 3d]
Seat 4: sawel888 (big blind) collected ($29.50)
Seat 6: ToDaFelt (button) (small blind) folded on the River


PokerStars Hand #173854935794:  Hold'em Limit ($3/$6 USD) - 2017/08/02 22:40:31 ET
Table 'Adorea II' 6-max Seat #4 is the button
Seat 4: sawel888 ($359.93 in chips)
Seat 6: ToDaFelt ($243.95 in chips)
sawel888: posts small blind $1
ToDaFelt: posts big blind $3
*** HOLE CARDS ***
sawel888: raises $3 to $6
ToDaFelt: calls $3
*** FLOP *** [Jc Th 4c]
ToDaFelt: checks
sawel888: bets $3
ToDaFelt: raises $3 to $6
sawel888: calls $3
*** TURN *** [Jc Th 4c] [6s]
ToDaFelt: bets $6
sawel888: folds
Uncalled bet ($6) returned to ToDaFelt
ToDaFelt collected $23.52 from pot
ToDaFelt: doesn't show hand
*** SUMMARY ***
Total pot $24 | Rake $0.48
Board [Jc Th 4c 6s]
Seat 4: sawel888 (button) (small blind) folded on the Turn
Seat 6: ToDaFelt (big blind) collected ($23.52)


PokerStars Hand #173854922662:  Hold'em Limit ($3/$6 USD) - 2017/08/02 22:39:50 ET
Table 'Adorea II' 6-max Seat #6 is the button
Seat 4: sawel888 ($386.93 in chips)
Seat 6: ToDaFelt ($217.45 in chips)
ToDaFelt: posts small blind $1
sawel888: posts big blind $3
*** HOLE CARDS ***
ToDaFelt: raises $3 to $6
sawel888: raises $3 to $9
ToDaFelt: calls $3
*** FLOP *** [9s 4h 4s]
sawel888: bets $3
ToDaFelt: raises $3 to $6
sawel888: calls $3
*** TURN *** [9s 4h 4s] [5s]
sawel888: checks
ToDaFelt: bets $6
sawel888: calls $6
*** RIVER *** [9s 4h 4s 5s] [Kc]
sawel888: bets $6
ToDaFelt: calls $6
*** SHOW DOWN ***
sawel888: shows [Jh Qs] (a pair of Fours)
ToDaFelt: shows [Th 9d] (two pair, Nines and Fours)
ToDaFelt collected $53.50 from pot
*** SUMMARY ***
Total pot $54 | Rake $0.50
Board [9s 4h 4s 5s Kc]
Seat 4: sawel888 (big blind) showed [Jh Qs] and lost with a pair of Fours
Seat 6: ToDaFelt (button) (small blind) showed [Th 9d] and won ($53.50) with two pair, Nines and Fours


PokerStars Hand #173854945026:  Hold'em Limit ($3/$6 USD) - 2017/08/02 22:41:00 ET
Table 'Adorea II' 6-max Seat #6 is the button
Seat 4: sawel888 ($347.93 in chips)
Seat 6: ToDaFelt ($255.47 in chips)
ToDaFelt: posts small blind $1
sawel888: posts big blind $3
*** HOLE CARDS ***
ToDaFelt: raises $3 to $6
sawel888: raises $3 to $9
ToDaFelt: calls $3
*** FLOP *** [Ah Kh 6c]
sawel888: checks
ToDaFelt: bets $3
sawel888: calls $3
*** TURN *** [Ah Kh 6c] [Kc]
sawel888: checks
ToDaFelt: checks
*** RIVER *** [Ah Kh 6c Kc] [Qs]
sawel888: bets $6
ToDaFelt: calls $6
*** SHOW DOWN ***
sawel888: shows [Qh Ts] (two pair, Kings and Queens)
ToDaFelt: shows [Ad Tc] (two pair, Aces and Kings)
ToDaFelt collected $35.50 from pot
*** SUMMARY ***
Total pot $36 | Rake $0.50
Board [Ah Kh 6c Kc Qs]
Seat 4: sawel888 (big blind) showed [Qh Ts] and lost with two pair, Kings and Queens
Seat 6: ToDaFelt (button) (small blind) showed [Ad Tc] and won ($35.50) with two pair, Aces and Kings


PokerStars Hand #173854958673:  Hold'em Limit ($3/$6 USD) - 2017/08/02 22:41:34 ET
Table 'Adorea II' 6-max Seat #4 is the button
Seat 4: sawel888 ($329.93 in chips)
Seat 6: ToDaFelt ($272.97 in chips)
sawel888: posts small blind $1
ToDaFelt: posts big blind $3
*** HOLE CARDS ***
sawel888: raises $3 to $6
ToDaFelt: raises $3 to $9
sawel888: calls $3
*** FLOP *** [6h Jc 6c]
ToDaFelt: bets $3
sawel888: calls $3
*** TURN *** [6h Jc 6c] [Ac]
ToDaFelt: bets $6
sawel888: raises $6 to $12
ToDaFelt: calls $6
*** RIVER *** [6h Jc 6c Ac] [Kc]
ToDaFelt: checks
sawel888: bets $6
ToDaFelt: calls $6
*** SHOW DOWN ***
sawel888: shows [Qs 4c] (a flush, Ace high)
ToDaFelt: mucks hand
sawel888 collected $59.50 from pot
*** SUMMARY ***
Total pot $60 | Rake $0.50
Board [6h Jc 6c Ac Kc]
Seat 4: sawel888 (button) (small blind) showed [Qs 4c] and won ($59.50) with a flush, Ace high
Seat 6: ToDaFelt (big blind) mucked


PokerStars Hand #173854985272:  Hold'em Limit ($3/$6 USD) - 2017/08/02 22:42:56 ET
Table 'Adorea II' 6-max Seat #6 is the button
Seat 4: sawel888 ($373.93 in chips)
Seat 6: ToDaFelt ($227.47 in chips)
ToDaFelt: posts small blind $1
sawel888: posts big blind $3
*** HOLE CARDS ***
ToDaFelt: raises $3 to $6
sawel888: folds
Uncalled bet ($3) returned to ToDaFelt
ToDaFelt collected $6 from pot
ToDaFelt: doesn't show hand
*** SUMMARY ***
Total pot $6 | Rake $0
Seat 4: sawel888 (big blind) folded before Flop
Seat 6: ToDaFelt (button) (small blind) collected ($6)


PokerStars Hand #173854977975:  Hold'em Limit ($3/$6 USD) - 2017/08/02 22:42:34 ET
Table 'Adorea II' 6-max Seat #4 is the button
Seat 4: sawel888 ($388.93 in chips)
Seat 6: ToDaFelt ($212.97 in chips)
sawel888: posts small blind $1
ToDaFelt: posts big blind $3
*** HOLE CARDS ***
sawel888: raises $3 to $6
ToDaFelt: calls $3
*** FLOP *** [7h 4h 3h]
ToDaFelt: checks
sawel888: bets $3
ToDaFelt: calls $3
*** TURN *** [7h 4h 3h] [8h]
ToDaFelt: checks
sawel888: checks
*** RIVER *** [7h 4h 3h 8h] [Ac]
ToDaFelt: checks
sawel888: bets $6
ToDaFelt: calls $6
*** SHOW DOWN ***
sawel888: shows [7c Js] (a pair of Sevens)
ToDaFelt: shows [As 3d] (two pair, Aces and Threes)
ToDaFelt collected $29.50 from pot
*** SUMMARY ***
Total pot $30 | Rake $0.50
Board [7h 4h 3h 8h Ac]
Seat 4: sawel888 (button) (small blind) showed [7c Js] and lost with a pair of Sevens
Seat 6: ToDaFelt (big blind) showed [As 3d] and won ($29.50) with two pair, Aces and Threes


PokerStars Hand #173854968297:  Hold'em Limit ($3/$6 USD) - 2017/08/02 22:42:04 ET
Table 'Adorea II' 6-max Seat #6 is the button
Seat 4: sawel888 ($359.43 in chips)
Seat 6: ToDaFelt ($242.97 in chips)
ToDaFelt: posts small blind $1
sawel888: posts big blind $3
*** HOLE CARDS ***
ToDaFelt: raises $3 to $6
sawel888: raises $3 to $9
ToDaFelt: calls $3
*** FLOP *** [Jh 6c Qd]
sawel888: checks
ToDaFelt: bets $3
sawel888: calls $3
*** TURN *** [Jh 6c Qd] [Kd]
sawel888: checks
ToDaFelt: bets $6
sawel888: raises $6 to $12
ToDaFelt: calls $6
*** RIVER *** [Jh 6c Qd Kd] [Kh]
sawel888: bets $6
ToDaFelt: calls $6
*** SHOW DOWN ***
sawel888: shows [Ks 6d] (a full house, Kings full of Sixes)
ToDaFelt: mucks hand
sawel888 collected $59.50 from pot
*** SUMMARY ***
Total pot $60 | Rake $0.50
Board [Jh 6c Qd Kd Kh]
Seat 4: sawel888 (big blind) showed [Ks 6d] and won ($59.50) with a full house, Kings full of Sixes
Seat 6: ToDaFelt (button) (small blind) mucked


PokerStars Hand #173854996256:  Hold'em Limit ($3/$6 USD) - 2017/08/02 22:43:30 ET
Table 'Adorea II' 6-max Seat #4 is the button
Seat 4: sawel888 ($378.57 in chips)
Seat 6: ToDaFelt ($222.47 in chips)
sawel888: posts small blind $1
ToDaFelt: posts big blind $3
*** HOLE CARDS ***
sawel888: raises $3 to $6
ToDaFelt: raises $3 to $9
sawel888: calls $3
*** FLOP *** [4d 5c Ac]
ToDaFelt: bets $3
sawel888: calls $3
*** TURN *** [4d 5c Ac] [7c]
ToDaFelt: bets $6
sawel888: raises $6 to $12
ToDaFelt: calls $6
*** RIVER *** [4d 5c Ac 7c] [Kc]
ToDaFelt: checks
sawel888: bets $6
ToDaFelt: calls $6
*** SHOW DOWN ***
sawel888: shows [2s 3c] (a flush, Ace high)
ToDaFelt: shows [4c 4s] (a flush, Ace high - Four higher)
ToDaFelt collected $59.50 from pot
*** SUMMARY ***
Total pot $60 | Rake $0.50
Board [4d 5c Ac 7c Kc]
Seat 4: sawel888 (button) (small blind) showed [2s 3c] and lost with a flush, Ace high
Seat 6: ToDaFelt (big blind) showed [4c 4s] and won ($59.50) with a flush, Ace high


PokerStars Hand #173854991421:  Hold'em Limit ($3/$6 USD) - 2017/08/02 22:43:15 ET
Table 'Adorea II' 6-max Seat #6 is the button
Seat 4: sawel888 ($369.93 in chips)
Seat 6: ToDaFelt ($231.47 in chips)
ToDaFelt: posts small blind $1
sawel888: posts big blind $3
*** HOLE CARDS ***
ToDaFelt: raises $3 to $6
sawel888: raises $3 to $9
ToDaFelt: calls $3
*** FLOP *** [9c 7h 5h]
sawel888: bets $3
ToDaFelt: folds
Uncalled bet ($3) returned to sawel888
sawel888 collected $17.64 from pot
sawel888: doesn't show hand
*** SUMMARY ***
Total pot $18 | Rake $0.36
Board [9c 7h 5h]
Seat 4: sawel888 (big blind) collected ($17.64)
Seat 6: ToDaFelt (button) (small blind) folded on the Flop


PokerStars Hand #173855025382:  Hold'em Limit ($3/$6 USD) - 2017/08/02 22:45:01 ET
Table 'Adorea II' 6-max Seat #6 is the button
Seat 4: sawel888 ($404.57 in chips)
Seat 6: ToDaFelt ($194.97 in chips)
ToDaFelt: posts small blind $1
sawel888: posts big blind $3
*** HOLE CARDS ***
ToDaFelt: raises $3 to $6
sawel888: folds
Uncalled bet ($3) returned to ToDaFelt
ToDaFelt collected $6 from pot
ToDaFelt: doesn't show hand
*** SUMMARY ***
Total pot $6 | Rake $0
Seat 4: sawel888 (big blind) folded before Flop
Seat 6: ToDaFelt (button) (small blind) collected ($6)


PokerStars Hand #173855016670:  Hold'em Limit ($3/$6 USD) - 2017/08/02 22:44:34 ET
Table 'Adorea II' 6-max Seat #4 is the button
Seat 4: sawel888 ($375.07 in chips)
Seat 6: ToDaFelt ($224.97 in chips)
sawel888: posts small blind $1
ToDaFelt: posts big blind $3
*** HOLE CARDS ***
sawel888: raises $3 to $6
ToDaFelt: raises $3 to $9
sawel888: raises $3 to $12
Betting is capped
ToDaFelt: calls $3
*** FLOP *** [8c 8d 9c]
ToDaFelt: checks
sawel888: bets $3
ToDaFelt: raises $3 to $6
sawel888: calls $3
*** TURN *** [8c 8d 9c] [Qh]
ToDaFelt: bets $6
sawel888: raises $6 to $12
ToDaFelt: calls $6
*** RIVER *** [8c 8d 9c Qh] [Ah]
ToDaFelt: checks
sawel888: checks
*** SHOW DOWN ***
ToDaFelt: shows [9h Jh] (two pair, Nines and Eights)
sawel888: shows [Qd Ts] (two pair, Queens and Eights)
sawel888 collected $59.50 from pot
*** SUMMARY ***
Total pot $60 | Rake $0.50
Board [8c 8d 9c Qh Ah]
Seat 4: sawel888 (button) (small blind) showed [Qd Ts] and won ($59.50) with two pair, Queens and Eights
Seat 6: ToDaFelt (big blind) showed [9h Jh] and lost with two pair, Nines and Eights


PokerStars Hand #173855007094:  Hold'em Limit ($3/$6 USD) - 2017/08/02 22:44:04 ET
Table 'Adorea II' 6-max Seat #6 is the button
Seat 4: sawel888 ($348.57 in chips)
Seat 6: ToDaFelt ($251.97 in chips)
ToDaFelt: posts small blind $1
sawel888: posts big blind $3
*** HOLE CARDS ***
ToDaFelt: raises $3 to $6
sawel888: calls $3
*** FLOP *** [Tc Jd 5d]
sawel888: bets $3
ToDaFelt: calls $3
*** TURN *** [Tc Jd 5d] [8c]
sawel888: bets $6
ToDaFelt: raises $6 to $12
sawel888: calls $6
*** RIVER *** [Tc Jd 5d 8c] [9s]
sawel888: bets $6
ToDaFelt: calls $6
*** SHOW DOWN ***
sawel888: shows [Qs 7c] (a straight, Eight to Queen)
ToDaFelt: mucks hand
sawel888 collected $53.50 from pot
*** SUMMARY ***
Total pot $54 | Rake $0.50
Board [Tc Jd 5d 8c 9s]
Seat 4: sawel888 (big blind) showed [Qs 7c] and won ($53.50) with a straight, Eight to Queen
Seat 6: ToDaFelt (button) (small blind) mucked


PokerStars Hand #173855042003:  Hold'em Limit ($3/$6 USD) - 2017/08/02 22:45:53 ET
Table 'Adorea II' 6-max Seat #4 is the button
Seat 4: sawel888 ($344.57 in chips)
Seat 6: ToDaFelt ($254.47 in chips)
sawel888: posts small blind $1
ToDaFelt: posts big blind $3
*** HOLE CARDS ***
sawel888: raises $3 to $6
ToDaFelt: raises $3 to $9
sawel888: calls $3
*** FLOP *** [8d Ac Jc]
ToDaFelt: bets $3
sawel888: raises $3 to $6
ToDaFelt: raises $3 to $9
sawel888: folds
Uncalled bet ($3) returned to ToDaFelt
ToDaFelt collected $29.50 from pot
ToDaFelt: doesn't show hand
*** SUMMARY ***
Total pot $30 | Rake $0.50
Board [8d Ac Jc]
Seat 4: sawel888 (button) (small blind) folded on the Flop
Seat 6: ToDaFelt (big blind) collected ($29.50)


PokerStars Hand #173855038435:  Hold'em Limit ($3/$6 USD) - 2017/08/02 22:45:42 ET
Table 'Adorea II' 6-max Seat #6 is the button
Seat 4: sawel888 ($347.57 in chips)
Seat 6: ToDaFelt ($251.47 in chips)
ToDaFelt: posts small blind $1
sawel888: posts big blind $3
*** HOLE CARDS ***
ToDaFelt: raises $3 to $6
sawel888: folds
Uncalled bet ($3) returned to ToDaFelt
ToDaFelt collected $6 from pot
ToDaFelt: doesn't show hand
*** SUMMARY ***
Total pot $6 | Rake $0
Seat 4: sawel888 (big blind) folded before Flop
Seat 6: ToDaFelt (button) (small blind) collected ($6)


PokerStars Hand #173855027348:  Hold'em Limit ($3/$6 USD) - 2017/08/02 22:45:07 ET
Table 'Adorea II' 6-max Seat #4 is the button
Seat 4: sawel888 ($401.57 in chips)
Seat 6: ToDaFelt ($197.97 in chips)
sawel888: posts small blind $1
ToDaFelt: posts big blind $3
*** HOLE CARDS ***
sawel888: raises $3 to $6
ToDaFelt: raises $3 to $9
sawel888: calls $3
*** FLOP *** [Ac Kc 9s]
ToDaFelt: bets $3
sawel888: calls $3
*** TURN *** [Ac Kc 9s] [Qs]
ToDaFelt: bets $6
sawel888: raises $6 to $12
ToDaFelt: raises $6 to $18
sawel888: raises $6 to $24
Betting is capped
ToDaFelt: calls $6
*** RIVER *** [Ac Kc 9s Qs] [3h]
ToDaFelt: checks
sawel888: bets $6
ToDaFelt: raises $6 to $12
sawel888: raises $6 to $18
ToDaFelt: calls $6
*** SHOW DOWN ***
sawel888: shows [Qh Qd] (three of a kind, Queens)
ToDaFelt: shows [Kh Kd] (three of a kind, Kings)
ToDaFelt collected $107.50 from pot
*** SUMMARY ***
Total pot $108 | Rake $0.50
Board [Ac Kc 9s Qs 3h]
Seat 4: sawel888 (button) (small blind) showed [Qh Qd] and lost with three of a kind, Queens
Seat 6: ToDaFelt (big blind) showed [Kh Kd] and won ($107.50) with three of a kind, Kings


PokerStars Hand #173855058063:  Hold'em Limit ($3/$6 USD) - 2017/08/02 22:46:44 ET
Table 'Adorea II' 6-max Seat #4 is the button
Seat 4: sawel888 ($308.57 in chips)
Seat 6: ToDaFelt ($289.47 in chips)
sawel888: posts small blind $1
ToDaFelt: posts big blind $3
*** HOLE CARDS ***
sawel888: raises $3 to $6
ToDaFelt: raises $3 to $9
sawel888: raises $3 to $12
Betting is capped
ToDaFelt: calls $3
*** FLOP *** [3d 4c 9d]
ToDaFelt: checks
sawel888: checks
*** TURN *** [3d 4c 9d] [Td]
ToDaFelt: checks
sawel888: bets $6
ToDaFelt: calls $6
*** RIVER *** [3d 4c 9d Td] [8h]
ToDaFelt: checks
sawel888: bets $6
ToDaFelt: folds
Uncalled bet ($6) returned to sawel888
sawel888 collected $35.50 from pot
sawel888: doesn't show hand
*** SUMMARY ***
Total pot $36 | Rake $0.50
Board [3d 4c 9d Td 8h]
Seat 4: sawel888 (button) (small blind) collected ($35.50)
Seat 6: ToDaFelt (big blind) folded on the River


PokerStars Hand #173855048059:  Hold'em Limit ($3/$6 USD) - 2017/08/02 22:46:12 ET
Table 'Adorea II' 6-max Seat #6 is the button
Seat 4: sawel888 ($329.57 in chips)
Seat 6: ToDaFelt ($268.97 in chips)
ToDaFelt: posts small blind $1
sawel888: posts big blind $3
*** HOLE CARDS ***
ToDaFelt: raises $3 to $6
sawel888: raises $3 to $9
ToDaFelt: calls $3
*** FLOP *** [Qc 8h Js]
sawel888: checks
ToDaFelt: checks
*** TURN *** [Qc 8h Js] [Ah]
sawel888: bets $6
ToDaFelt: calls $6
*** RIVER *** [Qc 8h Js Ah] [5s]
sawel888: bets $6
ToDaFelt: calls $6
*** SHOW DOWN ***
sawel888: shows [Tc Ts] (a pair of Tens)
ToDaFelt: shows [7c Ad] (a pair of Aces)
ToDaFelt collected $41.50 from pot
*** SUMMARY ***
Total pot $42 | Rake $0.50
Board [Qc 8h Js Ah 5s]
Seat 4: sawel888 (big blind) showed [Tc Ts] and lost with a pair of Tens
Seat 6: ToDaFelt (button) (small blind) showed [7c Ad] and won ($41.50) with a pair of Aces


PokerStars Hand #173855069410:  Hold'em Limit ($3/$6 USD) - 2017/08/02 22:47:19 ET
Table 'Adorea II' 6-max Seat #6 is the button
Seat 4: sawel888 ($326.07 in chips)
Seat 6: ToDaFelt ($271.47 in chips)
ToDaFelt: posts small blind $1
sawel888: posts big blind $3
*** HOLE CARDS ***
ToDaFelt: raises $3 to $6
sawel888: raises $3 to $9
ToDaFelt: calls $3
*** FLOP *** [Kh 2d 4d]
sawel888: bets $3
ToDaFelt: calls $3
*** TURN *** [Kh 2d 4d] [Th]
sawel888: bets $6
ToDaFelt: raises $6 to $12
sawel888: calls $6
*** RIVER *** [Kh 2d 4d Th] [8d]
sawel888: checks
ToDaFelt: bets $6
sawel888: calls $6
*** SHOW DOWN ***
ToDaFelt: shows [Kd 8c] (two pair, Kings and Eights)
sawel888: mucks hand
ToDaFelt collected $59.50 from pot
*** SUMMARY ***
Total pot $60 | Rake $0.50
Board [Kh 2d 4d Th 8d]
Seat 4: sawel888 (big blind) mucked
Seat 6: ToDaFelt (button) (small blind) showed [Kd 8c] and won ($59.50) with two pair, Kings and Eights


PokerStars Hand #173855078843:  Hold'em Limit ($3/$6 USD) - 2017/08/02 22:47:49 ET
Table 'Adorea II' 6-max Seat #4 is the button
Seat 4: sawel888 ($296.07 in chips)
Seat 6: ToDaFelt ($300.97 in chips)
sawel888: posts small blind $1
ToDaFelt: posts big blind $3
*** HOLE CARDS ***
sawel888: raises $3 to $6
ToDaFelt: calls $3
*** FLOP *** [Qs 9s 4s]
ToDaFelt: checks
sawel888: checks
*** TURN *** [Qs 9s 4s] [9c]
ToDaFelt: checks
sawel888: bets $6
ToDaFelt: folds
Uncalled bet ($6) returned to sawel888
sawel888 collected $11.76 from pot
sawel888: doesn't show hand
*** SUMMARY ***
Total pot $12 | Rake $0.24
Board [Qs 9s 4s 9c]
Seat 4: sawel888 (button) (small blind) collected ($11.76)
Seat 6: ToDaFelt (big blind) folded on the Turn


PokerStars Hand #173855095798:  Hold'em Limit ($3/$6 USD) - 2017/08/02 22:48:42 ET
Table 'Adorea II' 6-max Seat #4 is the button
Seat 4: sawel888 ($280.83 in chips)
Seat 6: ToDaFelt ($315.47 in chips)
sawel888: posts small blind $1
ToDaFelt: posts big blind $3
*** HOLE CARDS ***
sawel888: raises $3 to $6
ToDaFelt: calls $3
*** FLOP *** [Jc 2h Jd]
ToDaFelt: checks
sawel888: bets $3
ToDaFelt: calls $3
*** TURN *** [Jc 2h Jd] [3s]
ToDaFelt: checks
sawel888: bets $6
ToDaFelt: folds
Uncalled bet ($6) returned to sawel888
sawel888 collected $17.64 from pot
sawel888: doesn't show hand
*** SUMMARY ***
Total pot $18 | Rake $0.36
Board [Jc 2h Jd 3s]
Seat 4: sawel888 (button) (small blind) collected ($17.64)
Seat 6: ToDaFelt (big blind) folded on the Turn


PokerStars Hand #173855086206:  Hold'em Limit ($3/$6 USD) - 2017/08/02 22:48:12 ET
Table 'Adorea II' 6-max Seat #6 is the button
Seat 4: sawel888 ($301.83 in chips)
Seat 6: ToDaFelt ($294.97 in chips)
ToDaFelt: posts small blind $1
sawel888: posts big blind $3
*** HOLE CARDS ***
ToDaFelt: raises $3 to $6
sawel888: raises $3 to $9
ToDaFelt: calls $3
*** FLOP *** [4c 2c Tc]
sawel888: checks
ToDaFelt: checks
*** TURN *** [4c 2c Tc] [7h]
sawel888: bets $6
ToDaFelt: calls $6
*** RIVER *** [4c 2c Tc 7h] [8h]
sawel888: bets $6
ToDaFelt: calls $6
*** SHOW DOWN ***
sawel888: shows [9s Qs] (high card Queen)
ToDaFelt: shows [9h Ah] (high card Ace)
ToDaFelt collected $41.50 from pot
*** SUMMARY ***
Total pot $42 | Rake $0.50
Board [4c 2c Tc 7h 8h]
Seat 4: sawel888 (big blind) showed [9s Qs] and lost with high card Queen
Seat 6: ToDaFelt (button) (small blind) showed [9h Ah] and won ($41.50) with high card Ace


PokerStars Hand #173855126412:  Hold'em Limit ($3/$6 USD) - 2017/08/02 22:49:51 ET
Table 'Adorea II' 6-max Seat #6 is the button
Seat 4: sawel888 ($267.47 in chips)
Seat 6: ToDaFelt ($327.97 in chips)
ToDaFelt: posts small blind $1
sawel888: posts big blind $3
*** HOLE CARDS ***
gnatakurchpz joins the table at seat #3
ToDaFelt: folds
Uncalled bet ($2) returned to sawel888
sawel888 collected $2 from pot
sawel888: doesn't show hand
*** SUMMARY ***
Total pot $2 | Rake $0
Seat 4: sawel888 (big blind) collected ($2)
Seat 6: ToDaFelt (button) (small blind) folded before Flop


PokerStars Hand #173855124825:  Hold'em Limit ($3/$6 USD) - 2017/08/02 22:49:46 ET
Table 'Adorea II' 6-max Seat #4 is the button
Seat 4: sawel888 ($268.47 in chips)
Seat 6: ToDaFelt ($326.97 in chips)
sawel888: posts small blind $1
ToDaFelt: posts big blind $3
*** HOLE CARDS ***
sawel888: folds
Uncalled bet ($2) returned to ToDaFelt
ToDaFelt collected $2 from pot
ToDaFelt: doesn't show hand
*** SUMMARY ***
Total pot $2 | Rake $0
Seat 4: sawel888 (button) (small blind) folded before Flop
Seat 6: ToDaFelt (big blind) collected ($2)


PokerStars Hand #173855113787:  Hold'em Limit ($3/$6 USD) - 2017/08/02 22:49:11 ET
Table 'Adorea II' 6-max Seat #6 is the button
Seat 4: sawel888 ($289.47 in chips)
Seat 6: ToDaFelt ($306.47 in chips)
ToDaFelt: posts small blind $1
sawel888: posts big blind $3
*** HOLE CARDS ***
ToDaFelt: raises $3 to $6
sawel888: calls $3
*** FLOP *** [Qc 4d 5s]
sawel888: checks
harrydonkey joins the table at seat #1
ToDaFelt: bets $3
sawel888: calls $3
*** TURN *** [Qc 4d 5s] [4c]
sawel888: bets $6
harrydonkey leaves the table
ToDaFelt: calls $6
*** RIVER *** [Qc 4d 5s 4c] [2s]
sawel888: bets $6
ToDaFelt: raises $6 to $12
sawel888: folds
Uncalled bet ($6) returned to ToDaFelt
ToDaFelt collected $41.50 from pot
ToDaFelt: doesn't show hand
*** SUMMARY ***
Total pot $42 | Rake $0.50
Board [Qc 4d 5s 4c 2s]
Seat 4: sawel888 (big blind) folded on the River
Seat 6: ToDaFelt (button) (small blind) collected ($41.50)


PokerStars Hand #173855203946:  Hold'em Limit ($3/$6 USD) - 2017/08/02 22:53:57 ET
Table 'Adorea II' 6-max Seat #4 is the button
Seat 4: sawel888 ($333.31 in chips)
Seat 6: ToDaFelt ($299.71 in chips)
sawel888: posts small blind $1
ToDaFelt: posts big blind $3
*** HOLE CARDS ***
sawel888: raises $3 to $6
ToDaFelt: calls $3
*** FLOP *** [2h Ah Tc]
ToDaFelt: checks
sawel888: checks
*** TURN *** [2h Ah Tc] [8d]
ToDaFelt: bets $6
sawel888: folds
Uncalled bet ($6) returned to ToDaFelt
ToDaFelt collected $11.76 from pot
ToDaFelt: doesn't show hand
*** SUMMARY ***
Total pot $12 | Rake $0.24
Board [2h Ah Tc 8d]
Seat 4: sawel888 (button) (small blind) folded on the Turn
Seat 6: ToDaFelt (big blind) collected ($11.76)


PokerStars Hand #173855200213:  Hold'em Limit ($3/$6 USD) - 2017/08/02 22:53:45 ET
Table 'Adorea II' 6-max Seat #6 is the button
Seat 4: sawel888 ($342.31 in chips)
Seat 6: ToDaFelt ($291.07 in chips)
ToDaFelt: posts small blind $1
sawel888: posts big blind $3
*** HOLE CARDS ***
ToDaFelt: raises $3 to $6
sawel888: raises $3 to $9
ToDaFelt: calls $3
*** FLOP *** [Qd 3s Ad]
sawel888: checks
ToDaFelt: bets $3
sawel888: folds
Uncalled bet ($3) returned to ToDaFelt
ToDaFelt collected $17.64 from pot
ToDaFelt: doesn't show hand
*** SUMMARY ***
Total pot $18 | Rake $0.36
Board [Qd 3s Ad]
Seat 4: sawel888 (big blind) folded on the Flop
Seat 6: ToDaFelt (button) (small blind) collected ($17.64)


PokerStars Hand #173855208954:  Hold'em Limit ($3/$6 USD) - 2017/08/02 22:54:13 ET
Table 'Adorea II' 6-max Seat #6 is the button
Seat 4: sawel888 ($327.31 in chips)
Seat 6: ToDaFelt ($305.47 in chips)
ToDaFelt: posts small blind $1
sawel888: posts big blind $3
*** HOLE CARDS ***
ToDaFelt: raises $3 to $6
sawel888: calls $3
*** FLOP *** [Jh 7h Ks]
sawel888: checks
ToDaFelt: bets $3
sawel888: calls $3
*** TURN *** [Jh 7h Ks] [Ac]
sawel888: checks
ToDaFelt: bets $6
sawel888: folds
Uncalled bet ($6) returned to ToDaFelt
ToDaFelt collected $17.64 from pot
ToDaFelt: doesn't show hand
*** SUMMARY ***
Total pot $18 | Rake $0.36
Board [Jh 7h Ks Ac]
Seat 4: sawel888 (big blind) folded on the Turn
Seat 6: ToDaFelt (button) (small blind) collected ($17.64)


PokerStars Hand #173855221580:  Hold'em Limit ($3/$6 USD) - 2017/08/02 22:54:53 ET
Table 'Adorea II' 6-max Seat #6 is the button
Seat 4: sawel888 ($338.81 in chips)
Seat 6: ToDaFelt ($293.11 in chips)
ToDaFelt: posts small blind $1
sawel888: posts big blind $3
*** HOLE CARDS ***
ToDaFelt: folds
Uncalled bet ($2) returned to sawel888
sawel888 collected $2 from pot
sawel888: doesn't show hand
*** SUMMARY ***
Total pot $2 | Rake $0
Seat 4: sawel888 (big blind) collected ($2)
Seat 6: ToDaFelt (button) (small blind) folded before Flop


PokerStars Hand #173855214507:  Hold'em Limit ($3/$6 USD) - 2017/08/02 22:54:31 ET
Table 'Adorea II' 6-max Seat #4 is the button
Seat 4: sawel888 ($318.31 in chips)
Seat 6: ToDaFelt ($314.11 in chips)
sawel888: posts small blind $1
ToDaFelt: posts big blind $3
*** HOLE CARDS ***
sawel888: raises $3 to $6
ToDaFelt: raises $3 to $9
sawel888: raises $3 to $12
Betting is capped
ToDaFelt: calls $3
*** FLOP *** [3h Ts Kh]
ToDaFelt: checks
sawel888: bets $3
ToDaFelt: calls $3
*** TURN *** [3h Ts Kh] [Th]
gnatakurchpz leaves the table
ToDaFelt: checks
sawel888: bets $6
ToDaFelt: calls $6
*** RIVER *** [3h Ts Kh Th] [Ks]
ToDaFelt: checks
sawel888: bets $6
ToDaFelt: folds [6h 6d]
Uncalled bet ($6) returned to sawel888
sawel888 collected $41.50 from pot
sawel888: doesn't show hand
*** SUMMARY ***
Total pot $42 | Rake $0.50
Board [3h Ts Kh Th Ks]
Seat 4: sawel888 (button) (small blind) collected ($41.50)
Seat 6: ToDaFelt (big blind) folded on the River


PokerStars Hand #173855224647:  Hold'em Limit ($3/$6 USD) - 2017/08/02 22:55:03 ET
Table 'Adorea II' 6-max Seat #6 is the button
Seat 4: sawel888 ($338.81 in chips)
Seat 6: ToDaFelt ($293.11 in chips)
ToDaFelt: posts small blind $1
sawel888: posts big blind $3
*** HOLE CARDS ***
ToDaFelt: raises $3 to $6
sawel888: raises $3 to $9
ToDaFelt: calls $3
*** FLOP *** [Jd 4d Ks]
sawel888: checks
ToDaFelt: checks
*** TURN *** [Jd 4d Ks] [5h]
sawel888: bets $6
ToDaFelt: calls $6
*** RIVER *** [Jd 4d Ks 5h] [Jh]
sawel888: bets $6
ToDaFelt: calls $6
*** SHOW DOWN ***
sawel888: shows [9h Jc] (three of a kind, Jacks)
ToDaFelt: mucks hand
sawel888 collected $41.50 from pot
*** SUMMARY ***
Total pot $42 | Rake $0.50
Board [Jd 4d Ks 5h Jh]
Seat 4: sawel888 (big blind) showed [9h Jc] and won ($41.50) with three of a kind, Jacks
Seat 6: ToDaFelt (button) (small blind) mucked


PokerStars Hand #173855223075:  Hold'em Limit ($3/$6 USD) - 2017/08/02 22:54:58 ET
Table 'Adorea II' 6-max Seat #4 is the button
Seat 4: sawel888 ($339.81 in chips)
Seat 6: ToDaFelt ($292.11 in chips)
sawel888: posts small blind $1
ToDaFelt: posts big blind $3
*** HOLE CARDS ***
sawel888: folds
Uncalled bet ($2) returned to ToDaFelt
ToDaFelt collected $2 from pot
ToDaFelt: doesn't show hand
*** SUMMARY ***
Total pot $2 | Rake $0
Seat 4: sawel888 (button) (small blind) folded before Flop
Seat 6: ToDaFelt (big blind) collected ($2)


PokerStars Hand #173858875874:  Hold'em Limit ($3/$6 USD) - 2017/08/03 2:56:27 ET
Table 'Adorea II' 6-max Seat #5 is the button
Seat 4: sismos404 ($120 in chips)
Seat 5: krytalex ($94.50 in chips)
krytalex: posts small blind $1
sismos404: posts big blind $3
*** HOLE CARDS ***
krytalex: raises $3 to $6
sismos404: calls $3
*** FLOP *** [6c Jd Jc]
sismos404: checks
krytalex: bets $3
sismos404: folds
Uncalled bet ($3) returned to krytalex
krytalex collected $11.76 from pot
*** SUMMARY ***
Total pot $12 | Rake $0.24
Board [6c Jd Jc]
Seat 4: sismos404 (big blind) folded on the Flop
Seat 5: krytalex (button) (small blind) collected ($11.76)


PokerStars Hand #173858880731:  Hold'em Limit ($3/$6 USD) - 2017/08/03 2:56:50 ET
Table 'Adorea II' 6-max Seat #4 is the button
Seat 4: sismos404 ($114 in chips)
Seat 5: krytalex ($100.26 in chips)
sismos404: posts small blind $1
krytalex: posts big blind $3
*** HOLE CARDS ***
sismos404: raises $3 to $6
krytalex: calls $3
*** FLOP *** [8h 5s 2c]
krytalex: checks
sismos404: bets $3
krytalex: raises $3 to $6
sismos404: calls $3
*** TURN *** [8h 5s 2c] [Ah]
krytalex: checks
sismos404: bets $6
krytalex: calls $6
*** RIVER *** [8h 5s 2c Ah] [Jh]
krytalex: checks
sismos404: bets $6
krytalex: calls $6
*** SHOW DOWN ***
sismos404: shows [4d 4c] (a pair of Fours)
krytalex: shows [5d Kc] (a pair of Fives)
krytalex collected $47.50 from pot
*** SUMMARY ***
Total pot $48 | Rake $0.50
Board [8h 5s 2c Ah Jh]
Seat 4: sismos404 (button) (small blind) showed [4d 4c] and lost with a pair of Fours
Seat 5: krytalex (big blind) showed [5d Kc] and won ($47.50) with a pair of Fives


PokerStars Hand #173858894292:  Hold'em Limit ($3/$6 USD) - 2017/08/03 2:57:53 ET
Table 'Adorea II' 6-max Seat #5 is the button
Seat 4: sismos404 ($90 in chips)
Seat 5: krytalex ($123.76 in chips)
krytalex: posts small blind $1
sismos404: posts big blind $3
*** HOLE CARDS ***
krytalex: raises $3 to $6
sismos404: raises $3 to $9
krytalex: calls $3
*** FLOP *** [Qh 4s 2h]
sismos404: bets $3
krytalex: calls $3
*** TURN *** [Qh 4s 2h] [6h]
sismos404: bets $6
krytalex: calls $6
*** RIVER *** [Qh 4s 2h 6h] [9h]
sismos404: checks
krytalex: checks
*** SHOW DOWN ***
sismos404: shows [3c Ac] (high card Ace)
krytalex: shows [Ts Ad] (high card Ace - Queen+Ten kicker)
krytalex collected $35.50 from pot
*** SUMMARY ***
Total pot $36 | Rake $0.50
Board [Qh 4s 2h 6h 9h]
Seat 4: sismos404 (big blind) showed [3c Ac] and lost with high card Ace
Seat 5: krytalex (button) (small blind) showed [Ts Ad] and won ($35.50) with high card Ace


PokerStars Hand #173858900205:  Hold'em Limit ($3/$6 USD) - 2017/08/03 2:58:20 ET
Table 'Adorea II' 6-max Seat #5 is the button
Seat 4: sismos404 ($118.35 in chips)
Seat 5: krytalex ($138.26 in chips)
krytalex: posts small blind $1
sismos404: posts big blind $3
*** HOLE CARDS ***
krytalex: raises $3 to $6
sismos404: calls $3
*** FLOP *** [8d 2h Jh]
sismos404: checks
krytalex: bets $3
sismos404: raises $3 to $6
krytalex: calls $3
*** TURN *** [8d 2h Jh] [6h]
sismos404: bets $6
krytalex: folds
Uncalled bet ($6) returned to sismos404
sismos404 collected $23.52 from pot
*** SUMMARY ***
Total pot $24 | Rake $0.48
Board [8d 2h Jh 6h]
Seat 4: sismos404 (big blind) collected ($23.52)
Seat 5: krytalex (button) (small blind) folded on the Turn


PokerStars Hand #173858898289:  Hold'em Limit ($3/$6 USD) - 2017/08/03 2:58:11 ET
Table 'Adorea II' 6-max Seat #4 is the button
Seat 4: sismos404 ($72 in chips)
Seat 5: krytalex ($141.26 in chips)
sismos404: posts small blind $1
krytalex: posts big blind $3
*** HOLE CARDS ***
sismos404: raises $3 to $6
krytalex: folds
Uncalled bet ($3) returned to sismos404
sismos404 collected $6 from pot
*** SUMMARY ***
Total pot $6 | Rake $0
Seat 4: sismos404 (button) (small blind) collected ($6)
Seat 5: krytalex (big blind) folded before Flop


PokerStars Hand #173858903584:  Hold'em Limit ($3/$6 USD) - 2017/08/03 2:58:36 ET
Table 'Adorea II' 6-max Seat #4 is the button
Seat 4: sismos404 ($129.87 in chips)
Seat 5: krytalex ($126.26 in chips)
sismos404: posts small blind $1
krytalex: posts big blind $3
*** HOLE CARDS ***
sismos404: raises $3 to $6
krytalex: folds
Uncalled bet ($3) returned to sismos404
sismos404 collected $6 from pot
*** SUMMARY ***
Total pot $6 | Rake $0
Seat 4: sismos404 (button) (small blind) collected ($6)
Seat 5: krytalex (big blind) folded before Flop


PokerStars Hand #173858908212:  Hold'em Limit ($3/$6 USD) - 2017/08/03 2:58:57 ET
Table 'Adorea II' 6-max Seat #4 is the button
Seat 4: sismos404 ($138.63 in chips)
Seat 5: krytalex ($117.26 in chips)
sismos404: posts small blind $1
krytalex: posts big blind $3
*** HOLE CARDS ***
sismos404: raises $3 to $6
krytalex: calls $3
*** FLOP *** [Kd 7c Js]
krytalex: checks
sismos404: bets $3
krytalex: calls $3
*** TURN *** [Kd 7c Js] [Jh]
krytalex: checks
sismos404: bets $6
krytalex: calls $6
*** RIVER *** [Kd 7c Js Jh] [8h]
krytalex: checks
sismos404: bets $6
krytalex: calls $6
*** SHOW DOWN ***
sismos404: shows [9s 5s] (a pair of Jacks)
krytalex: shows [As 5d] (a pair of Jacks - Ace kicker)
krytalex collected $41.50 from pot
*** SUMMARY ***
Total pot $42 | Rake $0.50
Board [Kd 7c Js Jh 8h]
Seat 4: sismos404 (button) (small blind) showed [9s 5s] and lost with a pair of Jacks
Seat 5: krytalex (big blind) showed [As 5d] and won ($41.50) with a pair of Jacks


PokerStars Hand #173858904747:  Hold'em Limit ($3/$6 USD) - 2017/08/03 2:58:41 ET
Table 'Adorea II' 6-max Seat #5 is the button
Seat 4: sismos404 ($132.87 in chips)
Seat 5: krytalex ($123.26 in chips)
krytalex: posts small blind $1
sismos404: posts big blind $3
*** HOLE CARDS ***
krytalex: raises $3 to $6
sismos404: calls $3
*** FLOP *** [6h Js Ts]
sismos404: checks
krytalex: checks
*** TURN *** [6h Js Ts] [Jd]
sismos404: bets $6
krytalex: folds
Uncalled bet ($6) returned to sismos404
sismos404 collected $11.76 from pot
*** SUMMARY ***
Total pot $12 | Rake $0.24
Board [6h Js Ts Jd]
Seat 4: sismos404 (big blind) collected ($11.76)
Seat 5: krytalex (button) (small blind) folded on the Turn


PokerStars Hand #173858918684:  Hold'em Limit ($3/$6 USD) - 2017/08/03 2:59:45 ET
Table 'Adorea II' 6-max Seat #5 is the button
Seat 4: sismos404 ($117.63 in chips)
Seat 5: krytalex ($137.76 in chips)
krytalex: posts small blind $1
sismos404: posts big blind $3
*** HOLE CARDS ***
krytalex: raises $3 to $6
sismos404: calls $3
*** FLOP *** [Td 6h 5s]
sismos404: checks
krytalex: checks
*** TURN *** [Td 6h 5s] [4s]
sismos404: bets $6
krytalex: folds
Uncalled bet ($6) returned to sismos404
sismos404 collected $11.76 from pot
*** SUMMARY ***
Total pot $12 | Rake $0.24
Board [Td 6h 5s 4s]
Seat 4: sismos404 (big blind) collected ($11.76)
Seat 5: krytalex (button) (small blind) folded on the Turn


PokerStars Hand #173858927350:  Hold'em Limit ($3/$6 USD) - 2017/08/03 3:00:24 ET
Table 'Adorea II' 6-max Seat #5 is the button
Seat 4: sismos404 ($132.03 in chips)
Seat 5: krytalex ($122.76 in chips)
krytalex: posts small blind $1
sismos404: posts big blind $3
*** HOLE CARDS ***
krytalex: raises $3 to $6
sismos404: calls $3
*** FLOP *** [4s Qd 3h]
sismos404: checks
krytalex: bets $3
sismos404: folds
Uncalled bet ($3) returned to krytalex
krytalex collected $11.76 from pot
*** SUMMARY ***
Total pot $12 | Rake $0.24
Board [4s Qd 3h]
Seat 4: sismos404 (big blind) folded on the Flop
Seat 5: krytalex (button) (small blind) collected ($11.76)


PokerStars Hand #173858930651:  Hold'em Limit ($3/$6 USD) - 2017/08/03 3:00:39 ET
Table 'Adorea II' 6-max Seat #4 is the button
Seat 4: sismos404 ($126.03 in chips)
Seat 5: krytalex ($128.52 in chips)
sismos404: posts small blind $1
krytalex: posts big blind $3
*** HOLE CARDS ***
sismos404: folds
Uncalled bet ($2) returned to krytalex
krytalex collected $2 from pot
*** SUMMARY ***
Total pot $2 | Rake $0
Seat 4: sismos404 (button) (small blind) folded before Flop
Seat 5: krytalex (big blind) collected ($2)


PokerStars Hand #173858922195:  Hold'em Limit ($3/$6 USD) - 2017/08/03 3:00:01 ET
Table 'Adorea II' 6-max Seat #4 is the button
Seat 4: sismos404 ($123.39 in chips)
Seat 5: krytalex ($131.76 in chips)
sismos404: posts small blind $1
krytalex: posts big blind $3
*** HOLE CARDS ***
sismos404: raises $3 to $6
krytalex: calls $3
*** FLOP *** [5d 5s 4c]
krytalex: checks
sismos404: bets $3
krytalex: calls $3
*** TURN *** [5d 5s 4c] [Qs]
krytalex: checks
sismos404: bets $6
krytalex: folds
Uncalled bet ($6) returned to sismos404
sismos404 collected $17.64 from pot
*** SUMMARY ***
Total pot $18 | Rake $0.36
Board [5d 5s 4c Qs]
Seat 4: sismos404 (button) (small blind) collected ($17.64)
Seat 5: krytalex (big blind) folded on the Turn


PokerStars Hand #173858931880:  Hold'em Limit ($3/$6 USD) - 2017/08/03 3:00:44 ET
Table 'Adorea II' 6-max Seat #5 is the button
Seat 4: sismos404 ($125.03 in chips)
Seat 5: krytalex ($129.52 in chips)
krytalex: posts small blind $1
sismos404: posts big blind $3
*** HOLE CARDS ***
krytalex: raises $3 to $6
sismos404: calls $3
*** FLOP *** [3h 6s Ad]
sismos404: checks
krytalex: bets $3
sismos404: raises $3 to $6
krytalex: calls $3
*** TURN *** [3h 6s Ad] [9s]
sismos404: checks
krytalex: bets $6
sismos404: calls $6
*** RIVER *** [3h 6s Ad 9s] [Qs]
sismos404: checks
krytalex: bets $6
sismos404: calls $6
*** SHOW DOWN ***
krytalex: shows [Ah 7s] (a pair of Aces)
sismos404: mucks hand
krytalex collected $47.50 from pot
*** SUMMARY ***
Total pot $48 | Rake $0.50
Board [3h 6s Ad 9s Qs]
Seat 4: sismos404 (big blind) mucked
Seat 5: krytalex (button) (small blind) showed [Ah 7s] and won ($47.50) with a pair of Aces


PokerStars Hand #173858956717:  Hold'em Limit ($3/$6 USD) - 2017/08/03 3:02:29 ET
Table 'Adorea II' 6-max Seat #4 is the button
Seat 4: sismos404 ($93.03 in chips)
Seat 5: krytalex ($160.66 in chips)
sismos404: posts small blind $1
krytalex: posts big blind $3
*** HOLE CARDS ***
sismos404: folds
Uncalled bet ($2) returned to krytalex
krytalex collected $2 from pot
*** SUMMARY ***
Total pot $2 | Rake $0
Seat 4: sismos404 (button) (small blind) folded before Flop
Seat 5: krytalex (big blind) collected ($2)


PokerStars Hand #173858955296:  Hold'em Limit ($3/$6 USD) - 2017/08/03 3:02:23 ET
Table 'Adorea II' 6-max Seat #5 is the button
Seat 4: sismos404 ($92.03 in chips)
Seat 5: krytalex ($161.66 in chips)
krytalex: posts small blind $1
sismos404: posts big blind $3
*** HOLE CARDS ***
krytalex: folds
Uncalled bet ($2) returned to sismos404
sismos404 collected $2 from pot
*** SUMMARY ***
Total pot $2 | Rake $0
Seat 4: sismos404 (big blind) collected ($2)
Seat 5: krytalex (button) (small blind) folded before Flop


PokerStars Hand #173858953902:  Hold'em Limit ($3/$6 USD) - 2017/08/03 3:02:18 ET
Table 'Adorea II' 6-max Seat #4 is the button
Seat 4: sismos404 ($93.03 in chips)
Seat 5: krytalex ($160.66 in chips)
sismos404: posts small blind $1
krytalex: posts big blind $3
*** HOLE CARDS ***
sismos404: folds
Uncalled bet ($2) returned to krytalex
krytalex collected $2 from pot
*** SUMMARY ***
Total pot $2 | Rake $0
Seat 4: sismos404 (button) (small blind) folded before Flop
Seat 5: krytalex (big blind) collected ($2)


PokerStars Hand #173858952275:  Hold'em Limit ($3/$6 USD) - 2017/08/03 3:02:11 ET
Table 'Adorea II' 6-max Seat #5 is the button
Seat 4: sismos404 ($92.03 in chips)
Seat 5: krytalex ($161.66 in chips)
krytalex: posts small blind $1
sismos404: posts big blind $3
*** HOLE CARDS ***
krytalex: folds
Uncalled bet ($2) returned to sismos404
sismos404 collected $2 from pot
*** SUMMARY ***
Total pot $2 | Rake $0
Seat 4: sismos404 (big blind) collected ($2)
Seat 5: krytalex (button) (small blind) folded before Flop


PokerStars Hand #173858942118:  Hold'em Limit ($3/$6 USD) - 2017/08/03 3:01:28 ET
Table 'Adorea II' 6-max Seat #4 is the button
Seat 4: sismos404 ($101.03 in chips)
Seat 5: krytalex ($153.02 in chips)
sismos404: posts small blind $1
krytalex: posts big blind $3
*** HOLE CARDS ***
sismos404: raises $3 to $6
krytalex: calls $3
*** FLOP *** [Kd Ks Qs]
krytalex: checks
sismos404: bets $3
krytalex: calls $3
*** TURN *** [Kd Ks Qs] [2d]
krytalex: checks
sismos404: checks
*** RIVER *** [Kd Ks Qs 2d] [6d]
krytalex: checks
sismos404: checks
*** SHOW DOWN ***
krytalex: shows [8s Ad] (a pair of Kings)
sismos404: mucks hand
krytalex collected $17.64 from pot
*** SUMMARY ***
Total pot $18 | Rake $0.36
Board [Kd Ks Qs 2d 6d]
Seat 4: sismos404 (button) (small blind) mucked
Seat 5: krytalex (big blind) showed [8s Ad] and won ($17.64) with a pair of Kings


PokerStars Hand #173858957970:  Hold'em Limit ($3/$6 USD) - 2017/08/03 3:02:35 ET
Table 'Adorea II' 6-max Seat #5 is the button
Seat 4: sismos404 ($92.03 in chips)
Seat 5: krytalex ($161.66 in chips)
krytalex: posts small blind $1
sismos404: posts big blind $3
*** HOLE CARDS ***
krytalex: raises $3 to $6
sismos404: calls $3
*** FLOP *** [8s 3s 4c]
sismos404: checks
krytalex: checks
*** TURN *** [8s 3s 4c] [3h]
sismos404: bets $6
krytalex: folds
Uncalled bet ($6) returned to sismos404
sismos404 collected $11.76 from pot
*** SUMMARY ***
Total pot $12 | Rake $0.24
Board [8s 3s 4c 3h]
Seat 4: sismos404 (big blind) collected ($11.76)
Seat 5: krytalex (button) (small blind) folded on the Turn


PokerStars Hand #173858966827:  Hold'em Limit ($3/$6 USD) - 2017/08/03 3:03:11 ET
Table 'Adorea II' 6-max Seat #5 is the button
Seat 4: sismos404 ($103.55 in chips)
Seat 5: krytalex ($149.66 in chips)
krytalex: posts small blind $1
sismos404: posts big blind $3
*** HOLE CARDS ***
krytalex: raises $3 to $6
sismos404: raises $3 to $9
krytalex: calls $3
*** FLOP *** [4c 9s 7s]
sismos404: bets $3
krytalex: raises $3 to $6
sismos404: raises $3 to $9
krytalex: calls $3
*** TURN *** [4c 9s 7s] [8c]
sismos404: bets $6
krytalex: calls $6
*** RIVER *** [4c 9s 7s 8c] [Jc]
sismos404: checks
krytalex: checks
*** SHOW DOWN ***
sismos404: shows [Ah Ad] (a pair of Aces)
krytalex: mucks hand
sismos404 collected $47.50 from pot
*** SUMMARY ***
Total pot $48 | Rake $0.50
Board [4c 9s 7s 8c Jc]
Seat 4: sismos404 (big blind) showed [Ah Ad] and won ($47.50) with a pair of Aces
Seat 5: krytalex (button) (small blind) mucked


PokerStars Hand #173858963889:  Hold'em Limit ($3/$6 USD) - 2017/08/03 3:02:59 ET
Table 'Adorea II' 6-max Seat #4 is the button
Seat 4: sismos404 ($97.79 in chips)
Seat 5: krytalex ($155.66 in chips)
sismos404: posts small blind $1
krytalex: posts big blind $3
*** HOLE CARDS ***
sismos404: raises $3 to $6
krytalex: calls $3
*** FLOP *** [2h 4h Ac]
krytalex: checks
sismos404: bets $3
krytalex: folds
Uncalled bet ($3) returned to sismos404
sismos404 collected $11.76 from pot
*** SUMMARY ***
Total pot $12 | Rake $0.24
Board [2h 4h Ac]
Seat 4: sismos404 (button) (small blind) collected ($11.76)
Seat 5: krytalex (big blind) folded on the Flop


PokerStars Hand #173858976326:  Hold'em Limit ($3/$6 USD) - 2017/08/03 3:03:50 ET
Table 'Adorea II' 6-max Seat #5 is the button
Seat 4: sismos404 ($130.05 in chips)
Seat 5: krytalex ($122.66 in chips)
krytalex: posts small blind $1
sismos404: posts big blind $3
*** HOLE CARDS ***
krytalex: raises $3 to $6
sismos404: calls $3
*** FLOP *** [6c 2h 5c]
sismos404: checks
krytalex: checks
*** TURN *** [6c 2h 5c] [Ac]
sismos404: checks
krytalex: checks
*** RIVER *** [6c 2h 5c Ac] [Qc]
sismos404: checks
krytalex: checks
*** SHOW DOWN ***
sismos404: shows [5s Td] (a pair of Fives)
krytalex: shows [Qs 3s] (a pair of Queens)
krytalex collected $11.76 from pot
*** SUMMARY ***
Total pot $12 | Rake $0.24
Board [6c 2h 5c Ac Qc]
Seat 4: sismos404 (big blind) showed [5s Td] and lost with a pair of Fives
Seat 5: krytalex (button) (small blind) showed [Qs 3s] and won ($11.76) with a pair of Queens


PokerStars Hand #173858984567:  Hold'em Limit ($3/$6 USD) - 2017/08/03 3:04:25 ET
Table 'Adorea II' 6-max Seat #4 is the button
Seat 4: sismos404 ($124.05 in chips)
Seat 5: krytalex ($128.42 in chips)
sismos404: posts small blind $1
krytalex: posts big blind $3
*** HOLE CARDS ***
sismos404: raises $3 to $6
krytalex: folds
Uncalled bet ($3) returned to sismos404
sismos404 collected $6 from pot
*** SUMMARY ***
Total pot $6 | Rake $0
Seat 4: sismos404 (button) (small blind) collected ($6)
Seat 5: krytalex (big blind) folded before Flop


PokerStars Hand #173858974531:  Hold'em Limit ($3/$6 USD) - 2017/08/03 3:03:43 ET
Table 'Adorea II' 6-max Seat #4 is the button
Seat 4: sismos404 ($127.05 in chips)
Seat 5: krytalex ($125.66 in chips)
sismos404: posts small blind $1
krytalex: posts big blind $3
*** HOLE CARDS ***
sismos404: raises $3 to $6
krytalex: folds
Uncalled bet ($3) returned to sismos404
sismos404 collected $6 from pot
*** SUMMARY ***
Total pot $6 | Rake $0
Seat 4: sismos404 (button) (small blind) collected ($6)
Seat 5: krytalex (big blind) folded before Flop


PokerStars Hand #173858994613:  Hold'em Limit ($3/$6 USD) - 2017/08/03 3:05:06 ET
Table 'Adorea II' 6-max Seat #4 is the button
Seat 4: sismos404 ($109.05 in chips)
Seat 5: krytalex ($142.92 in chips)
sismos404: posts small blind $1
krytalex: posts big blind $3
*** HOLE CARDS ***
sismos404: raises $3 to $6
krytalex: calls $3
*** FLOP *** [8h 2d Qc]
krytalex: checks
sismos404: bets $3
krytalex: calls $3
*** TURN *** [8h 2d Qc] [9h]
krytalex: checks
sismos404: bets $6
krytalex: folds
Uncalled bet ($6) returned to sismos404
sismos404 collected $17.64 from pot
*** SUMMARY ***
Total pot $18 | Rake $0.36
Board [8h 2d Qc 9h]
Seat 4: sismos404 (button) (small blind) collected ($17.64)
Seat 5: krytalex (big blind) folded on the Turn


PokerStars Hand #173859006645:  Hold'em Limit ($3/$6 USD) - 2017/08/03 3:05:56 ET
Table 'Adorea II' 6-max Seat #5 is the button
Seat 4: sismos404 ($117.69 in chips)
Seat 5: krytalex ($133.92 in chips)
krytalex: posts small blind $1
sismos404: posts big blind $3
*** HOLE CARDS ***
krytalex: raises $3 to $6
sismos404: calls $3
*** FLOP *** [As 5s Jd]
sismos404: checks
krytalex: bets $3
sismos404: raises $3 to $6
krytalex: calls $3
*** TURN *** [As 5s Jd] [9d]
sismos404: checks
krytalex: checks
*** RIVER *** [As 5s Jd 9d] [9h]
sismos404: checks
krytalex: checks
*** SHOW DOWN ***
sismos404: shows [6c Js] (two pair, Jacks and Nines)
krytalex: mucks hand
sismos404 collected $23.52 from pot
*** SUMMARY ***
Total pot $24 | Rake $0.48
Board [As 5s Jd 9d 9h]
Seat 4: sismos404 (big blind) showed [6c Js] and won ($23.52) with two pair, Jacks and Nines
Seat 5: krytalex (button) (small blind) mucked


PokerStars Hand #173859015266:  Hold'em Limit ($3/$6 USD) - 2017/08/03 3:06:32 ET
Table 'Adorea II' 6-max Seat #4 is the button
Seat 4: sismos404 ($129.21 in chips)
Seat 5: krytalex ($121.92 in chips)
sismos404: posts small blind $1
krytalex: posts big blind $3
*** HOLE CARDS ***
sismos404: raises $3 to $6
krytalex: calls $3
*** FLOP *** [7d 8d Jh]
krytalex: checks
sismos404: bets $3
krytalex: calls $3
*** TURN *** [7d 8d Jh] [3s]
krytalex: checks
sismos404: checks
*** RIVER *** [7d 8d Jh 3s] [9d]
krytalex: checks
sismos404: checks
*** SHOW DOWN ***
krytalex: shows [7h 6d] (a pair of Sevens)
sismos404: mucks hand
krytalex collected $17.64 from pot
*** SUMMARY ***
Total pot $18 | Rake $0.36
Board [7d 8d Jh 3s 9d]
Seat 4: sismos404 (button) (small blind) mucked
Seat 5: krytalex (big blind) showed [7h 6d] and won ($17.64) with a pair of Sevens


PokerStars Hand #173859035943:  Hold'em Limit ($3/$6 USD) - 2017/08/03 3:07:58 ET
Table 'Adorea II' 6-max Seat #5 is the button
Seat 4: sismos404 ($99.21 in chips)
Seat 5: krytalex ($151.06 in chips)
krytalex: posts small blind $1
sismos404: posts big blind $3
*** HOLE CARDS ***
krytalex: raises $3 to $6
sismos404: calls $3
*** FLOP *** [6d Qc Th]
sismos404: checks
krytalex: bets $3
sismos404: folds
Uncalled bet ($3) returned to krytalex
krytalex collected $11.76 from pot
*** SUMMARY ***
Total pot $12 | Rake $0.24
Board [6d Qc Th]
Seat 4: sismos404 (big blind) folded on the Flop
Seat 5: krytalex (button) (small blind) collected ($11.76)


PokerStars Hand #173859039564:  Hold'em Limit ($3/$6 USD) - 2017/08/03 3:08:13 ET
Table 'Adorea II' 6-max Seat #4 is the button
Seat 4: sismos404 ($93.21 in chips)
Seat 5: krytalex ($156.82 in chips)
sismos404: posts small blind $1
krytalex: posts big blind $3
*** HOLE CARDS ***
sismos404: raises $3 to $6
krytalex: calls $3
*** FLOP *** [Qd 2d 5s]
krytalex: checks
sismos404: bets $3
krytalex: folds
Uncalled bet ($3) returned to sismos404
sismos404 collected $11.76 from pot
*** SUMMARY ***
Total pot $12 | Rake $0.24
Board [Qd 2d 5s]
Seat 4: sismos404 (button) (small blind) collected ($11.76)
Seat 5: krytalex (big blind) folded on the Flop


PokerStars Hand #173859034424:  Hold'em Limit ($3/$6 USD) - 2017/08/03 3:07:52 ET
Table 'Adorea II' 6-max Seat #4 is the button
Seat 4: sismos404 ($96.21 in chips)
Seat 5: krytalex ($154.06 in chips)
sismos404: posts small blind $1
krytalex: posts big blind $3
*** HOLE CARDS ***
sismos404: raises $3 to $6
krytalex: folds
Uncalled bet ($3) returned to sismos404
sismos404 collected $6 from pot
*** SUMMARY ***
Total pot $6 | Rake $0
Seat 4: sismos404 (button) (small blind) collected ($6)
Seat 5: krytalex (big blind) folded before Flop


PokerStars Hand #173859025767:  Hold'em Limit ($3/$6 USD) - 2017/08/03 3:07:16 ET
Table 'Adorea II' 6-max Seat #5 is the button
Seat 4: sismos404 ($120.21 in chips)
Seat 5: krytalex ($130.56 in chips)
krytalex: posts small blind $1
sismos404: posts big blind $3
*** HOLE CARDS ***
krytalex: raises $3 to $6
sismos404: raises $3 to $9
krytalex: calls $3
*** FLOP *** [8s 9d 2c]
sismos404: bets $3
krytalex: calls $3
*** TURN *** [8s 9d 2c] [3s]
sismos404: bets $6
krytalex: calls $6
*** RIVER *** [8s 9d 2c 3s] [Js]
sismos404: bets $6
krytalex: raises $6 to $12
sismos404: folds
Uncalled bet ($6) returned to krytalex
krytalex collected $47.50 from pot
*** SUMMARY ***
Total pot $48 | Rake $0.50
Board [8s 9d 2c 3s Js]
Seat 4: sismos404 (big blind) folded on the River
Seat 5: krytalex (button) (small blind) collected ($47.50)


PokerStars Hand #173859045023:  Hold'em Limit ($3/$6 USD) - 2017/08/03 3:08:36 ET
Table 'Adorea II' 6-max Seat #5 is the button
Seat 4: sismos404 ($98.97 in chips)
Seat 5: krytalex ($150.82 in chips)
krytalex: posts small blind $1
sismos404: posts big blind $3
*** HOLE CARDS ***
krytalex: raises $3 to $6
sismos404: raises $3 to $9
krytalex: calls $3
*** FLOP *** [3h Kd 3s]
sismos404: bets $3
krytalex: calls $3
*** TURN *** [3h Kd 3s] [7c]
sismos404: bets $6
krytalex: calls $6
*** RIVER *** [3h Kd 3s 7c] [Qc]
sismos404: checks
krytalex: checks
*** SHOW DOWN ***
sismos404: shows [6d 8d] (a pair of Threes)
krytalex: shows [4h Ad] (a pair of Threes - Ace kicker)
krytalex collected $35.50 from pot
*** SUMMARY ***
Total pot $36 | Rake $0.50
Board [3h Kd 3s 7c Qc]
Seat 4: sismos404 (big blind) showed [6d 8d] and lost with a pair of Threes
Seat 5: krytalex (button) (small blind) showed [4h Ad] and won ($35.50) with a pair of Threes


PokerStars Hand #173859050248:  Hold'em Limit ($3/$6 USD) - 2017/08/03 3:08:58 ET
Table 'Adorea II' 6-max Seat #4 is the button
Seat 4: sismos404 ($80.97 in chips)
Seat 5: krytalex ($168.32 in chips)
sismos404: posts small blind $1
krytalex: posts big blind $3
*** HOLE CARDS ***
sismos404: folds
Uncalled bet ($2) returned to krytalex
krytalex collected $2 from pot
*** SUMMARY ***
Total pot $2 | Rake $0
Seat 4: sismos404 (button) (small blind) folded before Flop
Seat 5: krytalex (big blind) collected ($2)


PokerStars Hand #173859052089:  Hold'em Limit ($3/$6 USD) - 2017/08/03 3:09:05 ET
Table 'Adorea II' 6-max Seat #5 is the button
Seat 4: sismos404 ($79.97 in chips)
Seat 5: krytalex ($169.32 in chips)
krytalex: posts small blind $1
sismos404: posts big blind $3
*** HOLE CARDS ***
krytalex: folds
Uncalled bet ($2) returned to sismos404
sismos404 collected $2 from pot
*** SUMMARY ***
Total pot $2 | Rake $0
Seat 4: sismos404 (big blind) collected ($2)
Seat 5: krytalex (button) (small blind) folded before Flop


