PokerStars Hand #148090983297:  Hold'em Limit ($3/$6 USD) - 2016/02/01 23:21:18 ET
Table 'Adorea' 10-max Seat #10 is the button
Seat 1: Masqb ($65 in chips)
Seat 10: gracetime ($134.50 in chips)
gracetime: posts small blind $1
Masqb: posts big blind $3
*** HOLE CARDS ***
gracetime: raises $3 to $6
Masqb: calls $3
*** FLOP *** [5d 9d Jh]
Masqb: checks
gracetime: bets $3
Masqb: raises $3 to $6
gracetime: calls $3
*** TURN *** [5d 9d Jh] [Qh]
Masqb: bets $6
gracetime: raises $6 to $12
Masqb: raises $6 to $18
gracetime: calls $6
*** RIVER *** [5d 9d Jh Qh] [9h]
Masqb: bets $6
gracetime: raises $6 to $12
Masqb: calls $6
*** SHOW DOWN ***
gracetime: shows [Th 8h] (a straight flush, Eight to Queen)
Masqb: mucks hand
gracetime collected $83.50 from pot
*** SUMMARY ***
Total pot $84 | Rake $0.50
Board [5d 9d Jh Qh 9h]
Seat 1: Masqb (big blind) mucked
Seat 10: gracetime (button) (small blind) showed [Th 8h] and won ($83.50) with a straight flush, Eight to Queen


PokerStars Hand #148090981110:  Hold'em Limit ($3/$6 USD) - 2016/02/01 23:21:11 ET
Table 'Adorea' 10-max Seat #1 is the button
Seat 1: Masqb ($62 in chips)
Seat 10: gracetime ($137.50 in chips)
Masqb: posts small blind $1
gracetime: posts big blind $3
*** HOLE CARDS ***
Masqb: raises $3 to $6
gracetime: folds
Uncalled bet ($3) returned to Masqb
Masqb collected $6 from pot
Masqb: doesn't show hand
*** SUMMARY ***
Total pot $6 | Rake $0
Seat 1: Masqb (button) (small blind) collected ($6)
Seat 10: gracetime (big blind) folded before Flop


PokerStars Hand #148090967105:  Hold'em Limit ($3/$6 USD) - 2016/02/01 23:20:28 ET
Table 'Adorea' 10-max Seat #10 is the button
Seat 1: Masqb ($80 in chips)
Seat 10: gracetime ($120 in chips)
gracetime: posts small blind $1
Masqb: posts big blind $3
*** HOLE CARDS ***
gracetime: raises $3 to $6
Masqb: raises $3 to $9
gracetime: calls $3
*** FLOP *** [5d 4h 4s]
Masqb: bets $3
gracetime: calls $3
*** TURN *** [5d 4h 4s] [Kh]
Masqb: checks
gracetime: checks
*** RIVER *** [5d 4h 4s Kh] [8d]
Masqb: bets $6
gracetime: raises $6 to $12
Masqb: folds
Uncalled bet ($6) returned to gracetime
gracetime collected $35.50 from pot
*** SUMMARY ***
Total pot $36 | Rake $0.50
Board [5d 4h 4s Kh 8d]
Seat 1: Masqb (big blind) folded on the River
Seat 10: gracetime (button) (small blind) collected ($35.50)


PokerStars Hand #148091007602:  Hold'em Limit ($3/$6 USD) - 2016/02/01 23:22:32 ET
Table 'Adorea' 10-max Seat #1 is the button
Seat 1: Masqb ($81 in chips)
Seat 10: gracetime ($195.50 in chips)
Masqb: posts small blind $1
gracetime: posts big blind $3
*** HOLE CARDS ***
Masqb: raises $3 to $6
gracetime: calls $3
*** FLOP *** [Qs Qc Js]
gracetime: checks
Masqb: bets $3
gracetime: calls $3
*** TURN *** [Qs Qc Js] [7s]
gracetime: checks
Masqb: bets $6
gracetime: folds
Uncalled bet ($6) returned to Masqb
Masqb collected $17.64 from pot
Masqb: doesn't show hand
*** SUMMARY ***
Total pot $18 | Rake $0.36
Board [Qs Qc Js 7s]
Seat 1: Masqb (button) (small blind) collected ($17.64)
Seat 10: gracetime (big blind) folded on the Turn


PokerStars Hand #148091004400:  Hold'em Limit ($3/$6 USD) - 2016/02/01 23:22:22 ET
Table 'Adorea' 10-max Seat #10 is the button
Seat 1: Masqb ($80 in chips)
Seat 10: gracetime ($196.50 in chips)
gracetime: posts small blind $1
Masqb: posts big blind $3
*** HOLE CARDS ***
gracetime: folds
Uncalled bet ($2) returned to Masqb
Masqb collected $2 from pot
Masqb: doesn't show hand
*** SUMMARY ***
Total pot $2 | Rake $0
Seat 1: Masqb (big blind) collected ($2)
Seat 10: gracetime (button) (small blind) folded before Flop


PokerStars Hand #148090995030:  Hold'em Limit ($3/$6 USD) - 2016/02/01 23:21:54 ET
Table 'Adorea' 10-max Seat #1 is the button
Seat 1: Masqb ($80 in chips)
Seat 10: gracetime ($176 in chips)
Masqb: posts small blind $1
gracetime: posts big blind $3
*** HOLE CARDS ***
Masqb: raises $3 to $6
gracetime: calls $3
*** FLOP *** [Ac 5d Js]
gracetime: checks
Masqb: bets $3
gracetime: calls $3
*** TURN *** [Ac 5d Js] [3c]
gracetime: checks
Masqb: bets $6
gracetime: calls $6
*** RIVER *** [Ac 5d Js 3c] [Jh]
gracetime: bets $6
Masqb: calls $6
*** SHOW DOWN ***
gracetime: shows [Jc 6c] (three of a kind, Jacks)
Masqb: mucks hand
gracetime collected $41.50 from pot
*** SUMMARY ***
Total pot $42 | Rake $0.50
Board [Ac 5d Js 3c Jh]
Seat 1: Masqb (button) (small blind) mucked
Seat 10: gracetime (big blind) showed [Jc 6c] and won ($41.50) with three of a kind, Jacks


PokerStars Hand #148091032044:  Hold'em Limit ($3/$6 USD) - 2016/02/01 23:23:48 ET
Table 'Adorea' 10-max Seat #1 is the button
Seat 1: Masqb ($77.40 in chips)
Seat 10: gracetime ($197.78 in chips)
Masqb: posts small blind $1
gracetime: posts big blind $3
*** HOLE CARDS ***
Masqb: raises $3 to $6
gracetime: calls $3
*** FLOP *** [Ts 2d Ah]
gracetime: checks
Masqb: bets $3
gracetime: folds
Uncalled bet ($3) returned to Masqb
Masqb collected $11.76 from pot
Masqb: doesn't show hand
*** SUMMARY ***
Total pot $12 | Rake $0.24
Board [Ts 2d Ah]
Seat 1: Masqb (button) (small blind) collected ($11.76)
Seat 10: gracetime (big blind) folded on the Flop


PokerStars Hand #148091022077:  Hold'em Limit ($3/$6 USD) - 2016/02/01 23:23:17 ET
Table 'Adorea' 10-max Seat #10 is the button
Seat 1: Masqb ($89.40 in chips)
Seat 10: gracetime ($186.26 in chips)
gracetime: posts small blind $1
Masqb: posts big blind $3
*** HOLE CARDS ***
gracetime: raises $3 to $6
Masqb: calls $3
*** FLOP *** [4c Ks 5d]
Masqb: checks
gracetime: checks
*** TURN *** [4c Ks 5d] [3c]
Masqb: checks
gracetime: bets $6
Masqb: calls $6
*** RIVER *** [4c Ks 5d 3c] [Ad]
Masqb: checks
gracetime: bets $6
Masqb: folds
Uncalled bet ($6) returned to gracetime
gracetime collected $23.52 from pot
*** SUMMARY ***
Total pot $24 | Rake $0.48
Board [4c Ks 5d 3c Ad]
Seat 1: Masqb (big blind) folded on the River
Seat 10: gracetime (button) (small blind) collected ($23.52)


PokerStars Hand #148091018981:  Hold'em Limit ($3/$6 USD) - 2016/02/01 23:23:07 ET
Table 'Adorea' 10-max Seat #1 is the button
Seat 1: Masqb ($83.64 in chips)
Seat 10: gracetime ($192.26 in chips)
Masqb: posts small blind $1
gracetime: posts big blind $3
*** HOLE CARDS ***
Masqb: raises $3 to $6
gracetime: calls $3
*** FLOP *** [Kh 2c 8s]
gracetime: checks
Masqb: bets $3
gracetime: folds
Uncalled bet ($3) returned to Masqb
Masqb collected $11.76 from pot
Masqb: doesn't show hand
*** SUMMARY ***
Total pot $12 | Rake $0.24
Board [Kh 2c 8s]
Seat 1: Masqb (button) (small blind) collected ($11.76)
Seat 10: gracetime (big blind) folded on the Flop


PokerStars Hand #148091013977:  Hold'em Limit ($3/$6 USD) - 2016/02/01 23:22:52 ET
Table 'Adorea' 10-max Seat #10 is the button
Seat 1: Masqb ($89.64 in chips)
Seat 10: gracetime ($186.50 in chips)
gracetime: posts small blind $1
Masqb: posts big blind $3
*** HOLE CARDS ***
gracetime: raises $3 to $6
Masqb: calls $3
*** FLOP *** [Ad 3h 8c]
Masqb: checks
gracetime: bets $3
Masqb: folds
Uncalled bet ($3) returned to gracetime
gracetime collected $11.76 from pot
*** SUMMARY ***
Total pot $12 | Rake $0.24
Board [Ad 3h 8c]
Seat 1: Masqb (big blind) folded on the Flop
Seat 10: gracetime (button) (small blind) collected ($11.76)


PokerStars Hand #148091035590:  Hold'em Limit ($3/$6 USD) - 2016/02/01 23:23:59 ET
Table 'Adorea' 10-max Seat #10 is the button
Seat 1: Masqb ($83.16 in chips)
Seat 10: gracetime ($191.78 in chips)
gracetime: posts small blind $1
Masqb: posts big blind $3
*** HOLE CARDS ***
gracetime: folds
Uncalled bet ($2) returned to Masqb
Masqb collected $2 from pot
Masqb: doesn't show hand
*** SUMMARY ***
Total pot $2 | Rake $0
Seat 1: Masqb (big blind) collected ($2)
Seat 10: gracetime (button) (small blind) folded before Flop


PokerStars Hand #148100303879:  Hold'em Limit ($3/$6 USD) - 2016/02/02 6:30:16 ET
Table 'Adorea' 10-max Seat #1 is the button
Seat 1: SmellyToes4u ($102.36 in chips)
Seat 6: Luarvik888 ($109.71 in chips)
Agrotait joins the table at seat #7
SmellyToes4u: posts small blind $1
Luarvik888: posts big blind $3
*** HOLE CARDS ***
SmellyToes4u: raises $3 to $6
Luarvik888: calls $3
*** FLOP *** [5h 2s 7d]
Luarvik888: checks
SmellyToes4u: bets $3
Luarvik888: calls $3
*** TURN *** [5h 2s 7d] [Qs]
Luarvik888: checks
SmellyToes4u: bets $6
Luarvik888: folds
Uncalled bet ($6) returned to SmellyToes4u
SmellyToes4u collected $17.64 from pot
SmellyToes4u: doesn't show hand
*** SUMMARY ***
Total pot $18 | Rake $0.36
Board [5h 2s 7d Qs]
Seat 1: SmellyToes4u (button) (small blind) collected ($17.64)
Seat 6: Luarvik888 (big blind) folded on the Turn


PokerStars Hand #148100495415:  Hold'em Limit ($3/$6 USD) - 2016/02/02 6:35:57 ET
Table 'Adorea' 10-max Seat #1 is the button
Seat 1: SmellyToes4u ($94.71 in chips)
Seat 7: Agrotait ($72 in chips)
SmellyToes4u: posts small blind $1
Agrotait: posts big blind $3
*** HOLE CARDS ***
SmellyToes4u: folds
Uncalled bet ($2) returned to Agrotait
Agrotait collected $2 from pot
Agrotait: doesn't show hand
*** SUMMARY ***
Total pot $2 | Rake $0
Seat 1: SmellyToes4u (button) (small blind) folded before Flop
Seat 7: Agrotait (big blind) collected ($2)


