PokerStars Hand #163325953767:  Hold'em Limit ($3/$6 USD) - 2016/12/21 22:53:53 ET
Table 'Adrastea' 6-max Seat #1 is the button
Seat 1: ToDaFelt ($120 in chips)
Seat 2: 1January1 ($120 in chips)
ToDaFelt: posts small blind $1
1January1: posts big blind $3
*** HOLE CARDS ***
ToDaFelt: raises $3 to $6
1January1: raises $3 to $9
ToDaFelt: calls $3
*** FLOP *** [3d 9s 7d]
1January1: bets $3
ToDaFelt: calls $3
*** TURN *** [3d 9s 7d] [6c]
1January1: bets $6
ToDaFelt: calls $6
*** RIVER *** [3d 9s 7d 6c] [2s]
1January1: checks
ToDaFelt: bets $6
1January1: calls $6
*** SHOW DOWN ***
ToDaFelt: shows [7s Kc] (a pair of Sevens)
1January1: mucks hand
ToDaFelt collected $47.50 from pot
*** SUMMARY ***
Total pot $48 | Rake $0.50
Board [3d 9s 7d 6c 2s]
Seat 1: ToDaFelt (button) (small blind) showed [7s Kc] and won ($47.50) with a pair of Sevens
Seat 2: 1January1 (big blind) mucked


PokerStars Hand #163325990670:  Hold'em Limit ($3/$6 USD) - 2016/12/21 22:55:42 ET
Table 'Adrastea' 6-max Seat #1 is the button
Seat 1: ToDaFelt ($116.50 in chips)
Seat 2: 1January1 ($122.50 in chips)
ToDaFelt: posts small blind $1
1January1: posts big blind $3
*** HOLE CARDS ***
ToDaFelt: raises $3 to $6
1January1: raises $3 to $9
ToDaFelt: calls $3
*** FLOP *** [As Qh Jc]
1January1: bets $3
ToDaFelt: calls $3
*** TURN *** [As Qh Jc] [4d]
1January1: bets $6
ToDaFelt: calls $6
*** RIVER *** [As Qh Jc 4d] [9h]
1January1: bets $6
ToDaFelt: calls $6
*** SHOW DOWN ***
1January1: shows [9c 9d] (three of a kind, Nines)
ToDaFelt: mucks hand
1January1 collected $47.50 from pot
*** SUMMARY ***
Total pot $48 | Rake $0.50
Board [As Qh Jc 4d 9h]
Seat 1: ToDaFelt (button) (small blind) mucked
Seat 2: 1January1 (big blind) showed [9c 9d] and won ($47.50) with three of a kind, Nines


PokerStars Hand #163325970742:  Hold'em Limit ($3/$6 USD) - 2016/12/21 22:54:41 ET
Table 'Adrastea' 6-max Seat #2 is the button
Seat 1: ToDaFelt ($143.50 in chips)
Seat 2: 1January1 ($96 in chips)
1January1: posts small blind $1
ToDaFelt: posts big blind $3
*** HOLE CARDS ***
1January1: raises $3 to $6
ToDaFelt: raises $3 to $9
1January1: calls $3
*** FLOP *** [Jd Qd Ks]
ToDaFelt: bets $3
1January1: raises $3 to $6
ToDaFelt: calls $3
*** TURN *** [Jd Qd Ks] [6s]
ToDaFelt: checks
1January1: bets $6
ToDaFelt: calls $6
*** RIVER *** [Jd Qd Ks 6s] [2c]
ToDaFelt: checks
1January1: bets $6
ToDaFelt: calls $6
*** SHOW DOWN ***
1January1: shows [Qc 2s] (two pair, Queens and Deuces)
ToDaFelt: mucks hand
1January1 collected $53.50 from pot
*** SUMMARY ***
Total pot $54 | Rake $0.50
Board [Jd Qd Ks 6s 2c]
Seat 1: ToDaFelt (big blind) mucked
Seat 2: 1January1 (button) (small blind) showed [Qc 2s] and won ($53.50) with two pair, Queens and Deuces


PokerStars Hand #163326001422:  Hold'em Limit ($3/$6 USD) - 2016/12/21 22:56:17 ET
Table 'Adrastea' 6-max Seat #2 is the button
Seat 1: ToDaFelt ($92.50 in chips)
Seat 2: 1January1 ($146 in chips)
1January1: posts small blind $1
ToDaFelt: posts big blind $3
*** HOLE CARDS ***
1January1: raises $3 to $6
ToDaFelt: calls $3
*** FLOP *** [9c 3d Td]
ToDaFelt: checks
1January1: bets $3
ToDaFelt: raises $3 to $6
1January1: calls $3
*** TURN *** [9c 3d Td] [Qh]
ToDaFelt: bets $6
1January1: calls $6
*** RIVER *** [9c 3d Td Qh] [2c]
ToDaFelt: bets $6
1January1: calls $6
*** SHOW DOWN ***
ToDaFelt: shows [5c 8c] (high card Queen)
1January1: shows [6d 6s] (a pair of Sixes)
1January1 collected $47.50 from pot
*** SUMMARY ***
Total pot $48 | Rake $0.50
Board [9c 3d Td Qh 2c]
Seat 1: ToDaFelt (big blind) showed [5c 8c] and lost with high card Queen
Seat 2: 1January1 (button) (small blind) showed [6d 6s] and won ($47.50) with a pair of Sixes


PokerStars Hand #163326028157:  Hold'em Limit ($3/$6 USD) - 2016/12/21 22:57:43 ET
Table 'Adrastea' 6-max Seat #2 is the button
Seat 1: ToDaFelt ($84 in chips)
Seat 2: 1January1 ($205 in chips)
1January1: posts small blind $1
ToDaFelt: posts big blind $3
*** HOLE CARDS ***
1January1: raises $3 to $6
ToDaFelt: raises $3 to $9
1January1: calls $3
*** FLOP *** [9c Jh Qc]
ToDaFelt: bets $3
1January1: raises $3 to $6
ToDaFelt: calls $3
*** TURN *** [9c Jh Qc] [6h]
ToDaFelt: checks
1January1: bets $6
ToDaFelt: calls $6
*** RIVER *** [9c Jh Qc 6h] [Kh]
ToDaFelt: checks
1January1: checks
*** SHOW DOWN ***
ToDaFelt: shows [Ad 7d] (high card Ace)
1January1: mucks hand
ToDaFelt collected $41.50 from pot
*** SUMMARY ***
Total pot $42 | Rake $0.50
Board [9c Jh Qc 6h Kh]
Seat 1: ToDaFelt (big blind) showed [Ad 7d] and won ($41.50) with high card Ace
Seat 2: 1January1 (button) (small blind) mucked


PokerStars Hand #163326015930:  Hold'em Limit ($3/$6 USD) - 2016/12/21 22:57:03 ET
Table 'Adrastea' 6-max Seat #1 is the button
Seat 1: ToDaFelt ($120 in chips)
Seat 2: 1January1 ($169.50 in chips)
ToDaFelt: posts small blind $1
1January1: posts big blind $3
*** HOLE CARDS ***
ToDaFelt: raises $3 to $6
1January1: calls $3
*** FLOP *** [2h 6c 9d]
1January1: checks
ToDaFelt: bets $3
1January1: raises $3 to $6
ToDaFelt: calls $3
*** TURN *** [2h 6c 9d] [2s]
1January1: bets $6
ToDaFelt: raises $6 to $12
1January1: raises $6 to $18
ToDaFelt: calls $6
*** RIVER *** [2h 6c 9d 2s] [Jh]
1January1: bets $6
ToDaFelt: calls $6
*** SHOW DOWN ***
1January1: shows [2c 3h] (three of a kind, Deuces)
ToDaFelt: mucks hand
1January1 collected $71.50 from pot
*** SUMMARY ***
Total pot $72 | Rake $0.50
Board [2h 6c 9d 2s Jh]
Seat 1: ToDaFelt (button) (small blind) mucked
Seat 2: 1January1 (big blind) showed [2c 3h] and won ($71.50) with three of a kind, Deuces


PokerStars Hand #163326039685:  Hold'em Limit ($3/$6 USD) - 2016/12/21 22:58:20 ET
Table 'Adrastea' 6-max Seat #1 is the button
Seat 1: ToDaFelt ($104.50 in chips)
Seat 2: 1January1 ($184 in chips)
ToDaFelt: posts small blind $1
1January1: posts big blind $3
*** HOLE CARDS ***
ToDaFelt: raises $3 to $6
1January1: raises $3 to $9
ToDaFelt: calls $3
*** FLOP *** [Jh 6h 3h]
1January1: bets $3
ToDaFelt: calls $3
*** TURN *** [Jh 6h 3h] [8c]
1January1: checks
ToDaFelt: checks
*** RIVER *** [Jh 6h 3h 8c] [9c]
1January1: checks
ToDaFelt: checks
*** SHOW DOWN ***
1January1: shows [Qh Ac] (high card Ace)
ToDaFelt: mucks hand
1January1 collected $23.52 from pot
*** SUMMARY ***
Total pot $24 | Rake $0.48
Board [Jh 6h 3h 8c 9c]
Seat 1: ToDaFelt (button) (small blind) mucked
Seat 2: 1January1 (big blind) showed [Qh Ac] and won ($23.52) with high card Ace


PokerStars Hand #163326069108:  Hold'em Limit ($3/$6 USD) - 2016/12/21 22:59:55 ET
Table 'Adrastea' 6-max Seat #1 is the button
Seat 1: ToDaFelt ($116 in chips)
Seat 2: 1January1 ($171.52 in chips)
ToDaFelt: posts small blind $1
1January1: posts big blind $3
*** HOLE CARDS ***
ToDaFelt: raises $3 to $6
1January1: raises $3 to $9
ToDaFelt: calls $3
*** FLOP *** [9h Kh 8s]
1January1: bets $3
ToDaFelt: calls $3
*** TURN *** [9h Kh 8s] [Ks]
1January1: bets $6
ToDaFelt: calls $6
*** RIVER *** [9h Kh 8s Ks] [Jd]
1January1: bets $6
ToDaFelt: calls $6
*** SHOW DOWN ***
1January1: shows [9s Ah] (two pair, Kings and Nines)
ToDaFelt: mucks hand
1January1 collected $47.50 from pot
*** SUMMARY ***
Total pot $48 | Rake $0.50
Board [9h Kh 8s Ks Jd]
Seat 1: ToDaFelt (button) (small blind) mucked
Seat 2: 1January1 (big blind) showed [9s Ah] and won ($47.50) with two pair, Kings and Nines


PokerStars Hand #163326052192:  Hold'em Limit ($3/$6 USD) - 2016/12/21 22:59:00 ET
Table 'Adrastea' 6-max Seat #2 is the button
Seat 1: ToDaFelt ($92.50 in chips)
Seat 2: 1January1 ($195.52 in chips)
1January1: posts small blind $1
ToDaFelt: posts big blind $3
*** HOLE CARDS ***
1January1: raises $3 to $6
ToDaFelt: raises $3 to $9
1January1: calls $3
*** FLOP *** [Ks 9h 5d]
ToDaFelt: bets $3
1January1: calls $3
*** TURN *** [Ks 9h 5d] [Ah]
ToDaFelt: bets $6
1January1: calls $6
*** RIVER *** [Ks 9h 5d Ah] [3h]
ToDaFelt: bets $6
1January1: calls $6
*** SHOW DOWN ***
ToDaFelt: shows [7d Ad] (a pair of Aces)
1January1: mucks hand
ToDaFelt collected $47.50 from pot
*** SUMMARY ***
Total pot $48 | Rake $0.50
Board [Ks 9h 5d Ah 3h]
Seat 1: ToDaFelt (big blind) showed [7d Ad] and won ($47.50) with a pair of Aces
Seat 2: 1January1 (button) (small blind) mucked


PokerStars Hand #163326090515:  Hold'em Limit ($3/$6 USD) - 2016/12/21 23:01:02 ET
Table 'Adrastea' 6-max Seat #1 is the button
Seat 1: ToDaFelt ($121.50 in chips)
Seat 2: 1January1 ($165.02 in chips)
ToDaFelt: posts small blind $1
1January1: posts big blind $3
*** HOLE CARDS ***
ToDaFelt: raises $3 to $6
1January1: raises $3 to $9
ToDaFelt: calls $3
*** FLOP *** [4c Jc 3s]
1January1: bets $3
ToDaFelt: calls $3
*** TURN *** [4c Jc 3s] [Ad]
1January1: bets $6
ToDaFelt: raises $6 to $12
1January1: calls $6
*** RIVER *** [4c Jc 3s Ad] [6d]
1January1: checks
ToDaFelt: bets $6
1January1: calls $6
*** SHOW DOWN ***
ToDaFelt: shows [5c Td] (high card Ace)
1January1: shows [Tc Jd] (a pair of Jacks)
1January1 collected $59.50 from pot
*** SUMMARY ***
Total pot $60 | Rake $0.50
Board [4c Jc 3s Ad 6d]
Seat 1: ToDaFelt (button) (small blind) showed [5c Td] and lost with high card Ace
Seat 2: 1January1 (big blind) showed [Tc Jd] and won ($59.50) with a pair of Jacks


PokerStars Hand #163326076942:  Hold'em Limit ($3/$6 USD) - 2016/12/21 23:00:20 ET
Table 'Adrastea' 6-max Seat #2 is the button
Seat 1: ToDaFelt ($92 in chips)
Seat 2: 1January1 ($195.02 in chips)
1January1: posts small blind $1
ToDaFelt: posts big blind $3
*** HOLE CARDS ***
1January1: raises $3 to $6
ToDaFelt: raises $3 to $9
1January1: raises $3 to $12
Betting is capped
ToDaFelt: calls $3
*** FLOP *** [7s Jc 9s]
ToDaFelt: checks
1January1: bets $3
ToDaFelt: raises $3 to $6
1January1: calls $3
*** TURN *** [7s Jc 9s] [Ad]
ToDaFelt: bets $6
1January1: raises $6 to $12
ToDaFelt: calls $6
*** RIVER *** [7s Jc 9s Ad] [8h]
ToDaFelt: checks
1January1: checks
*** SHOW DOWN ***
ToDaFelt: shows [Jd 9d] (two pair, Jacks and Nines)
1January1: mucks hand
ToDaFelt collected $59.50 from pot
*** SUMMARY ***
Total pot $60 | Rake $0.50
Board [7s Jc 9s Ad 8h]
Seat 1: ToDaFelt (big blind) showed [Jd 9d] and won ($59.50) with two pair, Jacks and Nines
Seat 2: 1January1 (button) (small blind) mucked


PokerStars Hand #163326113471:  Hold'em Limit ($3/$6 USD) - 2016/12/21 23:02:10 ET
Table 'Adrastea' 6-max Seat #1 is the button
Seat 1: ToDaFelt ($106 in chips)
Seat 2: 1January1 ($179.52 in chips)
ToDaFelt: posts small blind $1
1January1: posts big blind $3
*** HOLE CARDS ***
ToDaFelt: raises $3 to $6
1January1: folds
Uncalled bet ($3) returned to ToDaFelt
ToDaFelt collected $6 from pot
ToDaFelt: doesn't show hand
*** SUMMARY ***
Total pot $6 | Rake $0
Seat 1: ToDaFelt (button) (small blind) collected ($6)
Seat 2: 1January1 (big blind) folded before Flop


PokerStars Hand #163326097553:  Hold'em Limit ($3/$6 USD) - 2016/12/21 23:01:23 ET
Table 'Adrastea' 6-max Seat #2 is the button
Seat 1: ToDaFelt ($91.50 in chips)
Seat 2: 1January1 ($194.52 in chips)
1January1: posts small blind $1
ToDaFelt: posts big blind $3
*** HOLE CARDS ***
1January1: raises $3 to $6
ToDaFelt: calls $3
*** FLOP *** [7h Jd Tc]
ToDaFelt: checks
1January1: bets $3
ToDaFelt: calls $3
*** TURN *** [7h Jd Tc] [4s]
ToDaFelt: checks
1January1: checks
*** RIVER *** [7h Jd Tc 4s] [2c]
ToDaFelt: bets $6
1January1: calls $6
*** SHOW DOWN ***
ToDaFelt: shows [3c 7c] (a pair of Sevens)
1January1: mucks hand
ToDaFelt collected $29.50 from pot
*** SUMMARY ***
Total pot $30 | Rake $0.50
Board [7h Jd Tc 4s 2c]
Seat 1: ToDaFelt (big blind) showed [3c 7c] and won ($29.50) with a pair of Sevens
Seat 2: 1January1 (button) (small blind) mucked


PokerStars Hand #163326128825:  Hold'em Limit ($3/$6 USD) - 2016/12/21 23:02:56 ET
Table 'Adrastea' 6-max Seat #1 is the button
Seat 1: ToDaFelt ($129.50 in chips)
Seat 2: 1January1 ($155.52 in chips)
ToDaFelt: posts small blind $1
1January1: posts big blind $3
*** HOLE CARDS ***
ToDaFelt: folds
Uncalled bet ($2) returned to 1January1
1January1 collected $2 from pot
1January1: doesn't show hand
*** SUMMARY ***
Total pot $2 | Rake $0
Seat 1: ToDaFelt (button) (small blind) folded before Flop
Seat 2: 1January1 (big blind) collected ($2)


PokerStars Hand #163326115563:  Hold'em Limit ($3/$6 USD) - 2016/12/21 23:02:16 ET
Table 'Adrastea' 6-max Seat #2 is the button
Seat 1: ToDaFelt ($109 in chips)
Seat 2: 1January1 ($176.52 in chips)
1January1: posts small blind $1
ToDaFelt: posts big blind $3
*** HOLE CARDS ***
1January1: raises $3 to $6
ToDaFelt: calls $3
*** FLOP *** [Ad Qd 8d]
ToDaFelt: checks
1January1: bets $3
ToDaFelt: calls $3
*** TURN *** [Ad Qd 8d] [5s]
ToDaFelt: checks
1January1: bets $6
ToDaFelt: calls $6
*** RIVER *** [Ad Qd 8d 5s] [Jh]
ToDaFelt: checks
1January1: bets $6
ToDaFelt: calls $6
*** SHOW DOWN ***
1January1: shows [3h 9s] (high card Ace)
ToDaFelt: shows [Kh 7c] (high card Ace - King kicker)
ToDaFelt collected $41.50 from pot
*** SUMMARY ***
Total pot $42 | Rake $0.50
Board [Ad Qd 8d 5s Jh]
Seat 1: ToDaFelt (big blind) showed [Kh 7c] and won ($41.50) with high card Ace
Seat 2: 1January1 (button) (small blind) showed [3h 9s] and lost with high card Ace


PokerStars Hand #163326130405:  Hold'em Limit ($3/$6 USD) - 2016/12/21 23:03:00 ET
Table 'Adrastea' 6-max Seat #2 is the button
Seat 1: ToDaFelt ($128.50 in chips)
Seat 2: 1January1 ($156.52 in chips)
1January1: posts small blind $1
ToDaFelt: posts big blind $3
*** HOLE CARDS ***
1January1: raises $3 to $6
ToDaFelt: calls $3
*** FLOP *** [4c 4s 8s]
ToDaFelt: checks
1January1: bets $3
ToDaFelt: calls $3
*** TURN *** [4c 4s 8s] [2d]
ToDaFelt: checks
1January1: bets $6
ToDaFelt: calls $6
*** RIVER *** [4c 4s 8s 2d] [4d]
ToDaFelt: checks
1January1: bets $6
ToDaFelt: calls $6
*** SHOW DOWN ***
1January1: shows [Jd 9d] (three of a kind, Fours)
ToDaFelt: shows [Jc Tc] (three of a kind, Fours - Jack+Ten kicker)
ToDaFelt collected $41.50 from pot
*** SUMMARY ***
Total pot $42 | Rake $0.50
Board [4c 4s 8s 2d 4d]
Seat 1: ToDaFelt (big blind) showed [Jc Tc] and won ($41.50) with three of a kind, Fours
Seat 2: 1January1 (button) (small blind) showed [Jd 9d] and lost with three of a kind, Fours


PokerStars Hand #163326160448:  Hold'em Limit ($3/$6 USD) - 2016/12/21 23:04:27 ET
Table 'Adrastea' 6-max Seat #2 is the button
Seat 1: ToDaFelt ($134 in chips)
Seat 2: 1January1 ($150.02 in chips)
1January1: posts small blind $1
ToDaFelt: posts big blind $3
*** HOLE CARDS ***
1January1: raises $3 to $6
ToDaFelt: calls $3
*** FLOP *** [Td 7h 3c]
ToDaFelt: checks
1January1: bets $3
ToDaFelt: calls $3
*** TURN *** [Td 7h 3c] [Tc]
ToDaFelt: checks
1January1: bets $6
ToDaFelt: calls $6
*** RIVER *** [Td 7h 3c Tc] [4d]
ToDaFelt: checks
1January1: bets $6
ToDaFelt: calls $6
*** SHOW DOWN ***
1January1: shows [5c 5d] (two pair, Tens and Fives)
ToDaFelt: mucks hand
1January1 collected $41.50 from pot
*** SUMMARY ***
Total pot $42 | Rake $0.50
Board [Td 7h 3c Tc 4d]
Seat 1: ToDaFelt (big blind) mucked
Seat 2: 1January1 (button) (small blind) showed [5c 5d] and won ($41.50) with two pair, Tens and Fives


PokerStars Hand #163326151574:  Hold'em Limit ($3/$6 USD) - 2016/12/21 23:04:01 ET
Table 'Adrastea' 6-max Seat #1 is the button
Seat 1: ToDaFelt ($149 in chips)
Seat 2: 1January1 ($135.52 in chips)
ToDaFelt: posts small blind $1
1January1: posts big blind $3
*** HOLE CARDS ***
ToDaFelt: raises $3 to $6
1January1: calls $3
*** FLOP *** [2s 9h Jd]
1January1: checks
ToDaFelt: bets $3
1January1: calls $3
*** TURN *** [2s 9h Jd] [5d]
1January1: checks
ToDaFelt: checks
*** RIVER *** [2s 9h Jd 5d] [6c]
1January1: bets $6
ToDaFelt: calls $6
*** SHOW DOWN ***
1January1: shows [6d 5s] (two pair, Sixes and Fives)
ToDaFelt: mucks hand
1January1 collected $29.50 from pot
*** SUMMARY ***
Total pot $30 | Rake $0.50
Board [2s 9h Jd 5d 6c]
Seat 1: ToDaFelt (button) (small blind) mucked
Seat 2: 1January1 (big blind) showed [6d 5s] and won ($29.50) with two pair, Sixes and Fives


PokerStars Hand #163326183286:  Hold'em Limit ($3/$6 USD) - 2016/12/21 23:05:12 ET
Table 'Adrastea' 6-max Seat #1 is the button
Seat 1: ToDaFelt ($113 in chips)
Seat 2: 1January1 ($170.52 in chips)
ToDaFelt: posts small blind $1
1January1: posts big blind $3
*** HOLE CARDS ***
ToDaFelt: raises $3 to $6
1January1: raises $3 to $9
ToDaFelt: calls $3
*** FLOP *** [2c 9d 4h]
1January1: bets $3
ToDaFelt: raises $3 to $6
1January1: raises $3 to $9
ToDaFelt: calls $3
*** TURN *** [2c 9d 4h] [Qc]
1January1: bets $6
ToDaFelt: raises $6 to $12
1January1: calls $6
*** RIVER *** [2c 9d 4h Qc] [As]
1January1: bets $6
ToDaFelt: raises $6 to $12
1January1: calls $6
*** SHOW DOWN ***
ToDaFelt: shows [4d 4s] (three of a kind, Fours)
1January1: mucks hand
ToDaFelt collected $83.50 from pot
*** SUMMARY ***
Total pot $84 | Rake $0.50
Board [2c 9d 4h Qc As]
Seat 1: ToDaFelt (button) (small blind) showed [4d 4s] and won ($83.50) with three of a kind, Fours
Seat 2: 1January1 (big blind) mucked


PokerStars Hand #163326215649:  Hold'em Limit ($3/$6 USD) - 2016/12/21 23:06:47 ET
Table 'Adrastea' 6-max Seat #2 is the button
Seat 1: ToDaFelt ($157 in chips)
Seat 2: 1January1 ($125.02 in chips)
1January1: posts small blind $1
ToDaFelt: posts big blind $3
*** HOLE CARDS ***
1January1: raises $3 to $6
ToDaFelt: calls $3
*** FLOP *** [Ad 2s Jc]
ToDaFelt: checks
1January1: bets $3
ToDaFelt: raises $3 to $6
1January1: calls $3
*** TURN *** [Ad 2s Jc] [Tc]
ToDaFelt: bets $6
1January1: raises $6 to $12
ToDaFelt: raises $6 to $18
1January1: calls $6
*** RIVER *** [Ad 2s Jc Tc] [4d]
ToDaFelt: bets $6
1January1: calls $6
*** SHOW DOWN ***
ToDaFelt: shows [2c As] (two pair, Aces and Deuces)
1January1: mucks hand
ToDaFelt collected $71.50 from pot
*** SUMMARY ***
Total pot $72 | Rake $0.50
Board [Ad 2s Jc Tc 4d]
Seat 1: ToDaFelt (big blind) showed [2c As] and won ($71.50) with two pair, Aces and Deuces
Seat 2: 1January1 (button) (small blind) mucked


PokerStars Hand #163326207969:  Hold'em Limit ($3/$6 USD) - 2016/12/21 23:06:24 ET
Table 'Adrastea' 6-max Seat #1 is the button
Seat 1: ToDaFelt ($130.50 in chips)
Seat 2: 1January1 ($152.02 in chips)
ToDaFelt: posts small blind $1
1January1: posts big blind $3
*** HOLE CARDS ***
ToDaFelt: raises $3 to $6
1January1: calls $3
*** FLOP *** [9c 6c Ts]
1January1: checks
ToDaFelt: bets $3
1January1: raises $3 to $6
ToDaFelt: raises $3 to $9
1January1: calls $3
*** TURN *** [9c 6c Ts] [4s]
1January1: checks
ToDaFelt: bets $6
1January1: calls $6
*** RIVER *** [9c 6c Ts 4s] [4h]
1January1: checks
ToDaFelt: bets $6
1January1: calls $6
*** SHOW DOWN ***
ToDaFelt: shows [7s 8c] (a straight, Six to Ten)
1January1: mucks hand
ToDaFelt collected $53.50 from pot
*** SUMMARY ***
Total pot $54 | Rake $0.50
Board [9c 6c Ts 4s 4h]
Seat 1: ToDaFelt (button) (small blind) showed [7s 8c] and won ($53.50) with a straight, Six to Ten
Seat 2: 1January1 (big blind) mucked


PokerStars Hand #163326199819:  Hold'em Limit ($3/$6 USD) - 2016/12/21 23:06:00 ET
Table 'Adrastea' 6-max Seat #2 is the button
Seat 1: ToDaFelt ($154.50 in chips)
Seat 2: 1January1 ($128.52 in chips)
1January1: posts small blind $1
ToDaFelt: posts big blind $3
*** HOLE CARDS ***
1January1: raises $3 to $6
ToDaFelt: raises $3 to $9
1January1: calls $3
*** FLOP *** [5c 6c Td]
ToDaFelt: bets $3
1January1: calls $3
*** TURN *** [5c 6c Td] [Jd]
ToDaFelt: bets $6
1January1: raises $6 to $12
ToDaFelt: calls $6
*** RIVER *** [5c 6c Td Jd] [3s]
ToDaFelt: checks
1January1: checks
*** SHOW DOWN ***
ToDaFelt: shows [Qs Kh] (high card King)
1January1: shows [7h 5s] (a pair of Fives)
1January1 collected $47.50 from pot
*** SUMMARY ***
Total pot $48 | Rake $0.50
Board [5c 6c Td Jd 3s]
Seat 1: ToDaFelt (big blind) showed [Qs Kh] and lost with high card King
Seat 2: 1January1 (button) (small blind) showed [7h 5s] and won ($47.50) with a pair of Fives


PokerStars Hand #163326242193:  Hold'em Limit ($3/$6 USD) - 2016/12/21 23:08:06 ET
Table 'Adrastea' 6-max Seat #1 is the button
Seat 1: ToDaFelt ($227.52 in chips)
Seat 2: 1January1 ($53.02 in chips)
ToDaFelt: posts small blind $1
1January1: posts big blind $3
*** HOLE CARDS ***
ToDaFelt: raises $3 to $6
1January1: folds
Uncalled bet ($3) returned to ToDaFelt
ToDaFelt collected $6 from pot
ToDaFelt: doesn't show hand
*** SUMMARY ***
Total pot $6 | Rake $0
Seat 1: ToDaFelt (button) (small blind) collected ($6)
Seat 2: 1January1 (big blind) folded before Flop


PokerStars Hand #163326235382:  Hold'em Limit ($3/$6 USD) - 2016/12/21 23:07:46 ET
Table 'Adrastea' 6-max Seat #2 is the button
Seat 1: ToDaFelt ($216 in chips)
Seat 2: 1January1 ($65.02 in chips)
1January1: posts small blind $1
ToDaFelt: posts big blind $3
*** HOLE CARDS ***
1January1: raises $3 to $6
ToDaFelt: raises $3 to $9
1January1: calls $3
*** FLOP *** [Ah 9h Js]
ToDaFelt: bets $3
1January1: calls $3
*** TURN *** [Ah 9h Js] [6d]
ToDaFelt: bets $6
1January1: folds
Uncalled bet ($6) returned to ToDaFelt
ToDaFelt collected $23.52 from pot
ToDaFelt: doesn't show hand
*** SUMMARY ***
Total pot $24 | Rake $0.48
Board [Ah 9h Js 6d]
Seat 1: ToDaFelt (big blind) collected ($23.52)
Seat 2: 1January1 (button) (small blind) folded on the Turn


PokerStars Hand #163326226450:  Hold'em Limit ($3/$6 USD) - 2016/12/21 23:07:20 ET
Table 'Adrastea' 6-max Seat #1 is the button
Seat 1: ToDaFelt ($192.50 in chips)
Seat 2: 1January1 ($89.02 in chips)
ToDaFelt: posts small blind $1
1January1: posts big blind $3
*** HOLE CARDS ***
ToDaFelt: raises $3 to $6
1January1: calls $3
*** FLOP *** [4s Qh 6h]
1January1: checks
ToDaFelt: bets $3
1January1: raises $3 to $6
ToDaFelt: calls $3
*** TURN *** [4s Qh 6h] [Tc]
1January1: bets $6
ToDaFelt: calls $6
*** RIVER *** [4s Qh 6h Tc] [8s]
1January1: bets $6
ToDaFelt: calls $6
*** SHOW DOWN ***
1January1: shows [7h 2h] (high card Queen)
ToDaFelt: shows [5h 5d] (a pair of Fives)
ToDaFelt collected $47.50 from pot
*** SUMMARY ***
Total pot $48 | Rake $0.50
Board [4s Qh 6h Tc 8s]
Seat 1: ToDaFelt (button) (small blind) showed [5h 5d] and won ($47.50) with a pair of Fives
Seat 2: 1January1 (big blind) showed [7h 2h] and lost with high card Queen


PokerStars Hand #163326261048:  Hold'em Limit ($3/$6 USD) - 2016/12/21 23:09:02 ET
Table 'Adrastea' 6-max Seat #2 is the button
Seat 1: ToDaFelt ($203.02 in chips)
Seat 2: 1January1 ($115.05 in chips)
1January1: posts small blind $1
ToDaFelt: posts big blind $3
*** HOLE CARDS ***
1January1: raises $3 to $6
ToDaFelt: folds
Uncalled bet ($3) returned to 1January1
1January1 collected $6 from pot
1January1: doesn't show hand
*** SUMMARY ***
Total pot $6 | Rake $0
Seat 1: ToDaFelt (big blind) folded before Flop
Seat 2: 1January1 (button) (small blind) collected ($6)


PokerStars Hand #163326252750:  Hold'em Limit ($3/$6 USD) - 2016/12/21 23:08:37 ET
Table 'Adrastea' 6-max Seat #1 is the button
Seat 1: ToDaFelt ($245.02 in chips)
Seat 2: 1January1 ($73.55 in chips)
ToDaFelt: posts small blind $1
1January1: posts big blind $3
*** HOLE CARDS ***
ToDaFelt: raises $3 to $6
1January1: raises $3 to $9
ToDaFelt: calls $3
*** FLOP *** [5d 4s 7s]
1January1: bets $3
ToDaFelt: calls $3
*** TURN *** [5d 4s 7s] [Js]
1January1: bets $6
ToDaFelt: raises $6 to $12
1January1: raises $6 to $18
ToDaFelt: calls $6
*** RIVER *** [5d 4s 7s Js] [Ks]
1January1: bets $6
ToDaFelt: raises $6 to $12
1January1: calls $6
*** SHOW DOWN ***
ToDaFelt: shows [6c Tc] (high card King)
1January1: shows [6s 7c] (a flush, King high)
1January1 collected $83.50 from pot
*** SUMMARY ***
Total pot $84 | Rake $0.50
Board [5d 4s 7s Js Ks]
Seat 1: ToDaFelt (button) (small blind) showed [6c Tc] and lost with high card King
Seat 2: 1January1 (big blind) showed [6s 7c] and won ($83.50) with a flush, King high


PokerStars Hand #163326246217:  Hold'em Limit ($3/$6 USD) - 2016/12/21 23:08:18 ET
Table 'Adrastea' 6-max Seat #2 is the button
Seat 1: ToDaFelt ($230.52 in chips)
Seat 2: 1January1 ($50.02 in chips)
1January1: posts small blind $1
ToDaFelt: posts big blind $3
*** HOLE CARDS ***
1January1: raises $3 to $6
ToDaFelt: calls $3
*** FLOP *** [3c 7h 4c]
ToDaFelt: checks
1January1: bets $3
ToDaFelt: calls $3
*** TURN *** [3c 7h 4c] [7c]
ToDaFelt: checks
1January1: checks
*** RIVER *** [3c 7h 4c 7c] [Qd]
ToDaFelt: checks
1January1: bets $6
ToDaFelt: calls $6
*** SHOW DOWN ***
1January1: shows [Ts 6h] (a pair of Sevens)
ToDaFelt: shows [8c Kd] (a pair of Sevens - King kicker)
ToDaFelt collected $29.50 from pot
*** SUMMARY ***
Total pot $30 | Rake $0.50
Board [3c 7h 4c 7c Qd]
Seat 1: ToDaFelt (big blind) showed [8c Kd] and won ($29.50) with a pair of Sevens
Seat 2: 1January1 (button) (small blind) showed [Ts 6h] and lost with a pair of Sevens


PokerStars Hand #163326283929:  Hold'em Limit ($3/$6 USD) - 2016/12/21 23:10:10 ET
Table 'Adrastea' 6-max Seat #1 is the button
Seat 1: ToDaFelt ($256.02 in chips)
Seat 2: 1January1 ($61.05 in chips)
ToDaFelt: posts small blind $1
1January1: posts big blind $3
*** HOLE CARDS ***
ToDaFelt: raises $3 to $6
1January1: calls $3
*** FLOP *** [5c Ks 9h]
1January1: checks
ToDaFelt: checks
*** TURN *** [5c Ks 9h] [3c]
1January1: bets $6
ToDaFelt: folds
Uncalled bet ($6) returned to 1January1
1January1 collected $11.76 from pot
1January1: doesn't show hand
*** SUMMARY ***
Total pot $12 | Rake $0.24
Board [5c Ks 9h 3c]
Seat 1: ToDaFelt (button) (small blind) folded on the Turn
Seat 2: 1January1 (big blind) collected ($11.76)


PokerStars Hand #163326277441:  Hold'em Limit ($3/$6 USD) - 2016/12/21 23:09:51 ET
Table 'Adrastea' 6-max Seat #2 is the button
Seat 1: ToDaFelt ($235.52 in chips)
Seat 2: 1January1 ($82.05 in chips)
1January1: posts small blind $1
ToDaFelt: posts big blind $3
*** HOLE CARDS ***
1January1: raises $3 to $6
ToDaFelt: raises $3 to $9
1January1: raises $3 to $12
Betting is capped
ToDaFelt: calls $3
*** FLOP *** [9d Jh Qh]
ToDaFelt: checks
1January1: bets $3
ToDaFelt: calls $3
*** TURN *** [9d Jh Qh] [3s]
ToDaFelt: checks
1January1: checks
*** RIVER *** [9d Jh Qh 3s] [9h]
ToDaFelt: bets $6
1January1: calls $6
*** SHOW DOWN ***
ToDaFelt: shows [As Qc] (two pair, Queens and Nines)
1January1: mucks hand
ToDaFelt collected $41.50 from pot
*** SUMMARY ***
Total pot $42 | Rake $0.50
Board [9d Jh Qh 3s 9h]
Seat 1: ToDaFelt (big blind) showed [As Qc] and won ($41.50) with two pair, Queens and Nines
Seat 2: 1January1 (button) (small blind) mucked


PokerStars Hand #163326264271:  Hold'em Limit ($3/$6 USD) - 2016/12/21 23:09:12 ET
Table 'Adrastea' 6-max Seat #1 is the button
Seat 1: ToDaFelt ($200.02 in chips)
Seat 2: 1January1 ($118.05 in chips)
ToDaFelt: posts small blind $1
1January1: posts big blind $3
*** HOLE CARDS ***
ToDaFelt: raises $3 to $6
1January1: raises $3 to $9
ToDaFelt: calls $3
*** FLOP *** [4h Kc 7s]
1January1: bets $3
ToDaFelt: calls $3
*** TURN *** [4h Kc 7s] [7d]
1January1: bets $6
ToDaFelt: raises $6 to $12
1January1: calls $6
*** RIVER *** [4h Kc 7s 7d] [Td]
1January1: checks
ToDaFelt: bets $6
1January1: raises $6 to $12
ToDaFelt: raises $6 to $18
1January1: folds
Uncalled bet ($6) returned to ToDaFelt
ToDaFelt collected $71.50 from pot
ToDaFelt: doesn't show hand
*** SUMMARY ***
Total pot $72 | Rake $0.50
Board [4h Kc 7s 7d Td]
Seat 1: ToDaFelt (button) (small blind) collected ($71.50)
Seat 2: 1January1 (big blind) folded on the River


PokerStars Hand #163326294158:  Hold'em Limit ($3/$6 USD) - 2016/12/21 23:10:41 ET
Table 'Adrastea' 6-max Seat #1 is the button
Seat 1: ToDaFelt ($244.02 in chips)
Seat 2: 1January1 ($72.57 in chips)
ToDaFelt: posts small blind $1
1January1: posts big blind $3
*** HOLE CARDS ***
ToDaFelt: raises $3 to $6
1January1: calls $3
*** FLOP *** [8c 9h Jd]
1January1: checks
ToDaFelt: bets $3
1January1: calls $3
*** TURN *** [8c 9h Jd] [2h]
1January1: checks
ToDaFelt: bets $6
1January1: calls $6
*** RIVER *** [8c 9h Jd 2h] [4h]
1January1: checks
ToDaFelt: bets $6
1January1: calls $6
*** SHOW DOWN ***
ToDaFelt: shows [Td Qs] (a straight, Eight to Queen)
1January1: mucks hand
ToDaFelt collected $41.50 from pot
*** SUMMARY ***
Total pot $42 | Rake $0.50
Board [8c 9h Jd 2h 4h]
Seat 1: ToDaFelt (button) (small blind) showed [Td Qs] and won ($41.50) with a straight, Eight to Queen
Seat 2: 1January1 (big blind) mucked


PokerStars Hand #163326287870:  Hold'em Limit ($3/$6 USD) - 2016/12/21 23:10:22 ET
Table 'Adrastea' 6-max Seat #2 is the button
Seat 1: ToDaFelt ($250.02 in chips)
Seat 2: 1January1 ($66.81 in chips)
1January1: posts small blind $1
ToDaFelt: posts big blind $3
*** HOLE CARDS ***
1January1: raises $3 to $6
ToDaFelt: calls $3
*** FLOP *** [3s Th Qc]
ToDaFelt: checks
1January1: checks
*** TURN *** [3s Th Qc] [3c]
ToDaFelt: checks
1January1: bets $6
ToDaFelt: folds
Uncalled bet ($6) returned to 1January1
1January1 collected $11.76 from pot
1January1: doesn't show hand
*** SUMMARY ***
Total pot $12 | Rake $0.24
Board [3s Th Qc 3c]
Seat 1: ToDaFelt (big blind) folded on the Turn
Seat 2: 1January1 (button) (small blind) collected ($11.76)


PokerStars Hand #163326315454:  Hold'em Limit ($3/$6 USD) - 2016/12/21 23:11:45 ET
Table 'Adrastea' 6-max Seat #2 is the button
Seat 1: ToDaFelt ($216.52 in chips)
Seat 2: 1January1 ($98.57 in chips)
1January1: posts small blind $1
ToDaFelt: posts big blind $3
*** HOLE CARDS ***
1January1: folds
Uncalled bet ($2) returned to ToDaFelt
ToDaFelt collected $2 from pot
ToDaFelt: doesn't show hand
*** SUMMARY ***
Total pot $2 | Rake $0
Seat 1: ToDaFelt (big blind) collected ($2)
Seat 2: 1January1 (button) (small blind) folded before Flop


PokerStars Hand #163326309413:  Hold'em Limit ($3/$6 USD) - 2016/12/21 23:11:27 ET
Table 'Adrastea' 6-max Seat #1 is the button
Seat 1: ToDaFelt ($240.52 in chips)
Seat 2: 1January1 ($75.07 in chips)
ToDaFelt: posts small blind $1
1January1: posts big blind $3
*** HOLE CARDS ***
ToDaFelt: raises $3 to $6
1January1: raises $3 to $9
ToDaFelt: calls $3
*** FLOP *** [5s Tc 8h]
1January1: bets $3
ToDaFelt: calls $3
*** TURN *** [5s Tc 8h] [Jh]
1January1: bets $6
ToDaFelt: calls $6
*** RIVER *** [5s Tc 8h Jh] [9s]
1January1: bets $6
ToDaFelt: calls $6
*** SHOW DOWN ***
1January1: shows [8s Qc] (a straight, Eight to Queen)
ToDaFelt: mucks hand
1January1 collected $47.50 from pot
*** SUMMARY ***
Total pot $48 | Rake $0.50
Board [5s Tc 8h Jh 9s]
Seat 1: ToDaFelt (button) (small blind) mucked
Seat 2: 1January1 (big blind) showed [8s Qc] and won ($47.50) with a straight, Eight to Queen


PokerStars Hand #163326303734:  Hold'em Limit ($3/$6 USD) - 2016/12/21 23:11:10 ET
Table 'Adrastea' 6-max Seat #2 is the button
Seat 1: ToDaFelt ($264.52 in chips)
Seat 2: 1January1 ($51.57 in chips)
1January1: posts small blind $1
ToDaFelt: posts big blind $3
*** HOLE CARDS ***
1January1: raises $3 to $6
ToDaFelt: raises $3 to $9
1January1: calls $3
*** FLOP *** [Ks Kc Tc]
ToDaFelt: bets $3
1January1: calls $3
*** TURN *** [Ks Kc Tc] [7s]
ToDaFelt: checks
1January1: bets $6
ToDaFelt: calls $6
*** RIVER *** [Ks Kc Tc 7s] [5d]
ToDaFelt: checks
1January1: bets $6
ToDaFelt: calls $6
*** SHOW DOWN ***
1January1: shows [6c Kd] (three of a kind, Kings)
ToDaFelt: mucks hand
1January1 collected $47.50 from pot
*** SUMMARY ***
Total pot $48 | Rake $0.50
Board [Ks Kc Tc 7s 5d]
Seat 1: ToDaFelt (big blind) mucked
Seat 2: 1January1 (button) (small blind) showed [6c Kd] and won ($47.50) with three of a kind, Kings


PokerStars Hand #163326341100:  Hold'em Limit ($3/$6 USD) - 2016/12/21 23:13:02 ET
Table 'Adrastea' 6-max Seat #2 is the button
Seat 1: ToDaFelt ($172.16 in chips)
Seat 2: 1January1 ($141.57 in chips)
1January1: posts small blind $1
ToDaFelt: posts big blind $3
*** HOLE CARDS ***
1January1: raises $3 to $6
ToDaFelt: raises $3 to $9
1January1: calls $3
*** FLOP *** [Ah Qc 7h]
ToDaFelt: bets $3
1January1: calls $3
*** TURN *** [Ah Qc 7h] [Kd]
ToDaFelt: checks
1January1: bets $6
ToDaFelt: calls $6
*** RIVER *** [Ah Qc 7h Kd] [Th]
ToDaFelt: bets $6
1January1: calls $6
*** SHOW DOWN ***
ToDaFelt: shows [Jc Jh] (a straight, Ten to Ace)
1January1: mucks hand
ToDaFelt collected $47.50 from pot
*** SUMMARY ***
Total pot $48 | Rake $0.50
Board [Ah Qc 7h Kd Th]
Seat 1: ToDaFelt (big blind) showed [Jc Jh] and won ($47.50) with a straight, Ten to Ace
Seat 2: 1January1 (button) (small blind) mucked


PokerStars Hand #163326317197:  Hold'em Limit ($3/$6 USD) - 2016/12/21 23:11:50 ET
Table 'Adrastea' 6-max Seat #1 is the button
Seat 1: ToDaFelt ($217.52 in chips)
Seat 2: 1January1 ($97.57 in chips)
ToDaFelt: posts small blind $1
1January1: posts big blind $3
*** HOLE CARDS ***
ToDaFelt: raises $3 to $6
1January1: calls $3
*** FLOP *** [9d Qd 4c]
1January1: checks
ToDaFelt: bets $3
1January1: raises $3 to $6
ToDaFelt: calls $3
*** TURN *** [9d Qd 4c] [5s]
1January1: bets $6
ToDaFelt: raises $6 to $12
1January1: calls $6
*** RIVER *** [9d Qd 4c 5s] [9h]
1January1: checks
ToDaFelt: bets $6
1January1: calls $6
*** SHOW DOWN ***
ToDaFelt: shows [8c Tc] (a pair of Nines)
1January1: shows [4s Jd] (two pair, Nines and Fours)
1January1 collected $59.50 from pot
*** SUMMARY ***
Total pot $60 | Rake $0.50
Board [9d Qd 4c 5s 9h]
Seat 1: ToDaFelt (button) (small blind) showed [8c Tc] and lost with a pair of Nines
Seat 2: 1January1 (big blind) showed [4s Jd] and won ($59.50) with two pair, Nines and Fours


PokerStars Hand #163326328947:  Hold'em Limit ($3/$6 USD) - 2016/12/21 23:12:26 ET
Table 'Adrastea' 6-max Seat #2 is the button
Seat 1: ToDaFelt ($187.52 in chips)
Seat 2: 1January1 ($127.07 in chips)
1January1: posts small blind $1
ToDaFelt: posts big blind $3
*** HOLE CARDS ***
1January1: raises $3 to $6
ToDaFelt: raises $3 to $9
1January1: calls $3
*** FLOP *** [3s 9d 6d]
ToDaFelt: bets $3
1January1: folds
Uncalled bet ($3) returned to ToDaFelt
ToDaFelt collected $17.64 from pot
ToDaFelt: doesn't show hand
*** SUMMARY ***
Total pot $18 | Rake $0.36
Board [3s 9d 6d]
Seat 1: ToDaFelt (big blind) collected ($17.64)
Seat 2: 1January1 (button) (small blind) folded on the Flop


PokerStars Hand #163326335396:  Hold'em Limit ($3/$6 USD) - 2016/12/21 23:12:45 ET
Table 'Adrastea' 6-max Seat #1 is the button
Seat 1: ToDaFelt ($196.16 in chips)
Seat 2: 1January1 ($118.07 in chips)
ToDaFelt: posts small blind $1
1January1: posts big blind $3
*** HOLE CARDS ***
ToDaFelt: raises $3 to $6
1January1: raises $3 to $9
ToDaFelt: calls $3
*** FLOP *** [Tc 6c Ah]
1January1: bets $3
ToDaFelt: calls $3
*** TURN *** [Tc 6c Ah] [6s]
1January1: bets $6
ToDaFelt: raises $6 to $12
1January1: calls $6
*** RIVER *** [Tc 6c Ah 6s] [6d]
1January1: bets $6
ToDaFelt: folds
Uncalled bet ($6) returned to 1January1
1January1 collected $47.50 from pot
1January1: doesn't show hand
*** SUMMARY ***
Total pot $48 | Rake $0.50
Board [Tc 6c Ah 6s 6d]
Seat 1: ToDaFelt (button) (small blind) folded on the River
Seat 2: 1January1 (big blind) collected ($47.50)


PokerStars Hand #163326348454:  Hold'em Limit ($3/$6 USD) - 2016/12/21 23:13:24 ET
Table 'Adrastea' 6-max Seat #1 is the button
Seat 1: ToDaFelt ($195.66 in chips)
Seat 2: 1January1 ($117.57 in chips)
ToDaFelt: posts small blind $1
1January1: posts big blind $3
*** HOLE CARDS ***
ToDaFelt: folds
Uncalled bet ($2) returned to 1January1
1January1 collected $2 from pot
1January1: doesn't show hand
*** SUMMARY ***
Total pot $2 | Rake $0
Seat 1: ToDaFelt (button) (small blind) folded before Flop
Seat 2: 1January1 (big blind) collected ($2)


PokerStars Hand #163326350147:  Hold'em Limit ($3/$6 USD) - 2016/12/21 23:13:29 ET
Table 'Adrastea' 6-max Seat #2 is the button
Seat 1: ToDaFelt ($194.66 in chips)
Seat 2: 1January1 ($118.57 in chips)
1January1: posts small blind $1
ToDaFelt: posts big blind $3
*** HOLE CARDS ***
1January1: raises $3 to $6
ToDaFelt: raises $3 to $9
1January1: calls $3
*** FLOP *** [6c Qd 4s]
ToDaFelt: bets $3
1January1: calls $3
*** TURN *** [6c Qd 4s] [9h]
ToDaFelt: checks
1January1: bets $6
ToDaFelt: calls $6
*** RIVER *** [6c Qd 4s 9h] [Kd]
ToDaFelt: checks
1January1: bets $6
ToDaFelt: calls $6
*** SHOW DOWN ***
1January1: shows [Jh 7c] (high card King)
ToDaFelt: shows [Ad 8d] (high card Ace)
ToDaFelt collected $47.50 from pot
*** SUMMARY ***
Total pot $48 | Rake $0.50
Board [6c Qd 4s 9h Kd]
Seat 1: ToDaFelt (big blind) showed [Ad 8d] and won ($47.50) with high card Ace
Seat 2: 1January1 (button) (small blind) showed [Jh 7c] and lost with high card King


PokerStars Hand #163326359166:  Hold'em Limit ($3/$6 USD) - 2016/12/21 23:13:56 ET
Table 'Adrastea' 6-max Seat #1 is the button
Seat 1: ToDaFelt ($218.16 in chips)
Seat 2: 1January1 ($94.57 in chips)
ToDaFelt: posts small blind $1
1January1: posts big blind $3
*** HOLE CARDS ***
ToDaFelt: raises $3 to $6
1January1: raises $3 to $9
ToDaFelt: calls $3
*** FLOP *** [9s 5s 4c]
1January1: bets $3
ToDaFelt: raises $3 to $6
1January1: raises $3 to $9
ToDaFelt: calls $3
*** TURN *** [9s 5s 4c] [5c]
1January1: bets $6
ToDaFelt: raises $6 to $12
1January1: calls $6
*** RIVER *** [9s 5s 4c 5c] [6s]
1January1: checks
ToDaFelt: bets $6
1January1: calls $6
*** SHOW DOWN ***
ToDaFelt: shows [9c 9h] (a full house, Nines full of Fives)
1January1: mucks hand
ToDaFelt collected $71.50 from pot
*** SUMMARY ***
Total pot $72 | Rake $0.50
Board [9s 5s 4c 5c 6s]
Seat 1: ToDaFelt (button) (small blind) showed [9c 9h] and won ($71.50) with a full house, Nines full of Fives
Seat 2: 1January1 (big blind) mucked


PokerStars Hand #163326366209:  Hold'em Limit ($3/$6 USD) - 2016/12/21 23:14:18 ET
Table 'Adrastea' 6-max Seat #2 is the button
Seat 1: ToDaFelt ($253.66 in chips)
Seat 2: 1January1 ($58.57 in chips)
1January1: posts small blind $1
ToDaFelt: posts big blind $3
*** HOLE CARDS ***
1January1: raises $3 to $6
ToDaFelt: calls $3
*** FLOP *** [4s 4d Kd]
ToDaFelt: checks
1January1: bets $3
ToDaFelt: calls $3
*** TURN *** [4s 4d Kd] [7c]
ToDaFelt: checks
1January1: bets $6
ToDaFelt: calls $6
*** RIVER *** [4s 4d Kd 7c] [4c]
ToDaFelt: checks
1January1: bets $6
ToDaFelt: calls $6
*** SHOW DOWN ***
1January1: shows [Jd 6c] (three of a kind, Fours)
ToDaFelt: shows [2c Ad] (three of a kind, Fours - Ace kicker)
ToDaFelt collected $41.50 from pot
*** SUMMARY ***
Total pot $42 | Rake $0.50
Board [4s 4d Kd 7c 4c]
Seat 1: ToDaFelt (big blind) showed [2c Ad] and won ($41.50) with three of a kind, Fours
Seat 2: 1January1 (button) (small blind) showed [Jd 6c] and lost with three of a kind, Fours


PokerStars Hand #163326372576:  Hold'em Limit ($3/$6 USD) - 2016/12/21 23:14:37 ET
Table 'Adrastea' 6-max Seat #1 is the button
Seat 1: ToDaFelt ($274.16 in chips)
Seat 2: 1January1 ($37.57 in chips)
ToDaFelt: posts small blind $1
1January1: posts big blind $3
*** HOLE CARDS ***
ToDaFelt: raises $3 to $6
1January1: calls $3
*** FLOP *** [Tc 8d Qd]
1January1: checks
ToDaFelt: bets $3
1January1: raises $3 to $6
ToDaFelt: folds
Uncalled bet ($3) returned to 1January1
1January1 collected $17.64 from pot
1January1: doesn't show hand
*** SUMMARY ***
Total pot $18 | Rake $0.36
Board [Tc 8d Qd]
Seat 1: ToDaFelt (button) (small blind) folded on the Flop
Seat 2: 1January1 (big blind) collected ($17.64)


PokerStars Hand #163326376549:  Hold'em Limit ($3/$6 USD) - 2016/12/21 23:14:49 ET
Table 'Adrastea' 6-max Seat #2 is the button
Seat 1: ToDaFelt ($265.16 in chips)
Seat 2: 1January1 ($46.21 in chips)
1January1: posts small blind $1
ToDaFelt: posts big blind $3
*** HOLE CARDS ***
1January1: raises $3 to $6
ToDaFelt: calls $3
*** FLOP *** [Qc 3s 6c]
ToDaFelt: checks
1January1: bets $3
ToDaFelt: calls $3
*** TURN *** [Qc 3s 6c] [Qd]
ToDaFelt: checks
1January1: checks
*** RIVER *** [Qc 3s 6c Qd] [5s]
ToDaFelt: checks
1January1: checks
*** SHOW DOWN ***
ToDaFelt: shows [Kh 8d] (a pair of Queens)
1January1: shows [Kd Ts] (a pair of Queens - King+Ten kicker)
1January1 collected $17.64 from pot
*** SUMMARY ***
Total pot $18 | Rake $0.36
Board [Qc 3s 6c Qd 5s]
Seat 1: ToDaFelt (big blind) showed [Kh 8d] and lost with a pair of Queens
Seat 2: 1January1 (button) (small blind) showed [Kd Ts] and won ($17.64) with a pair of Queens


PokerStars Hand #163326386196:  Hold'em Limit ($3/$6 USD) - 2016/12/21 23:15:19 ET
Table 'Adrastea' 6-max Seat #1 is the button
Seat 1: ToDaFelt ($256.16 in chips)
Seat 2: 1January1 ($54.85 in chips)
ToDaFelt: posts small blind $1
1January1: posts big blind $3
*** HOLE CARDS ***
ToDaFelt: raises $3 to $6
1January1: raises $3 to $9
ToDaFelt: calls $3
*** FLOP *** [Jc 2d Jh]
1January1: bets $3
ToDaFelt: calls $3
*** TURN *** [Jc 2d Jh] [6s]
1January1: bets $6
ToDaFelt: folds
Uncalled bet ($6) returned to 1January1
1January1 collected $23.52 from pot
1January1: doesn't show hand
*** SUMMARY ***
Total pot $24 | Rake $0.48
Board [Jc 2d Jh 6s]
Seat 1: ToDaFelt (button) (small blind) folded on the Turn
Seat 2: 1January1 (big blind) collected ($23.52)


PokerStars Hand #163326392596:  Hold'em Limit ($3/$6 USD) - 2016/12/21 23:15:38 ET
Table 'Adrastea' 6-max Seat #2 is the button
Seat 1: ToDaFelt ($244.16 in chips)
Seat 2: 1January1 ($66.37 in chips)
1January1: posts small blind $1
ToDaFelt: posts big blind $3
*** HOLE CARDS ***
1January1: raises $3 to $6
ToDaFelt: calls $3
*** FLOP *** [6d 6h 5c]
ToDaFelt: checks
1January1: bets $3
ToDaFelt: calls $3
*** TURN *** [6d 6h 5c] [9s]
ToDaFelt: checks
1January1: checks
*** RIVER *** [6d 6h 5c 9s] [8s]
ToDaFelt: bets $6
1January1: calls $6
*** SHOW DOWN ***
ToDaFelt: shows [Qh 8c] (two pair, Eights and Sixes)
1January1: mucks hand
ToDaFelt collected $29.50 from pot
*** SUMMARY ***
Total pot $30 | Rake $0.50
Board [6d 6h 5c 9s 8s]
Seat 1: ToDaFelt (big blind) showed [Qh 8c] and won ($29.50) with two pair, Eights and Sixes
Seat 2: 1January1 (button) (small blind) mucked


PokerStars Hand #163326408571:  Hold'em Limit ($3/$6 USD) - 2016/12/21 23:16:27 ET
Table 'Adrastea' 6-max Seat #2 is the button
Seat 1: ToDaFelt ($282.16 in chips)
Seat 2: 1January1 ($27.37 in chips)
1January1: posts small blind $1
ToDaFelt: posts big blind $3
*** HOLE CARDS ***
1January1: folds
Uncalled bet ($2) returned to ToDaFelt
ToDaFelt collected $2 from pot
ToDaFelt: doesn't show hand
*** SUMMARY ***
Total pot $2 | Rake $0
Seat 1: ToDaFelt (big blind) collected ($2)
Seat 2: 1January1 (button) (small blind) folded before Flop


PokerStars Hand #163326398379:  Hold'em Limit ($3/$6 USD) - 2016/12/21 23:15:56 ET
Table 'Adrastea' 6-max Seat #1 is the button
Seat 1: ToDaFelt ($258.66 in chips)
Seat 2: 1January1 ($51.37 in chips)
ToDaFelt: posts small blind $1
1January1: posts big blind $3
*** HOLE CARDS ***
ToDaFelt: raises $3 to $6
1January1: raises $3 to $9
ToDaFelt: calls $3
*** FLOP *** [8s Kd 9h]
1January1: bets $3
ToDaFelt: calls $3
*** TURN *** [8s Kd 9h] [As]
1January1: bets $6
ToDaFelt: calls $6
*** RIVER *** [8s Kd 9h As] [Tc]
1January1: checks
ToDaFelt: bets $6
1January1: calls $6
*** SHOW DOWN ***
ToDaFelt: shows [Qs Js] (a straight, Ten to Ace)
1January1: mucks hand
ToDaFelt collected $47.50 from pot
*** SUMMARY ***
Total pot $48 | Rake $0.50
Board [8s Kd 9h As Tc]
Seat 1: ToDaFelt (button) (small blind) showed [Qs Js] and won ($47.50) with a straight, Ten to Ace
Seat 2: 1January1 (big blind) mucked


