PokerStars Hand #153932633347:  Hold'em Limit ($3/$6 USD) - 2016/05/27 18:41:40 ET
Table 'Adrastea' 6-max Seat #5 is the button
Seat 4: BuzovaPro ($80.64 in chips)
Seat 5: pmejia73 ($44.57 in chips)
pmejia73: posts small blind $1
BuzovaPro: posts big blind $3
*** HOLE CARDS ***
pmejia73: folds
Uncalled bet ($2) returned to BuzovaPro
BuzovaPro collected $2 from pot
BuzovaPro: doesn't show hand
*** SUMMARY ***
Total pot $2 | Rake $0
Seat 4: BuzovaPro (big blind) collected ($2)
Seat 5: pmejia73 (button) (small blind) folded before Flop


PokerStars Hand #153932636929:  Hold'em Limit ($3/$6 USD) - 2016/05/27 18:41:45 ET
Table 'Adrastea' 6-max Seat #4 is the button
Seat 4: BuzovaPro ($81.64 in chips)
Seat 5: pmejia73 ($43.57 in chips)
BuzovaPro: posts small blind $1
pmejia73: posts big blind $3
*** HOLE CARDS ***
BuzovaPro: raises $3 to $6
pmejia73: raises $3 to $9
BuzovaPro: calls $3
*** FLOP *** [As 5s Tc]
pmejia73: bets $3
BuzovaPro: folds
Uncalled bet ($3) returned to pmejia73
pmejia73 collected $17.64 from pot
pmejia73: doesn't show hand
*** SUMMARY ***
Total pot $18 | Rake $0.36
Board [As 5s Tc]
Seat 4: BuzovaPro (button) (small blind) folded on the Flop
Seat 5: pmejia73 (big blind) collected ($17.64)


PokerStars Hand #153932654208:  Hold'em Limit ($3/$6 USD) - 2016/05/27 18:42:10 ET
Table 'Adrastea' 6-max Seat #5 is the button
Seat 4: BuzovaPro ($72.64 in chips)
Seat 5: pmejia73 ($52.21 in chips)
pmejia73: posts small blind $1
BuzovaPro: posts big blind $3
*** HOLE CARDS ***
pmejia73: raises $3 to $6
A-E Müller joins the table at seat #6
BuzovaPro: folds
Uncalled bet ($3) returned to pmejia73
pmejia73 collected $6 from pot
pmejia73: doesn't show hand
*** SUMMARY ***
Total pot $6 | Rake $0
Seat 4: BuzovaPro (big blind) folded before Flop
Seat 5: pmejia73 (button) (small blind) collected ($6)


