PokerStars Hand #173578150306:  Hold'em Limit ($3/$6 USD) - 2017/07/27 12:16:10 ET
Table 'Adria' 10-max Seat #1 is the button
Seat 1: cola26licht ($70 in chips)
Seat 2: B_loJkl ($150 in chips)
cola26licht: posts small blind $1
B_loJkl: posts big blind $3
*** HOLE CARDS ***
cola26licht: folds
Uncalled bet ($2) returned to B_loJkl
B_loJkl collected $2 from pot
B_loJkl: doesn't show hand
*** SUMMARY ***
Total pot $2 | Rake $0
Seat 1: cola26licht (button) (small blind) folded before Flop
Seat 2: B_loJkl (big blind) collected ($2)


PokerStars Hand #173578155052:  Hold'em Limit ($3/$6 USD) - 2017/07/27 12:16:17 ET
Table 'Adria' 10-max Seat #2 is the button
Seat 1: cola26licht ($69 in chips)
Seat 2: B_loJkl ($151 in chips)
B_loJkl: posts small blind $1
cola26licht: posts big blind $3
*** HOLE CARDS ***
B_loJkl: raises $3 to $6
cola26licht: calls $3
*** FLOP *** [3s Ad 5s]
cola26licht: checks
B_loJkl: bets $3
cola26licht: calls $3
*** TURN *** [3s Ad 5s] [Tc]
cola26licht: checks
B_loJkl: bets $6
cola26licht: raises $6 to $12
B_loJkl: calls $6
*** RIVER *** [3s Ad 5s Tc] [Qc]
cola26licht: bets $6
B_loJkl: calls $6
*** SHOW DOWN ***
cola26licht: shows [Ah 9h] (a pair of Aces)
B_loJkl: mucks hand
cola26licht collected $53.50 from pot
*** SUMMARY ***
Total pot $54 | Rake $0.50
Board [3s Ad 5s Tc Qc]
Seat 1: cola26licht (big blind) showed [Ah 9h] and won ($53.50) with a pair of Aces
Seat 2: B_loJkl (button) (small blind) mucked


PokerStars Hand #173578200123:  Hold'em Limit ($3/$6 USD) - 2017/07/27 12:17:29 ET
Table 'Adria' 10-max Seat #1 is the button
Seat 1: cola26licht ($95.50 in chips)
Seat 2: B_loJkl ($124 in chips)
cola26licht: posts small blind $1
B_loJkl: posts big blind $3
*** HOLE CARDS ***
cola26licht: folds
Uncalled bet ($2) returned to B_loJkl
B_loJkl collected $2 from pot
B_loJkl: doesn't show hand
*** SUMMARY ***
Total pot $2 | Rake $0
Seat 1: cola26licht (button) (small blind) folded before Flop
Seat 2: B_loJkl (big blind) collected ($2)


PokerStars Hand #173578197090:  Hold'em Limit ($3/$6 USD) - 2017/07/27 12:17:24 ET
Table 'Adria' 10-max Seat #2 is the button
Seat 1: cola26licht ($94.50 in chips)
Seat 2: B_loJkl ($125 in chips)
B_loJkl: posts small blind $1
cola26licht: posts big blind $3
*** HOLE CARDS ***
B_loJkl: folds
Uncalled bet ($2) returned to cola26licht
cola26licht collected $2 from pot
*** SUMMARY ***
Total pot $2 | Rake $0
Seat 1: cola26licht (big blind) collected ($2)
Seat 2: B_loJkl (button) (small blind) folded before Flop


PokerStars Hand #173578190467:  Hold'em Limit ($3/$6 USD) - 2017/07/27 12:17:14 ET
Table 'Adria' 10-max Seat #1 is the button
Seat 1: cola26licht ($95.50 in chips)
Seat 2: B_loJkl ($124 in chips)
cola26licht: posts small blind $1
B_loJkl: posts big blind $3
*** HOLE CARDS ***
cola26licht: folds
Uncalled bet ($2) returned to B_loJkl
B_loJkl collected $2 from pot
B_loJkl: doesn't show hand
*** SUMMARY ***
Total pot $2 | Rake $0
Seat 1: cola26licht (button) (small blind) folded before Flop
Seat 2: B_loJkl (big blind) collected ($2)


PokerStars Hand #173578203524:  Hold'em Limit ($3/$6 USD) - 2017/07/27 12:17:35 ET
Table 'Adria' 10-max Seat #2 is the button
Seat 1: cola26licht ($94.50 in chips)
Seat 2: B_loJkl ($125 in chips)
B_loJkl: posts small blind $1
cola26licht: posts big blind $3
*** HOLE CARDS ***
B_loJkl: raises $3 to $6
cola26licht: calls $3
*** FLOP *** [3h 4s As]
cola26licht: checks
B_loJkl: bets $3
cola26licht: raises $3 to $6
B_loJkl: calls $3
*** TURN *** [3h 4s As] [8c]
cola26licht: bets $6
B_loJkl: folds
Uncalled bet ($6) returned to cola26licht
cola26licht collected $23.52 from pot
*** SUMMARY ***
Total pot $24 | Rake $0.48
Board [3h 4s As 8c]
Seat 1: cola26licht (big blind) collected ($23.52)
Seat 2: B_loJkl (button) (small blind) folded on the Turn


PokerStars Hand #173578238938:  Hold'em Limit ($3/$6 USD) - 2017/07/27 12:18:30 ET
Table 'Adria' 10-max Seat #1 is the button
Seat 1: cola26licht ($106.02 in chips)
Seat 2: B_loJkl ($113 in chips)
cola26licht: posts small blind $1
B_loJkl: posts big blind $3
*** HOLE CARDS ***
cola26licht: raises $3 to $6
B_loJkl: calls $3
*** FLOP *** [Tc Kc Ts]
B_loJkl: checks
cola26licht: bets $3
B_loJkl: calls $3
*** TURN *** [Tc Kc Ts] [7h]
B_loJkl: checks
cola26licht: bets $6
B_loJkl: folds
Uncalled bet ($6) returned to cola26licht
cola26licht collected $17.64 from pot
*** SUMMARY ***
Total pot $18 | Rake $0.36
Board [Tc Kc Ts 7h]
Seat 1: cola26licht (button) (small blind) collected ($17.64)
Seat 2: B_loJkl (big blind) folded on the Turn


PokerStars Hand #173578301245:  Hold'em Limit ($3/$6 USD) - 2017/07/27 12:20:10 ET
Table 'Adria' 10-max Seat #2 is the button
Seat 1: cola26licht ($122.30 in chips)
Seat 2: B_loJkl ($96 in chips)
B_loJkl: posts small blind $1
cola26licht: posts big blind $3
*** HOLE CARDS ***
B_loJkl: raises $3 to $6
cola26licht: folds
Uncalled bet ($3) returned to B_loJkl
B_loJkl collected $6 from pot
B_loJkl: doesn't show hand
*** SUMMARY ***
Total pot $6 | Rake $0
Seat 1: cola26licht (big blind) folded before Flop
Seat 2: B_loJkl (button) (small blind) collected ($6)


PokerStars Hand #173578296350:  Hold'em Limit ($3/$6 USD) - 2017/07/27 12:20:02 ET
Table 'Adria' 10-max Seat #1 is the button
Seat 1: cola26licht ($123.30 in chips)
Seat 2: B_loJkl ($95 in chips)
cola26licht: posts small blind $1
B_loJkl: posts big blind $3
*** HOLE CARDS ***
cola26licht: folds
Uncalled bet ($2) returned to B_loJkl
B_loJkl collected $2 from pot
B_loJkl: doesn't show hand
*** SUMMARY ***
Total pot $2 | Rake $0
Seat 1: cola26licht (button) (small blind) folded before Flop
Seat 2: B_loJkl (big blind) collected ($2)


PokerStars Hand #173578277345:  Hold'em Limit ($3/$6 USD) - 2017/07/27 12:19:31 ET
Table 'Adria' 10-max Seat #2 is the button
Seat 1: cola26licht ($114.66 in chips)
Seat 2: B_loJkl ($104 in chips)
B_loJkl: posts small blind $1
cola26licht: posts big blind $3
*** HOLE CARDS ***
B_loJkl: raises $3 to $6
cola26licht: raises $3 to $9
B_loJkl: calls $3
*** FLOP *** [Qs 2h 7c]
cola26licht: bets $3
B_loJkl: folds
Uncalled bet ($3) returned to cola26licht
cola26licht collected $17.64 from pot
*** SUMMARY ***
Total pot $18 | Rake $0.36
Board [Qs 2h 7c]
Seat 1: cola26licht (big blind) collected ($17.64)
Seat 2: B_loJkl (button) (small blind) folded on the Flop


PokerStars Hand #173578307827:  Hold'em Limit ($3/$6 USD) - 2017/07/27 12:20:20 ET
Table 'Adria' 10-max Seat #1 is the button
Seat 1: cola26licht ($119.30 in chips)
Seat 2: B_loJkl ($99 in chips)
cola26licht: posts small blind $1
B_loJkl: posts big blind $3
*** HOLE CARDS ***
cola26licht: raises $3 to $6
B_loJkl: calls $3
*** FLOP *** [Kd 9d 3d]
B_loJkl: checks
cola26licht: bets $3
B_loJkl: raises $3 to $6
cola26licht: calls $3
*** TURN *** [Kd 9d 3d] [Kh]
B_loJkl: bets $6
cola26licht: calls $6
*** RIVER *** [Kd 9d 3d Kh] [Ah]
B_loJkl: checks
cola26licht: bets $6
B_loJkl: calls $6
*** SHOW DOWN ***
cola26licht: shows [Qc 4c] (a pair of Kings)
B_loJkl: shows [Qd Js] (a pair of Kings - Ace+Queen+Jack kicker)
B_loJkl collected $47.50 from pot
*** SUMMARY ***
Total pot $48 | Rake $0.50
Board [Kd 9d 3d Kh Ah]
Seat 1: cola26licht (button) (small blind) showed [Qc 4c] and lost with a pair of Kings
Seat 2: B_loJkl (big blind) showed [Qd Js] and won ($47.50) with a pair of Kings


PokerStars Hand #173578356528:  Hold'em Limit ($3/$6 USD) - 2017/07/27 12:21:38 ET
Table 'Adria' 10-max Seat #1 is the button
Seat 1: cola26licht ($74.30 in chips)
Seat 2: B_loJkl ($143 in chips)
cola26licht: posts small blind $1
B_loJkl: posts big blind $3
*** HOLE CARDS ***
cola26licht: raises $3 to $6
B_loJkl: calls $3
*** FLOP *** [As 8c Th]
B_loJkl: checks
cola26licht: bets $3
B_loJkl: calls $3
*** TURN *** [As 8c Th] [8s]
B_loJkl: checks
cola26licht: bets $6
B_loJkl: calls $6
*** RIVER *** [As 8c Th 8s] [2h]
B_loJkl: checks
cola26licht: bets $6
B_loJkl: calls $6
*** SHOW DOWN ***
cola26licht: shows [Tc Jc] (two pair, Tens and Eights)
B_loJkl: mucks hand
cola26licht collected $41.50 from pot
*** SUMMARY ***
Total pot $42 | Rake $0.50
Board [As 8c Th 8s 2h]
Seat 1: cola26licht (button) (small blind) showed [Tc Jc] and won ($41.50) with two pair, Tens and Eights
Seat 2: B_loJkl (big blind) mucked


PokerStars Hand #173578341005:  Hold'em Limit ($3/$6 USD) - 2017/07/27 12:21:13 ET
Table 'Adria' 10-max Seat #2 is the button
Seat 1: cola26licht ($95.30 in chips)
Seat 2: B_loJkl ($122.50 in chips)
B_loJkl: posts small blind $1
cola26licht: posts big blind $3
*** HOLE CARDS ***
B_loJkl: raises $3 to $6
cola26licht: calls $3
*** FLOP *** [Ah 3h 6d]
cola26licht: checks
B_loJkl: bets $3
cola26licht: calls $3
*** TURN *** [Ah 3h 6d] [Ac]
cola26licht: bets $6
B_loJkl: calls $6
*** RIVER *** [Ah 3h 6d Ac] [Ks]
cola26licht: bets $6
B_loJkl: calls $6
*** SHOW DOWN ***
cola26licht: shows [9s 8s] (a pair of Aces)
B_loJkl: shows [6s 3c] (two pair, Aces and Sixes)
B_loJkl collected $41.50 from pot
*** SUMMARY ***
Total pot $42 | Rake $0.50
Board [Ah 3h 6d Ac Ks]
Seat 1: cola26licht (big blind) showed [9s 8s] and lost with a pair of Aces
Seat 2: B_loJkl (button) (small blind) showed [6s 3c] and won ($41.50) with two pair, Aces and Sixes


PokerStars Hand #173578388692:  Hold'em Limit ($3/$6 USD) - 2017/07/27 12:22:29 ET
Table 'Adria' 10-max Seat #1 is the button
Seat 1: cola26licht ($103.44 in chips)
Seat 2: B_loJkl ($113 in chips)
cola26licht: posts small blind $1
B_loJkl: posts big blind $3
*** HOLE CARDS ***
cola26licht: raises $3 to $6
B_loJkl: raises $3 to $9
cola26licht: calls $3
*** FLOP *** [2c 8c 6d]
B_loJkl: bets $3
cola26licht: calls $3
*** TURN *** [2c 8c 6d] [Ts]
B_loJkl: bets $6
cola26licht: calls $6
*** RIVER *** [2c 8c 6d Ts] [4d]
B_loJkl: bets $6
cola26licht: calls $6
*** SHOW DOWN ***
B_loJkl: shows [8h 8s] (three of a kind, Eights)
cola26licht: mucks hand
B_loJkl collected $47.50 from pot
*** SUMMARY ***
Total pot $48 | Rake $0.50
Board [2c 8c 6d Ts 4d]
Seat 1: cola26licht (button) (small blind) mucked
Seat 2: B_loJkl (big blind) showed [8h 8s] and won ($47.50) with three of a kind, Eights


PokerStars Hand #173578376896:  Hold'em Limit ($3/$6 USD) - 2017/07/27 12:22:11 ET
Table 'Adria' 10-max Seat #2 is the button
Seat 1: cola26licht ($94.80 in chips)
Seat 2: B_loJkl ($122 in chips)
B_loJkl: posts small blind $1
cola26licht: posts big blind $3
*** HOLE CARDS ***
B_loJkl: raises $3 to $6
cola26licht: calls $3
*** FLOP *** [2d 3s Th]
PayMyAudiR8 joins the table at seat #3
cola26licht: checks
B_loJkl: bets $3
cola26licht: calls $3
*** TURN *** [2d 3s Th] [7d]
cola26licht: bets $6
B_loJkl: folds
Uncalled bet ($6) returned to cola26licht
cola26licht collected $17.64 from pot
*** SUMMARY ***
Total pot $18 | Rake $0.36
Board [2d 3s Th 7d]
Seat 1: cola26licht (big blind) collected ($17.64)
Seat 2: B_loJkl (button) (small blind) folded on the Turn


PokerStars Hand #173578512455:  Hold'em Limit ($3/$6 USD) - 2017/07/27 12:25:46 ET
Table 'Adria' 10-max Seat #3 is the button
Seat 2: B_loJkl ($126.50 in chips)
Seat 3: PayMyAudiR8 ($120.26 in chips)
PayMyAudiR8: posts small blind $1
B_loJkl: posts big blind $3
*** HOLE CARDS ***
PayMyAudiR8: raises $3 to $6
B_loJkl: calls $3
*** FLOP *** [6s Ts 2d]
B_loJkl: checks
PayMyAudiR8: bets $3
B_loJkl: folds
Uncalled bet ($3) returned to PayMyAudiR8
PayMyAudiR8 collected $11.76 from pot
PayMyAudiR8: doesn't show hand
*** SUMMARY ***
Total pot $12 | Rake $0.24
Board [6s Ts 2d]
Seat 2: B_loJkl (big blind) folded on the Flop
Seat 3: PayMyAudiR8 (button) (small blind) collected ($11.76)


PokerStars Hand #173578520986:  Hold'em Limit ($3/$6 USD) - 2017/07/27 12:25:59 ET
Table 'Adria' 10-max Seat #2 is the button
Seat 2: B_loJkl ($120.50 in chips)
Seat 3: PayMyAudiR8 ($126.02 in chips)
B_loJkl: posts small blind $1
PayMyAudiR8: posts big blind $3
*** HOLE CARDS ***
B_loJkl: raises $3 to $6
PayMyAudiR8: raises $3 to $9
B_loJkl: calls $3
*** FLOP *** [7d 9s 9h]
PayMyAudiR8: bets $3
B_loJkl: calls $3
*** TURN *** [7d 9s 9h] [6d]
PayMyAudiR8: bets $6
B_loJkl: folds
Uncalled bet ($6) returned to PayMyAudiR8
PayMyAudiR8 collected $23.52 from pot
PayMyAudiR8: doesn't show hand
*** SUMMARY ***
Total pot $24 | Rake $0.48
Board [7d 9s 9h 6d]
Seat 2: B_loJkl (button) (small blind) folded on the Turn
Seat 3: PayMyAudiR8 (big blind) collected ($23.52)


PokerStars Hand #173578530089:  Hold'em Limit ($3/$6 USD) - 2017/07/27 12:26:13 ET
Table 'Adria' 10-max Seat #3 is the button
Seat 2: B_loJkl ($108.50 in chips)
Seat 3: PayMyAudiR8 ($137.54 in chips)
PayMyAudiR8: posts small blind $1
B_loJkl: posts big blind $3
*** HOLE CARDS ***
PayMyAudiR8: raises $3 to $6
B_loJkl: calls $3
*** FLOP *** [7s 6d 2c]
B_loJkl: checks
PayMyAudiR8: bets $3
B_loJkl: raises $3 to $6
PayMyAudiR8: calls $3
*** TURN *** [7s 6d 2c] [5s]
B_loJkl: bets $6
PayMyAudiR8: raises $6 to $12
B_loJkl: calls $6
*** RIVER *** [7s 6d 2c 5s] [Tc]
B_loJkl: checks
PayMyAudiR8: bets $6
B_loJkl: calls $6
*** SHOW DOWN ***
PayMyAudiR8: shows [Ks Kc] (a pair of Kings)
B_loJkl: mucks hand
PayMyAudiR8 collected $59.50 from pot
*** SUMMARY ***
Total pot $60 | Rake $0.50
Board [7s 6d 2c 5s Tc]
Seat 2: B_loJkl (big blind) mucked
Seat 3: PayMyAudiR8 (button) (small blind) showed [Ks Kc] and won ($59.50) with a pair of Kings


PokerStars Hand #173595618062:  Hold'em Limit ($3/$6 USD) - 2017/07/27 18:51:37 ET
Table 'Adria' 10-max Seat #5 is the button
Seat 4: nikolnik21 ($136.78 in chips)
Seat 5: simper11 ($101.50 in chips)
simper11: posts small blind $1
nikolnik21: posts big blind $3
*** HOLE CARDS ***
simper11: raises $3 to $6
nikolnik21: folds
Uncalled bet ($3) returned to simper11
simper11 collected $6 from pot
simper11: doesn't show hand
*** SUMMARY ***
Total pot $6 | Rake $0
Seat 4: nikolnik21 (big blind) folded before Flop
Seat 5: simper11 (button) (small blind) collected ($6)


PokerStars Hand #173595594804:  Hold'em Limit ($3/$6 USD) - 2017/07/27 18:51:02 ET
Table 'Adria' 10-max Seat #5 is the button
Seat 4: nikolnik21 ($119.40 in chips)
Seat 5: simper11 ($119.50 in chips)
simper11: posts small blind $1
nikolnik21: posts big blind $3
*** HOLE CARDS ***
simper11: raises $3 to $6
nikolnik21: calls $3
*** FLOP *** [8s Jc As]
nikolnik21: checks
simper11: bets $3
nikolnik21: calls $3
*** TURN *** [8s Jc As] [2s]
nikolnik21: checks
simper11: bets $6
nikolnik21: raises $6 to $12
simper11: folds
Uncalled bet ($6) returned to nikolnik21
nikolnik21 collected $29.50 from pot
nikolnik21: doesn't show hand
*** SUMMARY ***
Total pot $30 | Rake $0.50
Board [8s Jc As 2s]
Seat 4: nikolnik21 (big blind) collected ($29.50)
Seat 5: simper11 (button) (small blind) folded on the Turn


PokerStars Hand #173595645616:  Hold'em Limit ($3/$6 USD) - 2017/07/27 18:52:20 ET
Table 'Adria' 10-max Seat #4 is the button
Seat 4: nikolnik21 ($142.28 in chips)
Seat 5: simper11 ($95.14 in chips)
nikolnik21: posts small blind $1
simper11: posts big blind $3
*** HOLE CARDS ***
nikolnik21: calls $2
simper11: checks
*** FLOP *** [3s 2d 6c]
simper11: checks
nikolnik21: checks
*** TURN *** [3s 2d 6c] [5d]
simper11: bets $6
nikolnik21: folds
Uncalled bet ($6) returned to simper11
simper11 collected $5.88 from pot
simper11: doesn't show hand
*** SUMMARY ***
Total pot $6 | Rake $0.12
Board [3s 2d 6c 5d]
Seat 4: nikolnik21 (button) (small blind) folded on the Turn
Seat 5: simper11 (big blind) collected ($5.88)


PokerStars Hand #173595632573:  Hold'em Limit ($3/$6 USD) - 2017/07/27 18:51:59 ET
Table 'Adria' 10-max Seat #5 is the button
Seat 4: nikolnik21 ($151.28 in chips)
Seat 5: simper11 ($86.50 in chips)
simper11: posts small blind $1
nikolnik21: posts big blind $3
*** HOLE CARDS ***
simper11: raises $3 to $6
nikolnik21: calls $3
*** FLOP *** [Jc Qs Kc]
nikolnik21: checks
simper11: bets $3
nikolnik21: calls $3
*** TURN *** [Jc Qs Kc] [8c]
nikolnik21: checks
simper11: checks
*** RIVER *** [Jc Qs Kc 8c] [4c]
nikolnik21: checks
simper11: bets $6
nikolnik21: folds
Uncalled bet ($6) returned to simper11
simper11 collected $17.64 from pot
simper11: doesn't show hand
*** SUMMARY ***
Total pot $18 | Rake $0.36
Board [Jc Qs Kc 8c 4c]
Seat 4: nikolnik21 (big blind) folded on the River
Seat 5: simper11 (button) (small blind) collected ($17.64)


PokerStars Hand #173595621788:  Hold'em Limit ($3/$6 USD) - 2017/07/27 18:51:43 ET
Table 'Adria' 10-max Seat #4 is the button
Seat 4: nikolnik21 ($133.78 in chips)
Seat 5: simper11 ($104.50 in chips)
nikolnik21: posts small blind $1
simper11: posts big blind $3
*** HOLE CARDS ***
nikolnik21: calls $2
simper11: checks
*** FLOP *** [6c 9s Td]
simper11: bets $3
nikolnik21: calls $3
*** TURN *** [6c 9s Td] [Qs]
simper11: bets $6
nikolnik21: calls $6
*** RIVER *** [6c 9s Td Qs] [Ac]
simper11: bets $6
nikolnik21: calls $6
*** SHOW DOWN ***
simper11: shows [Ts 3s] (a pair of Tens)
nikolnik21: shows [Qd 7d] (a pair of Queens)
nikolnik21 collected $35.50 from pot
*** SUMMARY ***
Total pot $36 | Rake $0.50
Board [6c 9s Td Qs Ac]
Seat 4: nikolnik21 (button) (small blind) showed [Qd 7d] and won ($35.50) with a pair of Queens
Seat 5: simper11 (big blind) showed [Ts 3s] and lost with a pair of Tens


PokerStars Hand #173595691167:  Hold'em Limit ($3/$6 USD) - 2017/07/27 18:53:30 ET
Table 'Adria' 10-max Seat #5 is the button
Seat 4: nikolnik21 ($154.78 in chips)
Seat 5: simper11 ($81.78 in chips)
simper11: posts small blind $1
nikolnik21: posts big blind $3
*** HOLE CARDS ***
simper11: raises $3 to $6
nikolnik21: calls $3
*** FLOP *** [7h Jd Ac]
nikolnik21: checks
simper11: bets $3
nikolnik21: calls $3
*** TURN *** [7h Jd Ac] [8c]
nikolnik21: checks
simper11: bets $6
nikolnik21: calls $6
*** RIVER *** [7h Jd Ac 8c] [4h]
nikolnik21: checks
simper11: bets $6
nikolnik21: calls $6
*** SHOW DOWN ***
simper11: shows [5c 8s] (a pair of Eights)
nikolnik21: shows [Ah 6s] (a pair of Aces)
nikolnik21 collected $41.50 from pot
*** SUMMARY ***
Total pot $42 | Rake $0.50
Board [7h Jd Ac 8c 4h]
Seat 4: nikolnik21 (big blind) showed [Ah 6s] and won ($41.50) with a pair of Aces
Seat 5: simper11 (button) (small blind) showed [5c 8s] and lost with a pair of Eights


PokerStars Hand #173595688040:  Hold'em Limit ($3/$6 USD) - 2017/07/27 18:53:25 ET
Table 'Adria' 10-max Seat #4 is the button
Seat 4: nikolnik21 ($155.78 in chips)
Seat 5: simper11 ($80.78 in chips)
nikolnik21: posts small blind $1
simper11: posts big blind $3
*** HOLE CARDS ***
nikolnik21: folds
Uncalled bet ($2) returned to simper11
simper11 collected $2 from pot
simper11: doesn't show hand
*** SUMMARY ***
Total pot $2 | Rake $0
Seat 4: nikolnik21 (button) (small blind) folded before Flop
Seat 5: simper11 (big blind) collected ($2)


PokerStars Hand #173595676328:  Hold'em Limit ($3/$6 USD) - 2017/07/27 18:53:07 ET
Table 'Adria' 10-max Seat #5 is the button
Seat 4: nikolnik21 ($161.78 in chips)
Seat 5: simper11 ($75.02 in chips)
simper11: posts small blind $1
nikolnik21: posts big blind $3
*** HOLE CARDS ***
simper11: raises $3 to $6
nikolnik21: calls $3
*** FLOP *** [Jc 4d 2c]
nikolnik21: checks
simper11: bets $3
nikolnik21: folds
Uncalled bet ($3) returned to simper11
simper11 collected $11.76 from pot
simper11: doesn't show hand
*** SUMMARY ***
Total pot $12 | Rake $0.24
Board [Jc 4d 2c]
Seat 4: nikolnik21 (big blind) folded on the Flop
Seat 5: simper11 (button) (small blind) collected ($11.76)


PokerStars Hand #173595656969:  Hold'em Limit ($3/$6 USD) - 2017/07/27 18:52:37 ET
Table 'Adria' 10-max Seat #5 is the button
Seat 4: nikolnik21 ($139.28 in chips)
Seat 5: simper11 ($98.02 in chips)
simper11: posts small blind $1
nikolnik21: posts big blind $3
*** HOLE CARDS ***
simper11: raises $3 to $6
nikolnik21: raises $3 to $9
simper11: calls $3
*** FLOP *** [3c 2h Jc]
nikolnik21: bets $3
simper11: calls $3
*** TURN *** [3c 2h Jc] [6h]
nikolnik21: bets $6
simper11: calls $6
*** RIVER *** [3c 2h Jc 6h] [2s]
nikolnik21: bets $6
simper11: calls $6
*** SHOW DOWN ***
nikolnik21: shows [Jd 5d] (two pair, Jacks and Deuces)
simper11: mucks hand
nikolnik21 collected $47.50 from pot
*** SUMMARY ***
Total pot $48 | Rake $0.50
Board [3c 2h Jc 6h 2s]
Seat 4: nikolnik21 (big blind) showed [Jd 5d] and won ($47.50) with two pair, Jacks and Deuces
Seat 5: simper11 (button) (small blind) mucked


PokerStars Hand #173595672826:  Hold'em Limit ($3/$6 USD) - 2017/07/27 18:53:01 ET
Table 'Adria' 10-max Seat #4 is the button
Seat 4: nikolnik21 ($162.78 in chips)
Seat 5: simper11 ($74.02 in chips)
nikolnik21: posts small blind $1
simper11: posts big blind $3
*** HOLE CARDS ***
nikolnik21: folds
Uncalled bet ($2) returned to simper11
simper11 collected $2 from pot
simper11: doesn't show hand
*** SUMMARY ***
Total pot $2 | Rake $0
Seat 4: nikolnik21 (button) (small blind) folded before Flop
Seat 5: simper11 (big blind) collected ($2)


PokerStars Hand #173595720161:  Hold'em Limit ($3/$6 USD) - 2017/07/27 18:54:15 ET
Table 'Adria' 10-max Seat #5 is the button
Seat 4: nikolnik21 ($181.04 in chips)
Seat 5: simper11 ($54.78 in chips)
simper11: posts small blind $1
nikolnik21: posts big blind $3
*** HOLE CARDS ***
simper11: folds
Uncalled bet ($2) returned to nikolnik21
nikolnik21 collected $2 from pot
*** SUMMARY ***
Total pot $2 | Rake $0
Seat 4: nikolnik21 (big blind) collected ($2)
Seat 5: simper11 (button) (small blind) folded before Flop


PokerStars Hand #173595703947:  Hold'em Limit ($3/$6 USD) - 2017/07/27 18:53:50 ET
Table 'Adria' 10-max Seat #4 is the button
Seat 4: nikolnik21 ($175.28 in chips)
Seat 5: simper11 ($60.78 in chips)
nikolnik21: posts small blind $1
simper11: posts big blind $3
*** HOLE CARDS ***
nikolnik21: calls $2
simper11: checks
*** FLOP *** [Qc As Js]
simper11: checks
nikolnik21: bets $3
simper11: calls $3
*** TURN *** [Qc As Js] [9c]
simper11: checks
nikolnik21: bets $6
simper11: folds
Uncalled bet ($6) returned to nikolnik21
nikolnik21 collected $11.76 from pot
*** SUMMARY ***
Total pot $12 | Rake $0.24
Board [Qc As Js 9c]
Seat 4: nikolnik21 (button) (small blind) collected ($11.76)
Seat 5: simper11 (big blind) folded on the Turn


PokerStars Hand #173595723500:  Hold'em Limit ($3/$6 USD) - 2017/07/27 18:54:20 ET
Table 'Adria' 10-max Seat #4 is the button
Seat 4: nikolnik21 ($182.04 in chips)
Seat 5: simper11 ($53.78 in chips)
nikolnik21: posts small blind $1
simper11: posts big blind $3
*** HOLE CARDS ***
nikolnik21: raises $3 to $6
simper11: calls $3
*** FLOP *** [5h 6s 4h]
simper11: bets $3
nikolnik21: folds
Uncalled bet ($3) returned to simper11
simper11 collected $11.76 from pot
simper11: doesn't show hand
*** SUMMARY ***
Total pot $12 | Rake $0.24
Board [5h 6s 4h]
Seat 4: nikolnik21 (button) (small blind) folded on the Flop
Seat 5: simper11 (big blind) collected ($11.76)


PokerStars Hand #173595736941:  Hold'em Limit ($3/$6 USD) - 2017/07/27 18:54:34 ET
Table 'Adria' 10-max Seat #5 is the button
Seat 4: nikolnik21 ($176.04 in chips)
Seat 5: simper11 ($59.54 in chips)
simper11: posts small blind $1
nikolnik21: posts big blind $3
*** HOLE CARDS ***
simper11: raises $3 to $6
nikolnik21: calls $3
*** FLOP *** [9c 6d 6c]
nikolnik21: checks
simper11: bets $3
nikolnik21: folds
Uncalled bet ($3) returned to simper11
simper11 collected $11.76 from pot
simper11: doesn't show hand
*** SUMMARY ***
Total pot $12 | Rake $0.24
Board [9c 6d 6c]
Seat 4: nikolnik21 (big blind) folded on the Flop
Seat 5: simper11 (button) (small blind) collected ($11.76)


PokerStars Hand #173595768281:  Hold'em Limit ($3/$6 USD) - 2017/07/27 18:55:26 ET
Table 'Adria' 10-max Seat #5 is the button
Seat 4: nikolnik21 ($190.54 in chips)
Seat 5: simper11 ($44.30 in chips)
simper11: posts small blind $1
nikolnik21: posts big blind $3
*** HOLE CARDS ***
simper11: raises $3 to $6
nikolnik21: folds
Uncalled bet ($3) returned to simper11
Iseethelight joins the table at seat #6
simper11 collected $6 from pot
simper11: doesn't show hand
*** SUMMARY ***
Total pot $6 | Rake $0
Seat 4: nikolnik21 (big blind) folded before Flop
Seat 5: simper11 (button) (small blind) collected ($6)


PokerStars Hand #173595747364:  Hold'em Limit ($3/$6 USD) - 2017/07/27 18:54:51 ET
Table 'Adria' 10-max Seat #4 is the button
Seat 4: nikolnik21 ($170.04 in chips)
Seat 5: simper11 ($65.30 in chips)
nikolnik21: posts small blind $1
simper11: posts big blind $3
*** HOLE CARDS ***
nikolnik21: raises $3 to $6
simper11: calls $3
*** FLOP *** [Qd Td 8h]
simper11: bets $3
nikolnik21: calls $3
*** TURN *** [Qd Td 8h] [Ts]
simper11: bets $6
nikolnik21: calls $6
*** RIVER *** [Qd Td 8h Ts] [4s]
simper11: checks
nikolnik21: bets $6
simper11: calls $6
*** SHOW DOWN ***
nikolnik21: shows [Ac Tc] (three of a kind, Tens)
simper11: mucks hand
nikolnik21 collected $41.50 from pot
*** SUMMARY ***
Total pot $42 | Rake $0.50
Board [Qd Td 8h Ts 4s]
Seat 4: nikolnik21 (button) (small blind) showed [Ac Tc] and won ($41.50) with three of a kind, Tens
Seat 5: simper11 (big blind) mucked


PokerStars Hand #173595772227:  Hold'em Limit ($3/$6 USD) - 2017/07/27 18:55:34 ET
Table 'Adria' 10-max Seat #4 is the button
Seat 4: nikolnik21 ($187.54 in chips)
Seat 5: simper11 ($47.30 in chips)
nikolnik21: posts small blind $1
simper11: posts big blind $3
*** HOLE CARDS ***
nikolnik21: calls $2
simper11: checks
*** FLOP *** [Td 7d Kh]
simper11: checks
nikolnik21: checks
*** TURN *** [Td 7d Kh] [8s]
simper11: checks
nikolnik21: checks
*** RIVER *** [Td 7d Kh 8s] [Qd]
simper11: checks
nikolnik21: checks
*** SHOW DOWN ***
simper11: shows [3d As] (high card Ace)
nikolnik21: mucks hand
simper11 collected $5.88 from pot
*** SUMMARY ***
Total pot $6 | Rake $0.12
Board [Td 7d Kh 8s Qd]
Seat 4: nikolnik21 (button) (small blind) mucked
Seat 5: simper11 (big blind) showed [3d As] and won ($5.88) with high card Ace


