PokerStars Hand #158880589515:  Hold'em Limit ($3/$6 USD) - 2016/09/20 20:24:25 ET
Table 'Adria II' 6-max Seat #1 is the button
Seat 1: RaisemyNut$ ($165.09 in chips)
Seat 6: happyshine88 ($134.11 in chips)
RaisemyNut$: posts small blind $1
happyshine88: posts big blind $3
*** HOLE CARDS ***
RaisemyNut$: raises $3 to $6
happyshine88: calls $3
*** FLOP *** [8d 6h Ts]
happyshine88: checks
RaisemyNut$: bets $3
happyshine88: calls $3
*** TURN *** [8d 6h Ts] [3h]
happyshine88: checks
RaisemyNut$: bets $6
happyshine88: calls $6
*** RIVER *** [8d 6h Ts 3h] [5c]
happyshine88: checks
RaisemyNut$: bets $6
happyshine88: calls $6
*** SHOW DOWN ***
RaisemyNut$: shows [Qs 8c] (a pair of Eights)
happyshine88: mucks hand
RaisemyNut$ collected $41.50 from pot
*** SUMMARY ***
Total pot $42 | Rake $0.50
Board [8d 6h Ts 3h 5c]
Seat 1: RaisemyNut$ (button) (small blind) showed [Qs 8c] and won ($41.50) with a pair of Eights
Seat 6: happyshine88 (big blind) mucked


PokerStars Hand #158880620791:  Hold'em Limit ($3/$6 USD) - 2016/09/20 20:25:35 ET
Table 'Adria II' 6-max Seat #6 is the button
Seat 1: RaisemyNut$ ($185.59 in chips)
Seat 6: happyshine88 ($113.11 in chips)
happyshine88: posts small blind $1
RaisemyNut$: posts big blind $3
*** HOLE CARDS ***
happyshine88: raises $3 to $6
RaisemyNut$: calls $3
*** FLOP *** [3h Jd Qc]
RaisemyNut$: checks
happyshine88: bets $3
RaisemyNut$: raises $3 to $6
happyshine88: calls $3
*** TURN *** [3h Jd Qc] [Kh]
RaisemyNut$: bets $6
happyshine88: calls $6
*** RIVER *** [3h Jd Qc Kh] [Kd]
RaisemyNut$: bets $6
happyshine88: calls $6
*** SHOW DOWN ***
RaisemyNut$: shows [4c Qh] (two pair, Kings and Queens)
happyshine88: mucks hand
RaisemyNut$ collected $47.50 from pot
*** SUMMARY ***
Total pot $48 | Rake $0.50
Board [3h Jd Qc Kh Kd]
Seat 1: RaisemyNut$ (big blind) showed [4c Qh] and won ($47.50) with two pair, Kings and Queens
Seat 6: happyshine88 (button) (small blind) mucked


PokerStars Hand #158880893330:  Hold'em Limit ($3/$6 USD) - 2016/09/20 20:35:50 ET
Table 'Adria II' 6-max Seat #1 is the button
Seat 1: RaisemyNut$ ($209.09 in chips)
Seat 2: _fayzulllo_ ($72 in chips)
RaisemyNut$: posts small blind $1
_fayzulllo_: posts big blind $3
*** HOLE CARDS ***
RaisemyNut$: raises $3 to $6
_fayzulllo_: calls $3
*** FLOP *** [4d 6s 9s]
_fayzulllo_: checks
RaisemyNut$: bets $3
_fayzulllo_: calls $3
*** TURN *** [4d 6s 9s] [7s]
_fayzulllo_: checks
RaisemyNut$: checks
*** RIVER *** [4d 6s 9s 7s] [8c]
_fayzulllo_: bets $6
RaisemyNut$: calls $6
*** SHOW DOWN ***
_fayzulllo_: shows [7h Tc] (a straight, Six to Ten)
RaisemyNut$: mucks hand
_fayzulllo_ collected $29.50 from pot
*** SUMMARY ***
Total pot $30 | Rake $0.50
Board [4d 6s 9s 7s 8c]
Seat 1: RaisemyNut$ (button) (small blind) mucked
Seat 2: _fayzulllo_ (big blind) showed [7h Tc] and won ($29.50) with a straight, Six to Ten


PokerStars Hand #158880927524:  Hold'em Limit ($3/$6 USD) - 2016/09/20 20:36:57 ET
Table 'Adria II' 6-max Seat #1 is the button
Seat 1: RaisemyNut$ ($211.59 in chips)
Seat 2: _fayzulllo_ ($68.50 in chips)
RaisemyNut$: posts small blind $1
_fayzulllo_: posts big blind $3
*** HOLE CARDS ***
RaisemyNut$: folds
Uncalled bet ($2) returned to _fayzulllo_
_fayzulllo_ collected $2 from pot
_fayzulllo_: doesn't show hand
*** SUMMARY ***
Total pot $2 | Rake $0
Seat 1: RaisemyNut$ (button) (small blind) folded before Flop
Seat 2: _fayzulllo_ (big blind) collected ($2)


PokerStars Hand #158880911649:  Hold'em Limit ($3/$6 USD) - 2016/09/20 20:36:20 ET
Table 'Adria II' 6-max Seat #2 is the button
Seat 1: RaisemyNut$ ($194.09 in chips)
Seat 2: _fayzulllo_ ($86.50 in chips)
_fayzulllo_: posts small blind $1
RaisemyNut$: posts big blind $3
*** HOLE CARDS ***
happyshine88 was removed from the table for failing to post
_fayzulllo_: calls $2
RaisemyNut$: checks
*** FLOP *** [4c 7c 2s]
RaisemyNut$: bets $3
_fayzulllo_: calls $3
*** TURN *** [4c 7c 2s] [2c]
RaisemyNut$: bets $6
_fayzulllo_: calls $6
*** RIVER *** [4c 7c 2s 2c] [5s]
RaisemyNut$: bets $6
_fayzulllo_: calls $6
*** SHOW DOWN ***
RaisemyNut$: shows [4d Js] (two pair, Fours and Deuces)
_fayzulllo_: mucks hand
RaisemyNut$ collected $35.50 from pot
*** SUMMARY ***
Total pot $36 | Rake $0.50
Board [4c 7c 2s 2c 5s]
Seat 1: RaisemyNut$ (big blind) showed [4d Js] and won ($35.50) with two pair, Fours and Deuces
Seat 2: _fayzulllo_ (button) (small blind) mucked


PokerStars Hand #158880930194:  Hold'em Limit ($3/$6 USD) - 2016/09/20 20:37:03 ET
Table 'Adria II' 6-max Seat #2 is the button
Seat 1: RaisemyNut$ ($210.59 in chips)
Seat 2: _fayzulllo_ ($69.50 in chips)
_fayzulllo_: posts small blind $1
RaisemyNut$: posts big blind $3
*** HOLE CARDS ***
_fayzulllo_: raises $3 to $6
RaisemyNut$: calls $3
*** FLOP *** [6s Jd 8c]
RaisemyNut$: checks
_fayzulllo_ is disconnected
_fayzulllo_ has timed out while disconnected
_fayzulllo_: checks
*** TURN *** [6s Jd 8c] [5d]
RaisemyNut$: bets $6
_fayzulllo_ is connected
_fayzulllo_: raises $6 to $12
RaisemyNut$: raises $6 to $18
ABATAPP joins the table at seat #3
_fayzulllo_: calls $6
*** RIVER *** [6s Jd 8c 5d] [5h]
RaisemyNut$: bets $6
_fayzulllo_: calls $6
*** SHOW DOWN ***
RaisemyNut$: shows [Js Kc] (two pair, Jacks and Fives)
_fayzulllo_: shows [Ks Jc] (two pair, Jacks and Fives)
RaisemyNut$ collected $29.75 from pot
_fayzulllo_ collected $29.75 from pot
*** SUMMARY ***
Total pot $60 | Rake $0.50
Board [6s Jd 8c 5d 5h]
Seat 1: RaisemyNut$ (big blind) showed [Js Kc] and won ($29.75) with two pair, Jacks and Fives
Seat 2: _fayzulllo_ (button) (small blind) showed [Ks Jc] and won ($29.75) with two pair, Jacks and Fives


PokerStars Hand #158880958614:  Hold'em Limit ($3/$6 USD) - 2016/09/20 20:38:08 ET
Table 'Adria II' 6-max Seat #1 is the button
Seat 1: RaisemyNut$ ($210.34 in chips)
Seat 2: _fayzulllo_ ($69.25 in chips)
RaisemyNut$: posts small blind $1
_fayzulllo_: posts big blind $3
*** HOLE CARDS ***
RaisemyNut$: raises $3 to $6
_fayzulllo_: calls $3
*** FLOP *** [Jc 4c Jh]
_fayzulllo_: checks
RaisemyNut$: bets $3
_fayzulllo_: calls $3
*** TURN *** [Jc 4c Jh] [5s]
_fayzulllo_: checks
RaisemyNut$: bets $6
_fayzulllo_: calls $6
*** RIVER *** [Jc 4c Jh 5s] [2d]
_fayzulllo_: checks
RaisemyNut$: checks
*** SHOW DOWN ***
_fayzulllo_: shows [4s Th] (two pair, Jacks and Fours)
RaisemyNut$: mucks hand
_fayzulllo_ collected $29.50 from pot
*** SUMMARY ***
Total pot $30 | Rake $0.50
Board [Jc 4c Jh 5s 2d]
Seat 1: RaisemyNut$ (button) (small blind) mucked
Seat 2: _fayzulllo_ (big blind) showed [4s Th] and won ($29.50) with two pair, Jacks and Fours


PokerStars Hand #158881015298:  Hold'em Limit ($3/$6 USD) - 2016/09/20 20:40:20 ET
Table 'Adria II' 6-max Seat #1 is the button
Seat 1: RaisemyNut$ ($165.34 in chips)
Seat 3: ABATAPP ($134.07 in chips)
RaisemyNut$: posts small blind $1
_fayzulllo_: is sitting out
ABATAPP: posts big blind $3
*** HOLE CARDS ***
playergains joins the table at seat #4
_fayzulllo_ leaves the table
RaisemyNut$: folds
Uncalled bet ($2) returned to ABATAPP
ABATAPP collected $2 from pot
ABATAPP: doesn't show hand
*** SUMMARY ***
Total pot $2 | Rake $0
Seat 1: RaisemyNut$ (button) (small blind) folded before Flop
Seat 3: ABATAPP (big blind) collected ($2)


PokerStars Hand #158881046715:  Hold'em Limit ($3/$6 USD) - 2016/09/20 20:41:34 ET
Table 'Adria II' 6-max Seat #4 is the button
Seat 1: RaisemyNut$ ($146.34 in chips)
Seat 4: playergains ($84.50 in chips)
playergains: posts small blind $1
RaisemyNut$: posts big blind $3
*** HOLE CARDS ***
playergains: raises $3 to $6
RaisemyNut$: calls $3
*** FLOP *** [Qc 5c 5s]
RaisemyNut$: checks
playergains: bets $3
RaisemyNut$: raises $3 to $6
playergains: calls $3
*** TURN *** [Qc 5c 5s] [6h]
RaisemyNut$: bets $6
playergains: raises $6 to $12
RaisemyNut$: calls $6
*** RIVER *** [Qc 5c 5s 6h] [Jc]
RaisemyNut$: checks
playergains: bets $6
RaisemyNut$: calls $6
*** SHOW DOWN ***
playergains: shows [6c 5h] (a full house, Fives full of Sixes)
RaisemyNut$: mucks hand
playergains collected $59.50 from pot
*** SUMMARY ***
Total pot $60 | Rake $0.50
Board [Qc 5c 5s 6h Jc]
Seat 1: RaisemyNut$ (big blind) mucked
Seat 4: playergains (button) (small blind) showed [6c 5h] and won ($59.50) with a full house, Fives full of Sixes


PokerStars Hand #158881027564:  Hold'em Limit ($3/$6 USD) - 2016/09/20 20:40:49 ET
Table 'Adria II' 6-max Seat #1 is the button
Seat 1: RaisemyNut$ ($161.34 in chips)
Seat 4: playergains ($70 in chips)
RaisemyNut$: posts small blind $1
ABATAPP: is sitting out
ABATAPP leaves the table
playergains: posts big blind $3
*** HOLE CARDS ***
RaisemyNut$: raises $3 to $6
playergains: calls $3
*** FLOP *** [4s 8h 3h]
playergains: checks
RaisemyNut$: bets $3
playergains: calls $3
*** TURN *** [4s 8h 3h] [9c]
playergains: checks
RaisemyNut$: checks
*** RIVER *** [4s 8h 3h 9c] [2d]
playergains: bets $6
RaisemyNut$: calls $6
*** SHOW DOWN ***
playergains: shows [3s As] (a pair of Threes)
RaisemyNut$: mucks hand
playergains collected $29.50 from pot
*** SUMMARY ***
Total pot $30 | Rake $0.50
Board [4s 8h 3h 9c 2d]
Seat 1: RaisemyNut$ (button) (small blind) mucked
Seat 4: playergains (big blind) showed [3s As] and won ($29.50) with a pair of Threes


PokerStars Hand #158881087874:  Hold'em Limit ($3/$6 USD) - 2016/09/20 20:43:11 ET
Table 'Adria II' 6-max Seat #4 is the button
Seat 1: RaisemyNut$ ($130.84 in chips)
Seat 4: playergains ($99 in chips)
playergains: posts small blind $1
RaisemyNut$: posts big blind $3
*** HOLE CARDS ***
playergains: folds
Uncalled bet ($2) returned to RaisemyNut$
RaisemyNut$ collected $2 from pot
RaisemyNut$: doesn't show hand
*** SUMMARY ***
Total pot $2 | Rake $0
Seat 1: RaisemyNut$ (big blind) collected ($2)
Seat 4: playergains (button) (small blind) folded before Flop


PokerStars Hand #158881085507:  Hold'em Limit ($3/$6 USD) - 2016/09/20 20:43:05 ET
Table 'Adria II' 6-max Seat #1 is the button
Seat 1: RaisemyNut$ ($131.84 in chips)
Seat 4: playergains ($98 in chips)
RaisemyNut$: posts small blind $1
playergains: posts big blind $3
*** HOLE CARDS ***
RaisemyNut$: folds
Uncalled bet ($2) returned to playergains
playergains collected $2 from pot
playergains: doesn't show hand
*** SUMMARY ***
Total pot $2 | Rake $0
Seat 1: RaisemyNut$ (button) (small blind) folded before Flop
Seat 4: playergains (big blind) collected ($2)


PokerStars Hand #158881082522:  Hold'em Limit ($3/$6 USD) - 2016/09/20 20:42:58 ET
Table 'Adria II' 6-max Seat #4 is the button
Seat 1: RaisemyNut$ ($130.84 in chips)
Seat 4: playergains ($99 in chips)
playergains: posts small blind $1
RaisemyNut$: posts big blind $3
*** HOLE CARDS ***
playergains: folds
Uncalled bet ($2) returned to RaisemyNut$
RaisemyNut$ collected $2 from pot
RaisemyNut$: doesn't show hand
*** SUMMARY ***
Total pot $2 | Rake $0
Seat 1: RaisemyNut$ (big blind) collected ($2)
Seat 4: playergains (button) (small blind) folded before Flop


PokerStars Hand #158881065617:  Hold'em Limit ($3/$6 USD) - 2016/09/20 20:42:18 ET
Table 'Adria II' 6-max Seat #1 is the button
Seat 1: RaisemyNut$ ($116.34 in chips)
Seat 4: playergains ($114 in chips)
RaisemyNut$: posts small blind $1
playergains: posts big blind $3
*** HOLE CARDS ***
RaisemyNut$: raises $3 to $6
playergains: calls $3
*** FLOP *** [4h Jd 5h]
playergains: checks
RaisemyNut$: bets $3
playergains: calls $3
*** TURN *** [4h Jd 5h] [Qh]
playergains: checks
RaisemyNut$: bets $6
playergains: calls $6
*** RIVER *** [4h Jd 5h Qh] [5s]
playergains: checks
RaisemyNut$: checks
*** SHOW DOWN ***
playergains: shows [Ts Kc] (a pair of Fives)
RaisemyNut$: shows [4c As] (two pair, Fives and Fours)
RaisemyNut$ collected $29.50 from pot
*** SUMMARY ***
Total pot $30 | Rake $0.50
Board [4h Jd 5h Qh 5s]
Seat 1: RaisemyNut$ (button) (small blind) showed [4c As] and won ($29.50) with two pair, Fives and Fours
Seat 4: playergains (big blind) showed [Ts Kc] and lost with a pair of Fives


PokerStars Hand #158881100718:  Hold'em Limit ($3/$6 USD) - 2016/09/20 20:43:41 ET
Table 'Adria II' 6-max Seat #4 is the button
Seat 1: RaisemyNut$ ($137.60 in chips)
Seat 4: playergains ($92 in chips)
playergains: posts small blind $1
RaisemyNut$: posts big blind $3
*** HOLE CARDS ***
playergains: raises $3 to $6
RaisemyNut$: calls $3
*** FLOP *** [3d Ac 2c]
RaisemyNut$: checks
playergains: bets $3
RaisemyNut$: calls $3
*** TURN *** [3d Ac 2c] [Jh]
RaisemyNut$: checks
playergains: checks
*** RIVER *** [3d Ac 2c Jh] [2d]
RaisemyNut$: checks
playergains: checks
*** SHOW DOWN ***
RaisemyNut$: shows [Kh 6h] (a pair of Deuces)
playergains: mucks hand
RaisemyNut$ collected $17.64 from pot
*** SUMMARY ***
Total pot $18 | Rake $0.36
Board [3d Ac 2c Jh 2d]
Seat 1: RaisemyNut$ (big blind) showed [Kh 6h] and won ($17.64) with a pair of Deuces
Seat 4: playergains (button) (small blind) mucked


PokerStars Hand #158881091032:  Hold'em Limit ($3/$6 USD) - 2016/09/20 20:43:18 ET
Table 'Adria II' 6-max Seat #1 is the button
Seat 1: RaisemyNut$ ($131.84 in chips)
Seat 4: playergains ($98 in chips)
RaisemyNut$: posts small blind $1
playergains: posts big blind $3
*** HOLE CARDS ***
RaisemyNut$: raises $3 to $6
playergains: calls $3
*** FLOP *** [Ac 4s 9h]
playergains: checks
RaisemyNut$: bets $3
playergains: folds
Uncalled bet ($3) returned to RaisemyNut$
RaisemyNut$ collected $11.76 from pot
RaisemyNut$: doesn't show hand
*** SUMMARY ***
Total pot $12 | Rake $0.24
Board [Ac 4s 9h]
Seat 1: RaisemyNut$ (button) (small blind) collected ($11.76)
Seat 4: playergains (big blind) folded on the Flop


PokerStars Hand #158881117335:  Hold'em Limit ($3/$6 USD) - 2016/09/20 20:44:20 ET
Table 'Adria II' 6-max Seat #1 is the button
Seat 1: RaisemyNut$ ($146.24 in chips)
Seat 4: playergains ($83 in chips)
RaisemyNut$: posts small blind $1
playergains: posts big blind $3
*** HOLE CARDS ***
llmaiconll joins the table at seat #3
RaisemyNut$: raises $3 to $6
playergains: calls $3
*** FLOP *** [9c Ad 8d]
playergains: checks
RaisemyNut$: bets $3
playergains: calls $3
*** TURN *** [9c Ad 8d] [Ks]
playergains: checks
RaisemyNut$: checks
*** RIVER *** [9c Ad 8d Ks] [7h]
zepsweden joins the table at seat #2
playergains: bets $6
RaisemyNut$: folds
Uncalled bet ($6) returned to playergains
playergains collected $17.64 from pot
*** SUMMARY ***
Total pot $18 | Rake $0.36
Board [9c Ad 8d Ks 7h]
Seat 1: RaisemyNut$ (button) (small blind) folded on the River
Seat 4: playergains (big blind) collected ($17.64)


PokerStars Hand #158881133711:  Hold'em Limit ($3/$6 USD) - 2016/09/20 20:44:59 ET
Table 'Adria II' 6-max Seat #4 is the button
Seat 1: RaisemyNut$ ($137.24 in chips)
Seat 4: playergains ($91.64 in chips)
playergains: posts small blind $1
RaisemyNut$: posts big blind $3
*** HOLE CARDS ***
playergains: raises $3 to $6
RaisemyNut$: calls $3
*** FLOP *** [Kh Qd Jd]
RaisemyNut$: checks
playergains: bets $3
RaisemyNut$: raises $3 to $6
playergains: calls $3
*** TURN *** [Kh Qd Jd] [9c]
RaisemyNut$: bets $6
playergains: raises $6 to $12
RaisemyNut$: folds
Uncalled bet ($6) returned to playergains
playergains collected $35.50 from pot
*** SUMMARY ***
Total pot $36 | Rake $0.50
Board [Kh Qd Jd 9c]
Seat 1: RaisemyNut$ (big blind) folded on the Turn
Seat 4: playergains (button) (small blind) collected ($35.50)


PokerStars Hand #158886387354:  Hold'em Limit ($3/$6 USD) - 2016/09/21 1:36:36 ET
Table 'Adria II' 6-max Seat #6 is the button
Seat 1: RaisemyNut$ ($116.89 in chips)
Seat 6: happyshine88 ($137.53 in chips)
happyshine88: posts small blind $1
RaisemyNut$: posts big blind $3
*** HOLE CARDS ***
happyshine88: folds
Uncalled bet ($2) returned to RaisemyNut$
RaisemyNut$ collected $2 from pot
RaisemyNut$: doesn't show hand
*** SUMMARY ***
Total pot $2 | Rake $0
Seat 1: RaisemyNut$ (big blind) collected ($2)
Seat 6: happyshine88 (button) (small blind) folded before Flop


PokerStars Hand #158886383562:  Hold'em Limit ($3/$6 USD) - 2016/09/21 1:36:20 ET
Table 'Adria II' 6-max Seat #1 is the button
Seat 1: RaisemyNut$ ($111.13 in chips)
Seat 6: happyshine88 ($143.53 in chips)
RaisemyNut$: posts small blind $1
playergains: is sitting out
happyshine88: posts big blind $3
*** HOLE CARDS ***
RaisemyNut$: raises $3 to $6
playergains leaves the table
Agrotait leaves the table
happyshine88: calls $3
*** FLOP *** [4h 3h 7s]
happyshine88: checks
RaisemyNut$: bets $3
happyshine88: folds
Uncalled bet ($3) returned to RaisemyNut$
RaisemyNut$ collected $11.76 from pot
RaisemyNut$: doesn't show hand
*** SUMMARY ***
Total pot $12 | Rake $0.24
Board [4h 3h 7s]
Seat 1: RaisemyNut$ (button) (small blind) collected ($11.76)
Seat 6: happyshine88 (big blind) folded on the Flop


