PokerStars Hand #159803251714:  Hold'em Limit ($3/$6 USD) - 2016/10/11 17:36:11 ET
Table 'Adriana' 6-max Seat #3 is the button
Seat 3: xcgxcg2005 ($104 in chips)
Seat 4: Actionni13 ($165.64 in chips)
xcgxcg2005: posts small blind $1
Actionni13: posts big blind $3
*** HOLE CARDS ***
xcgxcg2005: folds
Uncalled bet ($2) returned to Actionni13
Actionni13 collected $2 from pot
Actionni13: doesn't show hand
*** SUMMARY ***
Total pot $2 | Rake $0
Seat 3: xcgxcg2005 (button) (small blind) folded before Flop
Seat 4: Actionni13 (big blind) collected ($2)


PokerStars Hand #159803263955:  Hold'em Limit ($3/$6 USD) - 2016/10/11 17:36:27 ET
Table 'Adriana' 6-max Seat #3 is the button
Seat 3: xcgxcg2005 ($100 in chips)
Seat 4: Actionni13 ($169.64 in chips)
xcgxcg2005: posts small blind $1
Actionni13: posts big blind $3
*** HOLE CARDS ***
xcgxcg2005: folds
Uncalled bet ($2) returned to Actionni13
Actionni13 collected $2 from pot
Actionni13: doesn't show hand
*** SUMMARY ***
Total pot $2 | Rake $0
Seat 3: xcgxcg2005 (button) (small blind) folded before Flop
Seat 4: Actionni13 (big blind) collected ($2)


PokerStars Hand #159803255301:  Hold'em Limit ($3/$6 USD) - 2016/10/11 17:36:16 ET
Table 'Adriana' 6-max Seat #4 is the button
Seat 3: xcgxcg2005 ($103 in chips)
Seat 4: Actionni13 ($166.64 in chips)
Actionni13: posts small blind $1
xcgxcg2005: posts big blind $3
*** HOLE CARDS ***
Actionni13: raises $3 to $6
xcgxcg2005: folds
Uncalled bet ($3) returned to Actionni13
Actionni13 collected $6 from pot
Actionni13: doesn't show hand
*** SUMMARY ***
Total pot $6 | Rake $0
Seat 3: xcgxcg2005 (big blind) folded before Flop
Seat 4: Actionni13 (button) (small blind) collected ($6)


PokerStars Hand #159803222230:  Hold'em Limit ($3/$6 USD) - 2016/10/11 17:35:35 ET
Table 'Adriana' 6-max Seat #3 is the button
Seat 3: xcgxcg2005 ($120 in chips)
Seat 4: Actionni13 ($150 in chips)
xcgxcg2005: posts small blind $1
Actionni13: posts big blind $3
*** HOLE CARDS ***
xcgxcg2005: raises $3 to $6
Actionni13: calls $3
*** FLOP *** [As 2d Kh]
Actionni13: checks
xcgxcg2005: bets $3
Actionni13: raises $3 to $6
xcgxcg2005: folds
Uncalled bet ($3) returned to Actionni13
Actionni13 collected $17.64 from pot
Actionni13: doesn't show hand
*** SUMMARY ***
Total pot $18 | Rake $0.36
Board [As 2d Kh]
Seat 3: xcgxcg2005 (button) (small blind) folded on the Flop
Seat 4: Actionni13 (big blind) collected ($17.64)


PokerStars Hand #159803242195:  Hold'em Limit ($3/$6 USD) - 2016/10/11 17:36:00 ET
Table 'Adriana' 6-max Seat #3 is the button
Seat 3: xcgxcg2005 ($108 in chips)
Seat 4: Actionni13 ($161.64 in chips)
xcgxcg2005: posts small blind $1
Actionni13: posts big blind $3
*** HOLE CARDS ***
xcgxcg2005: folds
Uncalled bet ($2) returned to Actionni13
Actionni13 collected $2 from pot
Actionni13: doesn't show hand
*** SUMMARY ***
Total pot $2 | Rake $0
Seat 3: xcgxcg2005 (button) (small blind) folded before Flop
Seat 4: Actionni13 (big blind) collected ($2)


PokerStars Hand #159803235676:  Hold'em Limit ($3/$6 USD) - 2016/10/11 17:35:52 ET
Table 'Adriana' 6-max Seat #4 is the button
Seat 3: xcgxcg2005 ($111 in chips)
Seat 4: Actionni13 ($158.64 in chips)
Actionni13: posts small blind $1
xcgxcg2005: posts big blind $3
*** HOLE CARDS ***
Actionni13: raises $3 to $6
xcgxcg2005: folds
Uncalled bet ($3) returned to Actionni13
Actionni13 collected $6 from pot
Actionni13: doesn't show hand
*** SUMMARY ***
Total pot $6 | Rake $0
Seat 3: xcgxcg2005 (big blind) folded before Flop
Seat 4: Actionni13 (button) (small blind) collected ($6)


PokerStars Hand #159803245826:  Hold'em Limit ($3/$6 USD) - 2016/10/11 17:36:04 ET
Table 'Adriana' 6-max Seat #4 is the button
Seat 3: xcgxcg2005 ($107 in chips)
Seat 4: Actionni13 ($162.64 in chips)
Actionni13: posts small blind $1
xcgxcg2005: posts big blind $3
*** HOLE CARDS ***
Actionni13: raises $3 to $6
xcgxcg2005: folds
Uncalled bet ($3) returned to Actionni13
Actionni13 collected $6 from pot
Actionni13: doesn't show hand
*** SUMMARY ***
Total pot $6 | Rake $0
Seat 3: xcgxcg2005 (big blind) folded before Flop
Seat 4: Actionni13 (button) (small blind) collected ($6)


PokerStars Hand #159803267598:  Hold'em Limit ($3/$6 USD) - 2016/10/11 17:36:31 ET
Table 'Adriana' 6-max Seat #4 is the button
Seat 3: xcgxcg2005 ($99 in chips)
Seat 4: Actionni13 ($170.64 in chips)
Actionni13: posts small blind $1
xcgxcg2005: posts big blind $3
*** HOLE CARDS ***
Actionni13: raises $3 to $6
xcgxcg2005: folds
Uncalled bet ($3) returned to Actionni13
Actionni13 collected $6 from pot
Actionni13: doesn't show hand
*** SUMMARY ***
Total pot $6 | Rake $0
Seat 3: xcgxcg2005 (big blind) folded before Flop
Seat 4: Actionni13 (button) (small blind) collected ($6)


PokerStars Hand #159803272339:  Hold'em Limit ($3/$6 USD) - 2016/10/11 17:36:37 ET
Table 'Adriana' 6-max Seat #3 is the button
Seat 3: xcgxcg2005 ($96 in chips)
Seat 4: Actionni13 ($173.64 in chips)
xcgxcg2005: posts small blind $1
Actionni13: posts big blind $3
*** HOLE CARDS ***
xcgxcg2005: raises $3 to $6
Actionni13: calls $3
*** FLOP *** [7d 3h Qh]
Actionni13: checks
xcgxcg2005: bets $3
Actionni13: raises $3 to $6
xcgxcg2005: raises $3 to $9
Actionni13: calls $3
*** TURN *** [7d 3h Qh] [8s]
Actionni13: checks
xcgxcg2005: checks
*** RIVER *** [7d 3h Qh 8s] [5d]
Actionni13: checks
xcgxcg2005: checks
*** SHOW DOWN ***
Actionni13: shows [9h 7c] (a pair of Sevens)
xcgxcg2005: mucks hand
Actionni13 collected $29.50 from pot
*** SUMMARY ***
Total pot $30 | Rake $0.50
Board [7d 3h Qh 8s 5d]
Seat 3: xcgxcg2005 (button) (small blind) mucked
Seat 4: Actionni13 (big blind) showed [9h 7c] and won ($29.50) with a pair of Sevens


PokerStars Hand #159803327701:  Hold'em Limit ($3/$6 USD) - 2016/10/11 17:37:46 ET
Table 'Adriana' 6-max Seat #3 is the button
Seat 3: xcgxcg2005 ($110.50 in chips)
Seat 4: Actionni13 ($158.14 in chips)
xcgxcg2005: posts small blind $1
Actionni13: posts big blind $3
*** HOLE CARDS ***
xcgxcg2005: raises $3 to $6
Actionni13: raises $3 to $9
xcgxcg2005: raises $3 to $12
Betting is capped
Actionni13: calls $3
*** FLOP *** [8c 5d 2s]
Actionni13: checks
xcgxcg2005: bets $3
Actionni13: calls $3
*** TURN *** [8c 5d 2s] [Ks]
Actionni13: bets $6
xcgxcg2005: raises $6 to $12
Actionni13: folds
Uncalled bet ($6) returned to xcgxcg2005
xcgxcg2005 collected $41.50 from pot
xcgxcg2005: doesn't show hand
*** SUMMARY ***
Total pot $42 | Rake $0.50
Board [8c 5d 2s Ks]
Seat 3: xcgxcg2005 (button) (small blind) collected ($41.50)
Seat 4: Actionni13 (big blind) folded on the Turn


PokerStars Hand #159803295410:  Hold'em Limit ($3/$6 USD) - 2016/10/11 17:37:06 ET
Table 'Adriana' 6-max Seat #4 is the button
Seat 3: xcgxcg2005 ($81 in chips)
Seat 4: Actionni13 ($188.14 in chips)
Actionni13: posts small blind $1
xcgxcg2005: posts big blind $3
*** HOLE CARDS ***
Psynto joins the table at seat #5
Actionni13: raises $3 to $6
xcgxcg2005: raises $3 to $9
Actionni13: calls $3
*** FLOP *** [2c Tc 9c]
xcgxcg2005: bets $3
Actionni13: raises $3 to $6
xcgxcg2005: raises $3 to $9
Actionni13: calls $3
*** TURN *** [2c Tc 9c] [Th]
xcgxcg2005: bets $6
Actionni13: calls $6
*** RIVER *** [2c Tc 9c Th] [Js]
xcgxcg2005: bets $6
Actionni13: calls $6
*** SHOW DOWN ***
xcgxcg2005: shows [Td Jh] (a full house, Tens full of Jacks)
Actionni13: mucks hand
xcgxcg2005 collected $59.50 from pot
*** SUMMARY ***
Total pot $60 | Rake $0.50
Board [2c Tc 9c Th Js]
Seat 3: xcgxcg2005 (big blind) showed [Td Jh] and won ($59.50) with a full house, Tens full of Jacks
Seat 4: Actionni13 (button) (small blind) mucked


PokerStars Hand #159804369510:  Hold'em Limit ($3/$6 USD) - 2016/10/11 18:00:56 ET
Table 'Adriana' 6-max Seat #3 is the button
Seat 3: xcgxcg2005 ($77 in chips)
Seat 4: Actionni13 ($204.93 in chips)
xcgxcg2005: posts small blind $1
Actionni13: posts big blind $3
*** HOLE CARDS ***
xcgxcg2005: folds
Uncalled bet ($2) returned to Actionni13
Actionni13 collected $2 from pot
Actionni13: doesn't show hand
*** SUMMARY ***
Total pot $2 | Rake $0
Seat 3: xcgxcg2005 (button) (small blind) folded before Flop
Seat 4: Actionni13 (big blind) collected ($2)


PokerStars Hand #159804345300:  Hold'em Limit ($3/$6 USD) - 2016/10/11 18:00:19 ET
Table 'Adriana' 6-max Seat #4 is the button
Seat 3: xcgxcg2005 ($113 in chips)
Seat 4: Actionni13 ($169.43 in chips)
Actionni13: posts small blind $1
xcgxcg2005: posts big blind $3
*** HOLE CARDS ***
Actionni13: raises $3 to $6
xcgxcg2005: raises $3 to $9
Actionni13: calls $3
*** FLOP *** [Ah 8h 6c]
xcgxcg2005: bets $3
Actionni13: calls $3
*** TURN *** [Ah 8h 6c] [7c]
xcgxcg2005: bets $6
Actionni13: raises $6 to $12
xcgxcg2005: raises $6 to $18
Actionni13: calls $6
*** RIVER *** [Ah 8h 6c 7c] [4h]
xcgxcg2005: checks
Actionni13: bets $6
xcgxcg2005: calls $6
*** SHOW DOWN ***
Actionni13: shows [Ad 6h] (two pair, Aces and Sixes)
xcgxcg2005: mucks hand
Actionni13 collected $71.50 from pot
*** SUMMARY ***
Total pot $72 | Rake $0.50
Board [Ah 8h 6c 7c 4h]
Seat 3: xcgxcg2005 (big blind) mucked
Seat 4: Actionni13 (button) (small blind) showed [Ad 6h] and won ($71.50) with two pair, Aces and Sixes


PokerStars Hand #159804401978:  Hold'em Limit ($3/$6 USD) - 2016/10/11 18:01:39 ET
Table 'Adriana' 6-max Seat #3 is the button
Seat 3: xcgxcg2005 ($52 in chips)
Seat 4: Actionni13 ($229.43 in chips)
xcgxcg2005: posts small blind $1
Actionni13: posts big blind $3
*** HOLE CARDS ***
xcgxcg2005: folds
Uncalled bet ($2) returned to Actionni13
Actionni13 collected $2 from pot
Actionni13: doesn't show hand
*** SUMMARY ***
Total pot $2 | Rake $0
Seat 3: xcgxcg2005 (button) (small blind) folded before Flop
Seat 4: Actionni13 (big blind) collected ($2)


PokerStars Hand #159804372505:  Hold'em Limit ($3/$6 USD) - 2016/10/11 18:01:00 ET
Table 'Adriana' 6-max Seat #4 is the button
Seat 3: xcgxcg2005 ($76 in chips)
Seat 4: Actionni13 ($205.93 in chips)
Actionni13: posts small blind $1
xcgxcg2005: posts big blind $3
*** HOLE CARDS ***
Actionni13: raises $3 to $6
xcgxcg2005: raises $3 to $9
Actionni13: calls $3
*** FLOP *** [8d 4s 8s]
xcgxcg2005: bets $3
Actionni13: calls $3
*** TURN *** [8d 4s 8s] [Jd]
xcgxcg2005: bets $6
Actionni13: calls $6
*** RIVER *** [8d 4s 8s Jd] [Jc]
xcgxcg2005: checks
Actionni13: bets $6
xcgxcg2005: calls $6
*** SHOW DOWN ***
Actionni13: shows [9s As] (two pair, Jacks and Eights)
xcgxcg2005: mucks hand
Actionni13 collected $47.50 from pot
*** SUMMARY ***
Total pot $48 | Rake $0.50
Board [8d 4s 8s Jd Jc]
Seat 3: xcgxcg2005 (big blind) mucked
Seat 4: Actionni13 (button) (small blind) showed [9s As] and won ($47.50) with two pair, Jacks and Eights


PokerStars Hand #159804405359:  Hold'em Limit ($3/$6 USD) - 2016/10/11 18:01:43 ET
Table 'Adriana' 6-max Seat #4 is the button
Seat 3: xcgxcg2005 ($51 in chips)
Seat 4: Actionni13 ($230.43 in chips)
Actionni13: posts small blind $1
xcgxcg2005: posts big blind $3
*** HOLE CARDS ***
Actionni13: folds
Uncalled bet ($2) returned to xcgxcg2005
xcgxcg2005 collected $2 from pot
xcgxcg2005: doesn't show hand
*** SUMMARY ***
Total pot $2 | Rake $0
Seat 3: xcgxcg2005 (big blind) collected ($2)
Seat 4: Actionni13 (button) (small blind) folded before Flop


PokerStars Hand #159804409200:  Hold'em Limit ($3/$6 USD) - 2016/10/11 18:01:48 ET
Table 'Adriana' 6-max Seat #3 is the button
Seat 3: xcgxcg2005 ($52 in chips)
Seat 4: Actionni13 ($229.43 in chips)
xcgxcg2005: posts small blind $1
Actionni13: posts big blind $3
*** HOLE CARDS ***
xcgxcg2005: raises $3 to $6
Actionni13: calls $3
*** FLOP *** [Kd Tc 6s]
Actionni13: checks
xcgxcg2005: bets $3
Actionni13: folds
Uncalled bet ($3) returned to xcgxcg2005
xcgxcg2005 collected $11.76 from pot
xcgxcg2005: doesn't show hand
*** SUMMARY ***
Total pot $12 | Rake $0.24
Board [Kd Tc 6s]
Seat 3: xcgxcg2005 (button) (small blind) collected ($11.76)
Seat 4: Actionni13 (big blind) folded on the Flop


PokerStars Hand #159804421421:  Hold'em Limit ($3/$6 USD) - 2016/10/11 18:02:03 ET
Table 'Adriana' 6-max Seat #4 is the button
Seat 3: xcgxcg2005 ($57.76 in chips)
Seat 4: Actionni13 ($223.43 in chips)
Actionni13: posts small blind $1
xcgxcg2005: posts big blind $3
*** HOLE CARDS ***
Actionni13: raises $3 to $6
xcgxcg2005: folds
Uncalled bet ($3) returned to Actionni13
Actionni13 collected $6 from pot
Actionni13: doesn't show hand
*** SUMMARY ***
Total pot $6 | Rake $0
Seat 3: xcgxcg2005 (big blind) folded before Flop
Seat 4: Actionni13 (button) (small blind) collected ($6)


PokerStars Hand #159804425872:  Hold'em Limit ($3/$6 USD) - 2016/10/11 18:02:09 ET
Table 'Adriana' 6-max Seat #3 is the button
Seat 3: xcgxcg2005 ($54.76 in chips)
Seat 4: Actionni13 ($226.43 in chips)
xcgxcg2005: posts small blind $1
Actionni13: posts big blind $3
*** HOLE CARDS ***
xcgxcg2005: raises $3 to $6
Actionni13: calls $3
*** FLOP *** [8h 2d Qd]
Actionni13: checks
xcgxcg2005: bets $3
Actionni13: calls $3
*** TURN *** [8h 2d Qd] [Td]
Actionni13: checks
xcgxcg2005: checks
*** RIVER *** [8h 2d Qd Td] [3c]
Actionni13: bets $6
xcgxcg2005: calls $6
*** SHOW DOWN ***
Actionni13: shows [6h 8d] (a pair of Eights)
xcgxcg2005: mucks hand
Actionni13 collected $29.50 from pot
*** SUMMARY ***
Total pot $30 | Rake $0.50
Board [8h 2d Qd Td 3c]
Seat 3: xcgxcg2005 (button) (small blind) mucked
Seat 4: Actionni13 (big blind) showed [6h 8d] and won ($29.50) with a pair of Eights


PokerStars Hand #159804444379:  Hold'em Limit ($3/$6 USD) - 2016/10/11 18:02:32 ET
Table 'Adriana' 6-max Seat #4 is the button
Seat 3: xcgxcg2005 ($39.76 in chips)
Seat 4: Actionni13 ($240.93 in chips)
Actionni13: posts small blind $1
xcgxcg2005: posts big blind $3
*** HOLE CARDS ***
Actionni13: raises $3 to $6
xcgxcg2005: folds
Uncalled bet ($3) returned to Actionni13
Actionni13 collected $6 from pot
Actionni13: doesn't show hand
*** SUMMARY ***
Total pot $6 | Rake $0
Seat 3: xcgxcg2005 (big blind) folded before Flop
Seat 4: Actionni13 (button) (small blind) collected ($6)


PokerStars Hand #159804463338:  Hold'em Limit ($3/$6 USD) - 2016/10/11 18:02:54 ET
Table 'Adriana' 6-max Seat #4 is the button
Seat 3: xcgxcg2005 ($45.40 in chips)
Seat 4: Actionni13 ($234.93 in chips)
Actionni13: posts small blind $1
xcgxcg2005: posts big blind $3
*** HOLE CARDS ***
Actionni13: folds
Uncalled bet ($2) returned to xcgxcg2005
xcgxcg2005 collected $2 from pot
xcgxcg2005: doesn't show hand
*** SUMMARY ***
Total pot $2 | Rake $0
Seat 3: xcgxcg2005 (big blind) collected ($2)
Seat 4: Actionni13 (button) (small blind) folded before Flop


PokerStars Hand #159804450438:  Hold'em Limit ($3/$6 USD) - 2016/10/11 18:02:38 ET
Table 'Adriana' 6-max Seat #3 is the button
Seat 3: xcgxcg2005 ($36.76 in chips)
Seat 4: Actionni13 ($243.93 in chips)
xcgxcg2005: posts small blind $1
Actionni13: posts big blind $3
*** HOLE CARDS ***
xcgxcg2005: raises $3 to $6
Actionni13: calls $3
*** FLOP *** [3c 4h 6h]
Actionni13: checks
xcgxcg2005: bets $3
Actionni13: calls $3
*** TURN *** [3c 4h 6h] [Qh]
Actionni13: checks
xcgxcg2005: bets $6
Actionni13: folds
Uncalled bet ($6) returned to xcgxcg2005
xcgxcg2005 collected $17.64 from pot
xcgxcg2005: doesn't show hand
*** SUMMARY ***
Total pot $18 | Rake $0.36
Board [3c 4h 6h Qh]
Seat 3: xcgxcg2005 (button) (small blind) collected ($17.64)
Seat 4: Actionni13 (big blind) folded on the Turn


PokerStars Hand #159804467126:  Hold'em Limit ($3/$6 USD) - 2016/10/11 18:02:59 ET
Table 'Adriana' 6-max Seat #3 is the button
Seat 3: xcgxcg2005 ($46.40 in chips)
Seat 4: Actionni13 ($233.93 in chips)
xcgxcg2005: posts small blind $1
Actionni13: posts big blind $3
*** HOLE CARDS ***
xcgxcg2005: raises $3 to $6
Actionni13: folds
Uncalled bet ($3) returned to xcgxcg2005
xcgxcg2005 collected $6 from pot
xcgxcg2005: doesn't show hand
*** SUMMARY ***
Total pot $6 | Rake $0
Seat 3: xcgxcg2005 (button) (small blind) collected ($6)
Seat 4: Actionni13 (big blind) folded before Flop


PokerStars Hand #159804472218:  Hold'em Limit ($3/$6 USD) - 2016/10/11 18:03:05 ET
Table 'Adriana' 6-max Seat #4 is the button
Seat 3: xcgxcg2005 ($49.40 in chips)
Seat 4: Actionni13 ($230.93 in chips)
Actionni13: posts small blind $1
xcgxcg2005: posts big blind $3
*** HOLE CARDS ***
Actionni13: raises $3 to $6
xcgxcg2005: raises $3 to $9
Actionni13: calls $3
*** FLOP *** [5d As 8d]
xcgxcg2005: bets $3
Actionni13: calls $3
*** TURN *** [5d As 8d] [5c]
xcgxcg2005: checks
Actionni13: checks
*** RIVER *** [5d As 8d 5c] [Jd]
xcgxcg2005: checks
Actionni13: checks
*** SHOW DOWN ***
xcgxcg2005: shows [Kc 6d] (a pair of Fives)
Actionni13: shows [Ks Tc] (a pair of Fives)
xcgxcg2005 collected $11.76 from pot
Actionni13 collected $11.76 from pot
*** SUMMARY ***
Total pot $24 | Rake $0.48
Board [5d As 8d 5c Jd]
Seat 3: xcgxcg2005 (big blind) showed [Kc 6d] and won ($11.76) with a pair of Fives
Seat 4: Actionni13 (button) (small blind) showed [Ks Tc] and won ($11.76) with a pair of Fives


PokerStars Hand #159804498359:  Hold'em Limit ($3/$6 USD) - 2016/10/11 18:03:38 ET
Table 'Adriana' 6-max Seat #3 is the button
Seat 3: xcgxcg2005 ($49.16 in chips)
Seat 4: Actionni13 ($230.69 in chips)
xcgxcg2005: posts small blind $1
Actionni13: posts big blind $3
*** HOLE CARDS ***
xcgxcg2005: raises $3 to $6
Actionni13: calls $3
*** FLOP *** [Js Ks 8h]
Actionni13: checks
xcgxcg2005: bets $3
Actionni13: raises $3 to $6
xcgxcg2005: calls $3
*** TURN *** [Js Ks 8h] [Ad]
Actionni13: checks
xcgxcg2005: bets $6
Actionni13: calls $6
*** RIVER *** [Js Ks 8h Ad] [7d]
Actionni13: checks
xcgxcg2005: checks
*** SHOW DOWN ***
Actionni13: shows [Kh 6s] (a pair of Kings)
xcgxcg2005: mucks hand
Actionni13 collected $35.50 from pot
*** SUMMARY ***
Total pot $36 | Rake $0.50
Board [Js Ks 8h Ad 7d]
Seat 3: xcgxcg2005 (button) (small blind) mucked
Seat 4: Actionni13 (big blind) showed [Kh 6s] and won ($35.50) with a pair of Kings


PokerStars Hand #159804517354:  Hold'em Limit ($3/$6 USD) - 2016/10/11 18:04:01 ET
Table 'Adriana' 6-max Seat #4 is the button
Seat 3: xcgxcg2005 ($31.16 in chips)
Seat 4: Actionni13 ($248.19 in chips)
Actionni13: posts small blind $1
xcgxcg2005: posts big blind $3
*** HOLE CARDS ***
Actionni13: raises $3 to $6
xcgxcg2005: calls $3
*** FLOP *** [5d Jh Kc]
xcgxcg2005: checks
Actionni13: bets $3
xcgxcg2005: raises $3 to $6
Actionni13: calls $3
*** TURN *** [5d Jh Kc] [Tc]
xcgxcg2005: bets $6
Actionni13: calls $6
*** RIVER *** [5d Jh Kc Tc] [Js]
xcgxcg2005: checks
Actionni13: checks
*** SHOW DOWN ***
xcgxcg2005: shows [5s Ks] (two pair, Kings and Jacks)
Actionni13: mucks hand
xcgxcg2005 collected $35.50 from pot
*** SUMMARY ***
Total pot $36 | Rake $0.50
Board [5d Jh Kc Tc Js]
Seat 3: xcgxcg2005 (big blind) showed [5s Ks] and won ($35.50) with two pair, Kings and Jacks
Seat 4: Actionni13 (button) (small blind) mucked


PokerStars Hand #159804556920:  Hold'em Limit ($3/$6 USD) - 2016/10/11 18:04:51 ET
Table 'Adriana' 6-max Seat #3 is the button
Seat 3: xcgxcg2005 ($48.66 in chips)
Seat 4: Actionni13 ($230.19 in chips)
xcgxcg2005: posts small blind $1
Actionni13: posts big blind $3
*** HOLE CARDS ***
xcgxcg2005: raises $3 to $6
Actionni13: folds
Uncalled bet ($3) returned to xcgxcg2005
xcgxcg2005 collected $6 from pot
xcgxcg2005: doesn't show hand
*** SUMMARY ***
Total pot $6 | Rake $0
Seat 3: xcgxcg2005 (button) (small blind) collected ($6)
Seat 4: Actionni13 (big blind) folded before Flop


PokerStars Hand #159804562385:  Hold'em Limit ($3/$6 USD) - 2016/10/11 18:04:58 ET
Table 'Adriana' 6-max Seat #4 is the button
Seat 3: xcgxcg2005 ($51.66 in chips)
Seat 4: Actionni13 ($227.19 in chips)
Actionni13: posts small blind $1
xcgxcg2005: posts big blind $3
*** HOLE CARDS ***
Actionni13: folds
Uncalled bet ($2) returned to xcgxcg2005
xcgxcg2005 collected $2 from pot
xcgxcg2005: doesn't show hand
*** SUMMARY ***
Total pot $2 | Rake $0
Seat 3: xcgxcg2005 (big blind) collected ($2)
Seat 4: Actionni13 (button) (small blind) folded before Flop


PokerStars Hand #159804584833:  Hold'em Limit ($3/$6 USD) - 2016/10/11 18:05:26 ET
Table 'Adriana' 6-max Seat #4 is the button
Seat 3: xcgxcg2005 ($58.42 in chips)
Seat 4: Actionni13 ($220.19 in chips)
Actionni13: posts small blind $1
xcgxcg2005: posts big blind $3
*** HOLE CARDS ***
Actionni13: raises $3 to $6
xcgxcg2005: folds
Uncalled bet ($3) returned to Actionni13
Actionni13 collected $6 from pot
Actionni13: doesn't show hand
*** SUMMARY ***
Total pot $6 | Rake $0
Seat 3: xcgxcg2005 (big blind) folded before Flop
Seat 4: Actionni13 (button) (small blind) collected ($6)


PokerStars Hand #159804570698:  Hold'em Limit ($3/$6 USD) - 2016/10/11 18:05:08 ET
Table 'Adriana' 6-max Seat #3 is the button
Seat 3: xcgxcg2005 ($52.66 in chips)
Seat 4: Actionni13 ($226.19 in chips)
xcgxcg2005: posts small blind $1
Actionni13: posts big blind $3
*** HOLE CARDS ***
xcgxcg2005: raises $3 to $6
Actionni13: calls $3
*** FLOP *** [5h Kd Kc]
Actionni13: checks
xcgxcg2005: bets $3
Actionni13: folds
Uncalled bet ($3) returned to xcgxcg2005
xcgxcg2005 collected $11.76 from pot
xcgxcg2005: doesn't show hand
*** SUMMARY ***
Total pot $12 | Rake $0.24
Board [5h Kd Kc]
Seat 3: xcgxcg2005 (button) (small blind) collected ($11.76)
Seat 4: Actionni13 (big blind) folded on the Flop


PokerStars Hand #159804589360:  Hold'em Limit ($3/$6 USD) - 2016/10/11 18:05:32 ET
Table 'Adriana' 6-max Seat #3 is the button
Seat 3: xcgxcg2005 ($55.42 in chips)
Seat 4: Actionni13 ($223.19 in chips)
xcgxcg2005: posts small blind $1
Actionni13: posts big blind $3
*** HOLE CARDS ***
xcgxcg2005: raises $3 to $6
Actionni13: calls $3
*** FLOP *** [6d 8h 2s]
Actionni13: checks
xcgxcg2005: bets $3
Actionni13: folds
Uncalled bet ($3) returned to xcgxcg2005
xcgxcg2005 collected $11.76 from pot
xcgxcg2005: doesn't show hand
*** SUMMARY ***
Total pot $12 | Rake $0.24
Board [6d 8h 2s]
Seat 3: xcgxcg2005 (button) (small blind) collected ($11.76)
Seat 4: Actionni13 (big blind) folded on the Flop


PokerStars Hand #159804605666:  Hold'em Limit ($3/$6 USD) - 2016/10/11 18:05:53 ET
Table 'Adriana' 6-max Seat #4 is the button
Seat 3: xcgxcg2005 ($61.18 in chips)
Seat 4: Actionni13 ($217.19 in chips)
Actionni13: posts small blind $1
xcgxcg2005: posts big blind $3
*** HOLE CARDS ***
Actionni13: raises $3 to $6
xcgxcg2005: folds
Uncalled bet ($3) returned to Actionni13
Actionni13 collected $6 from pot
Actionni13: doesn't show hand
*** SUMMARY ***
Total pot $6 | Rake $0
Seat 3: xcgxcg2005 (big blind) folded before Flop
Seat 4: Actionni13 (button) (small blind) collected ($6)


PokerStars Hand #159804614779:  Hold'em Limit ($3/$6 USD) - 2016/10/11 18:06:04 ET
Table 'Adriana' 6-max Seat #3 is the button
Seat 3: xcgxcg2005 ($58.18 in chips)
Seat 4: Actionni13 ($220.19 in chips)
xcgxcg2005: posts small blind $1
Actionni13: posts big blind $3
*** HOLE CARDS ***
xcgxcg2005: folds
Uncalled bet ($2) returned to Actionni13
Actionni13 collected $2 from pot
Actionni13: doesn't show hand
*** SUMMARY ***
Total pot $2 | Rake $0
Seat 3: xcgxcg2005 (button) (small blind) folded before Flop
Seat 4: Actionni13 (big blind) collected ($2)


PokerStars Hand #159804619176:  Hold'em Limit ($3/$6 USD) - 2016/10/11 18:06:10 ET
Table 'Adriana' 6-max Seat #4 is the button
Seat 3: xcgxcg2005 ($57.18 in chips)
Seat 4: Actionni13 ($221.19 in chips)
Actionni13: posts small blind $1
xcgxcg2005: posts big blind $3
*** HOLE CARDS ***
Actionni13: raises $3 to $6
xcgxcg2005: folds
Uncalled bet ($3) returned to Actionni13
Actionni13 collected $6 from pot
Actionni13: doesn't show hand
*** SUMMARY ***
Total pot $6 | Rake $0
Seat 3: xcgxcg2005 (big blind) folded before Flop
Seat 4: Actionni13 (button) (small blind) collected ($6)


PokerStars Hand #159804623824:  Hold'em Limit ($3/$6 USD) - 2016/10/11 18:06:16 ET
Table 'Adriana' 6-max Seat #3 is the button
Seat 3: xcgxcg2005 ($54.18 in chips)
Seat 4: Actionni13 ($224.19 in chips)
xcgxcg2005: posts small blind $1
Actionni13: posts big blind $3
*** HOLE CARDS ***
xcgxcg2005: raises $3 to $6
Actionni13: calls $3
*** FLOP *** [6h 2h 5d]
Actionni13: checks
xcgxcg2005: checks
*** TURN *** [6h 2h 5d] [Ac]
Actionni13: checks
xcgxcg2005: bets $6
Actionni13: calls $6
*** RIVER *** [6h 2h 5d Ac] [Td]
Actionni13: checks
xcgxcg2005: checks
*** SHOW DOWN ***
Actionni13: shows [Kc Kd] (a pair of Kings)
xcgxcg2005: mucks hand
Actionni13 collected $23.52 from pot
*** SUMMARY ***
Total pot $24 | Rake $0.48
Board [6h 2h 5d Ac Td]
Seat 3: xcgxcg2005 (button) (small blind) mucked
Seat 4: Actionni13 (big blind) showed [Kc Kd] and won ($23.52) with a pair of Kings


PokerStars Hand #159804642703:  Hold'em Limit ($3/$6 USD) - 2016/10/11 18:06:40 ET
Table 'Adriana' 6-max Seat #4 is the button
Seat 3: xcgxcg2005 ($42.18 in chips)
Seat 4: Actionni13 ($235.71 in chips)
Actionni13: posts small blind $1
xcgxcg2005: posts big blind $3
*** HOLE CARDS ***
Actionni13: folds
Uncalled bet ($2) returned to xcgxcg2005
xcgxcg2005 collected $2 from pot
xcgxcg2005: doesn't show hand
*** SUMMARY ***
Total pot $2 | Rake $0
Seat 3: xcgxcg2005 (big blind) collected ($2)
Seat 4: Actionni13 (button) (small blind) folded before Flop


PokerStars Hand #159804650206:  Hold'em Limit ($3/$6 USD) - 2016/10/11 18:06:50 ET
Table 'Adriana' 6-max Seat #3 is the button
Seat 3: xcgxcg2005 ($43.18 in chips)
Seat 4: Actionni13 ($234.71 in chips)
xcgxcg2005: posts small blind $1
Actionni13: posts big blind $3
*** HOLE CARDS ***
xcgxcg2005: raises $3 to $6
Actionni13: calls $3
*** FLOP *** [Ah As Qs]
Actionni13: checks
xcgxcg2005: bets $3
Actionni13: calls $3
*** TURN *** [Ah As Qs] [8d]
Actionni13: checks
xcgxcg2005: checks
*** RIVER *** [Ah As Qs 8d] [3s]
Actionni13: checks
xcgxcg2005: checks
*** SHOW DOWN ***
Actionni13: shows [4c Ks] (a pair of Aces)
xcgxcg2005: mucks hand
Actionni13 collected $17.64 from pot
*** SUMMARY ***
Total pot $18 | Rake $0.36
Board [Ah As Qs 8d 3s]
Seat 3: xcgxcg2005 (button) (small blind) mucked
Seat 4: Actionni13 (big blind) showed [4c Ks] and won ($17.64) with a pair of Aces


PokerStars Hand #159804669733:  Hold'em Limit ($3/$6 USD) - 2016/10/11 18:07:15 ET
Table 'Adriana' 6-max Seat #4 is the button
Seat 3: xcgxcg2005 ($34.18 in chips)
Seat 4: Actionni13 ($243.35 in chips)
Actionni13: posts small blind $1
xcgxcg2005: posts big blind $3
*** HOLE CARDS ***
Actionni13: raises $3 to $6
xcgxcg2005: calls $3
*** FLOP *** [Kc Qs 6c]
xcgxcg2005: checks
Actionni13: bets $3
xcgxcg2005: raises $3 to $6
Actionni13: folds
Uncalled bet ($3) returned to xcgxcg2005
xcgxcg2005 collected $17.64 from pot
xcgxcg2005: doesn't show hand
*** SUMMARY ***
Total pot $18 | Rake $0.36
Board [Kc Qs 6c]
Seat 3: xcgxcg2005 (big blind) collected ($17.64)
Seat 4: Actionni13 (button) (small blind) folded on the Flop


PokerStars Hand #159804681957:  Hold'em Limit ($3/$6 USD) - 2016/10/11 18:07:31 ET
Table 'Adriana' 6-max Seat #3 is the button
Seat 3: xcgxcg2005 ($42.82 in chips)
Seat 4: Actionni13 ($234.35 in chips)
xcgxcg2005: posts small blind $1
Actionni13: posts big blind $3
*** HOLE CARDS ***
xcgxcg2005: folds
Uncalled bet ($2) returned to Actionni13
Actionni13 collected $2 from pot
Actionni13: doesn't show hand
*** SUMMARY ***
Total pot $2 | Rake $0
Seat 3: xcgxcg2005 (button) (small blind) folded before Flop
Seat 4: Actionni13 (big blind) collected ($2)


PokerStars Hand #159804708467:  Hold'em Limit ($3/$6 USD) - 2016/10/11 18:08:06 ET
Table 'Adriana' 6-max Seat #3 is the button
Seat 3: xcgxcg2005 ($71.32 in chips)
Seat 4: Actionni13 ($205.35 in chips)
xcgxcg2005: posts small blind $1
Actionni13: posts big blind $3
*** HOLE CARDS ***
xcgxcg2005: raises $3 to $6
Actionni13: folds
Uncalled bet ($3) returned to xcgxcg2005
xcgxcg2005 collected $6 from pot
xcgxcg2005: doesn't show hand
*** SUMMARY ***
Total pot $6 | Rake $0
Seat 3: xcgxcg2005 (button) (small blind) collected ($6)
Seat 4: Actionni13 (big blind) folded before Flop


PokerStars Hand #159804685786:  Hold'em Limit ($3/$6 USD) - 2016/10/11 18:07:36 ET
Table 'Adriana' 6-max Seat #4 is the button
Seat 3: xcgxcg2005 ($41.82 in chips)
Seat 4: Actionni13 ($235.35 in chips)
Actionni13: posts small blind $1
xcgxcg2005: posts big blind $3
*** HOLE CARDS ***
Actionni13: raises $3 to $6
xcgxcg2005: raises $3 to $9
Actionni13: calls $3
*** FLOP *** [7c Jc 3c]
xcgxcg2005: bets $3
Actionni13: calls $3
*** TURN *** [7c Jc 3c] [5c]
xcgxcg2005: checks
Actionni13: bets $6
xcgxcg2005: raises $6 to $12
Actionni13: calls $6
*** RIVER *** [7c Jc 3c 5c] [8s]
xcgxcg2005: bets $6
Actionni13: calls $6
*** SHOW DOWN ***
xcgxcg2005: shows [Kc Th] (a flush, King high)
Actionni13: mucks hand
xcgxcg2005 collected $59.50 from pot
*** SUMMARY ***
Total pot $60 | Rake $0.50
Board [7c Jc 3c 5c 8s]
Seat 3: xcgxcg2005 (big blind) showed [Kc Th] and won ($59.50) with a flush, King high
Seat 4: Actionni13 (button) (small blind) mucked


PokerStars Hand #159804717656:  Hold'em Limit ($3/$6 USD) - 2016/10/11 18:08:18 ET
Table 'Adriana' 6-max Seat #3 is the button
Seat 3: xcgxcg2005 ($71.32 in chips)
Seat 4: Actionni13 ($205.35 in chips)
xcgxcg2005: posts small blind $1
Actionni13: posts big blind $3
*** HOLE CARDS ***
xcgxcg2005: folds
Uncalled bet ($2) returned to Actionni13
Actionni13 collected $2 from pot
Actionni13: doesn't show hand
*** SUMMARY ***
Total pot $2 | Rake $0
Seat 3: xcgxcg2005 (button) (small blind) folded before Flop
Seat 4: Actionni13 (big blind) collected ($2)


PokerStars Hand #159804712224:  Hold'em Limit ($3/$6 USD) - 2016/10/11 18:08:11 ET
Table 'Adriana' 6-max Seat #4 is the button
Seat 3: xcgxcg2005 ($74.32 in chips)
Seat 4: Actionni13 ($202.35 in chips)
Actionni13: posts small blind $1
xcgxcg2005: posts big blind $3
*** HOLE CARDS ***
Actionni13: raises $3 to $6
xcgxcg2005: folds
Uncalled bet ($3) returned to Actionni13
Actionni13 collected $6 from pot
Actionni13: doesn't show hand
*** SUMMARY ***
Total pot $6 | Rake $0
Seat 3: xcgxcg2005 (big blind) folded before Flop
Seat 4: Actionni13 (button) (small blind) collected ($6)


PokerStars Hand #159804725533:  Hold'em Limit ($3/$6 USD) - 2016/10/11 18:08:28 ET
Table 'Adriana' 6-max Seat #3 is the button
Seat 3: xcgxcg2005 ($67.32 in chips)
Seat 4: Actionni13 ($209.35 in chips)
xcgxcg2005: posts small blind $1
Actionni13: posts big blind $3
*** HOLE CARDS ***
xcgxcg2005: folds
Uncalled bet ($2) returned to Actionni13
Actionni13 collected $2 from pot
Actionni13: doesn't show hand
*** SUMMARY ***
Total pot $2 | Rake $0
Seat 3: xcgxcg2005 (button) (small blind) folded before Flop
Seat 4: Actionni13 (big blind) collected ($2)


PokerStars Hand #159804721263:  Hold'em Limit ($3/$6 USD) - 2016/10/11 18:08:23 ET
Table 'Adriana' 6-max Seat #4 is the button
Seat 3: xcgxcg2005 ($70.32 in chips)
Seat 4: Actionni13 ($206.35 in chips)
Actionni13: posts small blind $1
xcgxcg2005: posts big blind $3
*** HOLE CARDS ***
Actionni13: raises $3 to $6
xcgxcg2005: folds
Uncalled bet ($3) returned to Actionni13
Actionni13 collected $6 from pot
Actionni13: doesn't show hand
*** SUMMARY ***
Total pot $6 | Rake $0
Seat 3: xcgxcg2005 (big blind) folded before Flop
Seat 4: Actionni13 (button) (small blind) collected ($6)


PokerStars Hand #159804729140:  Hold'em Limit ($3/$6 USD) - 2016/10/11 18:08:33 ET
Table 'Adriana' 6-max Seat #4 is the button
Seat 3: xcgxcg2005 ($66.32 in chips)
Seat 4: Actionni13 ($210.35 in chips)
Actionni13: posts small blind $1
xcgxcg2005: posts big blind $3
*** HOLE CARDS ***
Actionni13: raises $3 to $6
xcgxcg2005: raises $3 to $9
Actionni13: calls $3
*** FLOP *** [6h 8s Jc]
xcgxcg2005: bets $3
Actionni13: calls $3
*** TURN *** [6h 8s Jc] [Qd]
xcgxcg2005: bets $6
Actionni13: raises $6 to $12
xcgxcg2005: calls $6
*** RIVER *** [6h 8s Jc Qd] [8c]
xcgxcg2005: checks
Actionni13: checks
*** SHOW DOWN ***
xcgxcg2005: shows [9c 7h] (a pair of Eights)
Actionni13: shows [Jd 6d] (two pair, Jacks and Eights)
Actionni13 collected $47.50 from pot
*** SUMMARY ***
Total pot $48 | Rake $0.50
Board [6h 8s Jc Qd 8c]
Seat 3: xcgxcg2005 (big blind) showed [9c 7h] and lost with a pair of Eights
Seat 4: Actionni13 (button) (small blind) showed [Jd 6d] and won ($47.50) with two pair, Jacks and Eights


PokerStars Hand #159804754920:  Hold'em Limit ($3/$6 USD) - 2016/10/11 18:09:01 ET
Table 'Adriana' 6-max Seat #3 is the button
Seat 3: xcgxcg2005 ($42.32 in chips)
Seat 4: Actionni13 ($233.85 in chips)
xcgxcg2005: posts small blind $1
Actionni13: posts big blind $3
*** HOLE CARDS ***
xcgxcg2005: folds
Uncalled bet ($2) returned to Actionni13
Actionni13 collected $2 from pot
Actionni13: doesn't show hand
*** SUMMARY ***
Total pot $2 | Rake $0
Seat 3: xcgxcg2005 (button) (small blind) folded before Flop
Seat 4: Actionni13 (big blind) collected ($2)


PokerStars Hand #159804758635:  Hold'em Limit ($3/$6 USD) - 2016/10/11 18:09:06 ET
Table 'Adriana' 6-max Seat #4 is the button
Seat 3: xcgxcg2005 ($41.32 in chips)
Seat 4: Actionni13 ($234.85 in chips)
Actionni13: posts small blind $1
xcgxcg2005: posts big blind $3
*** HOLE CARDS ***
Actionni13: raises $3 to $6
xcgxcg2005: raises $3 to $9
Actionni13: calls $3
*** FLOP *** [6h 7h 3d]
xcgxcg2005: bets $3
Actionni13: calls $3
*** TURN *** [6h 7h 3d] [4d]
xcgxcg2005: checks
Actionni13: checks
*** RIVER *** [6h 7h 3d 4d] [Kh]
xcgxcg2005: bets $6
Actionni13: calls $6
*** SHOW DOWN ***
xcgxcg2005: shows [Kc 9d] (a pair of Kings)
Actionni13: mucks hand
xcgxcg2005 collected $35.50 from pot
*** SUMMARY ***
Total pot $36 | Rake $0.50
Board [6h 7h 3d 4d Kh]
Seat 3: xcgxcg2005 (big blind) showed [Kc 9d] and won ($35.50) with a pair of Kings
Seat 4: Actionni13 (button) (small blind) mucked


PokerStars Hand #159804781162:  Hold'em Limit ($3/$6 USD) - 2016/10/11 18:09:35 ET
Table 'Adriana' 6-max Seat #3 is the button
Seat 3: xcgxcg2005 ($58.82 in chips)
Seat 4: Actionni13 ($216.85 in chips)
xcgxcg2005: posts small blind $1
Actionni13: posts big blind $3
*** HOLE CARDS ***
xcgxcg2005: folds
Uncalled bet ($2) returned to Actionni13
Actionni13 collected $2 from pot
Actionni13: doesn't show hand
*** SUMMARY ***
Total pot $2 | Rake $0
Seat 3: xcgxcg2005 (button) (small blind) folded before Flop
Seat 4: Actionni13 (big blind) collected ($2)


PokerStars Hand #159804786604:  Hold'em Limit ($3/$6 USD) - 2016/10/11 18:09:43 ET
Table 'Adriana' 6-max Seat #4 is the button
Seat 3: xcgxcg2005 ($57.82 in chips)
Seat 4: Actionni13 ($217.85 in chips)
Actionni13: posts small blind $1
xcgxcg2005: posts big blind $3
*** HOLE CARDS ***
Actionni13: raises $3 to $6
xcgxcg2005: folds
Uncalled bet ($3) returned to Actionni13
Actionni13 collected $6 from pot
Actionni13: doesn't show hand
*** SUMMARY ***
Total pot $6 | Rake $0
Seat 3: xcgxcg2005 (big blind) folded before Flop
Seat 4: Actionni13 (button) (small blind) collected ($6)


PokerStars Hand #159804791357:  Hold'em Limit ($3/$6 USD) - 2016/10/11 18:09:49 ET
Table 'Adriana' 6-max Seat #3 is the button
Seat 3: xcgxcg2005 ($54.82 in chips)
Seat 4: Actionni13 ($220.85 in chips)
xcgxcg2005: posts small blind $1
Actionni13: posts big blind $3
*** HOLE CARDS ***
xcgxcg2005: raises $3 to $6
Actionni13: calls $3
*** FLOP *** [2h 3c Jh]
Actionni13: checks
xcgxcg2005: bets $3
Actionni13: folds
Uncalled bet ($3) returned to xcgxcg2005
xcgxcg2005 collected $11.76 from pot
xcgxcg2005: doesn't show hand
*** SUMMARY ***
Total pot $12 | Rake $0.24
Board [2h 3c Jh]
Seat 3: xcgxcg2005 (button) (small blind) collected ($11.76)
Seat 4: Actionni13 (big blind) folded on the Flop


PokerStars Hand #159804802641:  Hold'em Limit ($3/$6 USD) - 2016/10/11 18:10:04 ET
Table 'Adriana' 6-max Seat #4 is the button
Seat 3: xcgxcg2005 ($60.58 in chips)
Seat 4: Actionni13 ($214.85 in chips)
Actionni13: posts small blind $1
xcgxcg2005: posts big blind $3
*** HOLE CARDS ***
Actionni13: raises $3 to $6
xcgxcg2005: raises $3 to $9
Actionni13: calls $3
*** FLOP *** [2c 9c 4c]
xcgxcg2005: bets $3
Actionni13: calls $3
*** TURN *** [2c 9c 4c] [Jd]
xcgxcg2005: checks
Actionni13: checks
*** RIVER *** [2c 9c 4c Jd] [Kc]
xcgxcg2005: checks
Actionni13: bets $6
xcgxcg2005: calls $6
*** SHOW DOWN ***
Actionni13: shows [Ah Kh] (a pair of Kings)
xcgxcg2005: shows [Qh 3c] (a flush, King high)
xcgxcg2005 collected $35.50 from pot
*** SUMMARY ***
Total pot $36 | Rake $0.50
Board [2c 9c 4c Jd Kc]
Seat 3: xcgxcg2005 (big blind) showed [Qh 3c] and won ($35.50) with a flush, King high
Seat 4: Actionni13 (button) (small blind) showed [Ah Kh] and lost with a pair of Kings


PokerStars Hand #159804818429:  Hold'em Limit ($3/$6 USD) - 2016/10/11 18:10:26 ET
Table 'Adriana' 6-max Seat #3 is the button
Seat 3: xcgxcg2005 ($78.08 in chips)
Seat 4: Actionni13 ($196.85 in chips)
xcgxcg2005: posts small blind $1
Actionni13: posts big blind $3
*** HOLE CARDS ***
xcgxcg2005: raises $3 to $6
Actionni13: calls $3
*** FLOP *** [5c 8s 6h]
Actionni13: checks
xcgxcg2005: bets $3
Actionni13: calls $3
*** TURN *** [5c 8s 6h] [2d]
Actionni13: checks
xcgxcg2005: bets $6
Actionni13: calls $6
*** RIVER *** [5c 8s 6h 2d] [Ks]
Actionni13: checks
xcgxcg2005: checks
*** SHOW DOWN ***
Actionni13: shows [As Jh] (high card Ace)
xcgxcg2005: shows [2c Ts] (a pair of Deuces)
xcgxcg2005 collected $29.50 from pot
*** SUMMARY ***
Total pot $30 | Rake $0.50
Board [5c 8s 6h 2d Ks]
Seat 3: xcgxcg2005 (button) (small blind) showed [2c Ts] and won ($29.50) with a pair of Deuces
Seat 4: Actionni13 (big blind) showed [As Jh] and lost with high card Ace


PokerStars Hand #159804834203:  Hold'em Limit ($3/$6 USD) - 2016/10/11 18:10:47 ET
Table 'Adriana' 6-max Seat #4 is the button
Seat 3: xcgxcg2005 ($92.58 in chips)
Seat 4: Actionni13 ($181.85 in chips)
Actionni13: posts small blind $1
xcgxcg2005: posts big blind $3
*** HOLE CARDS ***
Actionni13: raises $3 to $6
xcgxcg2005: raises $3 to $9
Actionni13: calls $3
*** FLOP *** [9d Ad Td]
xcgxcg2005: bets $3
Actionni13: calls $3
*** TURN *** [9d Ad Td] [3h]
xcgxcg2005: checks
Actionni13: bets $6
xcgxcg2005: calls $6
*** RIVER *** [9d Ad Td 3h] [9s]
xcgxcg2005: checks
Actionni13: bets $6
xcgxcg2005: calls $6
*** SHOW DOWN ***
Actionni13: shows [6d 8h] (a pair of Nines)
xcgxcg2005: shows [3d Ks] (two pair, Nines and Threes)
xcgxcg2005 collected $47.50 from pot
*** SUMMARY ***
Total pot $48 | Rake $0.50
Board [9d Ad Td 3h 9s]
Seat 3: xcgxcg2005 (big blind) showed [3d Ks] and won ($47.50) with two pair, Nines and Threes
Seat 4: Actionni13 (button) (small blind) showed [6d 8h] and lost with a pair of Nines


PokerStars Hand #159804850849:  Hold'em Limit ($3/$6 USD) - 2016/10/11 18:11:10 ET
Table 'Adriana' 6-max Seat #3 is the button
Seat 3: xcgxcg2005 ($116.08 in chips)
Seat 4: Actionni13 ($157.85 in chips)
xcgxcg2005: posts small blind $1
Actionni13: posts big blind $3
*** HOLE CARDS ***
xcgxcg2005: raises $3 to $6
Actionni13: raises $3 to $9
xcgxcg2005: calls $3
*** FLOP *** [Kd Kc 2c]
Actionni13: bets $3
xcgxcg2005: raises $3 to $6
Actionni13: calls $3
*** TURN *** [Kd Kc 2c] [Ks]
Actionni13: checks
xcgxcg2005: checks
*** RIVER *** [Kd Kc 2c Ks] [4d]
Actionni13: checks
xcgxcg2005: checks
*** SHOW DOWN ***
Actionni13: shows [Ac Ts] (three of a kind, Kings)
xcgxcg2005: mucks hand
Actionni13 collected $29.50 from pot
*** SUMMARY ***
Total pot $30 | Rake $0.50
Board [Kd Kc 2c Ks 4d]
Seat 3: xcgxcg2005 (button) (small blind) mucked
Seat 4: Actionni13 (big blind) showed [Ac Ts] and won ($29.50) with three of a kind, Kings


PokerStars Hand #159804869989:  Hold'em Limit ($3/$6 USD) - 2016/10/11 18:11:36 ET
Table 'Adriana' 6-max Seat #3 is the button
Seat 3: xcgxcg2005 ($98.08 in chips)
Seat 4: Actionni13 ($175.35 in chips)
xcgxcg2005: posts small blind $1
Actionni13: posts big blind $3
*** HOLE CARDS ***
xcgxcg2005: folds
Uncalled bet ($2) returned to Actionni13
Actionni13 collected $2 from pot
Actionni13: doesn't show hand
*** SUMMARY ***
Total pot $2 | Rake $0
Seat 3: xcgxcg2005 (button) (small blind) folded before Flop
Seat 4: Actionni13 (big blind) collected ($2)


PokerStars Hand #159804864438:  Hold'em Limit ($3/$6 USD) - 2016/10/11 18:11:28 ET
Table 'Adriana' 6-max Seat #4 is the button
Seat 3: xcgxcg2005 ($101.08 in chips)
Seat 4: Actionni13 ($172.35 in chips)
Actionni13: posts small blind $1
xcgxcg2005: posts big blind $3
*** HOLE CARDS ***
Actionni13: raises $3 to $6
xcgxcg2005: folds
Uncalled bet ($3) returned to Actionni13
Actionni13 collected $6 from pot
Actionni13: doesn't show hand
*** SUMMARY ***
Total pot $6 | Rake $0
Seat 3: xcgxcg2005 (big blind) folded before Flop
Seat 4: Actionni13 (button) (small blind) collected ($6)


PokerStars Hand #159804873413:  Hold'em Limit ($3/$6 USD) - 2016/10/11 18:11:41 ET
Table 'Adriana' 6-max Seat #4 is the button
Seat 3: xcgxcg2005 ($97.08 in chips)
Seat 4: Actionni13 ($176.35 in chips)
Actionni13: posts small blind $1
xcgxcg2005: posts big blind $3
*** HOLE CARDS ***
Actionni13: raises $3 to $6
xcgxcg2005: folds
Uncalled bet ($3) returned to Actionni13
Actionni13 collected $6 from pot
Actionni13: doesn't show hand
*** SUMMARY ***
Total pot $6 | Rake $0
Seat 3: xcgxcg2005 (big blind) folded before Flop
Seat 4: Actionni13 (button) (small blind) collected ($6)


PokerStars Hand #159804895270:  Hold'em Limit ($3/$6 USD) - 2016/10/11 18:12:11 ET
Table 'Adriana' 6-max Seat #4 is the button
Seat 3: xcgxcg2005 ($85.08 in chips)
Seat 4: Actionni13 ($187.99 in chips)
Actionni13: posts small blind $1
xcgxcg2005: posts big blind $3
*** HOLE CARDS ***
Actionni13: folds
Uncalled bet ($2) returned to xcgxcg2005
xcgxcg2005 collected $2 from pot
xcgxcg2005: doesn't show hand
*** SUMMARY ***
Total pot $2 | Rake $0
Seat 3: xcgxcg2005 (big blind) collected ($2)
Seat 4: Actionni13 (button) (small blind) folded before Flop


PokerStars Hand #159804878338:  Hold'em Limit ($3/$6 USD) - 2016/10/11 18:11:47 ET
Table 'Adriana' 6-max Seat #3 is the button
Seat 3: xcgxcg2005 ($94.08 in chips)
Seat 4: Actionni13 ($179.35 in chips)
xcgxcg2005: posts small blind $1
Actionni13: posts big blind $3
*** HOLE CARDS ***
xcgxcg2005: raises $3 to $6
Actionni13: calls $3
*** FLOP *** [2c 7h Kh]
Actionni13: checks
xcgxcg2005: bets $3
Actionni13: calls $3
*** TURN *** [2c 7h Kh] [Th]
Actionni13: checks
xcgxcg2005: checks
*** RIVER *** [2c 7h Kh Th] [4h]
Actionni13: bets $6
xcgxcg2005: folds
Uncalled bet ($6) returned to Actionni13
Actionni13 collected $17.64 from pot
Actionni13: doesn't show hand
*** SUMMARY ***
Total pot $18 | Rake $0.36
Board [2c 7h Kh Th 4h]
Seat 3: xcgxcg2005 (button) (small blind) folded on the River
Seat 4: Actionni13 (big blind) collected ($17.64)


PokerStars Hand #159804898909:  Hold'em Limit ($3/$6 USD) - 2016/10/11 18:12:16 ET
Table 'Adriana' 6-max Seat #3 is the button
Seat 3: xcgxcg2005 ($86.08 in chips)
Seat 4: Actionni13 ($186.99 in chips)
xcgxcg2005: posts small blind $1
Actionni13: posts big blind $3
*** HOLE CARDS ***
xcgxcg2005: raises $3 to $6
Actionni13: calls $3
*** FLOP *** [Jc 2c 3h]
Actionni13: checks
xcgxcg2005: bets $3
Actionni13: calls $3
*** TURN *** [Jc 2c 3h] [7s]
Actionni13: checks
xcgxcg2005: bets $6
Actionni13: folds
Uncalled bet ($6) returned to xcgxcg2005
xcgxcg2005 collected $17.64 from pot
xcgxcg2005: doesn't show hand
*** SUMMARY ***
Total pot $18 | Rake $0.36
Board [Jc 2c 3h 7s]
Seat 3: xcgxcg2005 (button) (small blind) collected ($17.64)
Seat 4: Actionni13 (big blind) folded on the Turn


PokerStars Hand #159804914441:  Hold'em Limit ($3/$6 USD) - 2016/10/11 18:12:37 ET
Table 'Adriana' 6-max Seat #4 is the button
Seat 3: xcgxcg2005 ($94.72 in chips)
Seat 4: Actionni13 ($177.99 in chips)
Actionni13: posts small blind $1
xcgxcg2005: posts big blind $3
*** HOLE CARDS ***
Actionni13: raises $3 to $6
xcgxcg2005: raises $3 to $9
Actionni13: calls $3
*** FLOP *** [8h Jh 3h]
xcgxcg2005: bets $3
Actionni13: calls $3
*** TURN *** [8h Jh 3h] [2s]
xcgxcg2005: bets $6
Actionni13: calls $6
*** RIVER *** [8h Jh 3h 2s] [2d]
xcgxcg2005: bets $6
Actionni13: calls $6
*** SHOW DOWN ***
xcgxcg2005: shows [Js Qs] (two pair, Jacks and Deuces)
Actionni13: mucks hand
xcgxcg2005 collected $47.50 from pot
*** SUMMARY ***
Total pot $48 | Rake $0.50
Board [8h Jh 3h 2s 2d]
Seat 3: xcgxcg2005 (big blind) showed [Js Qs] and won ($47.50) with two pair, Jacks and Deuces
Seat 4: Actionni13 (button) (small blind) mucked


PokerStars Hand #159804930603:  Hold'em Limit ($3/$6 USD) - 2016/10/11 18:12:59 ET
Table 'Adriana' 6-max Seat #3 is the button
Seat 3: xcgxcg2005 ($118.22 in chips)
Seat 4: Actionni13 ($153.99 in chips)
xcgxcg2005: posts small blind $1
Actionni13: posts big blind $3
*** HOLE CARDS ***
xcgxcg2005: raises $3 to $6
Actionni13: calls $3
*** FLOP *** [8h Kh Tc]
Actionni13: checks
xcgxcg2005: checks
*** TURN *** [8h Kh Tc] [Td]
Actionni13: bets $6
xcgxcg2005: folds
Uncalled bet ($6) returned to Actionni13
Actionni13 collected $11.76 from pot
Actionni13: doesn't show hand
*** SUMMARY ***
Total pot $12 | Rake $0.24
Board [8h Kh Tc Td]
Seat 3: xcgxcg2005 (button) (small blind) folded on the Turn
Seat 4: Actionni13 (big blind) collected ($11.76)


PokerStars Hand #159804944388:  Hold'em Limit ($3/$6 USD) - 2016/10/11 18:13:18 ET
Table 'Adriana' 6-max Seat #4 is the button
Seat 3: xcgxcg2005 ($112.22 in chips)
Seat 4: Actionni13 ($159.75 in chips)
Actionni13: posts small blind $1
xcgxcg2005: posts big blind $3
*** HOLE CARDS ***
Actionni13: raises $3 to $6
xcgxcg2005: raises $3 to $9
Actionni13: calls $3
*** FLOP *** [Qs 2c 7s]
xcgxcg2005: bets $3
Actionni13: raises $3 to $6
xcgxcg2005: folds
Uncalled bet ($3) returned to Actionni13
Actionni13 collected $23.52 from pot
Actionni13: doesn't show hand
*** SUMMARY ***
Total pot $24 | Rake $0.48
Board [Qs 2c 7s]
Seat 3: xcgxcg2005 (big blind) folded on the Flop
Seat 4: Actionni13 (button) (small blind) collected ($23.52)


PokerStars Hand #159804960130:  Hold'em Limit ($3/$6 USD) - 2016/10/11 18:13:40 ET
Table 'Adriana' 6-max Seat #4 is the button
Seat 3: xcgxcg2005 ($99.22 in chips)
Seat 4: Actionni13 ($172.27 in chips)
Actionni13: posts small blind $1
xcgxcg2005: posts big blind $3
*** HOLE CARDS ***
Actionni13: folds
Uncalled bet ($2) returned to xcgxcg2005
xcgxcg2005 collected $2 from pot
xcgxcg2005: doesn't show hand
*** SUMMARY ***
Total pot $2 | Rake $0
Seat 3: xcgxcg2005 (big blind) collected ($2)
Seat 4: Actionni13 (button) (small blind) folded before Flop


PokerStars Hand #159804957015:  Hold'em Limit ($3/$6 USD) - 2016/10/11 18:13:36 ET
Table 'Adriana' 6-max Seat #3 is the button
Seat 3: xcgxcg2005 ($100.22 in chips)
Seat 4: Actionni13 ($171.27 in chips)
xcgxcg2005: posts small blind $1
Actionni13: posts big blind $3
*** HOLE CARDS ***
xcgxcg2005: folds
Uncalled bet ($2) returned to Actionni13
Actionni13 collected $2 from pot
Actionni13: doesn't show hand
*** SUMMARY ***
Total pot $2 | Rake $0
Seat 3: xcgxcg2005 (button) (small blind) folded before Flop
Seat 4: Actionni13 (big blind) collected ($2)


PokerStars Hand #159804963769:  Hold'em Limit ($3/$6 USD) - 2016/10/11 18:13:45 ET
Table 'Adriana' 6-max Seat #3 is the button
Seat 3: xcgxcg2005 ($100.22 in chips)
Seat 4: Actionni13 ($171.27 in chips)
xcgxcg2005: posts small blind $1
Actionni13: posts big blind $3
*** HOLE CARDS ***
xcgxcg2005: folds
Uncalled bet ($2) returned to Actionni13
Actionni13 collected $2 from pot
Actionni13: doesn't show hand
*** SUMMARY ***
Total pot $2 | Rake $0
Seat 3: xcgxcg2005 (button) (small blind) folded before Flop
Seat 4: Actionni13 (big blind) collected ($2)


PokerStars Hand #159804989809:  Hold'em Limit ($3/$6 USD) - 2016/10/11 18:14:21 ET
Table 'Adriana' 6-max Seat #4 is the button
Seat 3: xcgxcg2005 ($86.22 in chips)
Seat 4: Actionni13 ($184.79 in chips)
Actionni13: posts small blind $1
xcgxcg2005: posts big blind $3
*** HOLE CARDS ***
Actionni13: raises $3 to $6
xcgxcg2005: folds
Uncalled bet ($3) returned to Actionni13
Actionni13 collected $6 from pot
Actionni13: doesn't show hand
*** SUMMARY ***
Total pot $6 | Rake $0
Seat 3: xcgxcg2005 (big blind) folded before Flop
Seat 4: Actionni13 (button) (small blind) collected ($6)


PokerStars Hand #159804986753:  Hold'em Limit ($3/$6 USD) - 2016/10/11 18:14:17 ET
Table 'Adriana' 6-max Seat #3 is the button
Seat 3: xcgxcg2005 ($87.22 in chips)
Seat 4: Actionni13 ($183.79 in chips)
xcgxcg2005: posts small blind $1
Actionni13: posts big blind $3
*** HOLE CARDS ***
xcgxcg2005: folds
Uncalled bet ($2) returned to Actionni13
Actionni13 collected $2 from pot
Actionni13: doesn't show hand
*** SUMMARY ***
Total pot $2 | Rake $0
Seat 3: xcgxcg2005 (button) (small blind) folded before Flop
Seat 4: Actionni13 (big blind) collected ($2)


PokerStars Hand #159804967350:  Hold'em Limit ($3/$6 USD) - 2016/10/11 18:13:50 ET
Table 'Adriana' 6-max Seat #4 is the button
Seat 3: xcgxcg2005 ($99.22 in chips)
Seat 4: Actionni13 ($172.27 in chips)
Actionni13: posts small blind $1
xcgxcg2005: posts big blind $3
*** HOLE CARDS ***
Actionni13: raises $3 to $6
xcgxcg2005: raises $3 to $9
Actionni13: calls $3
*** FLOP *** [Ah Qc 5h]
xcgxcg2005: bets $3
Actionni13: calls $3
*** TURN *** [Ah Qc 5h] [5d]
xcgxcg2005: checks
Actionni13: checks
*** RIVER *** [Ah Qc 5h 5d] [2h]
xcgxcg2005: checks
Actionni13: checks
*** SHOW DOWN ***
xcgxcg2005: shows [Ts Jd] (a pair of Fives)
Actionni13: shows [Jh Kc] (a pair of Fives - Ace+King kicker)
Actionni13 collected $23.52 from pot
*** SUMMARY ***
Total pot $24 | Rake $0.48
Board [Ah Qc 5h 5d 2h]
Seat 3: xcgxcg2005 (big blind) showed [Ts Jd] and lost with a pair of Fives
Seat 4: Actionni13 (button) (small blind) showed [Jh Kc] and won ($23.52) with a pair of Fives


PokerStars Hand #159804993347:  Hold'em Limit ($3/$6 USD) - 2016/10/11 18:14:26 ET
Table 'Adriana' 6-max Seat #3 is the button
Seat 3: xcgxcg2005 ($83.22 in chips)
Seat 4: Actionni13 ($187.79 in chips)
xcgxcg2005: posts small blind $1
Actionni13: posts big blind $3
*** HOLE CARDS ***
xcgxcg2005: raises $3 to $6
Actionni13: calls $3
*** FLOP *** [Kc 6h 7d]
ineedbullets joins the table at seat #6
Actionni13: checks
xcgxcg2005: bets $3
Actionni13: calls $3
*** TURN *** [Kc 6h 7d] [2c]
Actionni13: checks
xcgxcg2005: checks
*** RIVER *** [Kc 6h 7d 2c] [Tc]
miezemuis joins the table at seat #1
Actionni13: bets $6
xcgxcg2005: calls $6
*** SHOW DOWN ***
Actionni13: shows [5h Ad] (high card Ace)
xcgxcg2005: shows [4h 4c] (a pair of Fours)
xcgxcg2005 collected $29.50 from pot
*** SUMMARY ***
Total pot $30 | Rake $0.50
Board [Kc 6h 7d 2c Tc]
Seat 3: xcgxcg2005 (button) (small blind) showed [4h 4c] and won ($29.50) with a pair of Fours
Seat 4: Actionni13 (big blind) showed [5h Ad] and lost with high card Ace


