PokerStars Hand #159339761904:  Hold'em Limit ($3/$6 USD) - 2016/10/01 14:26:27 ET
Table 'Adriana' 6-max Seat #3 is the button
Seat 3: sigvi ($114.31 in chips)
Seat 4: AzureCaper ($72 in chips)
sigvi: posts small blind $1
AzureCaper: posts big blind $3
*** HOLE CARDS ***
sigvi: raises $3 to $6
AzureCaper: folds
Uncalled bet ($3) returned to sigvi
sigvi collected $6 from pot
*** SUMMARY ***
Total pot $6 | Rake $0
Seat 3: sigvi (button) (small blind) collected ($6)
Seat 4: AzureCaper (big blind) folded before Flop


PokerStars Hand #159339765976:  Hold'em Limit ($3/$6 USD) - 2016/10/01 14:26:33 ET
Table 'Adriana' 6-max Seat #4 is the button
Seat 3: sigvi ($117.31 in chips)
Seat 4: AzureCaper ($72 in chips)
AzureCaper: posts small blind $1
sigvi: posts big blind $3
*** HOLE CARDS ***
AzureCaper: raises $3 to $6
sigvi: calls $3
*** FLOP *** [9h 8h 4d]
sigvi: checks
AzureCaper: bets $3
sigvi: raises $3 to $6
AzureCaper: calls $3
*** TURN *** [9h 8h 4d] [Qc]
sigvi: bets $6
AzureCaper: raises $6 to $12
sigvi: calls $6
*** RIVER *** [9h 8h 4d Qc] [7c]
sigvi: checks
AzureCaper: bets $6
sigvi: calls $6
*** SHOW DOWN ***
AzureCaper: shows [9d Qh] (two pair, Queens and Nines)
sigvi: mucks hand
AzureCaper collected $59.50 from pot
*** SUMMARY ***
Total pot $60 | Rake $0.50
Board [9h 8h 4d Qc 7c]
Seat 3: sigvi (big blind) mucked
Seat 4: AzureCaper (button) (small blind) showed [9d Qh] and won ($59.50) with two pair, Queens and Nines


PokerStars Hand #159339821866:  Hold'em Limit ($3/$6 USD) - 2016/10/01 14:27:42 ET
Table 'Adriana' 6-max Seat #4 is the button
Seat 3: sigvi ($85.07 in chips)
Seat 4: AzureCaper ($103.14 in chips)
AzureCaper: posts small blind $1
sigvi: posts big blind $3
*** HOLE CARDS ***
AzureCaper: folds
Uncalled bet ($2) returned to sigvi
sigvi collected $2 from pot
*** SUMMARY ***
Total pot $2 | Rake $0
Seat 3: sigvi (big blind) collected ($2)
Seat 4: AzureCaper (button) (small blind) folded before Flop


PokerStars Hand #159339816126:  Hold'em Limit ($3/$6 USD) - 2016/10/01 14:27:34 ET
Table 'Adriana' 6-max Seat #3 is the button
Seat 3: sigvi ($79.31 in chips)
Seat 4: AzureCaper ($109.14 in chips)
sigvi: posts small blind $1
AzureCaper: posts big blind $3
*** HOLE CARDS ***
sigvi: raises $3 to $6
AzureCaper: calls $3
*** FLOP *** [Jc 2s 5s]
AzureCaper: checks
sigvi: bets $3
AzureCaper: folds
Uncalled bet ($3) returned to sigvi
sigvi collected $11.76 from pot
*** SUMMARY ***
Total pot $12 | Rake $0.24
Board [Jc 2s 5s]
Seat 3: sigvi (button) (small blind) collected ($11.76)
Seat 4: AzureCaper (big blind) folded on the Flop


PokerStars Hand #159339797418:  Hold'em Limit ($3/$6 USD) - 2016/10/01 14:27:09 ET
Table 'Adriana' 6-max Seat #4 is the button
Seat 3: sigvi ($78.31 in chips)
Seat 4: AzureCaper ($110.14 in chips)
AzureCaper: posts small blind $1
sigvi: posts big blind $3
*** HOLE CARDS ***
AzureCaper: folds
Uncalled bet ($2) returned to sigvi
sigvi collected $2 from pot
*** SUMMARY ***
Total pot $2 | Rake $0
Seat 3: sigvi (big blind) collected ($2)
Seat 4: AzureCaper (button) (small blind) folded before Flop


PokerStars Hand #159339790123:  Hold'em Limit ($3/$6 USD) - 2016/10/01 14:26:59 ET
Table 'Adriana' 6-max Seat #3 is the button
Seat 3: sigvi ($87.31 in chips)
Seat 4: AzureCaper ($101.50 in chips)
sigvi: posts small blind $1
AzureCaper: posts big blind $3
*** HOLE CARDS ***
sigvi: raises $3 to $6
AzureCaper: calls $3
*** FLOP *** [As 8h 6h]
AzureCaper: checks
sigvi: bets $3
AzureCaper: raises $3 to $6
sigvi: folds
Uncalled bet ($3) returned to AzureCaper
AzureCaper collected $17.64 from pot
AzureCaper: doesn't show hand
*** SUMMARY ***
Total pot $18 | Rake $0.36
Board [As 8h 6h]
Seat 3: sigvi (button) (small blind) folded on the Flop
Seat 4: AzureCaper (big blind) collected ($17.64)


PokerStars Hand #159339805369:  Hold'em Limit ($3/$6 USD) - 2016/10/01 14:27:19 ET
Table 'Adriana' 6-max Seat #4 is the button
Seat 3: sigvi ($78.31 in chips)
Seat 4: AzureCaper ($110.14 in chips)
AzureCaper: posts small blind $1
sigvi: posts big blind $3
*** HOLE CARDS ***
AzureCaper: folds
Uncalled bet ($2) returned to sigvi
sigvi collected $2 from pot
sigvi: doesn't show hand
*** SUMMARY ***
Total pot $2 | Rake $0
Seat 3: sigvi (big blind) collected ($2)
Seat 4: AzureCaper (button) (small blind) folded before Flop


PokerStars Hand #159339801734:  Hold'em Limit ($3/$6 USD) - 2016/10/01 14:27:15 ET
Table 'Adriana' 6-max Seat #3 is the button
Seat 3: sigvi ($79.31 in chips)
Seat 4: AzureCaper ($109.14 in chips)
sigvi: posts small blind $1
AzureCaper: posts big blind $3
*** HOLE CARDS ***
sigvi: folds
Uncalled bet ($2) returned to AzureCaper
AzureCaper collected $2 from pot
AzureCaper: doesn't show hand
*** SUMMARY ***
Total pot $2 | Rake $0
Seat 3: sigvi (button) (small blind) folded before Flop
Seat 4: AzureCaper (big blind) collected ($2)


PokerStars Hand #159339813017:  Hold'em Limit ($3/$6 USD) - 2016/10/01 14:27:30 ET
Table 'Adriana' 6-max Seat #4 is the button
Seat 3: sigvi ($78.31 in chips)
Seat 4: AzureCaper ($110.14 in chips)
AzureCaper: posts small blind $1
sigvi: posts big blind $3
*** HOLE CARDS ***
AzureCaper: folds
Uncalled bet ($2) returned to sigvi
sigvi collected $2 from pot
sigvi: doesn't show hand
*** SUMMARY ***
Total pot $2 | Rake $0
Seat 3: sigvi (big blind) collected ($2)
Seat 4: AzureCaper (button) (small blind) folded before Flop


PokerStars Hand #159339809745:  Hold'em Limit ($3/$6 USD) - 2016/10/01 14:27:25 ET
Table 'Adriana' 6-max Seat #3 is the button
Seat 3: sigvi ($79.31 in chips)
Seat 4: AzureCaper ($109.14 in chips)
sigvi: posts small blind $1
AzureCaper: posts big blind $3
*** HOLE CARDS ***
sigvi: folds
Uncalled bet ($2) returned to AzureCaper
AzureCaper collected $2 from pot
AzureCaper: doesn't show hand
*** SUMMARY ***
Total pot $2 | Rake $0
Seat 3: sigvi (button) (small blind) folded before Flop
Seat 4: AzureCaper (big blind) collected ($2)


PokerStars Hand #159339854866:  Hold'em Limit ($3/$6 USD) - 2016/10/01 14:28:26 ET
Table 'Adriana' 6-max Seat #3 is the button
Seat 3: sigvi ($130.07 in chips)
Seat 4: AzureCaper ($72 in chips)
sigvi: posts small blind $1
AzureCaper: posts big blind $3
*** HOLE CARDS ***
sigvi: folds
Uncalled bet ($2) returned to AzureCaper
AzureCaper collected $2 from pot
AzureCaper: doesn't show hand
*** SUMMARY ***
Total pot $2 | Rake $0
Seat 3: sigvi (button) (small blind) folded before Flop
Seat 4: AzureCaper (big blind) collected ($2)


PokerStars Hand #159339842715:  Hold'em Limit ($3/$6 USD) - 2016/10/01 14:28:10 ET
Table 'Adriana' 6-max Seat #4 is the button
Seat 3: sigvi ($115.57 in chips)
Seat 4: AzureCaper ($72.14 in chips)
AzureCaper: posts small blind $1
sigvi: posts big blind $3
*** HOLE CARDS ***
AzureCaper: raises $3 to $6
sigvi: calls $3
*** FLOP *** [4d Ts 3c]
sigvi: checks
AzureCaper: bets $3
slipkid3 joins the table at seat #6
sigvi: calls $3
*** TURN *** [4d Ts 3c] [Qh]
sigvi: checks
AzureCaper: bets $6
sigvi: raises $6 to $12
AzureCaper: folds
Uncalled bet ($6) returned to sigvi
sigvi collected $29.50 from pot
*** SUMMARY ***
Total pot $30 | Rake $0.50
Board [4d Ts 3c Qh]
Seat 3: sigvi (big blind) collected ($29.50)
Seat 4: AzureCaper (button) (small blind) folded on the Turn


PokerStars Hand #159339824932:  Hold'em Limit ($3/$6 USD) - 2016/10/01 14:27:46 ET
Table 'Adriana' 6-max Seat #3 is the button
Seat 3: sigvi ($86.07 in chips)
Seat 4: AzureCaper ($102.14 in chips)
sigvi: posts small blind $1
AzureCaper: posts big blind $3
*** HOLE CARDS ***
sigvi: raises $3 to $6
AzureCaper: calls $3
*** FLOP *** [Ks 9s 9h]
AzureCaper: checks
sigvi: bets $3
AzureCaper: raises $3 to $6
sigvi: calls $3
*** TURN *** [Ks 9s 9h] [4s]
AzureCaper: bets $6
sigvi: raises $6 to $12
AzureCaper: calls $6
*** RIVER *** [Ks 9s 9h 4s] [6h]
AzureCaper: checks
sigvi: bets $6
AzureCaper: calls $6
*** SHOW DOWN ***
sigvi: shows [Qs 5s] (a flush, King high)
AzureCaper: mucks hand
sigvi collected $59.50 from pot
*** SUMMARY ***
Total pot $60 | Rake $0.50
Board [Ks 9s 9h 4s 6h]
Seat 3: sigvi (button) (small blind) showed [Qs 5s] and won ($59.50) with a flush, King high
Seat 4: AzureCaper (big blind) mucked


