PokerStars Hand #155310863524:  Hold'em Limit ($3/$6 USD) - 2016/06/28 14:30:29 ET
Table 'Adriana' 6-max Seat #3 is the button
Seat 3: 40 ft cliff ($120 in chips)
Seat 4: VolkovDmitri ($120 in chips)
40 ft cliff: posts small blind $1
VolkovDmitri: posts big blind $3
*** HOLE CARDS ***
40 ft cliff: raises $3 to $6
VolkovDmitri: raises $3 to $9
40 ft cliff: calls $3
*** FLOP *** [As Ah 5h]
VolkovDmitri: bets $3
40 ft cliff: calls $3
*** TURN *** [As Ah 5h] [3h]
VolkovDmitri: checks
40 ft cliff: checks
*** RIVER *** [As Ah 5h 3h] [Qh]
VolkovDmitri: bets $6
40 ft cliff: calls $6
*** SHOW DOWN ***
VolkovDmitri: shows [Ks Jh] (a flush, Ace high)
40 ft cliff: mucks hand
VolkovDmitri collected $35.50 from pot
*** SUMMARY ***
Total pot $36 | Rake $0.50
Board [As Ah 5h 3h Qh]
Seat 3: 40 ft cliff (button) (small blind) mucked
Seat 4: VolkovDmitri (big blind) showed [Ks Jh] and won ($35.50) with a flush, Ace high


PokerStars Hand #155310911023:  Hold'em Limit ($3/$6 USD) - 2016/06/28 14:31:32 ET
Table 'Adriana' 6-max Seat #4 is the button
Seat 3: 40 ft cliff ($128.50 in chips)
Seat 4: VolkovDmitri ($120 in chips)
VolkovDmitri: posts small blind $1
40 ft cliff: posts big blind $3
*** HOLE CARDS ***
VolkovDmitri: raises $3 to $6
40 ft cliff: calls $3
*** FLOP *** [8h 8s Td]
moveoverover joins the table at seat #5
40 ft cliff: bets $3
VolkovDmitri: folds
Uncalled bet ($3) returned to 40 ft cliff
40 ft cliff collected $11.76 from pot
40 ft cliff: doesn't show hand
*** SUMMARY ***
Total pot $12 | Rake $0.24
Board [8h 8s Td]
Seat 3: 40 ft cliff (big blind) collected ($11.76)
Seat 4: VolkovDmitri (button) (small blind) folded on the Flop


PokerStars Hand #155310890851:  Hold'em Limit ($3/$6 USD) - 2016/06/28 14:31:06 ET
Table 'Adriana' 6-max Seat #3 is the button
Seat 3: 40 ft cliff ($99 in chips)
Seat 4: VolkovDmitri ($140.50 in chips)
40 ft cliff: posts small blind $1
VolkovDmitri: posts big blind $3
*** HOLE CARDS ***
40 ft cliff: raises $3 to $6
VolkovDmitri: raises $3 to $9
40 ft cliff: calls $3
*** FLOP *** [Ts Tc 6d]
VolkovDmitri: bets $3
40 ft cliff: calls $3
*** TURN *** [Ts Tc 6d] [Jc]
VolkovDmitri: bets $6
40 ft cliff: raises $6 to $12
VolkovDmitri: calls $6
*** RIVER *** [Ts Tc 6d Jc] [As]
VolkovDmitri: checks
40 ft cliff: bets $6
VolkovDmitri: calls $6
*** SHOW DOWN ***
40 ft cliff: shows [Th 7d] (three of a kind, Tens)
VolkovDmitri: mucks hand
40 ft cliff collected $59.50 from pot
*** SUMMARY ***
Total pot $60 | Rake $0.50
Board [Ts Tc 6d Jc As]
Seat 3: 40 ft cliff (button) (small blind) showed [Th 7d] and won ($59.50) with three of a kind, Tens
Seat 4: VolkovDmitri (big blind) mucked


PokerStars Hand #155310884659:  Hold'em Limit ($3/$6 USD) - 2016/06/28 14:30:58 ET
Table 'Adriana' 6-max Seat #4 is the button
Seat 3: 40 ft cliff ($102 in chips)
Seat 4: VolkovDmitri ($137.50 in chips)
VolkovDmitri: posts small blind $1
40 ft cliff: posts big blind $3
*** HOLE CARDS ***
VolkovDmitri: raises $3 to $6
40 ft cliff: folds
Uncalled bet ($3) returned to VolkovDmitri
VolkovDmitri collected $6 from pot
VolkovDmitri: doesn't show hand
*** SUMMARY ***
Total pot $6 | Rake $0
Seat 3: 40 ft cliff (big blind) folded before Flop
Seat 4: VolkovDmitri (button) (small blind) collected ($6)


PokerStars Hand #155310927623:  Hold'em Limit ($3/$6 USD) - 2016/06/28 14:31:55 ET
Table 'Adriana' 6-max Seat #3 is the button
Seat 3: 40 ft cliff ($134.26 in chips)
Seat 4: VolkovDmitri ($120 in chips)
40 ft cliff: posts small blind $1
VolkovDmitri: posts big blind $3
*** HOLE CARDS ***
40 ft cliff: raises $3 to $6
VolkovDmitri: raises $3 to $9
40 ft cliff: calls $3
*** FLOP *** [3c 8d 4s]
VolkovDmitri: bets $3
40 ft cliff: calls $3
*** TURN *** [3c 8d 4s] [3s]
VolkovDmitri: bets $6
40 ft cliff: calls $6
*** RIVER *** [3c 8d 4s 3s] [6s]
VolkovDmitri: bets $6
40 ft cliff: folds
Uncalled bet ($6) returned to VolkovDmitri
VolkovDmitri collected $35.50 from pot
VolkovDmitri: doesn't show hand
*** SUMMARY ***
Total pot $36 | Rake $0.50
Board [3c 8d 4s 3s 6s]
Seat 3: 40 ft cliff (button) (small blind) folded on the River
Seat 4: VolkovDmitri (big blind) collected ($35.50)


PokerStars Hand #155311886462:  Hold'em Limit ($3/$6 USD) - 2016/06/28 14:52:54 ET
Table 'Adriana' 6-max Seat #1 is the button
Seat 1: ValeryRon ($184.40 in chips)
Seat 6: BrownieSpy ($73 in chips)
ValeryRon: posts small blind $1
1BETEP1: is sitting out
BrownieSpy: posts big blind $3
*** HOLE CARDS ***
1BETEP1 leaves the table
ValeryRon: folds
Uncalled bet ($2) returned to BrownieSpy
VolkovDmitri leaves the table
BrownieSpy collected $2 from pot
BrownieSpy: doesn't show hand
*** SUMMARY ***
Total pot $2 | Rake $0
Seat 1: ValeryRon (button) (small blind) folded before Flop
Seat 6: BrownieSpy (big blind) collected ($2)


PokerStars Hand #155312222754:  Hold'em Limit ($3/$6 USD) - 2016/06/28 15:01:11 ET
Table 'Adriana' 6-max Seat #4 is the button
Seat 4: moveoverover ($120 in chips)
Seat 5: BrownieSpy ($72 in chips)
moveoverover: posts small blind $1
BrownieSpy: posts big blind $3
*** HOLE CARDS ***
moveoverover: raises $3 to $6
pompier40 joins the table at seat #3
BrownieSpy: calls $3
*** FLOP *** [Qd 3c Ks]
BrownieSpy: checks
moveoverover: bets $3
BrownieSpy: folds
Uncalled bet ($3) returned to moveoverover
moveoverover collected $11.76 from pot
*** SUMMARY ***
Total pot $12 | Rake $0.24
Board [Qd 3c Ks]
Seat 4: moveoverover (button) (small blind) collected ($11.76)
Seat 5: BrownieSpy (big blind) folded on the Flop


