PokerStars Hand #156081467283:  Hold'em Limit ($3/$6 USD) - 2016/07/17 10:29:49 ET
Table 'Aegina III' 6-max Seat #6 is the button
Seat 4: Agrotait ($110.67 in chips)
Seat 6: conkris ($131.39 in chips)
conkris: posts small blind $1
Mordnilap: is sitting out
Agrotait: posts big blind $3
*** HOLE CARDS ***
conkris: raises $3 to $6
Agrotait: calls $3
*** FLOP *** [9h Kh 7c]
Agrotait: checks
conkris: checks
*** TURN *** [9h Kh 7c] [8c]
Agrotait: bets $6
conkris: calls $6
*** RIVER *** [9h Kh 7c 8c] [7s]
Agrotait: checks
conkris: checks
*** SHOW DOWN ***
Agrotait: shows [5c Ad] (a pair of Sevens)
conkris: shows [5h Ac] (a pair of Sevens)
Agrotait collected $11.76 from pot
conkris collected $11.76 from pot
*** SUMMARY ***
Total pot $24 | Rake $0.48
Board [9h Kh 7c 8c 7s]
Seat 4: Agrotait (big blind) showed [5c Ad] and won ($11.76) with a pair of Sevens
Seat 6: conkris (button) (small blind) showed [5h Ac] and won ($11.76) with a pair of Sevens


PokerStars Hand #156081487963:  Hold'em Limit ($3/$6 USD) - 2016/07/17 10:30:21 ET
Table 'Aegina III' 6-max Seat #4 is the button
Seat 4: Agrotait ($110.43 in chips)
Seat 6: conkris ($131.15 in chips)
Agrotait: posts small blind $1
conkris: posts big blind $3
*** HOLE CARDS ***
Agrotait: raises $3 to $6
conkris: calls $3
*** FLOP *** [9s 2d 3h]
conkris: checks
Agrotait: bets $3
conkris: folds
Uncalled bet ($3) returned to Agrotait
Agrotait collected $11.76 from pot
Agrotait: doesn't show hand
*** SUMMARY ***
Total pot $12 | Rake $0.24
Board [9s 2d 3h]
Seat 4: Agrotait (button) (small blind) collected ($11.76)
Seat 6: conkris (big blind) folded on the Flop


PokerStars Hand #156081494351:  Hold'em Limit ($3/$6 USD) - 2016/07/17 10:30:32 ET
Table 'Aegina III' 6-max Seat #6 is the button
Seat 4: Agrotait ($116.19 in chips)
Seat 6: conkris ($125.15 in chips)
conkris: posts small blind $1
Agrotait: posts big blind $3
*** HOLE CARDS ***
conkris: folds
Uncalled bet ($2) returned to Agrotait
Agrotait collected $2 from pot
Agrotait: doesn't show hand
*** SUMMARY ***
Total pot $2 | Rake $0
Seat 4: Agrotait (big blind) collected ($2)
Seat 6: conkris (button) (small blind) folded before Flop


PokerStars Hand #156081497119:  Hold'em Limit ($3/$6 USD) - 2016/07/17 10:30:36 ET
Table 'Aegina III' 6-max Seat #4 is the button
Seat 4: Agrotait ($117.19 in chips)
Seat 6: conkris ($124.15 in chips)
Agrotait: posts small blind $1
conkris: posts big blind $3
*** HOLE CARDS ***
Agrotait: raises $3 to $6
conkris: calls $3
*** FLOP *** [Qh Kd 7d]
conkris: checks
Agrotait: bets $3
conkris: folds
Uncalled bet ($3) returned to Agrotait
Agrotait collected $11.76 from pot
Agrotait: doesn't show hand
*** SUMMARY ***
Total pot $12 | Rake $0.24
Board [Qh Kd 7d]
Seat 4: Agrotait (button) (small blind) collected ($11.76)
Seat 6: conkris (big blind) folded on the Flop


