PokerStars Hand #148017042370:  Hold'em Limit ($3/$6 USD) - 2016/01/31 16:17:16 ET
Table 'Aegina III' 6-max Seat #2 is the button
Seat 2: 7superpoker ($17.44 in chips)
Seat 5: SashaYuvelir ($72 in chips)
7superpoker: posts small blind $1
dborys: is sitting out
Chessnok was removed from the table for failing to post
SashaYuvelir: posts big blind $3
*** HOLE CARDS ***
7superpoker: raises $3 to $6
SashaYuvelir: calls $3
*** FLOP *** [Qh Jd 7d]
SashaYuvelir: checks
7superpoker: bets $3
SashaYuvelir: folds
Uncalled bet ($3) returned to 7superpoker
7superpoker collected $11.76 from pot
7superpoker: doesn't show hand
*** SUMMARY ***
Total pot $12 | Rake $0.24
Board [Qh Jd 7d]
Seat 2: 7superpoker (button) (small blind) collected ($11.76)
Seat 5: SashaYuvelir (big blind) folded on the Flop


PokerStars Hand #148017054457:  Hold'em Limit ($3/$6 USD) - 2016/01/31 16:17:26 ET
Table 'Aegina III' 6-max Seat #5 is the button
Seat 2: 7superpoker ($23.20 in chips)
Seat 5: SashaYuvelir ($72 in chips)
SashaYuvelir: posts small blind $1
7superpoker: posts big blind $3
*** HOLE CARDS ***
SashaYuvelir: raises $3 to $6
7superpoker: calls $3
*** FLOP *** [Kd Jd Jh]
7superpoker: bets $3
SashaYuvelir: raises $3 to $6
7superpoker: calls $3
*** TURN *** [Kd Jd Jh] [Ts]
7superpoker: checks
SashaYuvelir: checks
*** RIVER *** [Kd Jd Jh Ts] [Jc]
7superpoker: checks
SashaYuvelir: checks
*** SHOW DOWN ***
7superpoker: shows [5d 5c] (a full house, Jacks full of Fives)
SashaYuvelir: mucks hand
7superpoker collected $23.52 from pot
*** SUMMARY ***
Total pot $24 | Rake $0.48
Board [Kd Jd Jh Ts Jc]
Seat 2: 7superpoker (big blind) showed [5d 5c] and won ($23.52) with a full house, Jacks full of Fives
Seat 5: SashaYuvelir (button) (small blind) mucked


PokerStars Hand #148017093102:  Hold'em Limit ($3/$6 USD) - 2016/01/31 16:18:00 ET
Table 'Aegina III' 6-max Seat #5 is the button
Seat 2: 7superpoker ($40.48 in chips)
Seat 5: SashaYuvelir ($72 in chips)
SashaYuvelir: posts small blind $1
7superpoker: posts big blind $3
*** HOLE CARDS ***
SashaYuvelir: folds
Uncalled bet ($2) returned to 7superpoker
7superpoker collected $2 from pot
7superpoker: doesn't show hand
*** SUMMARY ***
Total pot $2 | Rake $0
Seat 2: 7superpoker (big blind) collected ($2)
Seat 5: SashaYuvelir (button) (small blind) folded before Flop


PokerStars Hand #148017081462:  Hold'em Limit ($3/$6 USD) - 2016/01/31 16:17:50 ET
Table 'Aegina III' 6-max Seat #2 is the button
Seat 2: 7superpoker ($34.72 in chips)
Seat 5: SashaYuvelir ($72 in chips)
7superpoker: posts small blind $1
SashaYuvelir: posts big blind $3
*** HOLE CARDS ***
7superpoker: raises $3 to $6
SashaYuvelir: calls $3
*** FLOP *** [Qd 2d 8s]
SashaYuvelir: checks
7superpoker: bets $3
SashaYuvelir: folds
Uncalled bet ($3) returned to 7superpoker
7superpoker collected $11.76 from pot
7superpoker: doesn't show hand
*** SUMMARY ***
Total pot $12 | Rake $0.24
Board [Qd 2d 8s]
Seat 2: 7superpoker (button) (small blind) collected ($11.76)
Seat 5: SashaYuvelir (big blind) folded on the Flop


PokerStars Hand #148017098029:  Hold'em Limit ($3/$6 USD) - 2016/01/31 16:18:04 ET
Table 'Aegina III' 6-max Seat #2 is the button
Seat 2: 7superpoker ($41.48 in chips)
Seat 5: SashaYuvelir ($72 in chips)
7superpoker: posts small blind $1
SashaYuvelir: posts big blind $3
*** HOLE CARDS ***
7superpoker: raises $3 to $6
SashaYuvelir: raises $3 to $9
7superpoker: calls $3
*** FLOP *** [6h 2h 6s]
SashaYuvelir: bets $3
7superpoker: calls $3
*** TURN *** [6h 2h 6s] [Ah]
SashaYuvelir: bets $6
7superpoker: calls $6
*** RIVER *** [6h 2h 6s Ah] [Qh]
SashaYuvelir: bets $6
7superpoker: calls $6
*** SHOW DOWN ***
SashaYuvelir: shows [Js Kh] (a flush, Ace high)
7superpoker: mucks hand
SashaYuvelir collected $47.50 from pot
*** SUMMARY ***
Total pot $48 | Rake $0.50
Board [6h 2h 6s Ah Qh]
Seat 2: 7superpoker (button) (small blind) mucked
Seat 5: SashaYuvelir (big blind) showed [Js Kh] and won ($47.50) with a flush, Ace high


PokerStars Hand #148017122283:  Hold'em Limit ($3/$6 USD) - 2016/01/31 16:18:25 ET
Table 'Aegina III' 6-max Seat #5 is the button
Seat 2: 7superpoker ($17.48 in chips)
Seat 5: SashaYuvelir ($95.50 in chips)
SashaYuvelir: posts small blind $1
7superpoker: posts big blind $3
*** HOLE CARDS ***
SashaYuvelir: raises $3 to $6
dborys leaves the table
7superpoker: calls $3
*** FLOP *** [Tc 5h 6s]
7superpoker: checks
SashaYuvelir: checks
*** TURN *** [Tc 5h 6s] [Ad]
7superpoker: bets $6
SashaYuvelir: raises $6 to $12
7superpoker: folds
Uncalled bet ($6) returned to SashaYuvelir
SashaYuvelir collected $23.52 from pot
SashaYuvelir: doesn't show hand
*** SUMMARY ***
Total pot $24 | Rake $0.48
Board [Tc 5h 6s Ad]
Seat 2: 7superpoker (big blind) folded on the Turn
Seat 5: SashaYuvelir (button) (small blind) collected ($23.52)


PokerStars Hand #148017153133:  Hold'em Limit ($3/$6 USD) - 2016/01/31 16:18:51 ET
Table 'Aegina III' 6-max Seat #2 is the button
Seat 2: 7superpoker ($5.48 in chips)
Seat 5: SashaYuvelir ($107.02 in chips)
7superpoker: posts small blind $1
SashaYuvelir: posts big blind $3
*** HOLE CARDS ***
7superpoker: raises $2.48 to $5.48 and is all-in
SashaYuvelir: calls $2.48
*** FLOP *** [Th Ah 4h]
*** TURN *** [Th Ah 4h] [9d]
*** RIVER *** [Th Ah 4h 9d] [6c]
*** SHOW DOWN ***
SashaYuvelir: shows [5c 6s] (a pair of Sixes)
7superpoker: shows [Qs Jc] (high card Ace)
SashaYuvelir collected $10.74 from pot
*** SUMMARY ***
Total pot $10.96 | Rake $0.22
Board [Th Ah 4h 9d 6c]
Seat 2: 7superpoker (button) (small blind) showed [Qs Jc] and lost with high card Ace
Seat 5: SashaYuvelir (big blind) showed [5c 6s] and won ($10.74) with a pair of Sixes


