PokerStars Hand #166433229466:  Hold'em Limit ($3/$6 USD) - 2017/02/19 1:35:54 ET
Table 'Aegle' 10-max Seat #1 is the button
Seat 1: LifeisagameX ($84 in chips)
Seat 7: Darts ($71.76 in chips)
LifeisagameX: posts small blind $1
Darts: posts big blind $3
*** HOLE CARDS ***
LifeisagameX: raises $3 to $6
Darts: folds
Uncalled bet ($3) returned to LifeisagameX
LifeisagameX collected $6 from pot
LifeisagameX: doesn't show hand
*** SUMMARY ***
Total pot $6 | Rake $0
Seat 1: LifeisagameX (button) (small blind) collected ($6)
Seat 7: Darts (big blind) folded before Flop


PokerStars Hand #166433240246:  Hold'em Limit ($3/$6 USD) - 2017/02/19 1:36:31 ET
Table 'Aegle' 10-max Seat #1 is the button
Seat 1: LifeisagameX ($84 in chips)
Seat 7: Darts ($74.52 in chips)
LifeisagameX: posts small blind $1
Darts: posts big blind $3
*** HOLE CARDS ***
LifeisagameX: raises $3 to $6
Darts: folds
Uncalled bet ($3) returned to LifeisagameX
LifeisagameX collected $6 from pot
LifeisagameX: doesn't show hand
*** SUMMARY ***
Total pot $6 | Rake $0
Seat 1: LifeisagameX (button) (small blind) collected ($6)
Seat 7: Darts (big blind) folded before Flop


PokerStars Hand #166433235855:  Hold'em Limit ($3/$6 USD) - 2017/02/19 1:36:16 ET
Table 'Aegle' 10-max Seat #7 is the button
Seat 1: LifeisagameX ($87 in chips)
Seat 7: Darts ($68.76 in chips)
Darts: posts small blind $1
LifeisagameX: posts big blind $3
*** HOLE CARDS ***
Darts: raises $3 to $6
LifeisagameX: calls $3
*** FLOP *** [9s 6d 6h]
LifeisagameX: checks
Darts: bets $3
LifeisagameX: folds
Uncalled bet ($3) returned to Darts
Darts collected $11.76 from pot
Darts: doesn't show hand
*** SUMMARY ***
Total pot $12 | Rake $0.24
Board [9s 6d 6h]
Seat 1: LifeisagameX (big blind) folded on the Flop
Seat 7: Darts (button) (small blind) collected ($11.76)


