PokerStars Hand #148562496505:  Hold'em Limit ($3/$6 USD) - 2016/02/10 11:02:47 ET
Table 'Aehlita' 10-max Seat #5 is the button
Seat 5: Simpiwe ($77.19 in chips)
Seat 6: Agrotait ($72 in chips)
Simpiwe: posts small blind $1
Agrotait: posts big blind $3
*** HOLE CARDS ***
Simpiwe: raises $3 to $6
Agrotait: calls $3
*** FLOP *** [8d As 3d]
Agrotait: checks
Simpiwe: checks
*** TURN *** [8d As 3d] [6d]
Agrotait: bets $6
Simpiwe: calls $6
*** RIVER *** [8d As 3d 6d] [2c]
Agrotait: bets $6
Simpiwe: calls $6
*** SHOW DOWN ***
Agrotait: shows [Ad 2d] (a flush, Ace high)
Simpiwe: mucks hand
Agrotait collected $35.50 from pot
*** SUMMARY ***
Total pot $36 | Rake $0.50
Board [8d As 3d 6d 2c]
Seat 5: Simpiwe (button) (small blind) mucked
Seat 6: Agrotait (big blind) showed [Ad 2d] and won ($35.50) with a flush, Ace high


PokerStars Hand #148562490317:  Hold'em Limit ($3/$6 USD) - 2016/02/10 11:02:40 ET
Table 'Aehlita' 10-max Seat #6 is the button
Seat 5: Simpiwe ($76.19 in chips)
Seat 6: Agrotait ($73 in chips)
Agrotait: posts small blind $1
Simpiwe: posts big blind $3
*** HOLE CARDS ***
Agrotait: folds
Uncalled bet ($2) returned to Simpiwe
Simpiwe collected $2 from pot
Simpiwe: doesn't show hand
*** SUMMARY ***
Total pot $2 | Rake $0
Seat 5: Simpiwe (big blind) collected ($2)
Seat 6: Agrotait (button) (small blind) folded before Flop


PokerStars Hand #148562486723:  Hold'em Limit ($3/$6 USD) - 2016/02/10 11:02:35 ET
Table 'Aehlita' 10-max Seat #5 is the button
Seat 5: Simpiwe ($77.19 in chips)
Seat 6: Agrotait ($72 in chips)
Simpiwe: posts small blind $1
Agrotait: posts big blind $3
*** HOLE CARDS ***
Simpiwe: folds
Uncalled bet ($2) returned to Agrotait
Agrotait collected $2 from pot
Agrotait: doesn't show hand
*** SUMMARY ***
Total pot $2 | Rake $0
Seat 5: Simpiwe (button) (small blind) folded before Flop
Seat 6: Agrotait (big blind) collected ($2)


PokerStars Hand #148562522153:  Hold'em Limit ($3/$6 USD) - 2016/02/10 11:03:18 ET
Table 'Aehlita' 10-max Seat #6 is the button
Seat 5: Simpiwe ($59.19 in chips)
Seat 6: Agrotait ($89.50 in chips)
Agrotait: posts small blind $1
Simpiwe: posts big blind $3
*** HOLE CARDS ***
Agrotait: raises $3 to $6
Simpiwe: raises $3 to $9
Agrotait: calls $3
*** FLOP *** [Ts Kd 3d]
Simpiwe: bets $3
Agrotait: folds
Uncalled bet ($3) returned to Simpiwe
Simpiwe collected $17.64 from pot
Simpiwe: doesn't show hand
*** SUMMARY ***
Total pot $18 | Rake $0.36
Board [Ts Kd 3d]
Seat 5: Simpiwe (big blind) collected ($17.64)
Seat 6: Agrotait (button) (small blind) folded on the Flop


PokerStars Hand #148562627151:  Hold'em Limit ($3/$6 USD) - 2016/02/10 11:05:20 ET
Table 'Aehlita' 10-max Seat #5 is the button
Seat 5: Simpiwe ($47.83 in chips)
Seat 6: Agrotait ($100 in chips)
Simpiwe: posts small blind $1
Agrotait: posts big blind $3
*** HOLE CARDS ***
Simpiwe: raises $3 to $6
Agrotait: folds
Uncalled bet ($3) returned to Simpiwe
Simpiwe collected $6 from pot
Simpiwe: doesn't show hand
*** SUMMARY ***
Total pot $6 | Rake $0
Seat 5: Simpiwe (button) (small blind) collected ($6)
Seat 6: Agrotait (big blind) folded before Flop


PokerStars Hand #148562622435:  Hold'em Limit ($3/$6 USD) - 2016/02/10 11:05:15 ET
Table 'Aehlita' 10-max Seat #6 is the button
Seat 5: Simpiwe ($46.83 in chips)
Seat 6: Agrotait ($101 in chips)
Agrotait: posts small blind $1
Simpiwe: posts big blind $3
*** HOLE CARDS ***
Agrotait: folds
Uncalled bet ($2) returned to Simpiwe
Simpiwe collected $2 from pot
Simpiwe: doesn't show hand
*** SUMMARY ***
Total pot $2 | Rake $0
Seat 5: Simpiwe (big blind) collected ($2)
Seat 6: Agrotait (button) (small blind) folded before Flop


PokerStars Hand #148562539649:  Hold'em Limit ($3/$6 USD) - 2016/02/10 11:03:38 ET
Table 'Aehlita' 10-max Seat #5 is the button
Seat 5: Simpiwe ($67.83 in chips)
Seat 6: Agrotait ($80.50 in chips)
Simpiwe: posts small blind $1
Agrotait: posts big blind $3
*** HOLE CARDS ***
Simpiwe: raises $3 to $6
Agrotait: calls $3
*** FLOP *** [8s Kh Qd]
Agrotait: checks
Simpiwe: bets $3
Agrotait: calls $3
*** TURN *** [8s Kh Qd] [Jc]
Agrotait: checks
Simpiwe: bets $6
Agrotait: calls $6
*** RIVER *** [8s Kh Qd Jc] [Kc]
Agrotait: checks
Simpiwe: bets $6
Agrotait: calls $6
*** SHOW DOWN ***
Simpiwe: shows [Ts 2d] (a pair of Kings)
Agrotait: shows [4s Qc] (two pair, Kings and Queens)
Agrotait collected $41.50 from pot
*** SUMMARY ***
Total pot $42 | Rake $0.50
Board [8s Kh Qd Jc Kc]
Seat 5: Simpiwe (button) (small blind) showed [Ts 2d] and lost with a pair of Kings
Seat 6: Agrotait (big blind) showed [4s Qc] and won ($41.50) with two pair, Kings and Queens


PokerStars Hand #148562656046:  Hold'em Limit ($3/$6 USD) - 2016/02/10 11:05:53 ET
Table 'Aehlita' 10-max Seat #6 is the button
Seat 5: Simpiwe ($41.83 in chips)
Seat 6: Agrotait ($105.64 in chips)
Agrotait: posts small blind $1
Simpiwe: posts big blind $3
*** HOLE CARDS ***
Agrotait: raises $3 to $6
Simpiwe: folds
Uncalled bet ($3) returned to Agrotait
Agrotait collected $6 from pot
Agrotait: doesn't show hand
*** SUMMARY ***
Total pot $6 | Rake $0
Seat 5: Simpiwe (big blind) folded before Flop
Seat 6: Agrotait (button) (small blind) collected ($6)


PokerStars Hand #148562645008:  Hold'em Limit ($3/$6 USD) - 2016/02/10 11:05:41 ET
Table 'Aehlita' 10-max Seat #5 is the button
Seat 5: Simpiwe ($44.83 in chips)
Seat 6: Agrotait ($102.76 in chips)
Simpiwe: posts small blind $1
Agrotait: posts big blind $3
*** HOLE CARDS ***
Simpiwe: calls $2
Agrotait: checks
*** FLOP *** [Th 7c Js]
Agrotait: checks
Simpiwe: checks
*** TURN *** [Th 7c Js] [2d]
Agrotait: bets $6
Simpiwe: folds
Uncalled bet ($6) returned to Agrotait
Agrotait collected $5.88 from pot
Agrotait: doesn't show hand
*** SUMMARY ***
Total pot $6 | Rake $0.12
Board [Th 7c Js 2d]
Seat 5: Simpiwe (button) (small blind) folded on the Turn
Seat 6: Agrotait (big blind) collected ($5.88)


PokerStars Hand #148562635803:  Hold'em Limit ($3/$6 USD) - 2016/02/10 11:05:30 ET
Table 'Aehlita' 10-max Seat #6 is the button
Seat 5: Simpiwe ($50.83 in chips)
Seat 6: Agrotait ($97 in chips)
Agrotait: posts small blind $1
Simpiwe: posts big blind $3
*** HOLE CARDS ***
Agrotait: raises $3 to $6
Simpiwe: calls $3
*** FLOP *** [Kc Ah 5s]
Simpiwe: checks
Agrotait: bets $3
Simpiwe: folds
Uncalled bet ($3) returned to Agrotait
Agrotait collected $11.76 from pot
Agrotait: doesn't show hand
*** SUMMARY ***
Total pot $12 | Rake $0.24
Board [Kc Ah 5s]
Seat 5: Simpiwe (big blind) folded on the Flop
Seat 6: Agrotait (button) (small blind) collected ($11.76)


PokerStars Hand #148562660881:  Hold'em Limit ($3/$6 USD) - 2016/02/10 11:05:59 ET
Table 'Aehlita' 10-max Seat #5 is the button
Seat 5: Simpiwe ($38.83 in chips)
Seat 6: Agrotait ($108.64 in chips)
Simpiwe: posts small blind $1
Agrotait: posts big blind $3
*** HOLE CARDS ***
Simpiwe: raises $3 to $6
Agrotait: calls $3
*** FLOP *** [4h 4s 8d]
Agrotait: checks
Simpiwe: bets $3
Agrotait: calls $3
*** TURN *** [4h 4s 8d] [3h]
Agrotait: checks
Simpiwe: bets $6
Agrotait: folds
Uncalled bet ($6) returned to Simpiwe
Simpiwe collected $17.64 from pot
Simpiwe: doesn't show hand
*** SUMMARY ***
Total pot $18 | Rake $0.36
Board [4h 4s 8d 3h]
Seat 5: Simpiwe (button) (small blind) collected ($17.64)
Seat 6: Agrotait (big blind) folded on the Turn


PokerStars Hand #148562755552:  Hold'em Limit ($3/$6 USD) - 2016/02/10 11:07:48 ET
Table 'Aehlita' 10-max Seat #5 is the button
Seat 5: Simpiwe ($47.29 in chips)
Seat 6: Agrotait ($99.46 in chips)
Simpiwe: posts small blind $1
Agrotait: posts big blind $3
*** HOLE CARDS ***
Simpiwe: raises $3 to $6
Agrotait: calls $3
*** FLOP *** [3c 2d Ah]
Agrotait: checks
Simpiwe: bets $3
Agrotait: calls $3
*** TURN *** [3c 2d Ah] [6s]
Agrotait: checks
Simpiwe: bets $6
Agrotait: folds
Uncalled bet ($6) returned to Simpiwe
Simpiwe collected $17.64 from pot
Simpiwe: doesn't show hand
*** SUMMARY ***
Total pot $18 | Rake $0.36
Board [3c 2d Ah 6s]
Seat 5: Simpiwe (button) (small blind) collected ($17.64)
Seat 6: Agrotait (big blind) folded on the Turn


PokerStars Hand #148562706910:  Hold'em Limit ($3/$6 USD) - 2016/02/10 11:06:52 ET
Table 'Aehlita' 10-max Seat #6 is the button
Seat 5: Simpiwe ($47.47 in chips)
Seat 6: Agrotait ($99.64 in chips)
Agrotait: posts small blind $1
Simpiwe: posts big blind $3
*** HOLE CARDS ***
Agrotait: raises $3 to $6
Simpiwe: calls $3
*** FLOP *** [9s Tc 6d]
Simpiwe: checks
Agrotait: bets $3
Simpiwe: calls $3
*** TURN *** [9s Tc 6d] [Th]
Simpiwe: checks
69benji joins the table at seat #1
Agrotait: checks
*** RIVER *** [9s Tc 6d Th] [8h]
Simpiwe: checks
Agrotait: checks
*** SHOW DOWN ***
Simpiwe: shows [5s Jd] (a pair of Tens)
Agrotait: shows [Jc 5c] (a pair of Tens)
Simpiwe collected $8.82 from pot
Agrotait collected $8.82 from pot
*** SUMMARY ***
Total pot $18 | Rake $0.36
Board [9s Tc 6d Th 8h]
Seat 5: Simpiwe (big blind) showed [5s Jd] and won ($8.82) with a pair of Tens
Seat 6: Agrotait (button) (small blind) showed [Jc 5c] and won ($8.82) with a pair of Tens


