PokerStars Hand #144801912932:  Hold'em Limit ($3/$6 USD) - 2015/12/04 7:35:07 ET
Table 'Aehlita' 10-max Seat #5 is the button
Seat 5: jacks69n ($145.26 in chips)
Seat 6: Agrotait ($66 in chips)
jacks69n: posts small blind $1
Agrotait: posts big blind $3
*** HOLE CARDS ***
jacks69n: calls $2
Agrotait: checks
*** FLOP *** [Qs As 4c]
Agrotait: checks
jacks69n: checks
*** TURN *** [Qs As 4c] [4d]
Agrotait: bets $6
jacks69n: folds
Uncalled bet ($6) returned to Agrotait
Agrotait collected $5.88 from pot
Agrotait: doesn't show hand
*** SUMMARY ***
Total pot $6 | Rake $0.12
Board [Qs As 4c 4d]
Seat 5: jacks69n (button) (small blind) folded on the Turn
Seat 6: Agrotait (big blind) collected ($5.88)


PokerStars Hand #144801967026:  Hold'em Limit ($3/$6 USD) - 2015/12/04 7:36:43 ET
Table 'Aehlita' 10-max Seat #5 is the button
Seat 5: jacks69n ($124.26 in chips)
Seat 6: Agrotait ($86.38 in chips)
jacks69n: posts small blind $1
Agrotait: posts big blind $3
*** HOLE CARDS ***
jacks69n: calls $2
Agrotait: checks
*** FLOP *** [Qd 8d Td]
Agrotait: checks
jacks69n: bets $3
Agrotait: folds
Uncalled bet ($3) returned to jacks69n
jacks69n collected $5.88 from pot
jacks69n: doesn't show hand
*** SUMMARY ***
Total pot $6 | Rake $0.12
Board [Qd 8d Td]
Seat 5: jacks69n (button) (small blind) collected ($5.88)
Seat 6: Agrotait (big blind) folded on the Flop


PokerStars Hand #144801961926:  Hold'em Limit ($3/$6 USD) - 2015/12/04 7:36:34 ET
Table 'Aehlita' 10-max Seat #6 is the button
Seat 5: jacks69n ($123.26 in chips)
Seat 6: Agrotait ($87.38 in chips)
Agrotait: posts small blind $1
jacks69n: posts big blind $3
*** HOLE CARDS ***
Agrotait: folds
Uncalled bet ($2) returned to jacks69n
jacks69n collected $2 from pot
jacks69n: doesn't show hand
*** SUMMARY ***
Total pot $2 | Rake $0
Seat 5: jacks69n (big blind) collected ($2)
Seat 6: Agrotait (button) (small blind) folded before Flop


PokerStars Hand #144801957292:  Hold'em Limit ($3/$6 USD) - 2015/12/04 7:36:26 ET
Table 'Aehlita' 10-max Seat #5 is the button
Seat 5: jacks69n ($124.26 in chips)
Seat 6: Agrotait ($86.38 in chips)
jacks69n: posts small blind $1
Agrotait: posts big blind $3
*** HOLE CARDS ***
jacks69n: folds
Uncalled bet ($2) returned to Agrotait
Agrotait collected $2 from pot
Agrotait: doesn't show hand
*** SUMMARY ***
Total pot $2 | Rake $0
Seat 5: jacks69n (button) (small blind) folded before Flop
Seat 6: Agrotait (big blind) collected ($2)


PokerStars Hand #144801932035:  Hold'em Limit ($3/$6 USD) - 2015/12/04 7:35:41 ET
Table 'Aehlita' 10-max Seat #6 is the button
Seat 5: jacks69n ($142.26 in chips)
Seat 6: Agrotait ($68.88 in chips)
Agrotait: posts small blind $1
jacks69n: posts big blind $3
*** HOLE CARDS ***
Agrotait: raises $3 to $6
jacks69n: calls $3
*** FLOP *** [Th Jd 7c]
jacks69n: bets $3
Agrotait: raises $3 to $6
jacks69n: calls $3
*** TURN *** [Th Jd 7c] [Kh]
jacks69n: checks
Agrotait: bets $6
jacks69n: calls $6
*** RIVER *** [Th Jd 7c Kh] [8s]
jacks69n: checks
Agrotait: bets $6
jacks69n: folds
Uncalled bet ($6) returned to Agrotait
Agrotait collected $35.50 from pot
Agrotait: doesn't show hand
*** SUMMARY ***
Total pot $36 | Rake $0.50
Board [Th Jd 7c Kh 8s]
Seat 5: jacks69n (big blind) folded on the River
Seat 6: Agrotait (button) (small blind) collected ($35.50)


PokerStars Hand #144801977103:  Hold'em Limit ($3/$6 USD) - 2015/12/04 7:37:01 ET
Table 'Aehlita' 10-max Seat #6 is the button
Seat 5: jacks69n ($127.14 in chips)
Seat 6: Agrotait ($83.38 in chips)
Agrotait: posts small blind $1
jacks69n: posts big blind $3
*** HOLE CARDS ***
Agrotait: raises $3 to $6
jacks69n: calls $3
*** FLOP *** [8c 7s Qh]
jacks69n: checks
Agrotait: bets $3
jacks69n: raises $3 to $6
Agrotait: calls $3
*** TURN *** [8c 7s Qh] [2s]
jacks69n: bets $6
Agrotait: calls $6
*** RIVER *** [8c 7s Qh 2s] [Qs]
jacks69n: bets $6
Agrotait: calls $6
*** SHOW DOWN ***
jacks69n: shows [3d Qc] (three of a kind, Queens)
Agrotait: mucks hand
jacks69n collected $47.50 from pot
*** SUMMARY ***
Total pot $48 | Rake $0.50
Board [8c 7s Qh 2s Qs]
Seat 5: jacks69n (big blind) showed [3d Qc] and won ($47.50) with three of a kind, Queens
Seat 6: Agrotait (button) (small blind) mucked


PokerStars Hand #144802046170:  Hold'em Limit ($3/$6 USD) - 2015/12/04 7:39:04 ET
Table 'Aehlita' 10-max Seat #6 is the button
Seat 5: jacks69n ($171.14 in chips)
Seat 6: Agrotait ($72 in chips)
Agrotait: posts small blind $1
jacks69n: posts big blind $3
*** HOLE CARDS ***
Agrotait: raises $3 to $6
jacks69n: folds
Uncalled bet ($3) returned to Agrotait
Agrotait collected $6 from pot
Agrotait: doesn't show hand
*** SUMMARY ***
Total pot $6 | Rake $0
Seat 5: jacks69n (big blind) folded before Flop
Seat 6: Agrotait (button) (small blind) collected ($6)


PokerStars Hand #144802013157:  Hold'em Limit ($3/$6 USD) - 2015/12/04 7:38:05 ET
Table 'Aehlita' 10-max Seat #5 is the button
Seat 5: jacks69n ($150.64 in chips)
Seat 6: Agrotait ($72 in chips)
jacks69n: posts small blind $1
Agrotait: posts big blind $3
*** HOLE CARDS ***
jacks69n: raises $3 to $6
Agrotait: calls $3
*** FLOP *** [4c Qc Ks]
Agrotait: checks
jacks69n: bets $3
Agrotait: calls $3
*** TURN *** [4c Qc Ks] [5c]
Agrotait: checks
jacks69n: bets $6
Agrotait: calls $6
*** RIVER *** [4c Qc Ks 5c] [Qh]
Agrotait: checks
jacks69n: bets $6
Agrotait: calls $6
*** SHOW DOWN ***
jacks69n: shows [As Qs] (three of a kind, Queens)
Agrotait: mucks hand
jacks69n collected $41.50 from pot
*** SUMMARY ***
Total pot $42 | Rake $0.50
Board [4c Qc Ks 5c Qh]
Seat 5: jacks69n (button) (small blind) showed [As Qs] and won ($41.50) with three of a kind, Queens
Seat 6: Agrotait (big blind) mucked


PokerStars Hand #144802051171:  Hold'em Limit ($3/$6 USD) - 2015/12/04 7:39:13 ET
Table 'Aehlita' 10-max Seat #5 is the button
Seat 5: jacks69n ($168.14 in chips)
Seat 6: Agrotait ($75 in chips)
jacks69n: posts small blind $1
Agrotait: posts big blind $3
*** HOLE CARDS ***
jacks69n: raises $3 to $6
Agrotait: calls $3
*** FLOP *** [2s Qd Qc]
Agrotait: checks
jacks69n: bets $3
Agrotait: calls $3
*** TURN *** [2s Qd Qc] [4d]
Agrotait: checks
jacks69n: bets $6
Agrotait: folds
Uncalled bet ($6) returned to jacks69n
jacks69n collected $17.64 from pot
jacks69n: doesn't show hand
*** SUMMARY ***
Total pot $18 | Rake $0.36
Board [2s Qd Qc 4d]
Seat 5: jacks69n (button) (small blind) collected ($17.64)
Seat 6: Agrotait (big blind) folded on the Turn


PokerStars Hand #144802090169:  Hold'em Limit ($3/$6 USD) - 2015/12/04 7:40:24 ET
Table 'Aehlita' 10-max Seat #5 is the button
Seat 5: jacks69n ($140.78 in chips)
Seat 6: Agrotait ($101.50 in chips)
jacks69n: posts small blind $1
Agrotait: posts big blind $3
*** HOLE CARDS ***
jacks69n: folds
Uncalled bet ($2) returned to Agrotait
Agrotait collected $2 from pot
Agrotait: doesn't show hand
*** SUMMARY ***
Total pot $2 | Rake $0
Seat 5: jacks69n (button) (small blind) folded before Flop
Seat 6: Agrotait (big blind) collected ($2)


PokerStars Hand #144802071718:  Hold'em Limit ($3/$6 USD) - 2015/12/04 7:39:50 ET
Table 'Aehlita' 10-max Seat #6 is the button
Seat 5: jacks69n ($176.78 in chips)
Seat 6: Agrotait ($66 in chips)
Agrotait: posts small blind $1
jacks69n: posts big blind $3
*** HOLE CARDS ***
Agrotait: raises $3 to $6
jacks69n: raises $3 to $9
Agrotait: calls $3
*** FLOP *** [2c As Th]
jacks69n: checks
Agrotait: bets $3
jacks69n: calls $3
*** TURN *** [2c As Th] [5h]
jacks69n: checks
Agrotait: checks
*** RIVER *** [2c As Th 5h] [4s]
jacks69n: bets $6
Agrotait: raises $6 to $12
jacks69n: raises $6 to $18
Agrotait: raises $6 to $24
Betting is capped
jacks69n: calls $6
*** SHOW DOWN ***
Agrotait: shows [3c 3d] (a straight, Ace to Five)
jacks69n: mucks hand
Agrotait collected $71.50 from pot
*** SUMMARY ***
Total pot $72 | Rake $0.50
Board [2c As Th 5h 4s]
Seat 5: jacks69n (big blind) mucked
Seat 6: Agrotait (button) (small blind) showed [3c 3d] and won ($71.50) with a straight, Ace to Five


PokerStars Hand #144802093242:  Hold'em Limit ($3/$6 USD) - 2015/12/04 7:40:29 ET
Table 'Aehlita' 10-max Seat #6 is the button
Seat 5: jacks69n ($139.78 in chips)
Seat 6: Agrotait ($102.50 in chips)
Agrotait: posts small blind $1
jacks69n: posts big blind $3
*** HOLE CARDS ***
Agrotait: raises $3 to $6
jacks69n: raises $3 to $9
Agrotait: calls $3
*** FLOP *** [2d 2s 5s]
jacks69n: checks
Agrotait: checks
*** TURN *** [2d 2s 5s] [Qc]
jacks69n: checks
Agrotait: checks
*** RIVER *** [2d 2s 5s Qc] [8c]
jacks69n: bets $6
Agrotait: folds
Uncalled bet ($6) returned to jacks69n
jacks69n collected $17.64 from pot
jacks69n: doesn't show hand
*** SUMMARY ***
Total pot $18 | Rake $0.36
Board [2d 2s 5s Qc 8c]
Seat 5: jacks69n (big blind) collected ($17.64)
Seat 6: Agrotait (button) (small blind) folded on the River


PokerStars Hand #144802117206:  Hold'em Limit ($3/$6 USD) - 2015/12/04 7:41:12 ET
Table 'Aehlita' 10-max Seat #5 is the button
Seat 5: jacks69n ($148.42 in chips)
Seat 6: Agrotait ($93.50 in chips)
jacks69n: posts small blind $1
Agrotait: posts big blind $3
*** HOLE CARDS ***
jacks69n: calls $2
Agrotait: raises $3 to $6
jacks69n: calls $3
*** FLOP *** [4s 5h 8c]
Agrotait: bets $3
jacks69n: calls $3
*** TURN *** [4s 5h 8c] [8d]
Agrotait: bets $6
jacks69n: calls $6
*** RIVER *** [4s 5h 8c 8d] [Js]
Agrotait: bets $6
jacks69n: folds
Uncalled bet ($6) returned to Agrotait
Agrotait collected $29.50 from pot
Agrotait: doesn't show hand
*** SUMMARY ***
Total pot $30 | Rake $0.50
Board [4s 5h 8c 8d Js]
Seat 5: jacks69n (button) (small blind) folded on the River
Seat 6: Agrotait (big blind) collected ($29.50)


PokerStars Hand #144802137359:  Hold'em Limit ($3/$6 USD) - 2015/12/04 7:41:49 ET
Table 'Aehlita' 10-max Seat #6 is the button
Seat 5: jacks69n ($133.42 in chips)
Seat 6: Agrotait ($108 in chips)
Agrotait: posts small blind $1
jacks69n: posts big blind $3
*** HOLE CARDS ***
Agrotait: raises $3 to $6
jacks69n: raises $3 to $9
Agrotait: calls $3
*** FLOP *** [5h 7d 5d]
jacks69n: checks
Agrotait: bets $3
jacks69n: folds
Uncalled bet ($3) returned to Agrotait
Agrotait collected $17.64 from pot
Agrotait: doesn't show hand
*** SUMMARY ***
Total pot $18 | Rake $0.36
Board [5h 7d 5d]
Seat 5: jacks69n (big blind) folded on the Flop
Seat 6: Agrotait (button) (small blind) collected ($17.64)


PokerStars Hand #144802170467:  Hold'em Limit ($3/$6 USD) - 2015/12/04 7:42:48 ET
Table 'Aehlita' 10-max Seat #6 is the button
Seat 5: jacks69n ($127.42 in chips)
Seat 6: Agrotait ($113.64 in chips)
Agrotait: posts small blind $1
jacks69n: posts big blind $3
*** HOLE CARDS ***
Agrotait: folds
Uncalled bet ($2) returned to jacks69n
jacks69n collected $2 from pot
jacks69n: doesn't show hand
*** SUMMARY ***
Total pot $2 | Rake $0
Seat 5: jacks69n (big blind) collected ($2)
Seat 6: Agrotait (button) (small blind) folded before Flop


PokerStars Hand #144802174615:  Hold'em Limit ($3/$6 USD) - 2015/12/04 7:42:56 ET
Table 'Aehlita' 10-max Seat #5 is the button
Seat 5: jacks69n ($128.42 in chips)
Seat 6: Agrotait ($112.64 in chips)
jacks69n: posts small blind $1
Agrotait: posts big blind $3
*** HOLE CARDS ***
jacks69n: folds
Uncalled bet ($2) returned to Agrotait
Agrotait collected $2 from pot
Agrotait: doesn't show hand
*** SUMMARY ***
Total pot $2 | Rake $0
Seat 5: jacks69n (button) (small blind) folded before Flop
Seat 6: Agrotait (big blind) collected ($2)


PokerStars Hand #144802165513:  Hold'em Limit ($3/$6 USD) - 2015/12/04 7:42:39 ET
Table 'Aehlita' 10-max Seat #5 is the button
Seat 5: jacks69n ($124.42 in chips)
Seat 6: Agrotait ($116.64 in chips)
jacks69n: posts small blind $1
Agrotait: posts big blind $3
*** HOLE CARDS ***
jacks69n: raises $3 to $6
Agrotait: folds
Uncalled bet ($3) returned to jacks69n
jacks69n collected $6 from pot
jacks69n: doesn't show hand
*** SUMMARY ***
Total pot $6 | Rake $0
Seat 5: jacks69n (button) (small blind) collected ($6)
Seat 6: Agrotait (big blind) folded before Flop


PokerStars Hand #144802177900:  Hold'em Limit ($3/$6 USD) - 2015/12/04 7:43:02 ET
Table 'Aehlita' 10-max Seat #6 is the button
Seat 5: jacks69n ($127.42 in chips)
Seat 6: Agrotait ($113.64 in chips)
Agrotait: posts small blind $1
jacks69n: posts big blind $3
*** HOLE CARDS ***
Agrotait: raises $3 to $6
jacks69n: calls $3
*** FLOP *** [7c Kc As]
jacks69n: bets $3
Agrotait: folds
Uncalled bet ($3) returned to jacks69n
jacks69n collected $11.76 from pot
*** SUMMARY ***
Total pot $12 | Rake $0.24
Board [7c Kc As]
Seat 5: jacks69n (big blind) collected ($11.76)
Seat 6: Agrotait (button) (small blind) folded on the Flop


PokerStars Hand #144802183985:  Hold'em Limit ($3/$6 USD) - 2015/12/04 7:43:13 ET
Table 'Aehlita' 10-max Seat #5 is the button
Seat 5: jacks69n ($133.18 in chips)
Seat 6: Agrotait ($107.64 in chips)
jacks69n: posts small blind $1
Agrotait: posts big blind $3
*** HOLE CARDS ***
jacks69n: calls $2
Agrotait: checks
*** FLOP *** [Td 8c 8d]
Agrotait: bets $3
jacks69n: folds
Uncalled bet ($3) returned to Agrotait
Agrotait collected $5.88 from pot
Agrotait: doesn't show hand
*** SUMMARY ***
Total pot $6 | Rake $0.12
Board [Td 8c 8d]
Seat 5: jacks69n (button) (small blind) folded on the Flop
Seat 6: Agrotait (big blind) collected ($5.88)


PokerStars Hand #144802198862:  Hold'em Limit ($3/$6 USD) - 2015/12/04 7:43:39 ET
Table 'Aehlita' 10-max Seat #6 is the button
Seat 5: jacks69n ($130.18 in chips)
Seat 6: Agrotait ($110.52 in chips)
Agrotait: posts small blind $1
jacks69n: posts big blind $3
*** HOLE CARDS ***
Agrotait: raises $3 to $6
jacks69n: folds
Uncalled bet ($3) returned to Agrotait
Agrotait collected $6 from pot
Agrotait: doesn't show hand
*** SUMMARY ***
Total pot $6 | Rake $0
Seat 5: jacks69n (big blind) folded before Flop
Seat 6: Agrotait (button) (small blind) collected ($6)


PokerStars Hand #144802215023:  Hold'em Limit ($3/$6 USD) - 2015/12/04 7:44:09 ET
Table 'Aehlita' 10-max Seat #5 is the button
Seat 5: jacks69n ($127.18 in chips)
Seat 6: Agrotait ($113.52 in chips)
jacks69n: posts small blind $1
Agrotait: posts big blind $3
*** HOLE CARDS ***
jacks69n: folds
Uncalled bet ($2) returned to Agrotait
Agrotait collected $2 from pot
Agrotait: doesn't show hand
*** SUMMARY ***
Total pot $2 | Rake $0
Seat 5: jacks69n (button) (small blind) folded before Flop
Seat 6: Agrotait (big blind) collected ($2)


PokerStars Hand #144802223324:  Hold'em Limit ($3/$6 USD) - 2015/12/04 7:44:23 ET
Table 'Aehlita' 10-max Seat #6 is the button
Seat 5: jacks69n ($126.18 in chips)
Seat 6: Agrotait ($114.52 in chips)
Agrotait: posts small blind $1
jacks69n: posts big blind $3
*** HOLE CARDS ***
Agrotait: raises $3 to $6
jacks69n: raises $3 to $9
Agrotait: calls $3
*** FLOP *** [7d 8c Ts]
jacks69n: checks
Agrotait: bets $3
jacks69n: raises $3 to $6
Agrotait: calls $3
*** TURN *** [7d 8c Ts] [4h]
jacks69n: bets $6
Agrotait: calls $6
*** RIVER *** [7d 8c Ts 4h] [3d]
jacks69n: bets $6
Agrotait: folds
Uncalled bet ($6) returned to jacks69n
jacks69n collected $41.50 from pot
jacks69n: doesn't show hand
*** SUMMARY ***
Total pot $42 | Rake $0.50
Board [7d 8c Ts 4h 3d]
Seat 5: jacks69n (big blind) collected ($41.50)
Seat 6: Agrotait (button) (small blind) folded on the River


PokerStars Hand #144802252057:  Hold'em Limit ($3/$6 USD) - 2015/12/04 7:45:15 ET
Table 'Aehlita' 10-max Seat #5 is the button
Seat 5: jacks69n ($146.68 in chips)
Seat 6: Agrotait ($93.52 in chips)
jacks69n: posts small blind $1
Agrotait: posts big blind $3
*** HOLE CARDS ***
jacks69n: folds
Uncalled bet ($2) returned to Agrotait
Agrotait collected $2 from pot
Agrotait: doesn't show hand
balrog25 joins the table at seat #7
*** SUMMARY ***
Total pot $2 | Rake $0
Seat 5: jacks69n (button) (small blind) folded before Flop
Seat 6: Agrotait (big blind) collected ($2)


PokerStars Hand #144802515052:  Hold'em Limit ($3/$6 USD) - 2015/12/04 7:53:12 ET
Table 'Aehlita' 10-max Seat #6 is the button
Seat 5: jacks69n ($151.37 in chips)
Seat 6: Agrotait ($79.56 in chips)
Agrotait: posts small blind $1
balrog25: is sitting out
jacks69n: posts big blind $3
*** HOLE CARDS ***
balrog25 leaves the table
Agrotait: raises $3 to $6
jacks69n: calls $3
*** FLOP *** [Jh 6s 7d]
jacks69n: bets $3
Agrotait: raises $3 to $6
jacks69n: calls $3
*** TURN *** [Jh 6s 7d] [9s]
jacks69n: checks
Agrotait: bets $6
jacks69n: folds
Uncalled bet ($6) returned to Agrotait
Agrotait collected $23.52 from pot
Agrotait: doesn't show hand
*** SUMMARY ***
Total pot $24 | Rake $0.48
Board [Jh 6s 7d 9s]
Seat 5: jacks69n (big blind) folded on the Turn
Seat 6: Agrotait (button) (small blind) collected ($23.52)


PokerStars Hand #144802526598:  Hold'em Limit ($3/$6 USD) - 2015/12/04 7:53:34 ET
Table 'Aehlita' 10-max Seat #5 is the button
Seat 5: jacks69n ($139.37 in chips)
Seat 6: Agrotait ($91.08 in chips)
jacks69n: posts small blind $1
Agrotait: posts big blind $3
*** HOLE CARDS ***
jacks69n: calls $2
Agrotait: checks
*** FLOP *** [3d 5h 4h]
Agrotait: bets $3
jacks69n: folds
Uncalled bet ($3) returned to Agrotait
Agrotait collected $5.88 from pot
Agrotait: doesn't show hand
*** SUMMARY ***
Total pot $6 | Rake $0.12
Board [3d 5h 4h]
Seat 5: jacks69n (button) (small blind) folded on the Flop
Seat 6: Agrotait (big blind) collected ($5.88)


PokerStars Hand #144802536102:  Hold'em Limit ($3/$6 USD) - 2015/12/04 7:53:51 ET
Table 'Aehlita' 10-max Seat #6 is the button
Seat 5: jacks69n ($136.37 in chips)
Seat 6: Agrotait ($93.96 in chips)
Agrotait: posts small blind $1
jacks69n: posts big blind $3
*** HOLE CARDS ***
Agrotait: raises $3 to $6
jacks69n: calls $3
*** FLOP *** [Qh Th Td]
jacks69n: checks
Agrotait: bets $3
jacks69n: folds
Uncalled bet ($3) returned to Agrotait
Agrotait collected $11.76 from pot
Agrotait: doesn't show hand
*** SUMMARY ***
Total pot $12 | Rake $0.24
Board [Qh Th Td]
Seat 5: jacks69n (big blind) folded on the Flop
Seat 6: Agrotait (button) (small blind) collected ($11.76)


PokerStars Hand #144802564043:  Hold'em Limit ($3/$6 USD) - 2015/12/04 7:54:42 ET
Table 'Aehlita' 10-max Seat #5 is the button
Seat 5: jacks69n ($130.37 in chips)
Seat 6: Agrotait ($99.72 in chips)
jacks69n: posts small blind $1
Agrotait: posts big blind $3
*** HOLE CARDS ***
jacks69n: raises $3 to $6
Agrotait: raises $3 to $9
jacks69n: raises $3 to $12
Betting is capped
Agrotait: calls $3
*** FLOP *** [6c Qd 4d]
Agrotait: checks
jacks69n: bets $3
Agrotait: calls $3
*** TURN *** [6c Qd 4d] [As]
Agrotait: checks
jacks69n: checks
*** RIVER *** [6c Qd 4d As] [8c]
Agrotait: bets $6
jacks69n: folds
Uncalled bet ($6) returned to Agrotait
Agrotait collected $29.50 from pot
*** SUMMARY ***
Total pot $30 | Rake $0.50
Board [6c Qd 4d As 8c]
Seat 5: jacks69n (button) (small blind) folded on the River
Seat 6: Agrotait (big blind) collected ($29.50)


PokerStars Hand #144802592832:  Hold'em Limit ($3/$6 USD) - 2015/12/04 7:55:39 ET
Table 'Aehlita' 10-max Seat #6 is the button
Seat 5: jacks69n ($115.37 in chips)
Seat 6: Agrotait ($114.22 in chips)
Agrotait: posts small blind $1
jacks69n: posts big blind $3
*** HOLE CARDS ***
Agrotait: raises $3 to $6
jacks69n: folds
Uncalled bet ($3) returned to Agrotait
Agrotait collected $6 from pot
Agrotait: doesn't show hand
*** SUMMARY ***
Total pot $6 | Rake $0
Seat 5: jacks69n (big blind) folded before Flop
Seat 6: Agrotait (button) (small blind) collected ($6)


