PokerStars Hand #149767641770:  Hold'em Limit ($3/$6 USD) - 2016/03/03 9:04:58 ET
Table 'Aehlita II' 6-max Seat #5 is the button
Seat 4: Actionni13 ($150 in chips)
Seat 5: MARIBORO8 ($67.39 in chips)
MARIBORO8: posts small blind $1
Actionni13: posts big blind $3
*** HOLE CARDS ***
MARIBORO8: raises $3 to $6
Actionni13: folds
Uncalled bet ($3) returned to MARIBORO8
MARIBORO8 collected $6 from pot
MARIBORO8: doesn't show hand
*** SUMMARY ***
Total pot $6 | Rake $0
Seat 4: Actionni13 (big blind) folded before Flop
Seat 5: MARIBORO8 (button) (small blind) collected ($6)


PokerStars Hand #149767627287:  Hold'em Limit ($3/$6 USD) - 2016/03/03 9:04:35 ET
Table 'Aehlita II' 6-max Seat #4 is the button
Seat 4: Actionni13 ($151 in chips)
Seat 5: MARIBORO8 ($58.75 in chips)
Actionni13: posts small blind $1
MARIBORO8: posts big blind $3
*** HOLE CARDS ***
Actionni13: raises $3 to $6
MARIBORO8: raises $3 to $9
Actionni13: calls $3
*** FLOP *** [5h Jh 2h]
MARIBORO8: bets $3
Actionni13: folds
Uncalled bet ($3) returned to MARIBORO8
MARIBORO8 collected $17.64 from pot
MARIBORO8: doesn't show hand
*** SUMMARY ***
Total pot $18 | Rake $0.36
Board [5h Jh 2h]
Seat 4: Actionni13 (button) (small blind) folded on the Flop
Seat 5: MARIBORO8 (big blind) collected ($17.64)


PokerStars Hand #149767620841:  Hold'em Limit ($3/$6 USD) - 2016/03/03 9:04:25 ET
Table 'Aehlita II' 6-max Seat #5 is the button
Seat 4: Actionni13 ($150 in chips)
Seat 5: MARIBORO8 ($59.75 in chips)
MARIBORO8: posts small blind $1
Actionni13: posts big blind $3
*** HOLE CARDS ***
MARIBORO8: folds
Uncalled bet ($2) returned to Actionni13
Actionni13 collected $2 from pot
Actionni13: doesn't show hand
*** SUMMARY ***
Total pot $2 | Rake $0
Seat 4: Actionni13 (big blind) collected ($2)
Seat 5: MARIBORO8 (button) (small blind) folded before Flop


PokerStars Hand #149767600016:  Hold'em Limit ($3/$6 USD) - 2016/03/03 9:03:53 ET
Table 'Aehlita II' 6-max Seat #4 is the button
Seat 4: Actionni13 ($150 in chips)
Seat 5: MARIBORO8 ($60 in chips)
Actionni13: posts small blind $1
MARIBORO8: posts big blind $3
*** HOLE CARDS ***
Actionni13: raises $3 to $6
MARIBORO8: calls $3
*** FLOP *** [Ad 5c 2h]
MARIBORO8: checks
Actionni13: bets $3
MARIBORO8: raises $3 to $6
Actionni13: calls $3
*** TURN *** [Ad 5c 2h] [Ah]
MARIBORO8: bets $6
Actionni13: calls $6
*** RIVER *** [Ad 5c 2h Ah] [5d]
MARIBORO8: bets $6
Actionni13: calls $6
*** SHOW DOWN ***
MARIBORO8: shows [6s 5h] (a full house, Fives full of Aces)
Actionni13: shows [5s Qd] (a full house, Fives full of Aces)
MARIBORO8 collected $23.75 from pot
Actionni13 collected $23.75 from pot
*** SUMMARY ***
Total pot $48 | Rake $0.50
Board [Ad 5c 2h Ah 5d]
Seat 4: Actionni13 (button) (small blind) showed [5s Qd] and won ($23.75) with a full house, Fives full of Aces
Seat 5: MARIBORO8 (big blind) showed [6s 5h] and won ($23.75) with a full house, Fives full of Aces


PokerStars Hand #149767646476:  Hold'em Limit ($3/$6 USD) - 2016/03/03 9:05:05 ET
Table 'Aehlita II' 6-max Seat #4 is the button
Seat 4: Actionni13 ($150 in chips)
Seat 5: MARIBORO8 ($70.39 in chips)
Actionni13: posts small blind $1
MARIBORO8: posts big blind $3
*** HOLE CARDS ***
HappyJiHAD joins the table at seat #3
Actionni13: raises $3 to $6
MARIBORO8: calls $3
*** FLOP *** [Ah Js Jh]
MARIBORO8: checks
Actionni13: bets $3
MARIBORO8: calls $3
*** TURN *** [Ah Js Jh] [As]
MARIBORO8: checks
Actionni13: checks
*** RIVER *** [Ah Js Jh As] [2d]
MARIBORO8: bets $6
Actionni13: calls $6
*** SHOW DOWN ***
MARIBORO8: shows [Ks 5d] (two pair, Aces and Jacks)
Actionni13: mucks hand
MARIBORO8 collected $29.50 from pot
*** SUMMARY ***
Total pot $30 | Rake $0.50
Board [Ah Js Jh As 2d]
Seat 4: Actionni13 (button) (small blind) mucked
Seat 5: MARIBORO8 (big blind) showed [Ks 5d] and won ($29.50) with two pair, Aces and Jacks


