PokerStars Hand #146943153324:  Hold'em Limit ($3/$6 USD) - 2016/01/12 19:01:54 ET
Table 'Aemilia II' 6-max Seat #4 is the button
Seat 3: kismespit ($88.52 in chips)
Seat 4: AzureCaper ($118.02 in chips)
AzureCaper: posts small blind $1
kismespit: posts big blind $3
*** HOLE CARDS ***
AzureCaper: folds
Uncalled bet ($2) returned to kismespit
kismespit collected $2 from pot
*** SUMMARY ***
Total pot $2 | Rake $0
Seat 3: kismespit (big blind) collected ($2)
Seat 4: AzureCaper (button) (small blind) folded before Flop


PokerStars Hand #146943150008:  Hold'em Limit ($3/$6 USD) - 2016/01/12 19:01:49 ET
Table 'Aemilia II' 6-max Seat #3 is the button
Seat 3: kismespit ($89.52 in chips)
Seat 4: AzureCaper ($117.02 in chips)
kismespit: posts small blind $1
AzureCaper: posts big blind $3
*** HOLE CARDS ***
kismespit: folds
Uncalled bet ($2) returned to AzureCaper
AzureCaper collected $2 from pot
AzureCaper: doesn't show hand
*** SUMMARY ***
Total pot $2 | Rake $0
Seat 3: kismespit (button) (small blind) folded before Flop
Seat 4: AzureCaper (big blind) collected ($2)


PokerStars Hand #146943145561:  Hold'em Limit ($3/$6 USD) - 2016/01/12 19:01:43 ET
Table 'Aemilia II' 6-max Seat #4 is the button
Seat 3: kismespit ($92.52 in chips)
Seat 4: AzureCaper ($114.02 in chips)
AzureCaper: posts small blind $1
kismespit: posts big blind $3
*** HOLE CARDS ***
AzureCaper: raises $3 to $6
kismespit: folds
Uncalled bet ($3) returned to AzureCaper
AzureCaper collected $6 from pot
AzureCaper: doesn't show hand
*** SUMMARY ***
Total pot $6 | Rake $0
Seat 3: kismespit (big blind) folded before Flop
Seat 4: AzureCaper (button) (small blind) collected ($6)


PokerStars Hand #146943132729:  Hold'em Limit ($3/$6 USD) - 2016/01/12 19:01:27 ET
Table 'Aemilia II' 6-max Seat #3 is the button
Seat 3: kismespit ($104.52 in chips)
Seat 4: AzureCaper ($102.50 in chips)
kismespit: posts small blind $1
AzureCaper: posts big blind $3
*** HOLE CARDS ***
kismespit: raises $3 to $6
AzureCaper: calls $3
*** FLOP *** [Qd 3h 8h]
AzureCaper: checks
kismespit: bets $3
AzureCaper: raises $3 to $6
kismespit: calls $3
*** TURN *** [Qd 3h 8h] [Ah]
AzureCaper: checks
kismespit: checks
*** RIVER *** [Qd 3h 8h Ah] [Jd]
AzureCaper: checks
kismespit: checks
*** SHOW DOWN ***
AzureCaper: shows [7s 8d] (a pair of Eights)
kismespit: mucks hand
AzureCaper collected $23.52 from pot
*** SUMMARY ***
Total pot $24 | Rake $0.48
Board [Qd 3h 8h Ah Jd]
Seat 3: kismespit (button) (small blind) mucked
Seat 4: AzureCaper (big blind) showed [7s 8d] and won ($23.52) with a pair of Eights


PokerStars Hand #146943114077:  Hold'em Limit ($3/$6 USD) - 2016/01/12 19:01:01 ET
Table 'Aemilia II' 6-max Seat #4 is the button
Seat 3: kismespit ($131.52 in chips)
Seat 4: AzureCaper ($76 in chips)
AzureCaper: posts small blind $1
kismespit: posts big blind $3
*** HOLE CARDS ***
AzureCaper: raises $3 to $6
kismespit: calls $3
*** FLOP *** [6c 9s 6s]
kismespit: checks
AzureCaper: bets $3
kismespit: calls $3
*** TURN *** [6c 9s 6s] [8s]
kismespit: checks
AzureCaper: bets $6
kismespit: raises $6 to $12
AzureCaper: calls $6
*** RIVER *** [6c 9s 6s 8s] [2h]
kismespit: bets $6
AzureCaper: calls $6
*** SHOW DOWN ***
kismespit: shows [Qd 6d] (three of a kind, Sixes)
AzureCaper: shows [3s 7s] (a flush, Nine high)
AzureCaper collected $53.50 from pot
*** SUMMARY ***
Total pot $54 | Rake $0.50
Board [6c 9s 6s 8s 2h]
Seat 3: kismespit (big blind) showed [Qd 6d] and lost with three of a kind, Sixes
Seat 4: AzureCaper (button) (small blind) showed [3s 7s] and won ($53.50) with a flush, Nine high


PokerStars Hand #146943194070:  Hold'em Limit ($3/$6 USD) - 2016/01/12 19:02:47 ET
Table 'Aemilia II' 6-max Seat #4 is the button
Seat 3: kismespit ($68.52 in chips)
Seat 4: AzureCaper ($137.06 in chips)
AzureCaper: posts small blind $1
kismespit: posts big blind $3
*** HOLE CARDS ***
AzureCaper: folds
Uncalled bet ($2) returned to kismespit
kismespit collected $2 from pot
*** SUMMARY ***
Total pot $2 | Rake $0
Seat 3: kismespit (big blind) collected ($2)
Seat 4: AzureCaper (button) (small blind) folded before Flop


PokerStars Hand #146943190836:  Hold'em Limit ($3/$6 USD) - 2016/01/12 19:02:43 ET
Table 'Aemilia II' 6-max Seat #3 is the button
Seat 3: kismespit ($69.52 in chips)
Seat 4: AzureCaper ($136.06 in chips)
kismespit: posts small blind $1
AzureCaper: posts big blind $3
*** HOLE CARDS ***
kismespit: folds
Uncalled bet ($2) returned to AzureCaper
AzureCaper collected $2 from pot
AzureCaper: doesn't show hand
*** SUMMARY ***
Total pot $2 | Rake $0
Seat 3: kismespit (button) (small blind) folded before Flop
Seat 4: AzureCaper (big blind) collected ($2)


PokerStars Hand #146943187615:  Hold'em Limit ($3/$6 USD) - 2016/01/12 19:02:39 ET
Table 'Aemilia II' 6-max Seat #4 is the button
Seat 3: kismespit ($68.52 in chips)
Seat 4: AzureCaper ($137.06 in chips)
AzureCaper: posts small blind $1
kismespit: posts big blind $3
*** HOLE CARDS ***
AzureCaper: folds
Uncalled bet ($2) returned to kismespit
kismespit collected $2 from pot
*** SUMMARY ***
Total pot $2 | Rake $0
Seat 3: kismespit (big blind) collected ($2)
Seat 4: AzureCaper (button) (small blind) folded before Flop


PokerStars Hand #146943178476:  Hold'em Limit ($3/$6 USD) - 2016/01/12 19:02:26 ET
Table 'Aemilia II' 6-max Seat #3 is the button
Seat 3: kismespit ($80.52 in chips)
Seat 4: AzureCaper ($125.54 in chips)
kismespit: posts small blind $1
AzureCaper: posts big blind $3
*** HOLE CARDS ***
SmellyToes4u joins the table at seat #5
kismespit: raises $3 to $6
AzureCaper: raises $3 to $9
kismespit: calls $3
*** FLOP *** [9d 8d Tc]
AzureCaper: bets $3
kismespit: calls $3
*** TURN *** [9d 8d Tc] [2c]
AzureCaper: bets $6
SmellyToes4u leaves the table
kismespit: folds
Uncalled bet ($6) returned to AzureCaper
AzureCaper collected $23.52 from pot
AzureCaper: doesn't show hand
*** SUMMARY ***
Total pot $24 | Rake $0.48
Board [9d 8d Tc 2c]
Seat 3: kismespit (button) (small blind) folded on the Turn
Seat 4: AzureCaper (big blind) collected ($23.52)


PokerStars Hand #146943162773:  Hold'em Limit ($3/$6 USD) - 2016/01/12 19:02:06 ET
Table 'Aemilia II' 6-max Seat #4 is the button
Seat 3: kismespit ($92.52 in chips)
Seat 4: AzureCaper ($114.02 in chips)
AzureCaper: posts small blind $1
kismespit: posts big blind $3
*** HOLE CARDS ***
AzureCaper: raises $3 to $6
kismespit: raises $3 to $9
AzureCaper: calls $3
*** FLOP *** [7h Td Ah]
kismespit: bets $3
AzureCaper: raises $3 to $6
kismespit: folds
Uncalled bet ($3) returned to AzureCaper
AzureCaper collected $23.52 from pot
AzureCaper: doesn't show hand
*** SUMMARY ***
Total pot $24 | Rake $0.48
Board [7h Td Ah]
Seat 3: kismespit (big blind) folded on the Flop
Seat 4: AzureCaper (button) (small blind) collected ($23.52)


PokerStars Hand #146943157834:  Hold'em Limit ($3/$6 USD) - 2016/01/12 19:02:00 ET
Table 'Aemilia II' 6-max Seat #3 is the button
Seat 3: kismespit ($89.52 in chips)
Seat 4: AzureCaper ($117.02 in chips)
kismespit: posts small blind $1
AzureCaper: posts big blind $3
*** HOLE CARDS ***
kismespit: raises $3 to $6
AzureCaper: folds
Uncalled bet ($3) returned to kismespit
kismespit collected $6 from pot
kismespit: doesn't show hand
*** SUMMARY ***
Total pot $6 | Rake $0
Seat 3: kismespit (button) (small blind) collected ($6)
Seat 4: AzureCaper (big blind) folded before Flop


PokerStars Hand #146943221333:  Hold'em Limit ($3/$6 USD) - 2016/01/12 19:03:23 ET
Table 'Aemilia II' 6-max Seat #4 is the button
Seat 3: kismespit ($48.52 in chips)
Seat 4: AzureCaper ($156.56 in chips)
AzureCaper: posts small blind $1
kismespit: posts big blind $3
*** HOLE CARDS ***
AzureCaper: folds
Uncalled bet ($2) returned to kismespit
kismespit collected $2 from pot
*** SUMMARY ***
Total pot $2 | Rake $0
Seat 3: kismespit (big blind) collected ($2)
Seat 4: AzureCaper (button) (small blind) folded before Flop


PokerStars Hand #146943218112:  Hold'em Limit ($3/$6 USD) - 2016/01/12 19:03:19 ET
Table 'Aemilia II' 6-max Seat #3 is the button
Seat 3: kismespit ($49.52 in chips)
Seat 4: AzureCaper ($155.56 in chips)
kismespit: posts small blind $1
AzureCaper: posts big blind $3
*** HOLE CARDS ***
kismespit: folds
Uncalled bet ($2) returned to AzureCaper
AzureCaper collected $2 from pot
AzureCaper: doesn't show hand
*** SUMMARY ***
Total pot $2 | Rake $0
Seat 3: kismespit (button) (small blind) folded before Flop
Seat 4: AzureCaper (big blind) collected ($2)


PokerStars Hand #146943215018:  Hold'em Limit ($3/$6 USD) - 2016/01/12 19:03:15 ET
Table 'Aemilia II' 6-max Seat #4 is the button
Seat 3: kismespit ($48.52 in chips)
Seat 4: AzureCaper ($156.56 in chips)
AzureCaper: posts small blind $1
kismespit: posts big blind $3
*** HOLE CARDS ***
AzureCaper: folds
Uncalled bet ($2) returned to kismespit
kismespit collected $2 from pot
*** SUMMARY ***
Total pot $2 | Rake $0
Seat 3: kismespit (big blind) collected ($2)
Seat 4: AzureCaper (button) (small blind) folded before Flop


PokerStars Hand #146943197272:  Hold'em Limit ($3/$6 USD) - 2016/01/12 19:02:51 ET
Table 'Aemilia II' 6-max Seat #3 is the button
Seat 3: kismespit ($69.52 in chips)
Seat 4: AzureCaper ($136.06 in chips)
kismespit: posts small blind $1
AzureCaper: posts big blind $3
*** HOLE CARDS ***
kismespit: raises $3 to $6
AzureCaper: calls $3
*** FLOP *** [Ks 4c 2s]
AzureCaper: checks
kismespit: bets $3
AzureCaper: calls $3
*** TURN *** [Ks 4c 2s] [Ac]
AzureCaper: checks
kismespit: bets $6
AzureCaper: calls $6
*** RIVER *** [Ks 4c 2s Ac] [5d]
AzureCaper: bets $6
kismespit: calls $6
*** SHOW DOWN ***
AzureCaper: shows [3c Ad] (a straight, Ace to Five)
kismespit: mucks hand
AzureCaper collected $41.50 from pot
*** SUMMARY ***
Total pot $42 | Rake $0.50
Board [Ks 4c 2s Ac 5d]
Seat 3: kismespit (button) (small blind) mucked
Seat 4: AzureCaper (big blind) showed [3c Ad] and won ($41.50) with a straight, Ace to Five


PokerStars Hand #146943288975:  Hold'em Limit ($3/$6 USD) - 2016/01/12 19:04:52 ET
Table 'Aemilia II' 6-max Seat #3 is the button
Seat 3: kismespit ($45.02 in chips)
Seat 4: AzureCaper ($158.82 in chips)
kismespit: posts small blind $1
AzureCaper: posts big blind $3
*** HOLE CARDS ***
kismespit: folds
Uncalled bet ($2) returned to AzureCaper
AzureCaper collected $2 from pot
AzureCaper: doesn't show hand
*** SUMMARY ***
Total pot $2 | Rake $0
Seat 3: kismespit (button) (small blind) folded before Flop
Seat 4: AzureCaper (big blind) collected ($2)


PokerStars Hand #146943282390:  Hold'em Limit ($3/$6 USD) - 2016/01/12 19:04:43 ET
Table 'Aemilia II' 6-max Seat #4 is the button
Seat 3: kismespit ($51.02 in chips)
Seat 4: AzureCaper ($153.06 in chips)
AzureCaper: posts small blind $1
kismespit: posts big blind $3
*** HOLE CARDS ***
AzureCaper: raises $3 to $6
kismespit: calls $3
*** FLOP *** [9c 8d 4h]
kismespit: checks
AzureCaper: bets $3
kismespit: folds
Uncalled bet ($3) returned to AzureCaper
AzureCaper collected $11.76 from pot
AzureCaper: doesn't show hand
*** SUMMARY ***
Total pot $12 | Rake $0.24
Board [9c 8d 4h]
Seat 3: kismespit (big blind) folded on the Flop
Seat 4: AzureCaper (button) (small blind) collected ($11.76)


PokerStars Hand #146943279070:  Hold'em Limit ($3/$6 USD) - 2016/01/12 19:04:39 ET
Table 'Aemilia II' 6-max Seat #3 is the button
Seat 3: kismespit ($52.02 in chips)
Seat 4: AzureCaper ($152.06 in chips)
kismespit: posts small blind $1
AzureCaper: posts big blind $3
*** HOLE CARDS ***
kismespit: folds
Uncalled bet ($2) returned to AzureCaper
AzureCaper collected $2 from pot
AzureCaper: doesn't show hand
*** SUMMARY ***
Total pot $2 | Rake $0
Seat 3: kismespit (button) (small blind) folded before Flop
Seat 4: AzureCaper (big blind) collected ($2)


PokerStars Hand #146943264031:  Hold'em Limit ($3/$6 USD) - 2016/01/12 19:04:19 ET
Table 'Aemilia II' 6-max Seat #4 is the button
Seat 3: kismespit ($34.52 in chips)
Seat 4: AzureCaper ($170.06 in chips)
AzureCaper: posts small blind $1
kismespit: posts big blind $3
*** HOLE CARDS ***
AzureCaper: raises $3 to $6
kismespit: raises $3 to $9
AzureCaper: calls $3
*** FLOP *** [Jc 9c Jd]
kismespit: bets $3
AzureCaper: calls $3
*** TURN *** [Jc 9c Jd] [Qs]
kismespit: bets $6
AzureCaper: calls $6
*** RIVER *** [Jc 9c Jd Qs] [3c]
kismespit: bets $6
AzureCaper: folds
Uncalled bet ($6) returned to kismespit
kismespit collected $35.50 from pot
*** SUMMARY ***
Total pot $36 | Rake $0.50
Board [Jc 9c Jd Qs 3c]
Seat 3: kismespit (big blind) collected ($35.50)
Seat 4: AzureCaper (button) (small blind) folded on the River


PokerStars Hand #146943253986:  Hold'em Limit ($3/$6 USD) - 2016/01/12 19:04:06 ET
Table 'Aemilia II' 6-max Seat #3 is the button
Seat 3: kismespit ($35.52 in chips)
Seat 4: AzureCaper ($169.06 in chips)
kismespit: posts small blind $1
AzureCaper: posts big blind $3
*** HOLE CARDS ***
kismespit: folds
Uncalled bet ($2) returned to AzureCaper
AzureCaper collected $2 from pot
AzureCaper: doesn't show hand
*** SUMMARY ***
Total pot $2 | Rake $0
Seat 3: kismespit (button) (small blind) folded before Flop
Seat 4: AzureCaper (big blind) collected ($2)


PokerStars Hand #146943248698:  Hold'em Limit ($3/$6 USD) - 2016/01/12 19:03:59 ET
Table 'Aemilia II' 6-max Seat #4 is the button
Seat 3: kismespit ($34.52 in chips)
Seat 4: AzureCaper ($170.06 in chips)
AzureCaper: posts small blind $1
kismespit: posts big blind $3
*** HOLE CARDS ***
AzureCaper: folds
Uncalled bet ($2) returned to kismespit
kismespit collected $2 from pot
*** SUMMARY ***
Total pot $2 | Rake $0
Seat 3: kismespit (big blind) collected ($2)
Seat 4: AzureCaper (button) (small blind) folded before Flop


PokerStars Hand #146943224683:  Hold'em Limit ($3/$6 USD) - 2016/01/12 19:03:28 ET
Table 'Aemilia II' 6-max Seat #3 is the button
Seat 3: kismespit ($49.52 in chips)
Seat 4: AzureCaper ($155.56 in chips)
kismespit: posts small blind $1
AzureCaper: posts big blind $3
*** HOLE CARDS ***
kismespit: raises $3 to $6
AzureCaper: calls $3
*** FLOP *** [Tc 7s 2s]
AzureCaper: checks
kismespit: bets $3
AzureCaper: calls $3
*** TURN *** [Tc 7s 2s] [2c]
AzureCaper: checks
kismespit: bets $6
AzureCaper: calls $6
*** RIVER *** [Tc 7s 2s 2c] [Td]
AzureCaper: checks
kismespit: checks
*** SHOW DOWN ***
AzureCaper: shows [9d Ah] (two pair, Tens and Deuces)
kismespit: mucks hand
AzureCaper collected $29.50 from pot
*** SUMMARY ***
Total pot $30 | Rake $0.50
Board [Tc 7s 2s 2c Td]
Seat 3: kismespit (button) (small blind) mucked
Seat 4: AzureCaper (big blind) showed [9d Ah] and won ($29.50) with two pair, Tens and Deuces


PokerStars Hand #146943260698:  Hold'em Limit ($3/$6 USD) - 2016/01/12 19:04:14 ET
Table 'Aemilia II' 6-max Seat #3 is the button
Seat 3: kismespit ($35.52 in chips)
Seat 4: AzureCaper ($169.06 in chips)
kismespit: posts small blind $1
AzureCaper: posts big blind $3
*** HOLE CARDS ***
kismespit: folds
Uncalled bet ($2) returned to AzureCaper
AzureCaper collected $2 from pot
AzureCaper: doesn't show hand
*** SUMMARY ***
Total pot $2 | Rake $0
Seat 3: kismespit (button) (small blind) folded before Flop
Seat 4: AzureCaper (big blind) collected ($2)


PokerStars Hand #146943257298:  Hold'em Limit ($3/$6 USD) - 2016/01/12 19:04:10 ET
Table 'Aemilia II' 6-max Seat #4 is the button
Seat 3: kismespit ($34.52 in chips)
Seat 4: AzureCaper ($170.06 in chips)
AzureCaper: posts small blind $1
kismespit: posts big blind $3
*** HOLE CARDS ***
AzureCaper: folds
Uncalled bet ($2) returned to kismespit
kismespit collected $2 from pot
*** SUMMARY ***
Total pot $2 | Rake $0
Seat 3: kismespit (big blind) collected ($2)
Seat 4: AzureCaper (button) (small blind) folded before Flop


PokerStars Hand #146943292283:  Hold'em Limit ($3/$6 USD) - 2016/01/12 19:04:56 ET
Table 'Aemilia II' 6-max Seat #4 is the button
Seat 3: kismespit ($44.02 in chips)
Seat 4: AzureCaper ($159.82 in chips)
AzureCaper: posts small blind $1
kismespit: posts big blind $3
*** HOLE CARDS ***
AzureCaper: raises $3 to $6
kismespit: raises $3 to $9
AzureCaper: calls $3
*** FLOP *** [Jh 5s 6h]
kismespit: bets $3
AzureCaper: folds
Uncalled bet ($3) returned to kismespit
kismespit collected $17.64 from pot
*** SUMMARY ***
Total pot $18 | Rake $0.36
Board [Jh 5s 6h]
Seat 3: kismespit (big blind) collected ($17.64)
Seat 4: AzureCaper (button) (small blind) folded on the Flop


PokerStars Hand #146943303871:  Hold'em Limit ($3/$6 USD) - 2016/01/12 19:05:11 ET
Table 'Aemilia II' 6-max Seat #3 is the button
Seat 3: kismespit ($52.66 in chips)
Seat 4: AzureCaper ($150.82 in chips)
kismespit: posts small blind $1
AzureCaper: posts big blind $3
*** HOLE CARDS ***
kismespit: folds
Uncalled bet ($2) returned to AzureCaper
AzureCaper collected $2 from pot
AzureCaper: doesn't show hand
*** SUMMARY ***
Total pot $2 | Rake $0
Seat 3: kismespit (button) (small blind) folded before Flop
Seat 4: AzureCaper (big blind) collected ($2)


PokerStars Hand #146943307230:  Hold'em Limit ($3/$6 USD) - 2016/01/12 19:05:16 ET
Table 'Aemilia II' 6-max Seat #4 is the button
Seat 3: kismespit ($51.66 in chips)
Seat 4: AzureCaper ($151.82 in chips)
AzureCaper: posts small blind $1
kismespit: posts big blind $3
*** HOLE CARDS ***
AzureCaper: raises $3 to $6
kismespit: calls $3
*** FLOP *** [Qc Th 4s]
kismespit: checks
AzureCaper: bets $3
kismespit: folds
Uncalled bet ($3) returned to AzureCaper
AzureCaper collected $11.76 from pot
AzureCaper: doesn't show hand
*** SUMMARY ***
Total pot $12 | Rake $0.24
Board [Qc Th 4s]
Seat 3: kismespit (big blind) folded on the Flop
Seat 4: AzureCaper (button) (small blind) collected ($11.76)


PokerStars Hand #146943319216:  Hold'em Limit ($3/$6 USD) - 2016/01/12 19:05:31 ET
Table 'Aemilia II' 6-max Seat #3 is the button
Seat 3: kismespit ($45.66 in chips)
Seat 4: AzureCaper ($157.58 in chips)
kismespit: posts small blind $1
AzureCaper: posts big blind $3
*** HOLE CARDS ***
kismespit: folds
Uncalled bet ($2) returned to AzureCaper
AzureCaper collected $2 from pot
AzureCaper: doesn't show hand
*** SUMMARY ***
Total pot $2 | Rake $0
Seat 3: kismespit (button) (small blind) folded before Flop
Seat 4: AzureCaper (big blind) collected ($2)


PokerStars Hand #146943323520:  Hold'em Limit ($3/$6 USD) - 2016/01/12 19:05:37 ET
Table 'Aemilia II' 6-max Seat #4 is the button
Seat 3: kismespit ($44.66 in chips)
Seat 4: AzureCaper ($158.58 in chips)
AzureCaper: posts small blind $1
kismespit: posts big blind $3
*** HOLE CARDS ***
AzureCaper: raises $3 to $6
kismespit: calls $3
*** FLOP *** [Qh Qc Ad]
kismespit: checks
AzureCaper: bets $3
kismespit: folds
Uncalled bet ($3) returned to AzureCaper
AzureCaper collected $11.76 from pot
AzureCaper: doesn't show hand
*** SUMMARY ***
Total pot $12 | Rake $0.24
Board [Qh Qc Ad]
Seat 3: kismespit (big blind) folded on the Flop
Seat 4: AzureCaper (button) (small blind) collected ($11.76)


PokerStars Hand #146943332633:  Hold'em Limit ($3/$6 USD) - 2016/01/12 19:05:49 ET
Table 'Aemilia II' 6-max Seat #3 is the button
Seat 3: kismespit ($38.66 in chips)
Seat 4: AzureCaper ($164.34 in chips)
kismespit: posts small blind $1
AzureCaper: posts big blind $3
*** HOLE CARDS ***
kismespit: raises $3 to $6
AzureCaper: calls $3
*** FLOP *** [3h 7d 7c]
AzureCaper: checks
kismespit: bets $3
AzureCaper: calls $3
*** TURN *** [3h 7d 7c] [5h]
AzureCaper: checks
kismespit: checks
*** RIVER *** [3h 7d 7c 5h] [2h]
AzureCaper: bets $6
kismespit: folds
Uncalled bet ($6) returned to AzureCaper
AzureCaper collected $17.64 from pot
AzureCaper: doesn't show hand
*** SUMMARY ***
Total pot $18 | Rake $0.36
Board [3h 7d 7c 5h 2h]
Seat 3: kismespit (button) (small blind) folded on the River
Seat 4: AzureCaper (big blind) collected ($17.64)


PokerStars Hand #146943347063:  Hold'em Limit ($3/$6 USD) - 2016/01/12 19:06:08 ET
Table 'Aemilia II' 6-max Seat #4 is the button
Seat 3: kismespit ($29.66 in chips)
Seat 4: AzureCaper ($172.98 in chips)
AzureCaper: posts small blind $1
kismespit: posts big blind $3
*** HOLE CARDS ***
AzureCaper: raises $3 to $6
kismespit: raises $3 to $9
AzureCaper: calls $3
*** FLOP *** [4h 3s Ad]
kismespit: bets $3
AzureCaper: folds
Uncalled bet ($3) returned to kismespit
kismespit collected $17.64 from pot
kismespit: doesn't show hand
*** SUMMARY ***
Total pot $18 | Rake $0.36
Board [4h 3s Ad]
Seat 3: kismespit (big blind) collected ($17.64)
Seat 4: AzureCaper (button) (small blind) folded on the Flop


PokerStars Hand #146943359274:  Hold'em Limit ($3/$6 USD) - 2016/01/12 19:06:24 ET
Table 'Aemilia II' 6-max Seat #3 is the button
Seat 3: kismespit ($38.30 in chips)
Seat 4: AzureCaper ($163.98 in chips)
kismespit: posts small blind $1
AzureCaper: posts big blind $3
*** HOLE CARDS ***
kismespit: folds
Uncalled bet ($2) returned to AzureCaper
AzureCaper collected $2 from pot
AzureCaper: doesn't show hand
*** SUMMARY ***
Total pot $2 | Rake $0
Seat 3: kismespit (button) (small blind) folded before Flop
Seat 4: AzureCaper (big blind) collected ($2)


PokerStars Hand #146943364843:  Hold'em Limit ($3/$6 USD) - 2016/01/12 19:06:32 ET
Table 'Aemilia II' 6-max Seat #4 is the button
Seat 3: kismespit ($37.30 in chips)
Seat 4: AzureCaper ($164.98 in chips)
AzureCaper: posts small blind $1
kismespit: posts big blind $3
*** HOLE CARDS ***
AzureCaper: folds
Uncalled bet ($2) returned to kismespit
kismespit collected $2 from pot
*** SUMMARY ***
Total pot $2 | Rake $0
Seat 3: kismespit (big blind) collected ($2)
Seat 4: AzureCaper (button) (small blind) folded before Flop


PokerStars Hand #146943385990:  Hold'em Limit ($3/$6 USD) - 2016/01/12 19:07:00 ET
Table 'Aemilia II' 6-max Seat #4 is the button
Seat 3: kismespit ($52.80 in chips)
Seat 4: AzureCaper ($148.98 in chips)
AzureCaper: posts small blind $1
kismespit: posts big blind $3
*** HOLE CARDS ***
AzureCaper: raises $3 to $6
kismespit: calls $3
*** FLOP *** [8h Jc Ac]
kismespit: checks
AzureCaper: bets $3
kismespit: folds
Uncalled bet ($3) returned to AzureCaper
AzureCaper collected $11.76 from pot
AzureCaper: doesn't show hand
*** SUMMARY ***
Total pot $12 | Rake $0.24
Board [8h Jc Ac]
Seat 3: kismespit (big blind) folded on the Flop
Seat 4: AzureCaper (button) (small blind) collected ($11.76)


PokerStars Hand #146943395661:  Hold'em Limit ($3/$6 USD) - 2016/01/12 19:07:13 ET
Table 'Aemilia II' 6-max Seat #3 is the button
Seat 3: kismespit ($46.80 in chips)
Seat 4: AzureCaper ($154.74 in chips)
kismespit: posts small blind $1
AzureCaper: posts big blind $3
*** HOLE CARDS ***
kismespit: raises $3 to $6
AzureCaper: calls $3
*** FLOP *** [7h Th 4c]
AzureCaper: checks
kismespit: checks
*** TURN *** [7h Th 4c] [3s]
AzureCaper: bets $6
kismespit: calls $6
*** RIVER *** [7h Th 4c 3s] [Ts]
AzureCaper: bets $6
kismespit: folds
Uncalled bet ($6) returned to AzureCaper
AzureCaper collected $23.52 from pot
AzureCaper: doesn't show hand
*** SUMMARY ***
Total pot $24 | Rake $0.48
Board [7h Th 4c 3s Ts]
Seat 3: kismespit (button) (small blind) folded on the River
Seat 4: AzureCaper (big blind) collected ($23.52)


PokerStars Hand #146943410553:  Hold'em Limit ($3/$6 USD) - 2016/01/12 19:07:33 ET
Table 'Aemilia II' 6-max Seat #4 is the button
Seat 3: kismespit ($34.80 in chips)
Seat 4: AzureCaper ($166.26 in chips)
AzureCaper: posts small blind $1
kismespit: posts big blind $3
*** HOLE CARDS ***
AzureCaper: raises $3 to $6
kismespit: calls $3
*** FLOP *** [Ad 9d Td]
kismespit: checks
AzureCaper: bets $3
kismespit: calls $3
*** TURN *** [Ad 9d Td] [2c]
kismespit: checks
AzureCaper: checks
*** RIVER *** [Ad 9d Td 2c] [2d]
kismespit: bets $6
AzureCaper: calls $6
*** SHOW DOWN ***
kismespit: shows [9c 6s] (two pair, Nines and Deuces)
AzureCaper: shows [5h 5d] (a flush, Ace high)
AzureCaper collected $29.50 from pot
*** SUMMARY ***
Total pot $30 | Rake $0.50
Board [Ad 9d Td 2c 2d]
Seat 3: kismespit (big blind) showed [9c 6s] and lost with two pair, Nines and Deuces
Seat 4: AzureCaper (button) (small blind) showed [5h 5d] and won ($29.50) with a flush, Ace high


PokerStars Hand #146943428017:  Hold'em Limit ($3/$6 USD) - 2016/01/12 19:07:56 ET
Table 'Aemilia II' 6-max Seat #4 is the button
Seat 3: kismespit ($22.80 in chips)
Seat 4: AzureCaper ($177.76 in chips)
AzureCaper: posts small blind $1
kismespit: posts big blind $3
*** HOLE CARDS ***
AzureCaper: raises $3 to $6
kismespit: raises $3 to $9
AzureCaper: calls $3
*** FLOP *** [7h 9h Ts]
kismespit: bets $3
AzureCaper: calls $3
*** TURN *** [7h 9h Ts] [9d]
kismespit: bets $6
AzureCaper: calls $6
*** RIVER *** [7h 9h Ts 9d] [9c]
kismespit: bets $4.80 and is all-in
AzureCaper: folds
Uncalled bet ($4.80) returned to kismespit
kismespit collected $35.50 from pot
*** SUMMARY ***
Total pot $36 | Rake $0.50
Board [7h 9h Ts 9d 9c]
Seat 3: kismespit (big blind) collected ($35.50)
Seat 4: AzureCaper (button) (small blind) folded on the River


PokerStars Hand #146943444228:  Hold'em Limit ($3/$6 USD) - 2016/01/12 19:08:18 ET
Table 'Aemilia II' 6-max Seat #4 is the button
Seat 3: kismespit ($39.30 in chips)
Seat 4: AzureCaper ($160.76 in chips)
AzureCaper: posts small blind $1
kismespit: posts big blind $3
*** HOLE CARDS ***
AzureCaper: folds
Uncalled bet ($2) returned to kismespit
Brama Br joins the table at seat #5
kismespit collected $2 from pot
*** SUMMARY ***
Total pot $2 | Rake $0
Seat 3: kismespit (big blind) collected ($2)
Seat 4: AzureCaper (button) (small blind) folded before Flop


PokerStars Hand #146943441193:  Hold'em Limit ($3/$6 USD) - 2016/01/12 19:08:14 ET
Table 'Aemilia II' 6-max Seat #3 is the button
Seat 3: kismespit ($40.30 in chips)
Seat 4: AzureCaper ($159.76 in chips)
kismespit: posts small blind $1
AzureCaper: posts big blind $3
*** HOLE CARDS ***
kismespit: folds
Uncalled bet ($2) returned to AzureCaper
AzureCaper collected $2 from pot
AzureCaper: doesn't show hand
*** SUMMARY ***
Total pot $2 | Rake $0
Seat 3: kismespit (button) (small blind) folded before Flop
Seat 4: AzureCaper (big blind) collected ($2)


PokerStars Hand #146943447683:  Hold'em Limit ($3/$6 USD) - 2016/01/12 19:08:23 ET
Table 'Aemilia II' 6-max Seat #3 is the button
Seat 3: kismespit ($40.30 in chips)
Seat 4: AzureCaper ($159.76 in chips)
kismespit: posts small blind $1
AzureCaper: posts big blind $3
*** HOLE CARDS ***
kismespit: raises $3 to $6
AzureCaper: raises $3 to $9
kismespit: raises $3 to $12
Betting is capped
AzureCaper: calls $3
*** FLOP *** [9d 6c 5c]
AzureCaper: checks
kismespit: checks
*** TURN *** [9d 6c 5c] [6h]
AzureCaper: bets $6
kismespit: calls $6
*** RIVER *** [9d 6c 5c 6h] [2c]
AzureCaper: bets $6
kismespit: raises $6 to $12
AzureCaper: folds
Uncalled bet ($6) returned to kismespit
kismespit collected $47.50 from pot
*** SUMMARY ***
Total pot $48 | Rake $0.50
Board [9d 6c 5c 6h 2c]
Seat 3: kismespit (button) (small blind) collected ($47.50)
Seat 4: AzureCaper (big blind) folded on the River


PokerStars Hand #146946796176:  Hold'em Limit ($3/$6 USD) - 2016/01/12 20:34:11 ET
Table 'Aemilia II' 6-max Seat #3 is the button
Seat 3: kismespit ($95.18 in chips)
Seat 4: Rmk1500 ($139.39 in chips)
kismespit: posts small blind $1
Rmk1500: posts big blind $3
*** HOLE CARDS ***
kismespit: raises $3 to $6
Rmk1500: calls $3
*** FLOP *** [9s 3h Kd]
Rmk1500: checks
kismespit: bets $3
Rmk1500: calls $3
*** TURN *** [9s 3h Kd] [8s]
Rmk1500: checks
kismespit: bets $6
Rmk1500: calls $6
*** RIVER *** [9s 3h Kd 8s] [9c]
Rmk1500: bets $6
kismespit: folds
Uncalled bet ($6) returned to Rmk1500
Rmk1500 collected $29.50 from pot
*** SUMMARY ***
Total pot $30 | Rake $0.50
Board [9s 3h Kd 8s 9c]
Seat 3: kismespit (button) (small blind) folded on the River
Seat 4: Rmk1500 (big blind) collected ($29.50)


PokerStars Hand #146947019035:  Hold'em Limit ($3/$6 USD) - 2016/01/12 20:40:59 ET
Table 'Aemilia II' 6-max Seat #4 is the button
Seat 3: kismespit ($96.26 in chips)
Seat 4: Rmk1500 ($195.25 in chips)
Rmk1500: posts small blind $1
kismespit: posts big blind $3
*** HOLE CARDS ***
Rmk1500: raises $3 to $6
kismespit: calls $3
*** FLOP *** [6h 8s Js]
kismespit: checks
Rmk1500: bets $3
kismespit: calls $3
*** TURN *** [6h 8s Js] [Jc]
kismespit: checks
Rmk1500: checks
*** RIVER *** [6h 8s Js Jc] [2c]
kismespit: bets $6
797jora leaves the table
Rmk1500: folds
Uncalled bet ($6) returned to kismespit
kismespit collected $17.64 from pot
kismespit: doesn't show hand
*** SUMMARY ***
Total pot $18 | Rake $0.36
Board [6h 8s Js Jc 2c]
Seat 3: kismespit (big blind) collected ($17.64)
Seat 4: Rmk1500 (button) (small blind) folded on the River


PokerStars Hand #146947027713:  Hold'em Limit ($3/$6 USD) - 2016/01/12 20:41:15 ET
Table 'Aemilia II' 6-max Seat #3 is the button
Seat 3: kismespit ($104.90 in chips)
Seat 4: Rmk1500 ($186.25 in chips)
kismespit: posts small blind $1
Rmk1500: posts big blind $3
*** HOLE CARDS ***
kismespit: raises $3 to $6
Rmk1500: calls $3
*** FLOP *** [Tc 9d Qd]
Rmk1500: checks
kismespit: bets $3
Rmk1500: folds
Uncalled bet ($3) returned to kismespit
kismespit collected $11.76 from pot
*** SUMMARY ***
Total pot $12 | Rake $0.24
Board [Tc 9d Qd]
Seat 3: kismespit (button) (small blind) collected ($11.76)
Seat 4: Rmk1500 (big blind) folded on the Flop


PokerStars Hand #146947037426:  Hold'em Limit ($3/$6 USD) - 2016/01/12 20:41:33 ET
Table 'Aemilia II' 6-max Seat #3 is the button
Seat 3: kismespit ($111.66 in chips)
Seat 4: Rmk1500 ($179.25 in chips)
kismespit: posts small blind $1
Rmk1500: posts big blind $3
*** HOLE CARDS ***
kismespit: folds
Uncalled bet ($2) returned to Rmk1500
Rmk1500 collected $2 from pot
*** SUMMARY ***
Total pot $2 | Rake $0
Seat 3: kismespit (button) (small blind) folded before Flop
Seat 4: Rmk1500 (big blind) collected ($2)


PokerStars Hand #146947033980:  Hold'em Limit ($3/$6 USD) - 2016/01/12 20:41:27 ET
Table 'Aemilia II' 6-max Seat #4 is the button
Seat 3: kismespit ($110.66 in chips)
Seat 4: Rmk1500 ($180.25 in chips)
Rmk1500: posts small blind $1
kismespit: posts big blind $3
*** HOLE CARDS ***
Rmk1500: folds
Uncalled bet ($2) returned to kismespit
kismespit collected $2 from pot
kismespit: doesn't show hand
*** SUMMARY ***
Total pot $2 | Rake $0
Seat 3: kismespit (big blind) collected ($2)
Seat 4: Rmk1500 (button) (small blind) folded before Flop


PokerStars Hand #146947053782:  Hold'em Limit ($3/$6 USD) - 2016/01/12 20:42:04 ET
Table 'Aemilia II' 6-max Seat #4 is the button
Seat 3: kismespit ($124.16 in chips)
Seat 4: Rmk1500 ($166.25 in chips)
Rmk1500: posts small blind $1
kismespit: posts big blind $3
*** HOLE CARDS ***
Rmk1500: folds
Uncalled bet ($2) returned to kismespit
kismespit collected $2 from pot
kismespit: doesn't show hand
*** SUMMARY ***
Total pot $2 | Rake $0
Seat 3: kismespit (big blind) collected ($2)
Seat 4: Rmk1500 (button) (small blind) folded before Flop


PokerStars Hand #146947051309:  Hold'em Limit ($3/$6 USD) - 2016/01/12 20:41:59 ET
Table 'Aemilia II' 6-max Seat #3 is the button
Seat 3: kismespit ($125.16 in chips)
Seat 4: Rmk1500 ($165.25 in chips)
kismespit: posts small blind $1
Rmk1500: posts big blind $3
*** HOLE CARDS ***
kismespit: folds
Uncalled bet ($2) returned to Rmk1500
Rmk1500 collected $2 from pot
*** SUMMARY ***
Total pot $2 | Rake $0
Seat 3: kismespit (button) (small blind) folded before Flop
Seat 4: Rmk1500 (big blind) collected ($2)


PokerStars Hand #146947039877:  Hold'em Limit ($3/$6 USD) - 2016/01/12 20:41:38 ET
Table 'Aemilia II' 6-max Seat #4 is the button
Seat 3: kismespit ($110.66 in chips)
Seat 4: Rmk1500 ($180.25 in chips)
Rmk1500: posts small blind $1
kismespit: posts big blind $3
*** HOLE CARDS ***
Rmk1500: raises $3 to $6
kismespit: calls $3
*** FLOP *** [Jc 5d Qh]
kismespit: checks
Rmk1500: bets $3
kismespit: calls $3
*** TURN *** [Jc 5d Qh] [8c]
kismespit: checks
Rmk1500: bets $6
kismespit: calls $6
*** RIVER *** [Jc 5d Qh 8c] [5h]
kismespit: checks
Rmk1500: checks
*** SHOW DOWN ***
kismespit: shows [Kc Js] (two pair, Jacks and Fives)
Rmk1500: mucks hand
kismespit collected $29.50 from pot
*** SUMMARY ***
Total pot $30 | Rake $0.50
Board [Jc 5d Qh 8c 5h]
Seat 3: kismespit (big blind) showed [Kc Js] and won ($29.50) with two pair, Jacks and Fives
Seat 4: Rmk1500 (button) (small blind) mucked


PokerStars Hand #146947056261:  Hold'em Limit ($3/$6 USD) - 2016/01/12 20:42:08 ET
Table 'Aemilia II' 6-max Seat #3 is the button
Seat 3: kismespit ($125.16 in chips)
Seat 4: Rmk1500 ($165.25 in chips)
kismespit: posts small blind $1
Rmk1500: posts big blind $3
*** HOLE CARDS ***
kismespit: folds
Uncalled bet ($2) returned to Rmk1500
Rmk1500 collected $2 from pot
*** SUMMARY ***
Total pot $2 | Rake $0
Seat 3: kismespit (button) (small blind) folded before Flop
Seat 4: Rmk1500 (big blind) collected ($2)


PokerStars Hand #146947058733:  Hold'em Limit ($3/$6 USD) - 2016/01/12 20:42:13 ET
Table 'Aemilia II' 6-max Seat #4 is the button
Seat 3: kismespit ($124.16 in chips)
Seat 4: Rmk1500 ($166.25 in chips)
Rmk1500: posts small blind $1
kismespit: posts big blind $3
*** HOLE CARDS ***
Rmk1500: folds
Uncalled bet ($2) returned to kismespit
kismespit collected $2 from pot
*** SUMMARY ***
Total pot $2 | Rake $0
Seat 3: kismespit (big blind) collected ($2)
Seat 4: Rmk1500 (button) (small blind) folded before Flop


PokerStars Hand #146947061885:  Hold'em Limit ($3/$6 USD) - 2016/01/12 20:42:19 ET
Table 'Aemilia II' 6-max Seat #3 is the button
Seat 3: kismespit ($125.16 in chips)
Seat 4: Rmk1500 ($165.25 in chips)
kismespit: posts small blind $1
Rmk1500: posts big blind $3
*** HOLE CARDS ***
kismespit: folds
Uncalled bet ($2) returned to Rmk1500
Rmk1500 collected $2 from pot
*** SUMMARY ***
Total pot $2 | Rake $0
Seat 3: kismespit (button) (small blind) folded before Flop
Seat 4: Rmk1500 (big blind) collected ($2)


PokerStars Hand #146947067975:  Hold'em Limit ($3/$6 USD) - 2016/01/12 20:42:30 ET
Table 'Aemilia II' 6-max Seat #4 is the button
Seat 3: kismespit ($124.16 in chips)
Seat 4: Rmk1500 ($166.25 in chips)
Rmk1500: posts small blind $1
kismespit: posts big blind $3
*** HOLE CARDS ***
Rmk1500: raises $3 to $6
kismespit: calls $3
*** FLOP *** [Js 3c 6s]
kismespit: checks
Rmk1500: bets $3
kismespit: calls $3
*** TURN *** [Js 3c 6s] [9c]
kismespit: checks
Rmk1500: checks
*** RIVER *** [Js 3c 6s 9c] [Ad]
kismespit: bets $6
Rmk1500: folds
Uncalled bet ($6) returned to kismespit
kismespit collected $17.64 from pot
*** SUMMARY ***
Total pot $18 | Rake $0.36
Board [Js 3c 6s 9c Ad]
Seat 3: kismespit (big blind) collected ($17.64)
Seat 4: Rmk1500 (button) (small blind) folded on the River


PokerStars Hand #146947082838:  Hold'em Limit ($3/$6 USD) - 2016/01/12 20:42:57 ET
Table 'Aemilia II' 6-max Seat #3 is the button
Seat 3: kismespit ($132.80 in chips)
Seat 4: Rmk1500 ($157.25 in chips)
kismespit: posts small blind $1
Rmk1500: posts big blind $3
*** HOLE CARDS ***
kismespit: folds
Uncalled bet ($2) returned to Rmk1500
Rmk1500 collected $2 from pot
*** SUMMARY ***
Total pot $2 | Rake $0
Seat 3: kismespit (button) (small blind) folded before Flop
Seat 4: Rmk1500 (big blind) collected ($2)


PokerStars Hand #146947107043:  Hold'em Limit ($3/$6 USD) - 2016/01/12 20:43:43 ET
Table 'Aemilia II' 6-max Seat #4 is the button
Seat 3: kismespit ($101.80 in chips)
Seat 4: Rmk1500 ($187.39 in chips)
Rmk1500: posts small blind $1
kismespit: posts big blind $3
*** HOLE CARDS ***
Rmk1500: raises $3 to $6
kismespit: calls $3
*** FLOP *** [3d 6c 5h]
kismespit: checks
Rmk1500: bets $3
kismespit: calls $3
*** TURN *** [3d 6c 5h] [5s]
kismespit: checks
Rmk1500: checks
*** RIVER *** [3d 6c 5h 5s] [3s]
kismespit: checks
Rmk1500: bets $6
kismespit: folds
Uncalled bet ($6) returned to Rmk1500
Rmk1500 collected $17.64 from pot
*** SUMMARY ***
Total pot $18 | Rake $0.36
Board [3d 6c 5h 5s 3s]
Seat 3: kismespit (big blind) folded on the River
Seat 4: Rmk1500 (button) (small blind) collected ($17.64)


PokerStars Hand #146947085913:  Hold'em Limit ($3/$6 USD) - 2016/01/12 20:43:03 ET
Table 'Aemilia II' 6-max Seat #4 is the button
Seat 3: kismespit ($131.80 in chips)
Seat 4: Rmk1500 ($158.25 in chips)
Rmk1500: posts small blind $1
kismespit: posts big blind $3
*** HOLE CARDS ***
Rmk1500: raises $3 to $6
kismespit: calls $3
*** FLOP *** [4c 2d Qd]
kismespit: checks
Rmk1500: bets $3
kismespit: calls $3
*** TURN *** [4c 2d Qd] [7c]
kismespit: checks
Rmk1500: bets $6
kismespit: calls $6
*** RIVER *** [4c 2d Qd 7c] [8s]
kismespit: checks
Rmk1500: bets $6
kismespit: calls $6
*** SHOW DOWN ***
Rmk1500: shows [Qh Th] (a pair of Queens)
kismespit: mucks hand
Rmk1500 collected $41.50 from pot
*** SUMMARY ***
Total pot $42 | Rake $0.50
Board [4c 2d Qd 7c 8s]
Seat 3: kismespit (big blind) mucked
Seat 4: Rmk1500 (button) (small blind) showed [Qh Th] and won ($41.50) with a pair of Queens


PokerStars Hand #146947095603:  Hold'em Limit ($3/$6 USD) - 2016/01/12 20:43:21 ET
Table 'Aemilia II' 6-max Seat #3 is the button
Seat 3: kismespit ($110.80 in chips)
Seat 4: Rmk1500 ($178.75 in chips)
kismespit: posts small blind $1
Rmk1500: posts big blind $3
*** HOLE CARDS ***
kismespit: raises $3 to $6
Rmk1500: calls $3
*** FLOP *** [7c 3d Qh]
Rmk1500: checks
kismespit: bets $3
Rmk1500: calls $3
*** TURN *** [7c 3d Qh] [As]
Rmk1500: checks
kismespit: checks
*** RIVER *** [7c 3d Qh As] [Ks]
Rmk1500: checks
kismespit: checks
*** SHOW DOWN ***
Rmk1500: shows [Kd 4d] (a pair of Kings)
kismespit: mucks hand
Rmk1500 collected $17.64 from pot
*** SUMMARY ***
Total pot $18 | Rake $0.36
Board [7c 3d Qh As Ks]
Seat 3: kismespit (button) (small blind) mucked
Seat 4: Rmk1500 (big blind) showed [Kd 4d] and won ($17.64) with a pair of Kings


PokerStars Hand #146947122656:  Hold'em Limit ($3/$6 USD) - 2016/01/12 20:44:12 ET
Table 'Aemilia II' 6-max Seat #3 is the button
Seat 3: kismespit ($92.80 in chips)
Seat 4: Rmk1500 ($196.03 in chips)
kismespit: posts small blind $1
Rmk1500: posts big blind $3
*** HOLE CARDS ***
kismespit: raises $3 to $6
Rmk1500: calls $3
*** FLOP *** [9s 7s 6s]
Rmk1500: checks
kismespit: bets $3
Rmk1500: calls $3
*** TURN *** [9s 7s 6s] [8d]
Rmk1500: checks
kismespit: bets $6
Rmk1500: raises $6 to $12
kismespit: calls $6
*** RIVER *** [9s 7s 6s 8d] [Th]
Rmk1500: bets $6
kismespit: calls $6
*** SHOW DOWN ***
Rmk1500: shows [2s Js] (a flush, Jack high)
kismespit: mucks hand
Rmk1500 collected $53.50 from pot
*** SUMMARY ***
Total pot $54 | Rake $0.50
Board [9s 7s 6s 8d Th]
Seat 3: kismespit (button) (small blind) mucked
Seat 4: Rmk1500 (big blind) showed [2s Js] and won ($53.50) with a flush, Jack high


PokerStars Hand #146947144199:  Hold'em Limit ($3/$6 USD) - 2016/01/12 20:44:52 ET
Table 'Aemilia II' 6-max Seat #3 is the button
Seat 3: kismespit ($59.80 in chips)
Seat 4: Rmk1500 ($228.29 in chips)
kismespit: posts small blind $1
Rmk1500: posts big blind $3
*** HOLE CARDS ***
kismespit: folds
Uncalled bet ($2) returned to Rmk1500
Rmk1500 collected $2 from pot
*** SUMMARY ***
Total pot $2 | Rake $0
Seat 3: kismespit (button) (small blind) folded before Flop
Seat 4: Rmk1500 (big blind) collected ($2)


PokerStars Hand #146947138702:  Hold'em Limit ($3/$6 USD) - 2016/01/12 20:44:42 ET
Table 'Aemilia II' 6-max Seat #4 is the button
Seat 3: kismespit ($65.80 in chips)
Seat 4: Rmk1500 ($222.53 in chips)
Rmk1500: posts small blind $1
kismespit: posts big blind $3
*** HOLE CARDS ***
Rmk1500: raises $3 to $6
kismespit: calls $3
*** FLOP *** [8c Jd 3c]
kismespit: checks
Rmk1500: bets $3
kismespit: folds
Uncalled bet ($3) returned to Rmk1500
Rmk1500 collected $11.76 from pot
*** SUMMARY ***
Total pot $12 | Rake $0.24
Board [8c Jd 3c]
Seat 3: kismespit (big blind) folded on the Flop
Seat 4: Rmk1500 (button) (small blind) collected ($11.76)


PokerStars Hand #146947149283:  Hold'em Limit ($3/$6 USD) - 2016/01/12 20:45:02 ET
Table 'Aemilia II' 6-max Seat #3 is the button
Seat 3: kismespit ($59.80 in chips)
Seat 4: Rmk1500 ($228.29 in chips)
kismespit: posts small blind $1
Rmk1500: posts big blind $3
*** HOLE CARDS ***
kismespit: folds
Uncalled bet ($2) returned to Rmk1500
Rmk1500 collected $2 from pot
*** SUMMARY ***
Total pot $2 | Rake $0
Seat 3: kismespit (button) (small blind) folded before Flop
Seat 4: Rmk1500 (big blind) collected ($2)


PokerStars Hand #146947146484:  Hold'em Limit ($3/$6 USD) - 2016/01/12 20:44:56 ET
Table 'Aemilia II' 6-max Seat #4 is the button
Seat 3: kismespit ($58.80 in chips)
Seat 4: Rmk1500 ($229.29 in chips)
Rmk1500: posts small blind $1
kismespit: posts big blind $3
*** HOLE CARDS ***
Rmk1500: folds
Uncalled bet ($2) returned to kismespit
kismespit collected $2 from pot
*** SUMMARY ***
Total pot $2 | Rake $0
Seat 3: kismespit (big blind) collected ($2)
Seat 4: Rmk1500 (button) (small blind) folded before Flop


PokerStars Hand #146947151625:  Hold'em Limit ($3/$6 USD) - 2016/01/12 20:45:06 ET
Table 'Aemilia II' 6-max Seat #4 is the button
Seat 3: kismespit ($58.80 in chips)
Seat 4: Rmk1500 ($229.29 in chips)
Rmk1500: posts small blind $1
kismespit: posts big blind $3
*** HOLE CARDS ***
Rmk1500: raises $3 to $6
kismespit: calls $3
*** FLOP *** [Tc As Kc]
kismespit: checks
Rmk1500: bets $3
kismespit: folds
Uncalled bet ($3) returned to Rmk1500
Rmk1500 collected $11.76 from pot
*** SUMMARY ***
Total pot $12 | Rake $0.24
Board [Tc As Kc]
Seat 3: kismespit (big blind) folded on the Flop
Seat 4: Rmk1500 (button) (small blind) collected ($11.76)


PokerStars Hand #146947164572:  Hold'em Limit ($3/$6 USD) - 2016/01/12 20:45:30 ET
Table 'Aemilia II' 6-max Seat #4 is the button
Seat 3: kismespit ($61.44 in chips)
Seat 4: Rmk1500 ($226.05 in chips)
Rmk1500: posts small blind $1
kismespit: posts big blind $3
*** HOLE CARDS ***
Rmk1500: raises $3 to $6
kismespit: folds
Uncalled bet ($3) returned to Rmk1500
Rmk1500 collected $6 from pot
*** SUMMARY ***
Total pot $6 | Rake $0
Seat 3: kismespit (big blind) folded before Flop
Seat 4: Rmk1500 (button) (small blind) collected ($6)


PokerStars Hand #146947156597:  Hold'em Limit ($3/$6 USD) - 2016/01/12 20:45:15 ET
Table 'Aemilia II' 6-max Seat #3 is the button
Seat 3: kismespit ($52.80 in chips)
Seat 4: Rmk1500 ($235.05 in chips)
kismespit: posts small blind $1
Rmk1500: posts big blind $3
*** HOLE CARDS ***
kismespit: raises $3 to $6
Rmk1500: calls $3
*** FLOP *** [5h 6h 2d]
Rmk1500: checks
kismespit: bets $3
Rmk1500: calls $3
*** TURN *** [5h 6h 2d] [As]
Rmk1500: checks
kismespit: bets $6
Rmk1500: folds
Uncalled bet ($6) returned to kismespit
kismespit collected $17.64 from pot
*** SUMMARY ***
Total pot $18 | Rake $0.36
Board [5h 6h 2d As]
Seat 3: kismespit (button) (small blind) collected ($17.64)
Seat 4: Rmk1500 (big blind) folded on the Turn


PokerStars Hand #146947172716:  Hold'em Limit ($3/$6 USD) - 2016/01/12 20:45:45 ET
Table 'Aemilia II' 6-max Seat #4 is the button
Seat 3: kismespit ($64.20 in chips)
Seat 4: Rmk1500 ($223.05 in chips)
Rmk1500: posts small blind $1
kismespit: posts big blind $3
*** HOLE CARDS ***
Rmk1500: folds
Uncalled bet ($2) returned to kismespit
kismespit collected $2 from pot
*** SUMMARY ***
Total pot $2 | Rake $0
Seat 3: kismespit (big blind) collected ($2)
Seat 4: Rmk1500 (button) (small blind) folded before Flop


PokerStars Hand #146947167212:  Hold'em Limit ($3/$6 USD) - 2016/01/12 20:45:35 ET
Table 'Aemilia II' 6-max Seat #3 is the button
Seat 3: kismespit ($58.44 in chips)
Seat 4: Rmk1500 ($229.05 in chips)
kismespit: posts small blind $1
Rmk1500: posts big blind $3
*** HOLE CARDS ***
kismespit: raises $3 to $6
Rmk1500: calls $3
*** FLOP *** [Kh Ac 4d]
Rmk1500: checks
kismespit: bets $3
Rmk1500: folds
Uncalled bet ($3) returned to kismespit
kismespit collected $11.76 from pot
*** SUMMARY ***
Total pot $12 | Rake $0.24
Board [Kh Ac 4d]
Seat 3: kismespit (button) (small blind) collected ($11.76)
Seat 4: Rmk1500 (big blind) folded on the Flop


PokerStars Hand #146947175207:  Hold'em Limit ($3/$6 USD) - 2016/01/12 20:45:50 ET
Table 'Aemilia II' 6-max Seat #3 is the button
Seat 3: kismespit ($65.20 in chips)
Seat 4: Rmk1500 ($222.05 in chips)
kismespit: posts small blind $1
Rmk1500: posts big blind $3
*** HOLE CARDS ***
kismespit: folds
Uncalled bet ($2) returned to Rmk1500
Rmk1500 collected $2 from pot
*** SUMMARY ***
Total pot $2 | Rake $0
Seat 3: kismespit (button) (small blind) folded before Flop
Seat 4: Rmk1500 (big blind) collected ($2)


PokerStars Hand #146947180584:  Hold'em Limit ($3/$6 USD) - 2016/01/12 20:46:00 ET
Table 'Aemilia II' 6-max Seat #3 is the button
Seat 3: kismespit ($61.20 in chips)
Seat 4: Rmk1500 ($226.05 in chips)
kismespit: posts small blind $1
Rmk1500: posts big blind $3
*** HOLE CARDS ***
kismespit: folds
Uncalled bet ($2) returned to Rmk1500
Rmk1500 collected $2 from pot
*** SUMMARY ***
Total pot $2 | Rake $0
Seat 3: kismespit (button) (small blind) folded before Flop
Seat 4: Rmk1500 (big blind) collected ($2)


PokerStars Hand #146947177570:  Hold'em Limit ($3/$6 USD) - 2016/01/12 20:45:54 ET
Table 'Aemilia II' 6-max Seat #4 is the button
Seat 3: kismespit ($64.20 in chips)
Seat 4: Rmk1500 ($223.05 in chips)
Rmk1500: posts small blind $1
kismespit: posts big blind $3
*** HOLE CARDS ***
Rmk1500: raises $3 to $6
kismespit: folds
Uncalled bet ($3) returned to Rmk1500
Rmk1500 collected $6 from pot
*** SUMMARY ***
Total pot $6 | Rake $0
Seat 3: kismespit (big blind) folded before Flop
Seat 4: Rmk1500 (button) (small blind) collected ($6)


PokerStars Hand #146947210206:  Hold'em Limit ($3/$6 USD) - 2016/01/12 20:46:55 ET
Table 'Aemilia II' 6-max Seat #3 is the button
Seat 3: kismespit ($90.46 in chips)
Seat 4: Rmk1500 ($196.05 in chips)
kismespit: posts small blind $1
Rmk1500: posts big blind $3
*** HOLE CARDS ***
kismespit: raises $3 to $6
Rmk1500: folds
Uncalled bet ($3) returned to kismespit
kismespit collected $6 from pot
kismespit: doesn't show hand
*** SUMMARY ***
Total pot $6 | Rake $0
Seat 3: kismespit (button) (small blind) collected ($6)
Seat 4: Rmk1500 (big blind) folded before Flop


PokerStars Hand #146947194935:  Hold'em Limit ($3/$6 USD) - 2016/01/12 20:46:27 ET
Table 'Aemilia II' 6-max Seat #3 is the button
Seat 3: kismespit ($83.70 in chips)
Seat 4: Rmk1500 ($203.05 in chips)
kismespit: posts small blind $1
Rmk1500: posts big blind $3
*** HOLE CARDS ***
kismespit: raises $3 to $6
Rmk1500: calls $3
*** FLOP *** [Kh Ad As]
Rmk1500: checks
kismespit: bets $3
Rmk1500: folds
Uncalled bet ($3) returned to kismespit
kismespit collected $11.76 from pot
*** SUMMARY ***
Total pot $12 | Rake $0.24
Board [Kh Ad As]
Seat 3: kismespit (button) (small blind) collected ($11.76)
Seat 4: Rmk1500 (big blind) folded on the Flop


PokerStars Hand #146947201967:  Hold'em Limit ($3/$6 USD) - 2016/01/12 20:46:39 ET
Table 'Aemilia II' 6-max Seat #4 is the button
Seat 3: kismespit ($89.46 in chips)
Seat 4: Rmk1500 ($197.05 in chips)
Rmk1500: posts small blind $1
kismespit: posts big blind $3
*** HOLE CARDS ***
Rmk1500: raises $3 to $6
kismespit: folds
Uncalled bet ($3) returned to Rmk1500
Rmk1500 collected $6 from pot
*** SUMMARY ***
Total pot $6 | Rake $0
Seat 3: kismespit (big blind) folded before Flop
Seat 4: Rmk1500 (button) (small blind) collected ($6)


PokerStars Hand #146947207546:  Hold'em Limit ($3/$6 USD) - 2016/01/12 20:46:50 ET
Table 'Aemilia II' 6-max Seat #4 is the button
Seat 3: kismespit ($89.46 in chips)
Seat 4: Rmk1500 ($197.05 in chips)
Rmk1500: posts small blind $1
kismespit: posts big blind $3
*** HOLE CARDS ***
Rmk1500: folds
Uncalled bet ($2) returned to kismespit
kismespit collected $2 from pot
*** SUMMARY ***
Total pot $2 | Rake $0
Seat 3: kismespit (big blind) collected ($2)
Seat 4: Rmk1500 (button) (small blind) folded before Flop


PokerStars Hand #146947204458:  Hold'em Limit ($3/$6 USD) - 2016/01/12 20:46:44 ET
Table 'Aemilia II' 6-max Seat #3 is the button
Seat 3: kismespit ($86.46 in chips)
Seat 4: Rmk1500 ($200.05 in chips)
kismespit: posts small blind $1
Rmk1500: posts big blind $3
*** HOLE CARDS ***
kismespit: raises $3 to $6
Rmk1500: folds
Uncalled bet ($3) returned to kismespit
kismespit collected $6 from pot
*** SUMMARY ***
Total pot $6 | Rake $0
Seat 3: kismespit (button) (small blind) collected ($6)
Seat 4: Rmk1500 (big blind) folded before Flop


PokerStars Hand #146947232640:  Hold'em Limit ($3/$6 USD) - 2016/01/12 20:47:38 ET
Table 'Aemilia II' 6-max Seat #4 is the button
Seat 3: kismespit ($112.96 in chips)
Seat 4: Rmk1500 ($173.05 in chips)
Rmk1500: posts small blind $1
kismespit: posts big blind $3
*** HOLE CARDS ***
Rmk1500: raises $3 to $6
kismespit: calls $3
*** FLOP *** [3d Ac 3s]
kismespit: checks
Rmk1500: bets $3
kismespit: calls $3
*** TURN *** [3d Ac 3s] [2c]
kismespit: checks
Rmk1500: checks
*** RIVER *** [3d Ac 3s 2c] [5s]
kismespit: bets $6
Rmk1500: folds
Uncalled bet ($6) returned to kismespit
kismespit collected $17.64 from pot
kismespit: doesn't show hand
*** SUMMARY ***
Total pot $18 | Rake $0.36
Board [3d Ac 3s 2c 5s]
Seat 3: kismespit (big blind) collected ($17.64)
Seat 4: Rmk1500 (button) (small blind) folded on the River


PokerStars Hand #146947243319:  Hold'em Limit ($3/$6 USD) - 2016/01/12 20:47:58 ET
Table 'Aemilia II' 6-max Seat #3 is the button
Seat 3: kismespit ($121.60 in chips)
Seat 4: Rmk1500 ($164.05 in chips)
kismespit: posts small blind $1
Rmk1500: posts big blind $3
*** HOLE CARDS ***
kismespit: folds
Uncalled bet ($2) returned to Rmk1500
Rmk1500 collected $2 from pot
*** SUMMARY ***
Total pot $2 | Rake $0
Seat 3: kismespit (button) (small blind) folded before Flop
Seat 4: Rmk1500 (big blind) collected ($2)


PokerStars Hand #146947230328:  Hold'em Limit ($3/$6 USD) - 2016/01/12 20:47:33 ET
Table 'Aemilia II' 6-max Seat #3 is the button
Seat 3: kismespit ($113.96 in chips)
Seat 4: Rmk1500 ($172.05 in chips)
kismespit: posts small blind $1
Rmk1500: posts big blind $3
*** HOLE CARDS ***
kismespit: folds
Uncalled bet ($2) returned to Rmk1500
Rmk1500 collected $2 from pot
*** SUMMARY ***
Total pot $2 | Rake $0
Seat 3: kismespit (button) (small blind) folded before Flop
Seat 4: Rmk1500 (big blind) collected ($2)


PokerStars Hand #146947213729:  Hold'em Limit ($3/$6 USD) - 2016/01/12 20:47:02 ET
Table 'Aemilia II' 6-max Seat #4 is the button
Seat 3: kismespit ($93.46 in chips)
Seat 4: Rmk1500 ($193.05 in chips)
Rmk1500: posts small blind $1
kismespit: posts big blind $3
*** HOLE CARDS ***
Rmk1500: raises $3 to $6
kismespit: calls $3
*** FLOP *** [5s Qh 8s]
kismespit: checks
Rmk1500: bets $3
kismespit: calls $3
*** TURN *** [5s Qh 8s] [Ts]
kismespit: checks
Rmk1500: bets $6
kismespit: calls $6
*** RIVER *** [5s Qh 8s Ts] [9c]
kismespit: bets $6
Rmk1500: calls $6
*** SHOW DOWN ***
kismespit: shows [Jc Td] (a straight, Eight to Queen)
Rmk1500: mucks hand
kismespit collected $41.50 from pot
*** SUMMARY ***
Total pot $42 | Rake $0.50
Board [5s Qh 8s Ts 9c]
Seat 3: kismespit (big blind) showed [Jc Td] and won ($41.50) with a straight, Eight to Queen
Seat 4: Rmk1500 (button) (small blind) mucked


PokerStars Hand #146947270248:  Hold'em Limit ($3/$6 USD) - 2016/01/12 20:48:50 ET
Table 'Aemilia II' 6-max Seat #4 is the button
Seat 3: kismespit ($143.10 in chips)
Seat 4: Rmk1500 ($141.81 in chips)
Rmk1500: posts small blind $1
kismespit: posts big blind $3
*** HOLE CARDS ***
Rmk1500: raises $3 to $6
kismespit: calls $3
*** FLOP *** [7s 4d 7h]
kismespit: checks
Rmk1500: bets $3
kismespit: calls $3
*** TURN *** [7s 4d 7h] [3c]
kismespit: checks
Rmk1500: checks
*** RIVER *** [7s 4d 7h 3c] [6c]
kismespit: bets $6
Rmk1500: calls $6
*** SHOW DOWN ***
kismespit: shows [2h 2s] (two pair, Sevens and Deuces)
Rmk1500: mucks hand
kismespit collected $29.50 from pot
*** SUMMARY ***
Total pot $30 | Rake $0.50
Board [7s 4d 7h 3c 6c]
Seat 3: kismespit (big blind) showed [2h 2s] and won ($29.50) with two pair, Sevens and Deuces
Seat 4: Rmk1500 (button) (small blind) mucked


PokerStars Hand #146947252005:  Hold'em Limit ($3/$6 USD) - 2016/01/12 20:48:15 ET
Table 'Aemilia II' 6-max Seat #3 is the button
Seat 3: kismespit ($114.60 in chips)
Seat 4: Rmk1500 ($170.81 in chips)
kismespit: posts small blind $1
Rmk1500: posts big blind $3
*** HOLE CARDS ***
kismespit: folds
Uncalled bet ($2) returned to Rmk1500
Rmk1500 collected $2 from pot
*** SUMMARY ***
Total pot $2 | Rake $0
Seat 3: kismespit (button) (small blind) folded before Flop
Seat 4: Rmk1500 (big blind) collected ($2)


PokerStars Hand #146947245723:  Hold'em Limit ($3/$6 USD) - 2016/01/12 20:48:03 ET
Table 'Aemilia II' 6-max Seat #4 is the button
Seat 3: kismespit ($120.60 in chips)
Seat 4: Rmk1500 ($165.05 in chips)
Rmk1500: posts small blind $1
kismespit: posts big blind $3
*** HOLE CARDS ***
Rmk1500: raises $3 to $6
kismespit: calls $3
*** FLOP *** [5d 7h 5s]
kismespit: checks
Rmk1500: bets $3
kismespit: folds
Uncalled bet ($3) returned to Rmk1500
Rmk1500 collected $11.76 from pot
*** SUMMARY ***
Total pot $12 | Rake $0.24
Board [5d 7h 5s]
Seat 3: kismespit (big blind) folded on the Flop
Seat 4: Rmk1500 (button) (small blind) collected ($11.76)


PokerStars Hand #146947265666:  Hold'em Limit ($3/$6 USD) - 2016/01/12 20:48:41 ET
Table 'Aemilia II' 6-max Seat #3 is the button
Seat 3: kismespit ($140.10 in chips)
Seat 4: Rmk1500 ($144.81 in chips)
kismespit: posts small blind $1
Rmk1500: posts big blind $3
*** HOLE CARDS ***
kismespit: raises $3 to $6
Rmk1500: folds
Uncalled bet ($3) returned to kismespit
kismespit collected $6 from pot
*** SUMMARY ***
Total pot $6 | Rake $0
Seat 3: kismespit (button) (small blind) collected ($6)
Seat 4: Rmk1500 (big blind) folded before Flop


PokerStars Hand #146947255089:  Hold'em Limit ($3/$6 USD) - 2016/01/12 20:48:21 ET
Table 'Aemilia II' 6-max Seat #4 is the button
Seat 3: kismespit ($113.60 in chips)
Seat 4: Rmk1500 ($171.81 in chips)
Rmk1500: posts small blind $1
kismespit: posts big blind $3
*** HOLE CARDS ***
Rmk1500: raises $3 to $6
kismespit: calls $3
*** FLOP *** [4s 8s 7c]
kismespit: checks
Rmk1500: bets $3
kismespit: calls $3
*** TURN *** [4s 8s 7c] [Kd]
kismespit: checks
Rmk1500: bets $6
kismespit: raises $6 to $12
Rmk1500: calls $6
*** RIVER *** [4s 8s 7c Kd] [Kh]
kismespit: bets $6
Rmk1500: calls $6
*** SHOW DOWN ***
kismespit: shows [6d 5s] (a straight, Four to Eight)
Rmk1500: mucks hand
kismespit collected $53.50 from pot
*** SUMMARY ***
Total pot $54 | Rake $0.50
Board [4s 8s 7c Kd Kh]
Seat 3: kismespit (big blind) showed [6d 5s] and won ($53.50) with a straight, Four to Eight
Seat 4: Rmk1500 (button) (small blind) mucked


PokerStars Hand #146947287209:  Hold'em Limit ($3/$6 USD) - 2016/01/12 20:49:22 ET
Table 'Aemilia II' 6-max Seat #4 is the button
Seat 3: kismespit ($156.60 in chips)
Seat 4: Rmk1500 ($127.81 in chips)
Rmk1500: posts small blind $1
kismespit: posts big blind $3
*** HOLE CARDS ***
Rmk1500: raises $3 to $6
kismespit: folds
Uncalled bet ($3) returned to Rmk1500
Rmk1500 collected $6 from pot
*** SUMMARY ***
Total pot $6 | Rake $0
Seat 3: kismespit (big blind) folded before Flop
Seat 4: Rmk1500 (button) (small blind) collected ($6)


PokerStars Hand #146947284994:  Hold'em Limit ($3/$6 USD) - 2016/01/12 20:49:18 ET
Table 'Aemilia II' 6-max Seat #3 is the button
Seat 3: kismespit ($157.60 in chips)
Seat 4: Rmk1500 ($126.81 in chips)
kismespit: posts small blind $1
Rmk1500: posts big blind $3
*** HOLE CARDS ***
kismespit: folds
Uncalled bet ($2) returned to Rmk1500
Rmk1500 collected $2 from pot
*** SUMMARY ***
Total pot $2 | Rake $0
Seat 3: kismespit (button) (small blind) folded before Flop
Seat 4: Rmk1500 (big blind) collected ($2)


PokerStars Hand #146947290167:  Hold'em Limit ($3/$6 USD) - 2016/01/12 20:49:28 ET
Table 'Aemilia II' 6-max Seat #3 is the button
Seat 3: kismespit ($153.60 in chips)
Seat 4: Rmk1500 ($130.81 in chips)
kismespit: posts small blind $1
Rmk1500: posts big blind $3
*** HOLE CARDS ***
kismespit: raises $3 to $6
Rmk1500: calls $3
*** FLOP *** [2h Qc 9h]
Rmk1500: checks
kismespit: bets $3
Rmk1500: raises $3 to $6
kismespit: calls $3
*** TURN *** [2h Qc 9h] [3s]
Rmk1500: bets $6
kismespit: calls $6
*** RIVER *** [2h Qc 9h 3s] [4s]
Rmk1500: bets $6
kismespit: calls $6
*** SHOW DOWN ***
Rmk1500: shows [Qd 4h] (two pair, Queens and Fours)
kismespit: mucks hand
Rmk1500 collected $47.50 from pot
*** SUMMARY ***
Total pot $48 | Rake $0.50
Board [2h Qc 9h 3s 4s]
Seat 3: kismespit (button) (small blind) mucked
Seat 4: Rmk1500 (big blind) showed [Qd 4h] and won ($47.50) with two pair, Queens and Fours


PokerStars Hand #146947298607:  Hold'em Limit ($3/$6 USD) - 2016/01/12 20:49:44 ET
Table 'Aemilia II' 6-max Seat #4 is the button
Seat 3: kismespit ($129.60 in chips)
Seat 4: Rmk1500 ($154.31 in chips)
Rmk1500: posts small blind $1
kismespit: posts big blind $3
*** HOLE CARDS ***
Rmk1500: raises $3 to $6
kismespit: calls $3
*** FLOP *** [2d 4s Qh]
kismespit: checks
Rmk1500: bets $3
kismespit: folds
Uncalled bet ($3) returned to Rmk1500
Rmk1500 collected $11.76 from pot
*** SUMMARY ***
Total pot $12 | Rake $0.24
Board [2d 4s Qh]
Seat 3: kismespit (big blind) folded on the Flop
Seat 4: Rmk1500 (button) (small blind) collected ($11.76)


PokerStars Hand #146947332591:  Hold'em Limit ($3/$6 USD) - 2016/01/12 20:50:49 ET
Table 'Aemilia II' 6-max Seat #4 is the button
Seat 3: kismespit ($153.86 in chips)
Seat 4: Rmk1500 ($129.07 in chips)
Rmk1500: posts small blind $1
kismespit: posts big blind $3
*** HOLE CARDS ***
Rmk1500: raises $3 to $6
kismespit: calls $3
*** FLOP *** [2h 6h Jd]
kismespit: checks
Rmk1500: bets $3
kismespit: calls $3
*** TURN *** [2h 6h Jd] [6c]
kismespit: checks
Rmk1500: checks
*** RIVER *** [2h 6h Jd 6c] [6s]
kismespit: bets $6
Rmk1500: folds
Uncalled bet ($6) returned to kismespit
kismespit collected $17.64 from pot
*** SUMMARY ***
Total pot $18 | Rake $0.36
Board [2h 6h Jd 6c 6s]
Seat 3: kismespit (big blind) collected ($17.64)
Seat 4: Rmk1500 (button) (small blind) folded on the River


PokerStars Hand #146947323967:  Hold'em Limit ($3/$6 USD) - 2016/01/12 20:50:32 ET
Table 'Aemilia II' 6-max Seat #3 is the button
Seat 3: kismespit ($148.10 in chips)
Seat 4: Rmk1500 ($135.07 in chips)
kismespit: posts small blind $1
Rmk1500: posts big blind $3
*** HOLE CARDS ***
kismespit: raises $3 to $6
Rmk1500: calls $3
*** FLOP *** [Qc Kh Qd]
Rmk1500: checks
kismespit: checks
*** TURN *** [Qc Kh Qd] [2d]
Rmk1500: checks
kismespit: checks
*** RIVER *** [Qc Kh Qd 2d] [3h]
Rmk1500: checks
kismespit: checks
*** SHOW DOWN ***
Rmk1500: shows [6s Th] (a pair of Queens)
kismespit: shows [Ac 5s] (a pair of Queens - Ace kicker)
kismespit collected $11.76 from pot
*** SUMMARY ***
Total pot $12 | Rake $0.24
Board [Qc Kh Qd 2d 3h]
Seat 3: kismespit (button) (small blind) showed [Ac 5s] and won ($11.76) with a pair of Queens
Seat 4: Rmk1500 (big blind) showed [6s Th] and lost with a pair of Queens


PokerStars Hand #146947319924:  Hold'em Limit ($3/$6 USD) - 2016/01/12 20:50:25 ET
Table 'Aemilia II' 6-max Seat #4 is the button
Seat 3: kismespit ($147.10 in chips)
Seat 4: Rmk1500 ($136.07 in chips)
Rmk1500: posts small blind $1
kismespit: posts big blind $3
*** HOLE CARDS ***
Rmk1500: folds
Uncalled bet ($2) returned to kismespit
kismespit collected $2 from pot
*** SUMMARY ***
Total pot $2 | Rake $0
Seat 3: kismespit (big blind) collected ($2)
Seat 4: Rmk1500 (button) (small blind) folded before Flop


PokerStars Hand #146947304626:  Hold'em Limit ($3/$6 USD) - 2016/01/12 20:49:55 ET
Table 'Aemilia II' 6-max Seat #3 is the button
Seat 3: kismespit ($123.60 in chips)
Seat 4: Rmk1500 ($160.07 in chips)
kismespit: posts small blind $1
Rmk1500: posts big blind $3
*** HOLE CARDS ***
kismespit: calls $2
Rmk1500: checks
*** FLOP *** [9c 6s Ac]
Rmk1500: bets $3
kismespit: calls $3
*** TURN *** [9c 6s Ac] [8d]
Rmk1500: bets $6
kismespit: raises $6 to $12
Rmk1500: calls $6
*** RIVER *** [9c 6s Ac 8d] [Qh]
Rmk1500: checks
kismespit: bets $6
Rmk1500: calls $6
*** SHOW DOWN ***
kismespit: shows [7s 5s] (a straight, Five to Nine)
Rmk1500: mucks hand
kismespit collected $47.50 from pot
*** SUMMARY ***
Total pot $48 | Rake $0.50
Board [9c 6s Ac 8d Qh]
Seat 3: kismespit (button) (small blind) showed [7s 5s] and won ($47.50) with a straight, Five to Nine
Seat 4: Rmk1500 (big blind) mucked


PokerStars Hand #146947351007:  Hold'em Limit ($3/$6 USD) - 2016/01/12 20:51:24 ET
Table 'Aemilia II' 6-max Seat #4 is the button
Seat 3: kismespit ($171.14 in chips)
Seat 4: Rmk1500 ($111.07 in chips)
Rmk1500: posts small blind $1
kismespit: posts big blind $3
*** HOLE CARDS ***
Rmk1500: folds
Uncalled bet ($2) returned to kismespit
kismespit collected $2 from pot
*** SUMMARY ***
Total pot $2 | Rake $0
Seat 3: kismespit (big blind) collected ($2)
Seat 4: Rmk1500 (button) (small blind) folded before Flop


PokerStars Hand #146947342213:  Hold'em Limit ($3/$6 USD) - 2016/01/12 20:51:07 ET
Table 'Aemilia II' 6-max Seat #3 is the button
Seat 3: kismespit ($162.50 in chips)
Seat 4: Rmk1500 ($120.07 in chips)
kismespit: posts small blind $1
Rmk1500: posts big blind $3
*** HOLE CARDS ***
kismespit: raises $3 to $6
Rmk1500: calls $3
*** FLOP *** [Tc 5s 3c]
Rmk1500: checks
kismespit: bets $3
Rmk1500: calls $3
*** TURN *** [Tc 5s 3c] [Jh]
Rmk1500: checks
kismespit: bets $6
Rmk1500: folds
Uncalled bet ($6) returned to kismespit
kismespit collected $17.64 from pot
kismespit: doesn't show hand
*** SUMMARY ***
Total pot $18 | Rake $0.36
Board [Tc 5s 3c Jh]
Seat 3: kismespit (button) (small blind) collected ($17.64)
Seat 4: Rmk1500 (big blind) folded on the Turn


PokerStars Hand #146947359435:  Hold'em Limit ($3/$6 USD) - 2016/01/12 20:51:41 ET
Table 'Aemilia II' 6-max Seat #3 is the button
Seat 3: kismespit ($172.14 in chips)
Seat 4: Rmk1500 ($110.07 in chips)
kismespit: posts small blind $1
Rmk1500: posts big blind $3
*** HOLE CARDS ***
kismespit: raises $3 to $6
Rmk1500: folds
Uncalled bet ($3) returned to kismespit
kismespit collected $6 from pot
kismespit: doesn't show hand
*** SUMMARY ***
Total pot $6 | Rake $0
Seat 3: kismespit (button) (small blind) collected ($6)
Seat 4: Rmk1500 (big blind) folded before Flop


PokerStars Hand #146947356221:  Hold'em Limit ($3/$6 USD) - 2016/01/12 20:51:34 ET
Table 'Aemilia II' 6-max Seat #4 is the button
Seat 3: kismespit ($171.14 in chips)
Seat 4: Rmk1500 ($111.07 in chips)
Rmk1500: posts small blind $1
kismespit: posts big blind $3
*** HOLE CARDS ***
Rmk1500: folds
Uncalled bet ($2) returned to kismespit
kismespit collected $2 from pot
kismespit: doesn't show hand
*** SUMMARY ***
Total pot $2 | Rake $0
Seat 3: kismespit (big blind) collected ($2)
Seat 4: Rmk1500 (button) (small blind) folded before Flop


PokerStars Hand #146947353830:  Hold'em Limit ($3/$6 USD) - 2016/01/12 20:51:30 ET
Table 'Aemilia II' 6-max Seat #3 is the button
Seat 3: kismespit ($172.14 in chips)
Seat 4: Rmk1500 ($110.07 in chips)
kismespit: posts small blind $1
Rmk1500: posts big blind $3
*** HOLE CARDS ***
kismespit: folds
Uncalled bet ($2) returned to Rmk1500
Rmk1500 collected $2 from pot
*** SUMMARY ***
Total pot $2 | Rake $0
Seat 3: kismespit (button) (small blind) folded before Flop
Seat 4: Rmk1500 (big blind) collected ($2)


PokerStars Hand #146947364515:  Hold'em Limit ($3/$6 USD) - 2016/01/12 20:51:51 ET
Table 'Aemilia II' 6-max Seat #4 is the button
Seat 3: kismespit ($175.14 in chips)
Seat 4: Rmk1500 ($107.07 in chips)
Rmk1500: posts small blind $1
kismespit: posts big blind $3
*** HOLE CARDS ***
Rmk1500: raises $3 to $6
kismespit: raises $3 to $9
Rmk1500: calls $3
*** FLOP *** [5s 9h 4c]
kismespit: bets $3
Rmk1500: calls $3
*** TURN *** [5s 9h 4c] [6h]
kismespit: bets $6
Rmk1500: raises $6 to $12
kismespit: folds
Uncalled bet ($6) returned to Rmk1500
Rmk1500 collected $35.50 from pot
*** SUMMARY ***
Total pot $36 | Rake $0.50
Board [5s 9h 4c 6h]
Seat 3: kismespit (big blind) folded on the Turn
Seat 4: Rmk1500 (button) (small blind) collected ($35.50)


PokerStars Hand #146947392765:  Hold'em Limit ($3/$6 USD) - 2016/01/12 20:52:45 ET
Table 'Aemilia II' 6-max Seat #3 is the button
Seat 3: kismespit ($141.78 in chips)
Seat 4: Rmk1500 ($139.07 in chips)
kismespit: posts small blind $1
Rmk1500: posts big blind $3
*** HOLE CARDS ***
kismespit: folds
Uncalled bet ($2) returned to Rmk1500
Rmk1500 collected $2 from pot
*** SUMMARY ***
Total pot $2 | Rake $0
Seat 3: kismespit (button) (small blind) folded before Flop
Seat 4: Rmk1500 (big blind) collected ($2)


PokerStars Hand #146947387458:  Hold'em Limit ($3/$6 USD) - 2016/01/12 20:52:35 ET
Table 'Aemilia II' 6-max Seat #4 is the button
Seat 3: kismespit ($133.14 in chips)
Seat 4: Rmk1500 ($148.07 in chips)
Rmk1500: posts small blind $1
kismespit: posts big blind $3
*** HOLE CARDS ***
Rmk1500: raises $3 to $6
kismespit: raises $3 to $9
Rmk1500: calls $3
*** FLOP *** [Ah 7s 5s]
kismespit: bets $3
Rmk1500: folds
Uncalled bet ($3) returned to kismespit
kismespit collected $17.64 from pot
*** SUMMARY ***
Total pot $18 | Rake $0.36
Board [Ah 7s 5s]
Seat 3: kismespit (big blind) collected ($17.64)
Seat 4: Rmk1500 (button) (small blind) folded on the Flop


PokerStars Hand #146947376965:  Hold'em Limit ($3/$6 USD) - 2016/01/12 20:52:15 ET
Table 'Aemilia II' 6-max Seat #3 is the button
Seat 3: kismespit ($157.14 in chips)
Seat 4: Rmk1500 ($124.57 in chips)
kismespit: posts small blind $1
Rmk1500: posts big blind $3
*** HOLE CARDS ***
kismespit: raises $3 to $6
Rmk1500: calls $3
*** FLOP *** [5h 4c 3c]
Rmk1500: checks
kismespit: checks
*** TURN *** [5h 4c 3c] [Qd]
Rmk1500: checks
kismespit: bets $6
Rmk1500: raises $6 to $12
kismespit: calls $6
*** RIVER *** [5h 4c 3c Qd] [2s]
Rmk1500: bets $6
kismespit: calls $6
*** SHOW DOWN ***
Rmk1500: shows [Ac 2c] (a straight, Ace to Five)
kismespit: mucks hand
Rmk1500 collected $47.50 from pot
*** SUMMARY ***
Total pot $48 | Rake $0.50
Board [5h 4c 3c Qd 2s]
Seat 3: kismespit (button) (small blind) mucked
Seat 4: Rmk1500 (big blind) showed [Ac 2c] and won ($47.50) with a straight, Ace to Five


PokerStars Hand #146947394866:  Hold'em Limit ($3/$6 USD) - 2016/01/12 20:52:50 ET
Table 'Aemilia II' 6-max Seat #4 is the button
Seat 3: kismespit ($140.78 in chips)
Seat 4: Rmk1500 ($140.07 in chips)
Rmk1500: posts small blind $1
kismespit: posts big blind $3
*** HOLE CARDS ***
Rmk1500: raises $3 to $6
kismespit: calls $3
*** FLOP *** [Jd 4d 8s]
kismespit: checks
Rmk1500: bets $3
kismespit: calls $3
*** TURN *** [Jd 4d 8s] [3c]
kismespit: checks
Rmk1500: checks
*** RIVER *** [Jd 4d 8s 3c] [5s]
kismespit: checks
Rmk1500: checks
*** SHOW DOWN ***
kismespit: shows [Qd Tc] (high card Queen)
Rmk1500: shows [2h Kh] (high card King)
Rmk1500 collected $17.64 from pot
*** SUMMARY ***
Total pot $18 | Rake $0.36
Board [Jd 4d 8s 3c 5s]
Seat 3: kismespit (big blind) showed [Qd Tc] and lost with high card Queen
Seat 4: Rmk1500 (button) (small blind) showed [2h Kh] and won ($17.64) with high card King


PokerStars Hand #146947435325:  Hold'em Limit ($3/$6 USD) - 2016/01/12 20:54:09 ET
Table 'Aemilia II' 6-max Seat #3 is the button
Seat 3: kismespit ($112.28 in chips)
Seat 4: Rmk1500 ($166.97 in chips)
kismespit: posts small blind $1
Rmk1500: posts big blind $3
*** HOLE CARDS ***
kismespit: folds
Uncalled bet ($2) returned to Rmk1500
Rmk1500 collected $2 from pot
*** SUMMARY ***
Total pot $2 | Rake $0
Seat 3: kismespit (button) (small blind) folded before Flop
Seat 4: Rmk1500 (big blind) collected ($2)


PokerStars Hand #146947430606:  Hold'em Limit ($3/$6 USD) - 2016/01/12 20:53:59 ET
Table 'Aemilia II' 6-max Seat #4 is the button
Seat 3: kismespit ($118.28 in chips)
Seat 4: Rmk1500 ($161.21 in chips)
Rmk1500: posts small blind $1
kismespit: posts big blind $3
*** HOLE CARDS ***
Rmk1500: raises $3 to $6
kismespit: calls $3
*** FLOP *** [5s Ad 4d]
kismespit: checks
Rmk1500: bets $3
kismespit: folds
Uncalled bet ($3) returned to Rmk1500
Rmk1500 collected $11.76 from pot
*** SUMMARY ***
Total pot $12 | Rake $0.24
Board [5s Ad 4d]
Seat 3: kismespit (big blind) folded on the Flop
Seat 4: Rmk1500 (button) (small blind) collected ($11.76)


PokerStars Hand #146947421332:  Hold'em Limit ($3/$6 USD) - 2016/01/12 20:53:41 ET
Table 'Aemilia II' 6-max Seat #3 is the button
Seat 3: kismespit ($97.78 in chips)
Seat 4: Rmk1500 ($182.21 in chips)
kismespit: posts small blind $1
Rmk1500: posts big blind $3
*** HOLE CARDS ***
kismespit: raises $3 to $6
Rmk1500: calls $3
*** FLOP *** [4d 5s 6d]
Rmk1500: checks
kismespit: bets $3
Rmk1500: raises $3 to $6
kismespit: raises $3 to $9
Rmk1500: calls $3
*** TURN *** [4d 5s 6d] [As]
Rmk1500: checks
kismespit: bets $6
Rmk1500: calls $6
*** RIVER *** [4d 5s 6d As] [3d]
Rmk1500: checks
kismespit: checks
*** SHOW DOWN ***
Rmk1500: shows [Kh 6c] (a pair of Sixes)
kismespit: shows [Ah 9s] (a pair of Aces)
kismespit collected $41.50 from pot
*** SUMMARY ***
Total pot $42 | Rake $0.50
Board [4d 5s 6d As 3d]
Seat 3: kismespit (button) (small blind) showed [Ah 9s] and won ($41.50) with a pair of Aces
Seat 4: Rmk1500 (big blind) showed [Kh 6c] and lost with a pair of Sixes


PokerStars Hand #146947417943:  Hold'em Limit ($3/$6 USD) - 2016/01/12 20:53:34 ET
Table 'Aemilia II' 6-max Seat #4 is the button
Seat 3: kismespit ($100.78 in chips)
Seat 4: Rmk1500 ($179.21 in chips)
Rmk1500: posts small blind $1
kismespit: posts big blind $3
*** HOLE CARDS ***
Rmk1500: raises $3 to $6
kismespit: folds
Uncalled bet ($3) returned to Rmk1500
Rmk1500 collected $6 from pot
*** SUMMARY ***
Total pot $6 | Rake $0
Seat 3: kismespit (big blind) folded before Flop
Seat 4: Rmk1500 (button) (small blind) collected ($6)


PokerStars Hand #146947415577:  Hold'em Limit ($3/$6 USD) - 2016/01/12 20:53:30 ET
Table 'Aemilia II' 6-max Seat #3 is the button
Seat 3: kismespit ($101.78 in chips)
Seat 4: Rmk1500 ($178.21 in chips)
kismespit: posts small blind $1
Rmk1500: posts big blind $3
*** HOLE CARDS ***
kismespit: folds
Uncalled bet ($2) returned to Rmk1500
Rmk1500 collected $2 from pot
*** SUMMARY ***
Total pot $2 | Rake $0
Seat 3: kismespit (button) (small blind) folded before Flop
Seat 4: Rmk1500 (big blind) collected ($2)


PokerStars Hand #146947412103:  Hold'em Limit ($3/$6 USD) - 2016/01/12 20:53:23 ET
Table 'Aemilia II' 6-max Seat #4 is the button
Seat 3: kismespit ($104.78 in chips)
Seat 4: Rmk1500 ($175.21 in chips)
Rmk1500: posts small blind $1
kismespit: posts big blind $3
*** HOLE CARDS ***
Rmk1500: raises $3 to $6
kismespit: folds
Uncalled bet ($3) returned to Rmk1500
Rmk1500 collected $6 from pot
*** SUMMARY ***
Total pot $6 | Rake $0
Seat 3: kismespit (big blind) folded before Flop
Seat 4: Rmk1500 (button) (small blind) collected ($6)


PokerStars Hand #146947402870:  Hold'em Limit ($3/$6 USD) - 2016/01/12 20:53:05 ET
Table 'Aemilia II' 6-max Seat #3 is the button
Seat 3: kismespit ($131.78 in chips)
Seat 4: Rmk1500 ($148.71 in chips)
kismespit: posts small blind $1
Rmk1500: posts big blind $3
*** HOLE CARDS ***
kismespit: raises $3 to $6
Rmk1500: calls $3
*** FLOP *** [Tc 4c 7c]
Rmk1500: checks
kismespit: bets $3
Rmk1500: calls $3
*** TURN *** [Tc 4c 7c] [3h]
Rmk1500: checks
kismespit: bets $6
Rmk1500: raises $6 to $12
kismespit: calls $6
*** RIVER *** [Tc 4c 7c 3h] [9h]
Rmk1500: bets $6
kismespit: calls $6
*** SHOW DOWN ***
Rmk1500: shows [6c 2c] (a flush, Ten high)
kismespit: mucks hand
Rmk1500 collected $53.50 from pot
*** SUMMARY ***
Total pot $54 | Rake $0.50
Board [Tc 4c 7c 3h 9h]
Seat 3: kismespit (button) (small blind) mucked
Seat 4: Rmk1500 (big blind) showed [6c 2c] and won ($53.50) with a flush, Ten high


PokerStars Hand #146947437609:  Hold'em Limit ($3/$6 USD) - 2016/01/12 20:54:13 ET
Table 'Aemilia II' 6-max Seat #4 is the button
Seat 3: kismespit ($111.28 in chips)
Seat 4: Rmk1500 ($167.97 in chips)
Rmk1500: posts small blind $1
kismespit: posts big blind $3
*** HOLE CARDS ***
Rmk1500: raises $3 to $6
kismespit: calls $3
*** FLOP *** [6c 6s Qh]
kismespit: checks
Rmk1500: bets $3
kismespit: calls $3
*** TURN *** [6c 6s Qh] [Qc]
kismespit: checks
Rmk1500: checks
*** RIVER *** [6c 6s Qh Qc] [6d]
kismespit: checks
Rmk1500: checks
*** SHOW DOWN ***
kismespit: shows [Ks 2s] (a full house, Sixes full of Queens)
Rmk1500: shows [3c Js] (a full house, Sixes full of Queens)
kismespit collected $8.82 from pot
Rmk1500 collected $8.82 from pot
*** SUMMARY ***
Total pot $18 | Rake $0.36
Board [6c 6s Qh Qc 6d]
Seat 3: kismespit (big blind) showed [Ks 2s] and won ($8.82) with a full house, Sixes full of Queens
Seat 4: Rmk1500 (button) (small blind) showed [3c Js] and won ($8.82) with a full house, Sixes full of Queens


PokerStars Hand #146947459785:  Hold'em Limit ($3/$6 USD) - 2016/01/12 20:54:57 ET
Table 'Aemilia II' 6-max Seat #4 is the button
Seat 3: kismespit ($103.10 in chips)
Seat 4: Rmk1500 ($175.55 in chips)
Rmk1500: posts small blind $1
kismespit: posts big blind $3
*** HOLE CARDS ***
Rmk1500: raises $3 to $6
kismespit: raises $3 to $9
Rmk1500: calls $3
*** FLOP *** [9s 4c 8h]
kismespit: bets $3
Rmk1500: calls $3
*** TURN *** [9s 4c 8h] [As]
kismespit: bets $6
Rmk1500: calls $6
*** RIVER *** [9s 4c 8h As] [Qs]
kismespit: bets $6
Rmk1500: calls $6
*** SHOW DOWN ***
kismespit: shows [Jh Js] (a pair of Jacks)
Rmk1500: mucks hand
kismespit collected $47.50 from pot
*** SUMMARY ***
Total pot $48 | Rake $0.50
Board [9s 4c 8h As Qs]
Seat 3: kismespit (big blind) showed [Jh Js] and won ($47.50) with a pair of Jacks
Seat 4: Rmk1500 (button) (small blind) mucked


PokerStars Hand #146947457541:  Hold'em Limit ($3/$6 USD) - 2016/01/12 20:54:52 ET
Table 'Aemilia II' 6-max Seat #3 is the button
Seat 3: kismespit ($104.10 in chips)
Seat 4: Rmk1500 ($174.55 in chips)
kismespit: posts small blind $1
Rmk1500: posts big blind $3
*** HOLE CARDS ***
kismespit: folds
Uncalled bet ($2) returned to Rmk1500
Rmk1500 collected $2 from pot
*** SUMMARY ***
Total pot $2 | Rake $0
Seat 3: kismespit (button) (small blind) folded before Flop
Seat 4: Rmk1500 (big blind) collected ($2)


PokerStars Hand #146947452956:  Hold'em Limit ($3/$6 USD) - 2016/01/12 20:54:43 ET
Table 'Aemilia II' 6-max Seat #4 is the button
Seat 3: kismespit ($110.10 in chips)
Seat 4: Rmk1500 ($168.79 in chips)
Rmk1500: posts small blind $1
kismespit: posts big blind $3
*** HOLE CARDS ***
Rmk1500: raises $3 to $6
kismespit: calls $3
*** FLOP *** [4h 2d Jd]
kismespit: checks
Rmk1500: bets $3
kismespit: folds
Uncalled bet ($3) returned to Rmk1500
Rmk1500 collected $11.76 from pot
*** SUMMARY ***
Total pot $12 | Rake $0.24
Board [4h 2d Jd]
Seat 3: kismespit (big blind) folded on the Flop
Seat 4: Rmk1500 (button) (small blind) collected ($11.76)


PokerStars Hand #146947450742:  Hold'em Limit ($3/$6 USD) - 2016/01/12 20:54:39 ET
Table 'Aemilia II' 6-max Seat #3 is the button
Seat 3: kismespit ($111.10 in chips)
Seat 4: Rmk1500 ($167.79 in chips)
kismespit: posts small blind $1
Rmk1500: posts big blind $3
*** HOLE CARDS ***
kismespit: folds
Uncalled bet ($2) returned to Rmk1500
Rmk1500 collected $2 from pot
*** SUMMARY ***
Total pot $2 | Rake $0
Seat 3: kismespit (button) (small blind) folded before Flop
Seat 4: Rmk1500 (big blind) collected ($2)


PokerStars Hand #146947448201:  Hold'em Limit ($3/$6 USD) - 2016/01/12 20:54:34 ET
Table 'Aemilia II' 6-max Seat #4 is the button
Seat 3: kismespit ($110.10 in chips)
Seat 4: Rmk1500 ($168.79 in chips)
Rmk1500: posts small blind $1
kismespit: posts big blind $3
*** HOLE CARDS ***
Rmk1500: folds
Uncalled bet ($2) returned to kismespit
kismespit collected $2 from pot
*** SUMMARY ***
Total pot $2 | Rake $0
Seat 3: kismespit (big blind) collected ($2)
Seat 4: Rmk1500 (button) (small blind) folded before Flop


PokerStars Hand #146947446142:  Hold'em Limit ($3/$6 USD) - 2016/01/12 20:54:30 ET
Table 'Aemilia II' 6-max Seat #3 is the button
Seat 3: kismespit ($111.10 in chips)
Seat 4: Rmk1500 ($167.79 in chips)
kismespit: posts small blind $1
Rmk1500: posts big blind $3
*** HOLE CARDS ***
kismespit: folds
Uncalled bet ($2) returned to Rmk1500
Rmk1500 collected $2 from pot
*** SUMMARY ***
Total pot $2 | Rake $0
Seat 3: kismespit (button) (small blind) folded before Flop
Seat 4: Rmk1500 (big blind) collected ($2)


PokerStars Hand #146947490614:  Hold'em Limit ($3/$6 USD) - 2016/01/12 20:56:06 ET
Table 'Aemilia II' 6-max Seat #4 is the button
Seat 3: kismespit ($78.60 in chips)
Seat 4: Rmk1500 ($198.09 in chips)
Rmk1500: posts small blind $1
kismespit: posts big blind $3
*** HOLE CARDS ***
Rmk1500: raises $3 to $6
kismespit: calls $3
*** FLOP *** [2h 9c 5h]
kismespit: checks
Rmk1500: bets $3
kismespit: folds
Uncalled bet ($3) returned to Rmk1500
Rmk1500 collected $11.76 from pot
*** SUMMARY ***
Total pot $12 | Rake $0.24
Board [2h 9c 5h]
Seat 3: kismespit (big blind) folded on the Flop
Seat 4: Rmk1500 (button) (small blind) collected ($11.76)


PokerStars Hand #146947485377:  Hold'em Limit ($3/$6 USD) - 2016/01/12 20:55:54 ET
Table 'Aemilia II' 6-max Seat #3 is the button
Seat 3: kismespit ($90.60 in chips)
Seat 4: Rmk1500 ($186.57 in chips)
kismespit: posts small blind $1
Rmk1500: posts big blind $3
*** HOLE CARDS ***
kismespit: raises $3 to $6
Rmk1500: calls $3
*** FLOP *** [2c 9d 3s]
Rmk1500: checks
kismespit: checks
*** TURN *** [2c 9d 3s] [8d]
Rmk1500: bets $6
kismespit: calls $6
*** RIVER *** [2c 9d 3s 8d] [5h]
Rmk1500: bets $6
kismespit: folds
Uncalled bet ($6) returned to Rmk1500
Rmk1500 collected $23.52 from pot
*** SUMMARY ***
Total pot $24 | Rake $0.48
Board [2c 9d 3s 8d 5h]
Seat 3: kismespit (button) (small blind) folded on the River
Seat 4: Rmk1500 (big blind) collected ($23.52)


PokerStars Hand #146947482981:  Hold'em Limit ($3/$6 USD) - 2016/01/12 20:55:49 ET
Table 'Aemilia II' 6-max Seat #4 is the button
Seat 3: kismespit ($89.60 in chips)
Seat 4: Rmk1500 ($187.57 in chips)
Rmk1500: posts small blind $1
kismespit: posts big blind $3
*** HOLE CARDS ***
Rmk1500: folds
Uncalled bet ($2) returned to kismespit
kismespit collected $2 from pot
kismespit: doesn't show hand
*** SUMMARY ***
Total pot $2 | Rake $0
Seat 3: kismespit (big blind) collected ($2)
Seat 4: Rmk1500 (button) (small blind) folded before Flop


PokerStars Hand #146947480937:  Hold'em Limit ($3/$6 USD) - 2016/01/12 20:55:44 ET
Table 'Aemilia II' 6-max Seat #3 is the button
Seat 3: kismespit ($90.60 in chips)
Seat 4: Rmk1500 ($186.57 in chips)
kismespit: posts small blind $1
Rmk1500: posts big blind $3
*** HOLE CARDS ***
kismespit: folds
Uncalled bet ($2) returned to Rmk1500
Rmk1500 collected $2 from pot
*** SUMMARY ***
Total pot $2 | Rake $0
Seat 3: kismespit (button) (small blind) folded before Flop
Seat 4: Rmk1500 (big blind) collected ($2)


PokerStars Hand #146947474200:  Hold'em Limit ($3/$6 USD) - 2016/01/12 20:55:28 ET
Table 'Aemilia II' 6-max Seat #4 is the button
Seat 3: kismespit ($114.60 in chips)
Seat 4: Rmk1500 ($163.07 in chips)
Rmk1500: posts small blind $1
kismespit: posts big blind $3
*** HOLE CARDS ***
Rmk1500: raises $3 to $6
kismespit: raises $3 to $9
Rmk1500: calls $3
*** FLOP *** [8d 3h Th]
kismespit: bets $3
Rmk1500: calls $3
*** TURN *** [8d 3h Th] [6h]
kismespit: bets $6
Rmk1500: calls $6
*** RIVER *** [8d 3h Th 6h] [2h]
kismespit: bets $6
Rmk1500: calls $6
*** SHOW DOWN ***
kismespit: shows [5d 5s] (a pair of Fives)
Rmk1500: shows [8s 2s] (two pair, Eights and Deuces)
Rmk1500 collected $47.50 from pot
*** SUMMARY ***
Total pot $48 | Rake $0.50
Board [8d 3h Th 6h 2h]
Seat 3: kismespit (big blind) showed [5d 5s] and lost with a pair of Fives
Seat 4: Rmk1500 (button) (small blind) showed [8s 2s] and won ($47.50) with two pair, Eights and Deuces


PokerStars Hand #146947468165:  Hold'em Limit ($3/$6 USD) - 2016/01/12 20:55:14 ET
Table 'Aemilia II' 6-max Seat #3 is the button
Seat 3: kismespit ($126.60 in chips)
Seat 4: Rmk1500 ($151.55 in chips)
kismespit: posts small blind $1
Rmk1500: posts big blind $3
*** HOLE CARDS ***
kismespit: raises $3 to $6
Rmk1500: calls $3
*** FLOP *** [Qc 8d 6h]
Rmk1500: checks
kismespit: checks
*** TURN *** [Qc 8d 6h] [9s]
Rmk1500: bets $6
kismespit: calls $6
*** RIVER *** [Qc 8d 6h 9s] [Kh]
Rmk1500: bets $6
kismespit: folds
Uncalled bet ($6) returned to Rmk1500
Rmk1500 collected $23.52 from pot
*** SUMMARY ***
Total pot $24 | Rake $0.48
Board [Qc 8d 6h 9s Kh]
Seat 3: kismespit (button) (small blind) folded on the River
Seat 4: Rmk1500 (big blind) collected ($23.52)


PokerStars Hand #146947518385:  Hold'em Limit ($3/$6 USD) - 2016/01/12 20:57:11 ET
Table 'Aemilia II' 6-max Seat #4 is the button
Seat 3: kismespit ($78.36 in chips)
Seat 4: Rmk1500 ($197.85 in chips)
Rmk1500: posts small blind $1
kismespit: posts big blind $3
*** HOLE CARDS ***
Rmk1500: raises $3 to $6
kismespit: calls $3
*** FLOP *** [5c Ad Js]
kismespit: checks
Rmk1500: bets $3
kismespit: folds
Uncalled bet ($3) returned to Rmk1500
Rmk1500 collected $11.76 from pot
*** SUMMARY ***
Total pot $12 | Rake $0.24
Board [5c Ad Js]
Seat 3: kismespit (big blind) folded on the Flop
Seat 4: Rmk1500 (button) (small blind) collected ($11.76)


PokerStars Hand #146947516364:  Hold'em Limit ($3/$6 USD) - 2016/01/12 20:57:06 ET
Table 'Aemilia II' 6-max Seat #3 is the button
Seat 3: kismespit ($79.36 in chips)
Seat 4: Rmk1500 ($196.85 in chips)
kismespit: posts small blind $1
Rmk1500: posts big blind $3
*** HOLE CARDS ***
kismespit: folds
Uncalled bet ($2) returned to Rmk1500
Rmk1500 collected $2 from pot
*** SUMMARY ***
Total pot $2 | Rake $0
Seat 3: kismespit (button) (small blind) folded before Flop
Seat 4: Rmk1500 (big blind) collected ($2)


PokerStars Hand #146947514031:  Hold'em Limit ($3/$6 USD) - 2016/01/12 20:57:01 ET
Table 'Aemilia II' 6-max Seat #4 is the button
Seat 3: kismespit ($78.36 in chips)
Seat 4: Rmk1500 ($197.85 in chips)
Rmk1500: posts small blind $1
kismespit: posts big blind $3
*** HOLE CARDS ***
Rmk1500: folds
Uncalled bet ($2) returned to kismespit
kismespit collected $2 from pot
kismespit: doesn't show hand
*** SUMMARY ***
Total pot $2 | Rake $0
Seat 3: kismespit (big blind) collected ($2)
Seat 4: Rmk1500 (button) (small blind) folded before Flop


PokerStars Hand #146947511953:  Hold'em Limit ($3/$6 USD) - 2016/01/12 20:56:56 ET
Table 'Aemilia II' 6-max Seat #3 is the button
Seat 3: kismespit ($79.36 in chips)
Seat 4: Rmk1500 ($196.85 in chips)
kismespit: posts small blind $1
Rmk1500: posts big blind $3
*** HOLE CARDS ***
kismespit: folds
Uncalled bet ($2) returned to Rmk1500
Rmk1500 collected $2 from pot
*** SUMMARY ***
Total pot $2 | Rake $0
Seat 3: kismespit (button) (small blind) folded before Flop
Seat 4: Rmk1500 (big blind) collected ($2)


PokerStars Hand #146947509203:  Hold'em Limit ($3/$6 USD) - 2016/01/12 20:56:50 ET
Table 'Aemilia II' 6-max Seat #4 is the button
Seat 3: kismespit ($82.36 in chips)
Seat 4: Rmk1500 ($193.85 in chips)
Rmk1500: posts small blind $1
kismespit: posts big blind $3
*** HOLE CARDS ***
Rmk1500: raises $3 to $6
kismespit: folds
Uncalled bet ($3) returned to Rmk1500
Rmk1500 collected $6 from pot
*** SUMMARY ***
Total pot $6 | Rake $0
Seat 3: kismespit (big blind) folded before Flop
Seat 4: Rmk1500 (button) (small blind) collected ($6)


PokerStars Hand #146947506610:  Hold'em Limit ($3/$6 USD) - 2016/01/12 20:56:44 ET
Table 'Aemilia II' 6-max Seat #3 is the button
Seat 3: kismespit ($79.36 in chips)
Seat 4: Rmk1500 ($196.85 in chips)
kismespit: posts small blind $1
Rmk1500: posts big blind $3
*** HOLE CARDS ***
kismespit: raises $3 to $6
Rmk1500: folds
Uncalled bet ($3) returned to kismespit
kismespit collected $6 from pot
kismespit: doesn't show hand
*** SUMMARY ***
Total pot $6 | Rake $0
Seat 3: kismespit (button) (small blind) collected ($6)
Seat 4: Rmk1500 (big blind) folded before Flop


PokerStars Hand #146947504427:  Hold'em Limit ($3/$6 USD) - 2016/01/12 20:56:39 ET
Table 'Aemilia II' 6-max Seat #4 is the button
Seat 3: kismespit ($78.36 in chips)
Seat 4: Rmk1500 ($197.85 in chips)
Rmk1500: posts small blind $1
kismespit: posts big blind $3
*** HOLE CARDS ***
Rmk1500: folds
Uncalled bet ($2) returned to kismespit
kismespit collected $2 from pot
kismespit: doesn't show hand
*** SUMMARY ***
Total pot $2 | Rake $0
Seat 3: kismespit (big blind) collected ($2)
Seat 4: Rmk1500 (button) (small blind) folded before Flop


PokerStars Hand #146947495243:  Hold'em Limit ($3/$6 USD) - 2016/01/12 20:56:17 ET
Table 'Aemilia II' 6-max Seat #3 is the button
Seat 3: kismespit ($72.60 in chips)
Seat 4: Rmk1500 ($203.85 in chips)
kismespit: posts small blind $1
Rmk1500: posts big blind $3
*** HOLE CARDS ***
kismespit: raises $3 to $6
Rmk1500: calls $3
*** FLOP *** [8s 3d 3c]
Rmk1500: checks
kismespit: bets $3
Rmk1500: folds
Uncalled bet ($3) returned to kismespit
kismespit collected $11.76 from pot
*** SUMMARY ***
Total pot $12 | Rake $0.24
Board [8s 3d 3c]
Seat 3: kismespit (button) (small blind) collected ($11.76)
Seat 4: Rmk1500 (big blind) folded on the Flop


PokerStars Hand #146947552553:  Hold'em Limit ($3/$6 USD) - 2016/01/12 20:58:17 ET
Table 'Aemilia II' 6-max Seat #4 is the button
Seat 3: kismespit ($83 in chips)
Seat 4: Rmk1500 ($192.61 in chips)
Rmk1500: posts small blind $1
kismespit: posts big blind $3
*** HOLE CARDS ***
Rmk1500: raises $3 to $6
kismespit: folds
Uncalled bet ($3) returned to Rmk1500
Rmk1500 collected $6 from pot
*** SUMMARY ***
Total pot $6 | Rake $0
Seat 3: kismespit (big blind) folded before Flop
Seat 4: Rmk1500 (button) (small blind) collected ($6)


PokerStars Hand #146947547665:  Hold'em Limit ($3/$6 USD) - 2016/01/12 20:58:10 ET
Table 'Aemilia II' 6-max Seat #3 is the button
Seat 3: kismespit ($80 in chips)
Seat 4: Rmk1500 ($195.61 in chips)
kismespit: posts small blind $1
Rmk1500: posts big blind $3
*** HOLE CARDS ***
kismespit: raises $3 to $6
Rmk1500: folds
Uncalled bet ($3) returned to kismespit
kismespit collected $6 from pot
kismespit: doesn't show hand
*** SUMMARY ***
Total pot $6 | Rake $0
Seat 3: kismespit (button) (small blind) collected ($6)
Seat 4: Rmk1500 (big blind) folded before Flop


PokerStars Hand #146947532728:  Hold'em Limit ($3/$6 USD) - 2016/01/12 20:57:44 ET
Table 'Aemilia II' 6-max Seat #4 is the button
Seat 3: kismespit ($71.36 in chips)
Seat 4: Rmk1500 ($204.61 in chips)
Rmk1500: posts small blind $1
kismespit: posts big blind $3
*** HOLE CARDS ***
Rmk1500: raises $3 to $6
kismespit: calls $3
*** FLOP *** [Jd 8d 7d]
kismespit: checks
Rmk1500: bets $3
kismespit: raises $3 to $6
Rmk1500: folds
Uncalled bet ($3) returned to kismespit
kismespit collected $17.64 from pot
*** SUMMARY ***
Total pot $18 | Rake $0.36
Board [Jd 8d 7d]
Seat 3: kismespit (big blind) collected ($17.64)
Seat 4: Rmk1500 (button) (small blind) folded on the Flop


PokerStars Hand #146947530711:  Hold'em Limit ($3/$6 USD) - 2016/01/12 20:57:39 ET
Table 'Aemilia II' 6-max Seat #3 is the button
Seat 3: kismespit ($72.36 in chips)
Seat 4: Rmk1500 ($203.61 in chips)
kismespit: posts small blind $1
Rmk1500: posts big blind $3
*** HOLE CARDS ***
kismespit: folds
Uncalled bet ($2) returned to Rmk1500
Rmk1500 collected $2 from pot
*** SUMMARY ***
Total pot $2 | Rake $0
Seat 3: kismespit (button) (small blind) folded before Flop
Seat 4: Rmk1500 (big blind) collected ($2)


PokerStars Hand #146947528692:  Hold'em Limit ($3/$6 USD) - 2016/01/12 20:57:35 ET
Table 'Aemilia II' 6-max Seat #4 is the button
Seat 3: kismespit ($71.36 in chips)
Seat 4: Rmk1500 ($204.61 in chips)
Rmk1500: posts small blind $1
kismespit: posts big blind $3
*** HOLE CARDS ***
Rmk1500: folds
Uncalled bet ($2) returned to kismespit
kismespit collected $2 from pot
kismespit: doesn't show hand
*** SUMMARY ***
Total pot $2 | Rake $0
Seat 3: kismespit (big blind) collected ($2)
Seat 4: Rmk1500 (button) (small blind) folded before Flop


PokerStars Hand #146947526780:  Hold'em Limit ($3/$6 USD) - 2016/01/12 20:57:30 ET
Table 'Aemilia II' 6-max Seat #3 is the button
Seat 3: kismespit ($72.36 in chips)
Seat 4: Rmk1500 ($203.61 in chips)
kismespit: posts small blind $1
Rmk1500: posts big blind $3
*** HOLE CARDS ***
kismespit: folds
Uncalled bet ($2) returned to Rmk1500
Rmk1500 collected $2 from pot
*** SUMMARY ***
Total pot $2 | Rake $0
Seat 3: kismespit (button) (small blind) folded before Flop
Seat 4: Rmk1500 (big blind) collected ($2)


PokerStars Hand #146947523900:  Hold'em Limit ($3/$6 USD) - 2016/01/12 20:57:24 ET
Table 'Aemilia II' 6-max Seat #4 is the button
Seat 3: kismespit ($71.36 in chips)
Seat 4: Rmk1500 ($204.61 in chips)
Rmk1500: posts small blind $1
kismespit: posts big blind $3
*** HOLE CARDS ***
Rmk1500: folds
Uncalled bet ($2) returned to kismespit
kismespit collected $2 from pot
*** SUMMARY ***
Total pot $2 | Rake $0
Seat 3: kismespit (big blind) collected ($2)
Seat 4: Rmk1500 (button) (small blind) folded before Flop


PokerStars Hand #146947521943:  Hold'em Limit ($3/$6 USD) - 2016/01/12 20:57:19 ET
Table 'Aemilia II' 6-max Seat #3 is the button
Seat 3: kismespit ($72.36 in chips)
Seat 4: Rmk1500 ($203.61 in chips)
kismespit: posts small blind $1
Rmk1500: posts big blind $3
*** HOLE CARDS ***
kismespit: folds
Uncalled bet ($2) returned to Rmk1500
Rmk1500 collected $2 from pot
*** SUMMARY ***
Total pot $2 | Rake $0
Seat 3: kismespit (button) (small blind) folded before Flop
Seat 4: Rmk1500 (big blind) collected ($2)


PokerStars Hand #146947555159:  Hold'em Limit ($3/$6 USD) - 2016/01/12 20:58:23 ET
Table 'Aemilia II' 6-max Seat #3 is the button
Seat 3: kismespit ($80 in chips)
Seat 4: Rmk1500 ($195.61 in chips)
kismespit: posts small blind $1
Rmk1500: posts big blind $3
*** HOLE CARDS ***
kismespit: folds
Uncalled bet ($2) returned to Rmk1500
Rmk1500 collected $2 from pot
*** SUMMARY ***
Total pot $2 | Rake $0
Seat 3: kismespit (button) (small blind) folded before Flop
Seat 4: Rmk1500 (big blind) collected ($2)


PokerStars Hand #146947558559:  Hold'em Limit ($3/$6 USD) - 2016/01/12 20:58:28 ET
Table 'Aemilia II' 6-max Seat #4 is the button
Seat 3: kismespit ($79 in chips)
Seat 4: Rmk1500 ($196.61 in chips)
Rmk1500: posts small blind $1
kismespit: posts big blind $3
*** HOLE CARDS ***
Rmk1500: raises $3 to $6
kismespit: calls $3
*** FLOP *** [8c 9s 2s]
kismespit: checks
Rmk1500: bets $3
kismespit: folds
Uncalled bet ($3) returned to Rmk1500
Rmk1500 collected $11.76 from pot
*** SUMMARY ***
Total pot $12 | Rake $0.24
Board [8c 9s 2s]
Seat 3: kismespit (big blind) folded on the Flop
Seat 4: Rmk1500 (button) (small blind) collected ($11.76)


PokerStars Hand #146947566774:  Hold'em Limit ($3/$6 USD) - 2016/01/12 20:58:46 ET
Table 'Aemilia II' 6-max Seat #4 is the button
Seat 3: kismespit ($76 in chips)
Seat 4: Rmk1500 ($199.37 in chips)
Rmk1500: posts small blind $1
kismespit: posts big blind $3
*** HOLE CARDS ***
Rmk1500: raises $3 to $6
kismespit: calls $3
*** FLOP *** [4d 2c 3h]
kismespit: checks
Rmk1500: bets $3
kismespit: calls $3
*** TURN *** [4d 2c 3h] [9d]
kismespit: checks
Rmk1500: bets $6
kismespit: raises $6 to $12
Rmk1500: calls $6
*** RIVER *** [4d 2c 3h 9d] [Ks]
kismespit: bets $6
Rmk1500: calls $6
*** SHOW DOWN ***
kismespit: shows [5h 6c] (a straight, Deuce to Six)
Rmk1500: mucks hand
kismespit collected $53.50 from pot
*** SUMMARY ***
Total pot $54 | Rake $0.50
Board [4d 2c 3h 9d Ks]
Seat 3: kismespit (big blind) showed [5h 6c] and won ($53.50) with a straight, Deuce to Six
Seat 4: Rmk1500 (button) (small blind) mucked


PokerStars Hand #146947563992:  Hold'em Limit ($3/$6 USD) - 2016/01/12 20:58:40 ET
Table 'Aemilia II' 6-max Seat #3 is the button
Seat 3: kismespit ($73 in chips)
Seat 4: Rmk1500 ($202.37 in chips)
kismespit: posts small blind $1
Rmk1500: posts big blind $3
*** HOLE CARDS ***
kismespit: raises $3 to $6
Rmk1500: folds
Uncalled bet ($3) returned to kismespit
kismespit collected $6 from pot
kismespit: doesn't show hand
*** SUMMARY ***
Total pot $6 | Rake $0
Seat 3: kismespit (button) (small blind) collected ($6)
Seat 4: Rmk1500 (big blind) folded before Flop


PokerStars Hand #146947604841:  Hold'em Limit ($3/$6 USD) - 2016/01/12 21:00:12 ET
Table 'Aemilia II' 6-max Seat #4 is the button
Seat 3: kismespit ($136.50 in chips)
Seat 4: Rmk1500 ($137.37 in chips)
Rmk1500: posts small blind $1
kismespit: posts big blind $3
*** HOLE CARDS ***
Rmk1500: raises $3 to $6
kismespit: folds
Uncalled bet ($3) returned to Rmk1500
Rmk1500 collected $6 from pot
*** SUMMARY ***
Total pot $6 | Rake $0
Seat 3: kismespit (big blind) folded before Flop
Seat 4: Rmk1500 (button) (small blind) collected ($6)


PokerStars Hand #146947602465:  Hold'em Limit ($3/$6 USD) - 2016/01/12 21:00:07 ET
Table 'Aemilia II' 6-max Seat #3 is the button
Seat 3: kismespit ($137.50 in chips)
Seat 4: Rmk1500 ($136.37 in chips)
kismespit: posts small blind $1
Rmk1500: posts big blind $3
*** HOLE CARDS ***
kismespit: folds
Uncalled bet ($2) returned to Rmk1500
Rmk1500 collected $2 from pot
*** SUMMARY ***
Total pot $2 | Rake $0
Seat 3: kismespit (button) (small blind) folded before Flop
Seat 4: Rmk1500 (big blind) collected ($2)


PokerStars Hand #146947592189:  Hold'em Limit ($3/$6 USD) - 2016/01/12 20:59:44 ET
Table 'Aemilia II' 6-max Seat #4 is the button
Seat 3: kismespit ($123 in chips)
Seat 4: Rmk1500 ($151.37 in chips)
Rmk1500: posts small blind $1
kismespit: posts big blind $3
*** HOLE CARDS ***
Rmk1500: raises $3 to $6
kismespit: calls $3
*** FLOP *** [Jh 2s 8d]
kismespit: checks
Rmk1500: bets $3
kismespit: calls $3
*** TURN *** [Jh 2s 8d] [6d]
kismespit: checks
Rmk1500: checks
*** RIVER *** [Jh 2s 8d 6d] [3s]
kismespit: bets $6
Rmk1500: calls $6
*** SHOW DOWN ***
kismespit: shows [5d Jd] (a pair of Jacks)
Rmk1500: mucks hand
kismespit collected $29.50 from pot
*** SUMMARY ***
Total pot $30 | Rake $0.50
Board [Jh 2s 8d 6d 3s]
Seat 3: kismespit (big blind) showed [5d Jd] and won ($29.50) with a pair of Jacks
Seat 4: Rmk1500 (button) (small blind) mucked


PokerStars Hand #146947577704:  Hold'em Limit ($3/$6 USD) - 2016/01/12 20:59:10 ET
Table 'Aemilia II' 6-max Seat #3 is the button
Seat 3: kismespit ($102.50 in chips)
Seat 4: Rmk1500 ($172.37 in chips)
kismespit: posts small blind $1
Rmk1500: posts big blind $3
*** HOLE CARDS ***
kismespit: raises $3 to $6
Rmk1500: calls $3
*** FLOP *** [6d 2d 5s]
Rmk1500: checks
kismespit: bets $3
Rmk1500: calls $3
*** TURN *** [6d 2d 5s] [7d]
Rmk1500: checks
kismespit: bets $6
Rmk1500: calls $6
*** RIVER *** [6d 2d 5s 7d] [Js]
Rmk1500: checks
kismespit: bets $6
Rmk1500: calls $6
*** SHOW DOWN ***
kismespit: shows [8h 8c] (a pair of Eights)
Rmk1500: mucks hand
kismespit collected $41.50 from pot
*** SUMMARY ***
Total pot $42 | Rake $0.50
Board [6d 2d 5s 7d Js]
Seat 3: kismespit (button) (small blind) showed [8h 8c] and won ($41.50) with a pair of Eights
Seat 4: Rmk1500 (big blind) mucked


PokerStars Hand #146947625595:  Hold'em Limit ($3/$6 USD) - 2016/01/12 21:00:58 ET
Table 'Aemilia II' 6-max Seat #4 is the button
Seat 3: kismespit ($139.02 in chips)
Seat 4: Rmk1500 ($134.13 in chips)
Rmk1500: posts small blind $1
kismespit: posts big blind $3
*** HOLE CARDS ***
Rmk1500: raises $3 to $6
kismespit: calls $3
*** FLOP *** [3d Jd 4c]
kismespit: checks
Rmk1500: bets $3
kismespit: calls $3
*** TURN *** [3d Jd 4c] [8h]
kismespit: checks
Rmk1500: checks
*** RIVER *** [3d Jd 4c 8h] [2h]
kismespit: bets $6
Rmk1500: calls $6
*** SHOW DOWN ***
kismespit: shows [Ad 5s] (a straight, Ace to Five)
Rmk1500: mucks hand
kismespit collected $29.50 from pot
*** SUMMARY ***
Total pot $30 | Rake $0.50
Board [3d Jd 4c 8h 2h]
Seat 3: kismespit (big blind) showed [Ad 5s] and won ($29.50) with a straight, Ace to Five
Seat 4: Rmk1500 (button) (small blind) mucked


PokerStars Hand #146947621091:  Hold'em Limit ($3/$6 USD) - 2016/01/12 21:00:48 ET
Table 'Aemilia II' 6-max Seat #3 is the button
Seat 3: kismespit ($133.26 in chips)
Seat 4: Rmk1500 ($140.13 in chips)
kismespit: posts small blind $1
Rmk1500: posts big blind $3
*** HOLE CARDS ***
kismespit: raises $3 to $6
Rmk1500: calls $3
*** FLOP *** [Tc Qs 3d]
Rmk1500: checks
kismespit: bets $3
Rmk1500: folds
Uncalled bet ($3) returned to kismespit
kismespit collected $11.76 from pot
kismespit: doesn't show hand
*** SUMMARY ***
Total pot $12 | Rake $0.24
Board [Tc Qs 3d]
Seat 3: kismespit (button) (small blind) collected ($11.76)
Seat 4: Rmk1500 (big blind) folded on the Flop


PokerStars Hand #146947618753:  Hold'em Limit ($3/$6 USD) - 2016/01/12 21:00:43 ET
Table 'Aemilia II' 6-max Seat #4 is the button
Seat 3: kismespit ($136.26 in chips)
Seat 4: Rmk1500 ($137.13 in chips)
Rmk1500: posts small blind $1
kismespit: posts big blind $3
*** HOLE CARDS ***
Rmk1500: raises $3 to $6
kismespit: folds
Uncalled bet ($3) returned to Rmk1500
Rmk1500 collected $6 from pot
*** SUMMARY ***
Total pot $6 | Rake $0
Seat 3: kismespit (big blind) folded before Flop
Seat 4: Rmk1500 (button) (small blind) collected ($6)


PokerStars Hand #146947613908:  Hold'em Limit ($3/$6 USD) - 2016/01/12 21:00:32 ET
Table 'Aemilia II' 6-max Seat #3 is the button
Seat 3: kismespit ($130.50 in chips)
Seat 4: Rmk1500 ($143.13 in chips)
kismespit: posts small blind $1
Rmk1500: posts big blind $3
*** HOLE CARDS ***
kismespit: raises $3 to $6
Rmk1500: calls $3
*** FLOP *** [Qh 7d Ts]
Rmk1500: checks
kismespit: bets $3
Rmk1500: folds
Uncalled bet ($3) returned to kismespit
kismespit collected $11.76 from pot
*** SUMMARY ***
Total pot $12 | Rake $0.24
Board [Qh 7d Ts]
Seat 3: kismespit (button) (small blind) collected ($11.76)
Seat 4: Rmk1500 (big blind) folded on the Flop


PokerStars Hand #146947610066:  Hold'em Limit ($3/$6 USD) - 2016/01/12 21:00:24 ET
Table 'Aemilia II' 6-max Seat #4 is the button
Seat 3: kismespit ($136.50 in chips)
Seat 4: Rmk1500 ($137.37 in chips)
Rmk1500: posts small blind $1
kismespit: posts big blind $3
*** HOLE CARDS ***
Rmk1500: raises $3 to $6
kismespit: calls $3
*** FLOP *** [Jc Td 8h]
kismespit: checks
Rmk1500: bets $3
kismespit: folds
Uncalled bet ($3) returned to Rmk1500
Rmk1500 collected $11.76 from pot
*** SUMMARY ***
Total pot $12 | Rake $0.24
Board [Jc Td 8h]
Seat 3: kismespit (big blind) folded on the Flop
Seat 4: Rmk1500 (button) (small blind) collected ($11.76)


PokerStars Hand #146947607341:  Hold'em Limit ($3/$6 USD) - 2016/01/12 21:00:17 ET
Table 'Aemilia II' 6-max Seat #3 is the button
Seat 3: kismespit ($133.50 in chips)
Seat 4: Rmk1500 ($140.37 in chips)
kismespit: posts small blind $1
Rmk1500: posts big blind $3
*** HOLE CARDS ***
kismespit: raises $3 to $6
Rmk1500: folds
Uncalled bet ($3) returned to kismespit
kismespit collected $6 from pot
kismespit: doesn't show hand
*** SUMMARY ***
Total pot $6 | Rake $0
Seat 3: kismespit (button) (small blind) collected ($6)
Seat 4: Rmk1500 (big blind) folded before Flop


PokerStars Hand #146947645215:  Hold'em Limit ($3/$6 USD) - 2016/01/12 21:01:38 ET
Table 'Aemilia II' 6-max Seat #3 is the button
Seat 3: kismespit ($144.52 in chips)
Seat 4: Rmk1500 ($127.89 in chips)
kismespit: posts small blind $1
Rmk1500: posts big blind $3
*** HOLE CARDS ***
kismespit: folds
Uncalled bet ($2) returned to Rmk1500
Rmk1500 collected $2 from pot
*** SUMMARY ***
Total pot $2 | Rake $0
Seat 3: kismespit (button) (small blind) folded before Flop
Seat 4: Rmk1500 (big blind) collected ($2)


PokerStars Hand #146947642317:  Hold'em Limit ($3/$6 USD) - 2016/01/12 21:01:33 ET
Table 'Aemilia II' 6-max Seat #4 is the button
Seat 3: kismespit ($147.52 in chips)
Seat 4: Rmk1500 ($124.89 in chips)
Rmk1500: posts small blind $1
kismespit: posts big blind $3
*** HOLE CARDS ***
Rmk1500: raises $3 to $6
kismespit: folds
Uncalled bet ($3) returned to Rmk1500
Rmk1500 collected $6 from pot
*** SUMMARY ***
Total pot $6 | Rake $0
Seat 3: kismespit (big blind) folded before Flop
Seat 4: Rmk1500 (button) (small blind) collected ($6)


PokerStars Hand #146947634163:  Hold'em Limit ($3/$6 USD) - 2016/01/12 21:01:16 ET
Table 'Aemilia II' 6-max Seat #3 is the button
Seat 3: kismespit ($153.52 in chips)
Seat 4: Rmk1500 ($119.13 in chips)
kismespit: posts small blind $1
Rmk1500: posts big blind $3
*** HOLE CARDS ***
kismespit: raises $3 to $6
Rmk1500: calls $3
*** FLOP *** [3c Jd 8h]
Rmk1500: checks
kismespit: checks
*** TURN *** [3c Jd 8h] [5h]
Rmk1500: checks
kismespit: checks
*** RIVER *** [3c Jd 8h 5h] [3d]
Rmk1500: checks
kismespit: checks
*** SHOW DOWN ***
Rmk1500: shows [7c Ad] (a pair of Threes)
kismespit: mucks hand
Rmk1500 collected $11.76 from pot
*** SUMMARY ***
Total pot $12 | Rake $0.24
Board [3c Jd 8h 5h 3d]
Seat 3: kismespit (button) (small blind) mucked
Seat 4: Rmk1500 (big blind) showed [7c Ad] and won ($11.76) with a pair of Threes


PokerStars Hand #146947660237:  Hold'em Limit ($3/$6 USD) - 2016/01/12 21:02:09 ET
Table 'Aemilia II' 6-max Seat #4 is the button
Seat 3: kismespit ($127.52 in chips)
Seat 4: Rmk1500 ($144.39 in chips)
Rmk1500: posts small blind $1
kismespit: posts big blind $3
*** HOLE CARDS ***
Rmk1500: raises $3 to $6
kismespit: folds
Uncalled bet ($3) returned to Rmk1500
Rmk1500 collected $6 from pot
*** SUMMARY ***
Total pot $6 | Rake $0
Seat 3: kismespit (big blind) folded before Flop
Seat 4: Rmk1500 (button) (small blind) collected ($6)


PokerStars Hand #146947658144:  Hold'em Limit ($3/$6 USD) - 2016/01/12 21:02:05 ET
Table 'Aemilia II' 6-max Seat #3 is the button
Seat 3: kismespit ($128.52 in chips)
Seat 4: Rmk1500 ($143.39 in chips)
kismespit: posts small blind $1
Rmk1500: posts big blind $3
*** HOLE CARDS ***
kismespit: folds
Uncalled bet ($2) returned to Rmk1500
Rmk1500 collected $2 from pot
*** SUMMARY ***
Total pot $2 | Rake $0
Seat 3: kismespit (button) (small blind) folded before Flop
Seat 4: Rmk1500 (big blind) collected ($2)


PokerStars Hand #146947647260:  Hold'em Limit ($3/$6 USD) - 2016/01/12 21:01:43 ET
Table 'Aemilia II' 6-max Seat #4 is the button
Seat 3: kismespit ($143.52 in chips)
Seat 4: Rmk1500 ($128.89 in chips)
Rmk1500: posts small blind $1
kismespit: posts big blind $3
*** HOLE CARDS ***
Rmk1500: raises $3 to $6
kismespit: calls $3
*** FLOP *** [2h Js Tc]
kismespit: checks
Rmk1500: bets $3
kismespit: calls $3
*** TURN *** [2h Js Tc] [Jd]
kismespit: checks
Rmk1500: checks
*** RIVER *** [2h Js Tc Jd] [6h]
kismespit: bets $6
Rmk1500: calls $6
*** SHOW DOWN ***
kismespit: shows [4h 3h] (a pair of Jacks)
Rmk1500: shows [Ks 2d] (two pair, Jacks and Deuces)
Rmk1500 collected $29.50 from pot
*** SUMMARY ***
Total pot $30 | Rake $0.50
Board [2h Js Tc Jd 6h]
Seat 3: kismespit (big blind) showed [4h 3h] and lost with a pair of Jacks
Seat 4: Rmk1500 (button) (small blind) showed [Ks 2d] and won ($29.50) with two pair, Jacks and Deuces


PokerStars Hand #146947685094:  Hold'em Limit ($3/$6 USD) - 2016/01/12 21:02:59 ET
Table 'Aemilia II' 6-max Seat #4 is the button
Seat 3: kismespit ($121.27 in chips)
Seat 4: Rmk1500 ($149.90 in chips)
Rmk1500: posts small blind $1
kismespit: posts big blind $3
*** HOLE CARDS ***
Rmk1500: raises $3 to $6
kismespit: calls $3
*** FLOP *** [Ac Qd Jh]
kismespit: checks
Rmk1500: bets $3
kismespit: calls $3
*** TURN *** [Ac Qd Jh] [6c]
kismespit: checks
Rmk1500: bets $6
kismespit: folds
Uncalled bet ($6) returned to Rmk1500
Rmk1500 collected $17.64 from pot
*** SUMMARY ***
Total pot $18 | Rake $0.36
Board [Ac Qd Jh 6c]
Seat 3: kismespit (big blind) folded on the Turn
Seat 4: Rmk1500 (button) (small blind) collected ($17.64)


PokerStars Hand #146947663597:  Hold'em Limit ($3/$6 USD) - 2016/01/12 21:02:16 ET
Table 'Aemilia II' 6-max Seat #3 is the button
Seat 3: kismespit ($124.52 in chips)
Seat 4: Rmk1500 ($147.39 in chips)
kismespit: posts small blind $1
Rmk1500: posts big blind $3
*** HOLE CARDS ***
kismespit: raises $3 to $6
Rmk1500: calls $3
*** FLOP *** [Js Qc 6d]
Rmk1500: checks
kismespit: checks
*** TURN *** [Js Qc 6d] [3d]
Rmk1500: checks
kismespit: checks
*** RIVER *** [Js Qc 6d 3d] [Qs]
Rmk1500: bets $6
kismespit: folds
Uncalled bet ($6) returned to Rmk1500
Rmk1500 collected $11.76 from pot
*** SUMMARY ***
Total pot $12 | Rake $0.24
Board [Js Qc 6d 3d Qs]
Seat 3: kismespit (button) (small blind) folded on the River
Seat 4: Rmk1500 (big blind) collected ($11.76)


PokerStars Hand #146947682018:  Hold'em Limit ($3/$6 USD) - 2016/01/12 21:02:53 ET
Table 'Aemilia II' 6-max Seat #3 is the button
Seat 3: kismespit ($118.27 in chips)
Seat 4: Rmk1500 ($152.90 in chips)
kismespit: posts small blind $1
Rmk1500: posts big blind $3
*** HOLE CARDS ***
kismespit: raises $3 to $6
Rmk1500: folds
Uncalled bet ($3) returned to kismespit
kismespit collected $6 from pot
kismespit: doesn't show hand
*** SUMMARY ***
Total pot $6 | Rake $0
Seat 3: kismespit (button) (small blind) collected ($6)
Seat 4: Rmk1500 (big blind) folded before Flop


PokerStars Hand #146947671895:  Hold'em Limit ($3/$6 USD) - 2016/01/12 21:02:33 ET
Table 'Aemilia II' 6-max Seat #4 is the button
Seat 3: kismespit ($118.52 in chips)
Seat 4: Rmk1500 ($153.15 in chips)
Rmk1500: posts small blind $1
kismespit: posts big blind $3
*** HOLE CARDS ***
Rmk1500: raises $3 to $6
kismespit: raises $3 to $9
Rmk1500: calls $3
*** FLOP *** [Td Qc Jd]
kismespit: bets $3
Rmk1500: calls $3
*** TURN *** [Td Qc Jd] [Ah]
kismespit: checks
Rmk1500: bets $6
kismespit: calls $6
*** RIVER *** [Td Qc Jd Ah] [3c]
kismespit: bets $6
Rmk1500: raises $6 to $12
kismespit: calls $6
*** SHOW DOWN ***
Rmk1500: shows [9h Kh] (a straight, Ten to Ace)
kismespit: shows [Kd Qs] (a straight, Ten to Ace)
kismespit collected $29.75 from pot
Rmk1500 collected $29.75 from pot
*** SUMMARY ***
Total pot $60 | Rake $0.50
Board [Td Qc Jd Ah 3c]
Seat 3: kismespit (big blind) showed [Kd Qs] and won ($29.75) with a straight, Ten to Ace
Seat 4: Rmk1500 (button) (small blind) showed [9h Kh] and won ($29.75) with a straight, Ten to Ace


PokerStars Hand #146947699394:  Hold'em Limit ($3/$6 USD) - 2016/01/12 21:03:28 ET
Table 'Aemilia II' 6-max Seat #4 is the button
Seat 3: kismespit ($120.91 in chips)
Seat 4: Rmk1500 ($149.54 in chips)
Rmk1500: posts small blind $1
kismespit: posts big blind $3
*** HOLE CARDS ***
Rmk1500: folds
Uncalled bet ($2) returned to kismespit
kismespit collected $2 from pot
kismespit: doesn't show hand
*** SUMMARY ***
Total pot $2 | Rake $0
Seat 3: kismespit (big blind) collected ($2)
Seat 4: Rmk1500 (button) (small blind) folded before Flop


PokerStars Hand #146947691510:  Hold'em Limit ($3/$6 USD) - 2016/01/12 21:03:13 ET
Table 'Aemilia II' 6-max Seat #3 is the button
Seat 3: kismespit ($112.27 in chips)
Seat 4: Rmk1500 ($158.54 in chips)
kismespit: posts small blind $1
Rmk1500: posts big blind $3
*** HOLE CARDS ***
kismespit: raises $3 to $6
Rmk1500: calls $3
*** FLOP *** [6d 9c Ts]
Rmk1500: checks
kismespit: bets $3
Rmk1500: calls $3
*** TURN *** [6d 9c Ts] [Ac]
Rmk1500: checks
kismespit: bets $6
Rmk1500: folds
Uncalled bet ($6) returned to kismespit
kismespit collected $17.64 from pot
kismespit: doesn't show hand
*** SUMMARY ***
Total pot $18 | Rake $0.36
Board [6d 9c Ts Ac]
Seat 3: kismespit (button) (small blind) collected ($17.64)
Seat 4: Rmk1500 (big blind) folded on the Turn


PokerStars Hand #146947703962:  Hold'em Limit ($3/$6 USD) - 2016/01/12 21:03:37 ET
Table 'Aemilia II' 6-max Seat #4 is the button
Seat 3: kismespit ($120.91 in chips)
Seat 4: Rmk1500 ($149.54 in chips)
Rmk1500: posts small blind $1
kismespit: posts big blind $3
*** HOLE CARDS ***
Rmk1500: folds
Uncalled bet ($2) returned to kismespit
kismespit collected $2 from pot
kismespit: doesn't show hand
*** SUMMARY ***
Total pot $2 | Rake $0
Seat 3: kismespit (big blind) collected ($2)
Seat 4: Rmk1500 (button) (small blind) folded before Flop


PokerStars Hand #146947701761:  Hold'em Limit ($3/$6 USD) - 2016/01/12 21:03:33 ET
Table 'Aemilia II' 6-max Seat #3 is the button
Seat 3: kismespit ($121.91 in chips)
Seat 4: Rmk1500 ($148.54 in chips)
kismespit: posts small blind $1
Rmk1500: posts big blind $3
*** HOLE CARDS ***
kismespit: folds
Uncalled bet ($2) returned to Rmk1500
Rmk1500 collected $2 from pot
*** SUMMARY ***
Total pot $2 | Rake $0
Seat 3: kismespit (button) (small blind) folded before Flop
Seat 4: Rmk1500 (big blind) collected ($2)


PokerStars Hand #146947711773:  Hold'em Limit ($3/$6 USD) - 2016/01/12 21:03:53 ET
Table 'Aemilia II' 6-max Seat #3 is the button
Seat 3: kismespit ($125.91 in chips)
Seat 4: Rmk1500 ($144.54 in chips)
kismespit: posts small blind $1
Rmk1500: posts big blind $3
*** HOLE CARDS ***
kismespit: folds
Uncalled bet ($2) returned to Rmk1500
Rmk1500 collected $2 from pot
*** SUMMARY ***
Total pot $2 | Rake $0
Seat 3: kismespit (button) (small blind) folded before Flop
Seat 4: Rmk1500 (big blind) collected ($2)


PokerStars Hand #146947709375:  Hold'em Limit ($3/$6 USD) - 2016/01/12 21:03:48 ET
Table 'Aemilia II' 6-max Seat #4 is the button
Seat 3: kismespit ($124.91 in chips)
Seat 4: Rmk1500 ($145.54 in chips)
Rmk1500: posts small blind $1
kismespit: posts big blind $3
*** HOLE CARDS ***
Rmk1500: folds
Uncalled bet ($2) returned to kismespit
kismespit collected $2 from pot
kismespit: doesn't show hand
*** SUMMARY ***
Total pot $2 | Rake $0
Seat 3: kismespit (big blind) collected ($2)
Seat 4: Rmk1500 (button) (small blind) folded before Flop


PokerStars Hand #146947706232:  Hold'em Limit ($3/$6 USD) - 2016/01/12 21:03:42 ET
Table 'Aemilia II' 6-max Seat #3 is the button
Seat 3: kismespit ($121.91 in chips)
Seat 4: Rmk1500 ($148.54 in chips)
kismespit: posts small blind $1
Rmk1500: posts big blind $3
*** HOLE CARDS ***
kismespit: raises $3 to $6
Rmk1500: folds
Uncalled bet ($3) returned to kismespit
kismespit collected $6 from pot
kismespit: doesn't show hand
*** SUMMARY ***
Total pot $6 | Rake $0
Seat 3: kismespit (button) (small blind) collected ($6)
Seat 4: Rmk1500 (big blind) folded before Flop


PokerStars Hand #146947754352:  Hold'em Limit ($3/$6 USD) - 2016/01/12 21:05:18 ET
Table 'Aemilia II' 6-max Seat #3 is the button
Seat 3: kismespit ($127.41 in chips)
Seat 4: Rmk1500 ($142.18 in chips)
kismespit: posts small blind $1
Rmk1500: posts big blind $3
*** HOLE CARDS ***
kismespit: folds
Uncalled bet ($2) returned to Rmk1500
Rmk1500 collected $2 from pot
*** SUMMARY ***
Total pot $2 | Rake $0
Seat 3: kismespit (button) (small blind) folded before Flop
Seat 4: Rmk1500 (big blind) collected ($2)


PokerStars Hand #146947751943:  Hold'em Limit ($3/$6 USD) - 2016/01/12 21:05:13 ET
Table 'Aemilia II' 6-max Seat #4 is the button
Seat 3: kismespit ($126.41 in chips)
Seat 4: Rmk1500 ($143.18 in chips)
Rmk1500: posts small blind $1
kismespit: posts big blind $3
*** HOLE CARDS ***
Rmk1500: folds
Uncalled bet ($2) returned to kismespit
kismespit collected $2 from pot
kismespit: doesn't show hand
*** SUMMARY ***
Total pot $2 | Rake $0
Seat 3: kismespit (big blind) collected ($2)
Seat 4: Rmk1500 (button) (small blind) folded before Flop


PokerStars Hand #146947740240:  Hold'em Limit ($3/$6 USD) - 2016/01/12 21:04:50 ET
Table 'Aemilia II' 6-max Seat #3 is the button
Seat 3: kismespit ($135.41 in chips)
Seat 4: Rmk1500 ($134.54 in chips)
kismespit: posts small blind $1
Rmk1500: posts big blind $3
*** HOLE CARDS ***
kismespit: raises $3 to $6
Rmk1500: calls $3
*** FLOP *** [Ac 8d Kc]
Rmk1500: checks
kismespit: bets $3
Rmk1500: calls $3
*** TURN *** [Ac 8d Kc] [Js]
Rmk1500: checks
kismespit: checks
*** RIVER *** [Ac 8d Kc Js] [Td]
Rmk1500: bets $6
kismespit: folds
Uncalled bet ($6) returned to Rmk1500
Rmk1500 collected $17.64 from pot
*** SUMMARY ***
Total pot $18 | Rake $0.36
Board [Ac 8d Kc Js Td]
Seat 3: kismespit (button) (small blind) folded on the River
Seat 4: Rmk1500 (big blind) collected ($17.64)


PokerStars Hand #146947731420:  Hold'em Limit ($3/$6 USD) - 2016/01/12 21:04:33 ET
Table 'Aemilia II' 6-max Seat #3 is the button
Seat 3: kismespit ($139.41 in chips)
Seat 4: Rmk1500 ($130.54 in chips)
kismespit: posts small blind $1
Rmk1500: posts big blind $3
*** HOLE CARDS ***
kismespit: folds
Uncalled bet ($2) returned to Rmk1500
Rmk1500 collected $2 from pot
*** SUMMARY ***
Total pot $2 | Rake $0
Seat 3: kismespit (button) (small blind) folded before Flop
Seat 4: Rmk1500 (big blind) collected ($2)


PokerStars Hand #146947733514:  Hold'em Limit ($3/$6 USD) - 2016/01/12 21:04:37 ET
Table 'Aemilia II' 6-max Seat #4 is the button
Seat 3: kismespit ($138.41 in chips)
Seat 4: Rmk1500 ($131.54 in chips)
Rmk1500: posts small blind $1
kismespit: posts big blind $3
*** HOLE CARDS ***
Rmk1500: raises $3 to $6
kismespit: folds
Uncalled bet ($3) returned to Rmk1500
Rmk1500 collected $6 from pot
*** SUMMARY ***
Total pot $6 | Rake $0
Seat 3: kismespit (big blind) folded before Flop
Seat 4: Rmk1500 (button) (small blind) collected ($6)


PokerStars Hand #146947714040:  Hold'em Limit ($3/$6 USD) - 2016/01/12 21:03:57 ET
Table 'Aemilia II' 6-max Seat #4 is the button
Seat 3: kismespit ($124.91 in chips)
Seat 4: Rmk1500 ($145.54 in chips)
Rmk1500: posts small blind $1
kismespit: posts big blind $3
*** HOLE CARDS ***
Rmk1500: raises $3 to $6
kismespit: calls $3
*** FLOP *** [6d Ac 7c]
kismespit: checks
Rmk1500: bets $3
kismespit: calls $3
*** TURN *** [6d Ac 7c] [Jh]
kismespit: checks
Rmk1500: checks
*** RIVER *** [6d Ac 7c Jh] [Qh]
kismespit: bets $6
Rmk1500: calls $6
*** SHOW DOWN ***
kismespit: shows [7s 6s] (two pair, Sevens and Sixes)
Rmk1500: mucks hand
kismespit collected $29.50 from pot
*** SUMMARY ***
Total pot $30 | Rake $0.50
Board [6d Ac 7c Jh Qh]
Seat 3: kismespit (big blind) showed [7s 6s] and won ($29.50) with two pair, Sevens and Sixes
Seat 4: Rmk1500 (button) (small blind) mucked


PokerStars Hand #146947763213:  Hold'em Limit ($3/$6 USD) - 2016/01/12 21:05:36 ET
Table 'Aemilia II' 6-max Seat #3 is the button
Seat 3: kismespit ($127.41 in chips)
Seat 4: Rmk1500 ($142.18 in chips)
kismespit: posts small blind $1
Rmk1500: posts big blind $3
*** HOLE CARDS ***
kismespit: raises $3 to $6
Rmk1500: calls $3
*** FLOP *** [7s 5d Ad]
Rmk1500: checks
kismespit: bets $3
Rmk1500: calls $3
*** TURN *** [7s 5d Ad] [Ah]
Rmk1500: checks
kismespit: bets $6
Rmk1500: folds
Uncalled bet ($6) returned to kismespit
kismespit collected $17.64 from pot
kismespit: doesn't show hand
*** SUMMARY ***
Total pot $18 | Rake $0.36
Board [7s 5d Ad Ah]
Seat 3: kismespit (button) (small blind) collected ($17.64)
Seat 4: Rmk1500 (big blind) folded on the Turn


PokerStars Hand #146947778016:  Hold'em Limit ($3/$6 USD) - 2016/01/12 21:06:05 ET
Table 'Aemilia II' 6-max Seat #4 is the button
Seat 3: kismespit ($136.05 in chips)
Seat 4: Rmk1500 ($133.18 in chips)
Rmk1500: posts small blind $1
kismespit: posts big blind $3
*** HOLE CARDS ***
Rmk1500: raises $3 to $6
kismespit: calls $3
*** FLOP *** [2d Jh 4c]
kismespit: checks
Rmk1500: bets $3
kismespit: calls $3
*** TURN *** [2d Jh 4c] [Ks]
kismespit: checks
Paulllchen joins the table at seat #2
Rmk1500: checks
*** RIVER *** [2d Jh 4c Ks] [2c]
kismespit: bets $6
Rmk1500: calls $6
*** SHOW DOWN ***
kismespit: shows [Th Kd] (two pair, Kings and Deuces)
Rmk1500: mucks hand
kismespit collected $29.50 from pot
*** SUMMARY ***
Total pot $30 | Rake $0.50
Board [2d Jh 4c Ks 2c]
Seat 3: kismespit (big blind) showed [Th Kd] and won ($29.50) with two pair, Kings and Deuces
Seat 4: Rmk1500 (button) (small blind) mucked


PokerStars Hand #146947756385:  Hold'em Limit ($3/$6 USD) - 2016/01/12 21:05:22 ET
Table 'Aemilia II' 6-max Seat #4 is the button
Seat 3: kismespit ($126.41 in chips)
Seat 4: Rmk1500 ($143.18 in chips)
Rmk1500: posts small blind $1
kismespit: posts big blind $3
*** HOLE CARDS ***
Rmk1500: folds
Uncalled bet ($2) returned to kismespit
kismespit collected $2 from pot
*** SUMMARY ***
Total pot $2 | Rake $0
Seat 3: kismespit (big blind) collected ($2)
Seat 4: Rmk1500 (button) (small blind) folded before Flop


PokerStars Hand #146947787384:  Hold'em Limit ($3/$6 USD) - 2016/01/12 21:06:23 ET
Table 'Aemilia II' 6-max Seat #3 is the button
Seat 3: kismespit ($150.55 in chips)
Seat 4: Rmk1500 ($118.18 in chips)
kismespit: posts small blind $1
Rmk1500: posts big blind $3
*** HOLE CARDS ***
kismespit: folds
Uncalled bet ($2) returned to Rmk1500
Rmk1500 collected $2 from pot
*** SUMMARY ***
Total pot $2 | Rake $0
Seat 3: kismespit (button) (small blind) folded before Flop
Seat 4: Rmk1500 (big blind) collected ($2)


PokerStars Hand #146947855810:  Hold'em Limit ($3/$6 USD) - 2016/01/12 21:08:39 ET
Table 'Aemilia II' 6-max Seat #3 is the button
Seat 3: kismespit ($164.48 in chips)
Seat 4: Rmk1500 ($102.64 in chips)
kismespit: posts small blind $1
Rmk1500: posts big blind $3
*** HOLE CARDS ***
kismespit: folds
Uncalled bet ($2) returned to Rmk1500
Rmk1500 collected $2 from pot
*** SUMMARY ***
Total pot $2 | Rake $0
Seat 3: kismespit (button) (small blind) folded before Flop
Seat 4: Rmk1500 (big blind) collected ($2)


PokerStars Hand #146947822158:  Hold'em Limit ($3/$6 USD) - 2016/01/12 21:07:32 ET
Table 'Aemilia II' 6-max Seat #4 is the button
Seat 3: kismespit ($149.98 in chips)
Seat 4: Rmk1500 ($117.64 in chips)
Rmk1500: posts small blind $1
Paulllchen is disconnected
Paulllchen has timed out while disconnected
Paulllchen: is sitting out
kismespit: posts big blind $3
*** HOLE CARDS ***
-25an- joins the table at seat #6
Rmk1500: raises $3 to $6
kismespit: calls $3
*** FLOP *** [4d 5c 4h]
kismespit: checks
Rmk1500: bets $3
kismespit: calls $3
*** TURN *** [4d 5c 4h] [Kc]
kismespit: checks
Rmk1500: bets $6
kismespit: calls $6
*** RIVER *** [4d 5c 4h Kc] [Qh]
kismespit: bets $6
Rmk1500: folds
Uncalled bet ($6) returned to kismespit
kismespit collected $29.50 from pot
kismespit: doesn't show hand
*** SUMMARY ***
Total pot $30 | Rake $0.50
Board [4d 5c 4h Kc Qh]
Seat 3: kismespit (big blind) collected ($29.50)
Seat 4: Rmk1500 (button) (small blind) folded on the River


PokerStars Hand #146952546186:  Hold'em Limit ($3/$6 USD) - 2016/01/13 0:44:37 ET
Table 'Aemilia II' 6-max Seat #6 is the button
Seat 4: yu1104 ($133.22 in chips)
Seat 6: AiyaMoAh ($137.65 in chips)
AiyaMoAh: posts small blind $1
CharginWapos: is sitting out
yu1104: posts big blind $3
*** HOLE CARDS ***
AiyaMoAh: calls $2
yu1104: checks
*** FLOP *** [6d 8h Qh]
yu1104: checks
AiyaMoAh: bets $3
yu1104: calls $3
*** TURN *** [6d 8h Qh] [2s]
yu1104: checks
AiyaMoAh: checks
*** RIVER *** [6d 8h Qh 2s] [Js]
yu1104: bets $6
AiyaMoAh: folds
Uncalled bet ($6) returned to yu1104
yu1104 collected $11.76 from pot
yu1104: doesn't show hand
*** SUMMARY ***
Total pot $12 | Rake $0.24
Board [6d 8h Qh 2s Js]
Seat 4: yu1104 (big blind) collected ($11.76)
Seat 6: AiyaMoAh (button) (small blind) folded on the River


