PokerStars Hand #169582721790:  Hold'em Limit ($3/$6 USD) - 2017/04/26 10:25:43 ET
Table 'Aemilia III' 6-max Seat #5 is the button
Seat 4: Mordnilap ($87.07 in chips)
Seat 5: Snapcall171 ($68.02 in chips)
Snapcall171: posts small blind $1
Mordnilap: posts big blind $3
*** HOLE CARDS ***
Snapcall171: raises $3 to $6
Mordnilap: calls $3
*** FLOP *** [5d Jh Qd]
Mordnilap: checks
Snapcall171: bets $3
Mordnilap: raises $3 to $6
Snapcall171: calls $3
*** TURN *** [5d Jh Qd] [3s]
Mordnilap: bets $6
Snapcall171: raises $6 to $12
Mordnilap: calls $6
*** RIVER *** [5d Jh Qd 3s] [Kh]
Mordnilap: checks
Snapcall171: bets $6
Mordnilap: calls $6
*** SHOW DOWN ***
Snapcall171: shows [3d 5c] (two pair, Fives and Threes)
Mordnilap: mucks hand
Snapcall171 collected $59.50 from pot
*** SUMMARY ***
Total pot $60 | Rake $0.50
Board [5d Jh Qd 3s Kh]
Seat 4: Mordnilap (big blind) mucked
Seat 5: Snapcall171 (button) (small blind) showed [3d 5c] and won ($59.50) with two pair, Fives and Threes


PokerStars Hand #169582747432:  Hold'em Limit ($3/$6 USD) - 2017/04/26 10:26:28 ET
Table 'Aemilia III' 6-max Seat #4 is the button
Seat 4: Mordnilap ($72 in chips)
Seat 5: Snapcall171 ($97.52 in chips)
Mordnilap: posts small blind $1
Snapcall171: posts big blind $3
*** HOLE CARDS ***
Mordnilap: raises $3 to $6
Snapcall171: folds
Uncalled bet ($3) returned to Mordnilap
Mordnilap collected $6 from pot
Mordnilap: doesn't show hand
*** SUMMARY ***
Total pot $6 | Rake $0
Seat 4: Mordnilap (button) (small blind) collected ($6)
Seat 5: Snapcall171 (big blind) folded before Flop


PokerStars Hand #169582753351:  Hold'em Limit ($3/$6 USD) - 2017/04/26 10:26:38 ET
Table 'Aemilia III' 6-max Seat #5 is the button
Seat 4: Mordnilap ($75 in chips)
Seat 5: Snapcall171 ($94.52 in chips)
Snapcall171: posts small blind $1
Mordnilap: posts big blind $3
*** HOLE CARDS ***
Snapcall171: raises $3 to $6
Mordnilap: calls $3
*** FLOP *** [Kh Jd Jh]
Mordnilap: checks
Snapcall171: checks
*** TURN *** [Kh Jd Jh] [4d]
Mordnilap: checks
Snapcall171: checks
*** RIVER *** [Kh Jd Jh 4d] [4s]
Mordnilap: checks
Snapcall171: checks
*** SHOW DOWN ***
Mordnilap: shows [Ts 8d] (two pair, Jacks and Fours)
Snapcall171: shows [7c 5d] (two pair, Jacks and Fours)
Mordnilap collected $5.88 from pot
Snapcall171 collected $5.88 from pot
*** SUMMARY ***
Total pot $12 | Rake $0.24
Board [Kh Jd Jh 4d 4s]
Seat 4: Mordnilap (big blind) showed [Ts 8d] and won ($5.88) with two pair, Jacks and Fours
Seat 5: Snapcall171 (button) (small blind) showed [7c 5d] and won ($5.88) with two pair, Jacks and Fours


PokerStars Hand #169582776097:  Hold'em Limit ($3/$6 USD) - 2017/04/26 10:27:17 ET
Table 'Aemilia III' 6-max Seat #4 is the button
Seat 4: Mordnilap ($74.88 in chips)
Seat 5: Snapcall171 ($94.40 in chips)
Mordnilap: posts small blind $1
Snapcall171: posts big blind $3
*** HOLE CARDS ***
Mordnilap: raises $3 to $6
Snapcall171: folds
Uncalled bet ($3) returned to Mordnilap
Mordnilap collected $6 from pot
Mordnilap: doesn't show hand
*** SUMMARY ***
Total pot $6 | Rake $0
Seat 4: Mordnilap (button) (small blind) collected ($6)
Seat 5: Snapcall171 (big blind) folded before Flop


PokerStars Hand #169582783550:  Hold'em Limit ($3/$6 USD) - 2017/04/26 10:27:30 ET
Table 'Aemilia III' 6-max Seat #5 is the button
Seat 4: Mordnilap ($77.88 in chips)
Seat 5: Snapcall171 ($91.40 in chips)
Snapcall171: posts small blind $1
Mordnilap: posts big blind $3
*** HOLE CARDS ***
Snapcall171: raises $3 to $6
Mordnilap: calls $3
*** FLOP *** [Qd Ad 3d]
Mordnilap: checks
Snapcall171: bets $3
Mordnilap: folds
Uncalled bet ($3) returned to Snapcall171
Snapcall171 collected $11.76 from pot
*** SUMMARY ***
Total pot $12 | Rake $0.24
Board [Qd Ad 3d]
Seat 4: Mordnilap (big blind) folded on the Flop
Seat 5: Snapcall171 (button) (small blind) collected ($11.76)


PokerStars Hand #169582798844:  Hold'em Limit ($3/$6 USD) - 2017/04/26 10:27:56 ET
Table 'Aemilia III' 6-max Seat #4 is the button
Seat 4: Mordnilap ($72 in chips)
Seat 5: Snapcall171 ($97.16 in chips)
Mordnilap: posts small blind $1
Snapcall171: posts big blind $3
*** HOLE CARDS ***
Mordnilap: raises $3 to $6
Snapcall171: calls $3
*** FLOP *** [3h 3s 7s]
Snapcall171: checks
Mordnilap: bets $3
Snapcall171: calls $3
*** TURN *** [3h 3s 7s] [7c]
Snapcall171: bets $6
Mordnilap: calls $6
*** RIVER *** [3h 3s 7s 7c] [Kc]
Snapcall171: bets $6
Mordnilap: calls $6
*** SHOW DOWN ***
Snapcall171: shows [3d Qs] (a full house, Threes full of Sevens)
Mordnilap: mucks hand
Snapcall171 collected $41.50 from pot
*** SUMMARY ***
Total pot $42 | Rake $0.50
Board [3h 3s 7s 7c Kc]
Seat 4: Mordnilap (button) (small blind) mucked
Seat 5: Snapcall171 (big blind) showed [3d Qs] and won ($41.50) with a full house, Threes full of Sevens


PokerStars Hand #169582828921:  Hold'em Limit ($3/$6 USD) - 2017/04/26 10:28:48 ET
Table 'Aemilia III' 6-max Seat #5 is the button
Seat 4: Mordnilap ($72 in chips)
Seat 5: Snapcall171 ($117.66 in chips)
Snapcall171: posts small blind $1
Mordnilap: posts big blind $3
*** HOLE CARDS ***
Snapcall171: raises $3 to $6
Mordnilap: calls $3
*** FLOP *** [Kd 4c 4d]
Mordnilap: checks
Snapcall171: bets $3
Mordnilap: calls $3
*** TURN *** [Kd 4c 4d] [2s]
Mordnilap: checks
Snapcall171: bets $6
Mordnilap: calls $6
*** RIVER *** [Kd 4c 4d 2s] [Jd]
Mordnilap: checks
Snapcall171: bets $6
Mordnilap: folds
Uncalled bet ($6) returned to Snapcall171
Snapcall171 collected $29.50 from pot
Snapcall171: doesn't show hand
*** SUMMARY ***
Total pot $30 | Rake $0.50
Board [Kd 4c 4d 2s Jd]
Seat 4: Mordnilap (big blind) folded on the River
Seat 5: Snapcall171 (button) (small blind) collected ($29.50)


PokerStars Hand #169582842218:  Hold'em Limit ($3/$6 USD) - 2017/04/26 10:29:11 ET
Table 'Aemilia III' 6-max Seat #4 is the button
Seat 4: Mordnilap ($72 in chips)
Seat 5: Snapcall171 ($132.16 in chips)
Mordnilap: posts small blind $1
Snapcall171: posts big blind $3
*** HOLE CARDS ***
Mordnilap: raises $3 to $6
Snapcall171: calls $3
*** FLOP *** [Td Kc Qs]
Snapcall171: checks
Mordnilap: bets $3
Snapcall171: calls $3
*** TURN *** [Td Kc Qs] [Ks]
Snapcall171: checks
Mordnilap: bets $6
Snapcall171: raises $6 to $12
Mordnilap: calls $6
*** RIVER *** [Td Kc Qs Ks] [2h]
Snapcall171: bets $6
Mordnilap: calls $6
*** SHOW DOWN ***
Snapcall171: shows [Kd 6d] (three of a kind, Kings)
Mordnilap: mucks hand
Snapcall171 collected $53.50 from pot
*** SUMMARY ***
Total pot $54 | Rake $0.50
Board [Td Kc Qs Ks 2h]
Seat 4: Mordnilap (button) (small blind) mucked
Seat 5: Snapcall171 (big blind) showed [Kd 6d] and won ($53.50) with three of a kind, Kings


PokerStars Hand #169582856843:  Hold'em Limit ($3/$6 USD) - 2017/04/26 10:29:36 ET
Table 'Aemilia III' 6-max Seat #5 is the button
Seat 4: Mordnilap ($72 in chips)
Seat 5: Snapcall171 ($158.66 in chips)
Snapcall171: posts small blind $1
Mordnilap: posts big blind $3
*** HOLE CARDS ***
Snapcall171: raises $3 to $6
Mordnilap: calls $3
*** FLOP *** [Qd Ac 5s]
Mordnilap: checks
Snapcall171: bets $3
Mordnilap: folds
Uncalled bet ($3) returned to Snapcall171
Snapcall171 collected $11.76 from pot
*** SUMMARY ***
Total pot $12 | Rake $0.24
Board [Qd Ac 5s]
Seat 4: Mordnilap (big blind) folded on the Flop
Seat 5: Snapcall171 (button) (small blind) collected ($11.76)


PokerStars Hand #169582873626:  Hold'em Limit ($3/$6 USD) - 2017/04/26 10:30:05 ET
Table 'Aemilia III' 6-max Seat #4 is the button
Seat 4: Mordnilap ($72 in chips)
Seat 5: Snapcall171 ($164.42 in chips)
Mordnilap: posts small blind $1
Snapcall171: posts big blind $3
*** HOLE CARDS ***
Mordnilap: raises $3 to $6
Snapcall171: calls $3
*** FLOP *** [3d 8d Td]
Snapcall171: checks
Mordnilap: bets $3
Snapcall171: folds
Uncalled bet ($3) returned to Mordnilap
Mordnilap collected $11.76 from pot
Mordnilap: doesn't show hand
*** SUMMARY ***
Total pot $12 | Rake $0.24
Board [3d 8d Td]
Seat 4: Mordnilap (button) (small blind) collected ($11.76)
Seat 5: Snapcall171 (big blind) folded on the Flop


PokerStars Hand #169582886600:  Hold'em Limit ($3/$6 USD) - 2017/04/26 10:30:28 ET
Table 'Aemilia III' 6-max Seat #5 is the button
Seat 4: Mordnilap ($77.76 in chips)
Seat 5: Snapcall171 ($158.42 in chips)
Snapcall171: posts small blind $1
Mordnilap: posts big blind $3
*** HOLE CARDS ***
Snapcall171: raises $3 to $6
Mordnilap: calls $3
*** FLOP *** [2s 5h 2c]
Mordnilap: checks
Snapcall171: bets $3
Mordnilap: calls $3
*** TURN *** [2s 5h 2c] [7s]
Mordnilap: checks
Snapcall171: bets $6
Mordnilap: calls $6
*** RIVER *** [2s 5h 2c 7s] [Jc]
Mordnilap: checks
Snapcall171: checks
*** SHOW DOWN ***
Mordnilap: shows [Qd Th] (a pair of Deuces)
Snapcall171: shows [Ac Qh] (a pair of Deuces - Ace kicker)
Snapcall171 collected $29.50 from pot
*** SUMMARY ***
Total pot $30 | Rake $0.50
Board [2s 5h 2c 7s Jc]
Seat 4: Mordnilap (big blind) showed [Qd Th] and lost with a pair of Deuces
Seat 5: Snapcall171 (button) (small blind) showed [Ac Qh] and won ($29.50) with a pair of Deuces


PokerStars Hand #169582921142:  Hold'em Limit ($3/$6 USD) - 2017/04/26 10:31:28 ET
Table 'Aemilia III' 6-max Seat #5 is the button
Seat 4: Mordnilap ($77.76 in chips)
Seat 5: Snapcall171 ($166.92 in chips)
Snapcall171: posts small blind $1
Mordnilap: posts big blind $3
*** HOLE CARDS ***
Snapcall171: raises $3 to $6
Mordnilap: calls $3
*** FLOP *** [5h Kh Qd]
Mordnilap: checks
Snapcall171: bets $3
Mordnilap: raises $3 to $6
Snapcall171: calls $3
*** TURN *** [5h Kh Qd] [3c]
Mordnilap: bets $6
Snapcall171: calls $6
*** RIVER *** [5h Kh Qd 3c] [Qs]
Mordnilap: bets $6
Snapcall171: calls $6
*** SHOW DOWN ***
Mordnilap: shows [6h Kd] (two pair, Kings and Queens)
Snapcall171: mucks hand
Mordnilap collected $47.50 from pot
*** SUMMARY ***
Total pot $48 | Rake $0.50
Board [5h Kh Qd 3c Qs]
Seat 4: Mordnilap (big blind) showed [6h Kd] and won ($47.50) with two pair, Kings and Queens
Seat 5: Snapcall171 (button) (small blind) mucked


PokerStars Hand #169582907082:  Hold'em Limit ($3/$6 USD) - 2017/04/26 10:31:03 ET
Table 'Aemilia III' 6-max Seat #4 is the button
Seat 4: Mordnilap ($72 in chips)
Seat 5: Snapcall171 ($172.92 in chips)
Mordnilap: posts small blind $1
Snapcall171: posts big blind $3
*** HOLE CARDS ***
Mordnilap: raises $3 to $6
Snapcall171: calls $3
*** FLOP *** [4s 9d 6h]
Snapcall171: checks
Mordnilap: bets $3
Snapcall171: folds
Uncalled bet ($3) returned to Mordnilap
Mordnilap collected $11.76 from pot
Mordnilap: doesn't show hand
*** SUMMARY ***
Total pot $12 | Rake $0.24
Board [4s 9d 6h]
Seat 4: Mordnilap (button) (small blind) collected ($11.76)
Seat 5: Snapcall171 (big blind) folded on the Flop


PokerStars Hand #169582943280:  Hold'em Limit ($3/$6 USD) - 2017/04/26 10:32:05 ET
Table 'Aemilia III' 6-max Seat #4 is the button
Seat 4: Mordnilap ($101.26 in chips)
Seat 5: Snapcall171 ($142.92 in chips)
Mordnilap: posts small blind $1
Snapcall171: posts big blind $3
*** HOLE CARDS ***
Mordnilap: raises $3 to $6
Snapcall171: calls $3
*** FLOP *** [5c 8d Qd]
muzixibei joins the table at seat #3
Snapcall171: checks
Mordnilap: bets $3
Snapcall171: calls $3
*** TURN *** [5c 8d Qd] [Js]
Snapcall171: checks
Mordnilap: checks
*** RIVER *** [5c 8d Qd Js] [3h]
Snapcall171: bets $6
Mordnilap: folds
Uncalled bet ($6) returned to Snapcall171
Snapcall171 collected $17.64 from pot
*** SUMMARY ***
Total pot $18 | Rake $0.36
Board [5c 8d Qd Js 3h]
Seat 4: Mordnilap (button) (small blind) folded on the River
Seat 5: Snapcall171 (big blind) collected ($17.64)


PokerStars Hand #169584682673:  Hold'em Limit ($3/$6 USD) - 2017/04/26 11:20:42 ET
Table 'Aemilia III' 6-max Seat #6 is the button
Seat 3: muzixibei ($184.66 in chips)
Seat 6: B_loJkl ($286.02 in chips)
B_loJkl: posts small blind $1
tttzzz: is sitting out
muzixibei: posts big blind $3
*** HOLE CARDS ***
B_loJkl: raises $3 to $6
muzixibei: calls $3
*** FLOP *** [Jh 8d Ah]
muzixibei: checks
B_loJkl: bets $3
muzixibei: calls $3
*** TURN *** [Jh 8d Ah] [2h]
muzixibei: checks
B_loJkl: checks
*** RIVER *** [Jh 8d Ah 2h] [Tc]
muzixibei: bets $6
B_loJkl: folds
Uncalled bet ($6) returned to muzixibei
muzixibei collected $17.64 from pot
*** SUMMARY ***
Total pot $18 | Rake $0.36
Board [Jh 8d Ah 2h Tc]
Seat 3: muzixibei (big blind) collected ($17.64)
Seat 6: B_loJkl (button) (small blind) folded on the River


PokerStars Hand #169584717818:  Hold'em Limit ($3/$6 USD) - 2017/04/26 11:21:38 ET
Table 'Aemilia III' 6-max Seat #3 is the button
Seat 3: muzixibei ($193.30 in chips)
Seat 6: B_loJkl ($277.02 in chips)
muzixibei: posts small blind $1
B_loJkl: posts big blind $3
*** HOLE CARDS ***
tttzzz leaves the table
muzixibei: folds
Uncalled bet ($2) returned to B_loJkl
B_loJkl collected $2 from pot
B_loJkl: doesn't show hand
*** SUMMARY ***
Total pot $2 | Rake $0
Seat 3: muzixibei (button) (small blind) folded before Flop
Seat 6: B_loJkl (big blind) collected ($2)


PokerStars Hand #169584724028:  Hold'em Limit ($3/$6 USD) - 2017/04/26 11:21:48 ET
Table 'Aemilia III' 6-max Seat #6 is the button
Seat 3: muzixibei ($192.30 in chips)
Seat 6: B_loJkl ($278.02 in chips)
B_loJkl: posts small blind $1
muzixibei: posts big blind $3
*** HOLE CARDS ***
B_loJkl: folds
Uncalled bet ($2) returned to muzixibei
muzixibei collected $2 from pot
muzixibei: doesn't show hand
*** SUMMARY ***
Total pot $2 | Rake $0
Seat 3: muzixibei (big blind) collected ($2)
Seat 6: B_loJkl (button) (small blind) folded before Flop


PokerStars Hand #169584732478:  Hold'em Limit ($3/$6 USD) - 2017/04/26 11:22:01 ET
Table 'Aemilia III' 6-max Seat #3 is the button
Seat 3: muzixibei ($193.30 in chips)
Seat 6: B_loJkl ($277.02 in chips)
muzixibei: posts small blind $1
B_loJkl: posts big blind $3
*** HOLE CARDS ***
muzixibei: raises $3 to $6
B_loJkl: calls $3
*** FLOP *** [Ah Kd 9d]
B_loJkl: checks
muzixibei: bets $3
B_loJkl: folds
Uncalled bet ($3) returned to muzixibei
muzixibei collected $11.76 from pot
muzixibei: doesn't show hand
*** SUMMARY ***
Total pot $12 | Rake $0.24
Board [Ah Kd 9d]
Seat 3: muzixibei (button) (small blind) collected ($11.76)
Seat 6: B_loJkl (big blind) folded on the Flop


PokerStars Hand #169584751065:  Hold'em Limit ($3/$6 USD) - 2017/04/26 11:22:31 ET
Table 'Aemilia III' 6-max Seat #6 is the button
Seat 3: muzixibei ($199.06 in chips)
Seat 6: B_loJkl ($271.02 in chips)
B_loJkl: posts small blind $1
muzixibei: posts big blind $3
*** HOLE CARDS ***
B_loJkl: raises $3 to $6
muzixibei: calls $3
*** FLOP *** [7c Kc Jh]
muzixibei: checks
B_loJkl: bets $3
muzixibei: folds
Uncalled bet ($3) returned to B_loJkl
B_loJkl collected $11.76 from pot
B_loJkl: doesn't show hand
*** SUMMARY ***
Total pot $12 | Rake $0.24
Board [7c Kc Jh]
Seat 3: muzixibei (big blind) folded on the Flop
Seat 6: B_loJkl (button) (small blind) collected ($11.76)


PokerStars Hand #169584769917:  Hold'em Limit ($3/$6 USD) - 2017/04/26 11:23:01 ET
Table 'Aemilia III' 6-max Seat #3 is the button
Seat 3: muzixibei ($193.06 in chips)
Seat 6: B_loJkl ($276.78 in chips)
muzixibei: posts small blind $1
B_loJkl: posts big blind $3
*** HOLE CARDS ***
muzixibei: raises $3 to $6
B_loJkl: calls $3
*** FLOP *** [Qc 5c As]
B_loJkl: checks
muzixibei: bets $3
B_loJkl: calls $3
*** TURN *** [Qc 5c As] [2d]
B_loJkl: checks
muzixibei: bets $6
B_loJkl: folds
Uncalled bet ($6) returned to muzixibei
muzixibei collected $17.64 from pot
*** SUMMARY ***
Total pot $18 | Rake $0.36
Board [Qc 5c As 2d]
Seat 3: muzixibei (button) (small blind) collected ($17.64)
Seat 6: B_loJkl (big blind) folded on the Turn


PokerStars Hand #169584798048:  Hold'em Limit ($3/$6 USD) - 2017/04/26 11:23:46 ET
Table 'Aemilia III' 6-max Seat #6 is the button
Seat 3: muzixibei ($201.70 in chips)
Seat 6: B_loJkl ($267.78 in chips)
B_loJkl: posts small blind $1
muzixibei: posts big blind $3
*** HOLE CARDS ***
B_loJkl: raises $3 to $6
muzixibei: calls $3
*** FLOP *** [8h 3c Th]
muzixibei: checks
B_loJkl: bets $3
muzixibei: calls $3
*** TURN *** [8h 3c Th] [3s]
muzixibei: checks
B_loJkl: checks
*** RIVER *** [8h 3c Th 3s] [2c]
muzixibei: bets $6
B_loJkl: folds
Uncalled bet ($6) returned to muzixibei
muzixibei collected $17.64 from pot
muzixibei: doesn't show hand
*** SUMMARY ***
Total pot $18 | Rake $0.36
Board [8h 3c Th 3s 2c]
Seat 3: muzixibei (big blind) collected ($17.64)
Seat 6: B_loJkl (button) (small blind) folded on the River


PokerStars Hand #169584824980:  Hold'em Limit ($3/$6 USD) - 2017/04/26 11:24:29 ET
Table 'Aemilia III' 6-max Seat #3 is the button
Seat 3: muzixibei ($210.34 in chips)
Seat 6: B_loJkl ($258.78 in chips)
muzixibei: posts small blind $1
B_loJkl: posts big blind $3
*** HOLE CARDS ***
muzixibei: folds
Uncalled bet ($2) returned to B_loJkl
B_loJkl collected $2 from pot
B_loJkl: doesn't show hand
*** SUMMARY ***
Total pot $2 | Rake $0
Seat 3: muzixibei (button) (small blind) folded before Flop
Seat 6: B_loJkl (big blind) collected ($2)


