PokerStars Hand #147914193910:  Hold'em Limit ($3/$6 USD) - 2016/01/29 23:42:29 ET
Table 'Aemilia' 2-max Seat #1 is the button
Seat 1: tw3ntyfive ($137.50 in chips)
Seat 2: NIGHTyxa ($72 in chips)
tw3ntyfive: posts small blind $1
NIGHTyxa: posts big blind $3
*** HOLE CARDS ***
tw3ntyfive: raises $3 to $6
NIGHTyxa: calls $3
*** FLOP *** [Qc 2d Ah]
NIGHTyxa: checks
tw3ntyfive: bets $3
NIGHTyxa: folds
Uncalled bet ($3) returned to tw3ntyfive
tw3ntyfive collected $11.76 from pot
tw3ntyfive: doesn't show hand
*** SUMMARY ***
Total pot $12 | Rake $0.24
Board [Qc 2d Ah]
Seat 1: tw3ntyfive (button) (small blind) collected ($11.76)
Seat 2: NIGHTyxa (big blind) folded on the Flop


PokerStars Hand #147914185008:  Hold'em Limit ($3/$6 USD) - 2016/01/29 23:42:02 ET
Table 'Aemilia' 2-max Seat #2 is the button
Seat 1: tw3ntyfive ($120 in chips)
Seat 2: NIGHTyxa ($72 in chips)
NIGHTyxa: posts small blind $1
tw3ntyfive: posts big blind $3
*** HOLE CARDS ***
NIGHTyxa: raises $3 to $6
tw3ntyfive: raises $3 to $9
NIGHTyxa: calls $3
*** FLOP *** [Td 9s 9h]
tw3ntyfive: bets $3
NIGHTyxa: calls $3
*** TURN *** [Td 9s 9h] [Qd]
tw3ntyfive: bets $6
NIGHTyxa: calls $6
*** RIVER *** [Td 9s 9h Qd] [4c]
tw3ntyfive: bets $6
NIGHTyxa: folds
Uncalled bet ($6) returned to tw3ntyfive
tw3ntyfive collected $35.50 from pot
tw3ntyfive: doesn't show hand
*** SUMMARY ***
Total pot $36 | Rake $0.50
Board [Td 9s 9h Qd 4c]
Seat 1: tw3ntyfive (big blind) collected ($35.50)
Seat 2: NIGHTyxa (button) (small blind) folded on the River


PokerStars Hand #147914198146:  Hold'em Limit ($3/$6 USD) - 2016/01/29 23:42:42 ET
Table 'Aemilia' 2-max Seat #2 is the button
Seat 1: tw3ntyfive ($143.26 in chips)
Seat 2: NIGHTyxa ($72 in chips)
NIGHTyxa: posts small blind $1
tw3ntyfive: posts big blind $3
*** HOLE CARDS ***
NIGHTyxa: raises $3 to $6
tw3ntyfive: calls $3
*** FLOP *** [8s Js As]
tw3ntyfive: checks
NIGHTyxa: bets $3
tw3ntyfive: calls $3
*** TURN *** [8s Js As] [Ad]
tw3ntyfive: bets $6
NIGHTyxa: calls $6
*** RIVER *** [8s Js As Ad] [6h]
tw3ntyfive: checks
NIGHTyxa: checks
*** SHOW DOWN ***
tw3ntyfive: shows [2s 7d] (a pair of Aces)
NIGHTyxa: shows [4h 6c] (two pair, Aces and Sixes)
NIGHTyxa collected $29.50 from pot
*** SUMMARY ***
Total pot $30 | Rake $0.50
Board [8s Js As Ad 6h]
Seat 1: tw3ntyfive (big blind) showed [2s 7d] and lost with a pair of Aces
Seat 2: NIGHTyxa (button) (small blind) showed [4h 6c] and won ($29.50) with two pair, Aces and Sixes


PokerStars Hand #147914212870:  Hold'em Limit ($3/$6 USD) - 2016/01/29 23:43:26 ET
Table 'Aemilia' 2-max Seat #2 is the button
Seat 1: tw3ntyfive ($139.78 in chips)
Seat 2: NIGHTyxa ($74.50 in chips)
NIGHTyxa: posts small blind $1
tw3ntyfive: posts big blind $3
*** HOLE CARDS ***
NIGHTyxa: raises $3 to $6
tw3ntyfive: raises $3 to $9
NIGHTyxa: calls $3
*** FLOP *** [5s 2c 9c]
tw3ntyfive: bets $3
NIGHTyxa: calls $3
*** TURN *** [5s 2c 9c] [2h]
tw3ntyfive: checks
NIGHTyxa: bets $6
tw3ntyfive: calls $6
*** RIVER *** [5s 2c 9c 2h] [Ts]
tw3ntyfive: checks
NIGHTyxa: checks
*** SHOW DOWN ***
tw3ntyfive: shows [7d Kh] (a pair of Deuces)
NIGHTyxa: shows [7h Ah] (a pair of Deuces - Ace kicker)
NIGHTyxa collected $35.50 from pot
*** SUMMARY ***
Total pot $36 | Rake $0.50
Board [5s 2c 9c 2h Ts]
Seat 1: tw3ntyfive (big blind) showed [7d Kh] and lost with a pair of Deuces
Seat 2: NIGHTyxa (button) (small blind) showed [7h Ah] and won ($35.50) with a pair of Deuces


PokerStars Hand #147914206302:  Hold'em Limit ($3/$6 USD) - 2016/01/29 23:43:06 ET
Table 'Aemilia' 2-max Seat #1 is the button
Seat 1: tw3ntyfive ($128.26 in chips)
Seat 2: NIGHTyxa ($86.50 in chips)
tw3ntyfive: posts small blind $1
NIGHTyxa: posts big blind $3
*** HOLE CARDS ***
tw3ntyfive: raises $3 to $6
NIGHTyxa: calls $3
*** FLOP *** [Qh 6s Kh]
NIGHTyxa: checks
tw3ntyfive: checks
*** TURN *** [Qh 6s Kh] [Ts]
NIGHTyxa: bets $6
tw3ntyfive: calls $6
*** RIVER *** [Qh 6s Kh Ts] [Jh]
NIGHTyxa: checks
tw3ntyfive: bets $6
NIGHTyxa: folds
Uncalled bet ($6) returned to tw3ntyfive
tw3ntyfive collected $23.52 from pot
tw3ntyfive: doesn't show hand
*** SUMMARY ***
Total pot $24 | Rake $0.48
Board [Qh 6s Kh Ts Jh]
Seat 1: tw3ntyfive (button) (small blind) collected ($23.52)
Seat 2: NIGHTyxa (big blind) folded on the River


PokerStars Hand #147914220849:  Hold'em Limit ($3/$6 USD) - 2016/01/29 23:43:50 ET
Table 'Aemilia' 2-max Seat #1 is the button
Seat 1: tw3ntyfive ($121.78 in chips)
Seat 2: NIGHTyxa ($92 in chips)
tw3ntyfive: posts small blind $1
NIGHTyxa: posts big blind $3
*** HOLE CARDS ***
tw3ntyfive: raises $3 to $6
NIGHTyxa: calls $3
*** FLOP *** [3d Qs 7d]
NIGHTyxa: checks
tw3ntyfive: checks
*** TURN *** [3d Qs 7d] [Td]
NIGHTyxa: checks
tw3ntyfive: checks
*** RIVER *** [3d Qs 7d Td] [Kc]
NIGHTyxa: bets $6
tw3ntyfive: raises $6 to $12
NIGHTyxa: calls $6
*** SHOW DOWN ***
tw3ntyfive: shows [Jc 9d] (a straight, Nine to King)
NIGHTyxa: mucks hand
tw3ntyfive collected $35.50 from pot
*** SUMMARY ***
Total pot $36 | Rake $0.50
Board [3d Qs 7d Td Kc]
Seat 1: tw3ntyfive (button) (small blind) showed [Jc 9d] and won ($35.50) with a straight, Nine to King
Seat 2: NIGHTyxa (big blind) mucked


PokerStars Hand #147914241399:  Hold'em Limit ($3/$6 USD) - 2016/01/29 23:44:52 ET
Table 'Aemilia' 2-max Seat #2 is the button
Seat 1: tw3ntyfive ($176.78 in chips)
Seat 2: NIGHTyxa ($73 in chips)
NIGHTyxa: posts small blind $1
tw3ntyfive: posts big blind $3
*** HOLE CARDS ***
NIGHTyxa: raises $3 to $6
tw3ntyfive: calls $3
*** FLOP *** [4h Ks Td]
tw3ntyfive: bets $3
NIGHTyxa: calls $3
*** TURN *** [4h Ks Td] [7s]
tw3ntyfive: bets $6
NIGHTyxa: raises $6 to $12
tw3ntyfive: calls $6
*** RIVER *** [4h Ks Td 7s] [2h]
tw3ntyfive: checks
NIGHTyxa: bets $6
tw3ntyfive: folds
Uncalled bet ($6) returned to NIGHTyxa
NIGHTyxa collected $41.50 from pot
NIGHTyxa: doesn't show hand
*** SUMMARY ***
Total pot $42 | Rake $0.50
Board [4h Ks Td 7s 2h]
Seat 1: tw3ntyfive (big blind) folded on the River
Seat 2: NIGHTyxa (button) (small blind) collected ($41.50)


PokerStars Hand #147914239550:  Hold'em Limit ($3/$6 USD) - 2016/01/29 23:44:46 ET
Table 'Aemilia' 2-max Seat #1 is the button
Seat 1: tw3ntyfive ($177.78 in chips)
Seat 2: NIGHTyxa ($72 in chips)
tw3ntyfive: posts small blind $1
NIGHTyxa: posts big blind $3
*** HOLE CARDS ***
tw3ntyfive: folds
Uncalled bet ($2) returned to NIGHTyxa
NIGHTyxa collected $2 from pot
NIGHTyxa: doesn't show hand
*** SUMMARY ***
Total pot $2 | Rake $0
Seat 1: tw3ntyfive (button) (small blind) folded before Flop
Seat 2: NIGHTyxa (big blind) collected ($2)


PokerStars Hand #147914230311:  Hold'em Limit ($3/$6 USD) - 2016/01/29 23:44:18 ET
Table 'Aemilia' 2-max Seat #2 is the button
Seat 1: tw3ntyfive ($139.28 in chips)
Seat 2: NIGHTyxa ($74 in chips)
NIGHTyxa: posts small blind $1
tw3ntyfive: posts big blind $3
*** HOLE CARDS ***
NIGHTyxa: raises $3 to $6
tw3ntyfive: calls $3
*** FLOP *** [8s 8d Ts]
tw3ntyfive: bets $3
NIGHTyxa: calls $3
*** TURN *** [8s 8d Ts] [9d]
tw3ntyfive: bets $6
NIGHTyxa: raises $6 to $12
tw3ntyfive: calls $6
*** RIVER *** [8s 8d Ts 9d] [9h]
tw3ntyfive: bets $6
NIGHTyxa: raises $6 to $12
tw3ntyfive: raises $6 to $18
NIGHTyxa: calls $6
*** SHOW DOWN ***
tw3ntyfive: shows [9s Jc] (a full house, Nines full of Eights)
NIGHTyxa: mucks hand
tw3ntyfive collected $77.50 from pot
*** SUMMARY ***
Total pot $78 | Rake $0.50
Board [8s 8d Ts 9d 9h]
Seat 1: tw3ntyfive (big blind) showed [9s Jc] and won ($77.50) with a full house, Nines full of Eights
Seat 2: NIGHTyxa (button) (small blind) mucked


PokerStars Hand #147914247827:  Hold'em Limit ($3/$6 USD) - 2016/01/29 23:45:11 ET
Table 'Aemilia' 2-max Seat #1 is the button
Seat 1: tw3ntyfive ($155.78 in chips)
Seat 2: NIGHTyxa ($93.50 in chips)
tw3ntyfive: posts small blind $1
NIGHTyxa: posts big blind $3
*** HOLE CARDS ***
tw3ntyfive: folds
Uncalled bet ($2) returned to NIGHTyxa
NIGHTyxa collected $2 from pot
NIGHTyxa: doesn't show hand
*** SUMMARY ***
Total pot $2 | Rake $0
Seat 1: tw3ntyfive (button) (small blind) folded before Flop
Seat 2: NIGHTyxa (big blind) collected ($2)


PokerStars Hand #147914264962:  Hold'em Limit ($3/$6 USD) - 2016/01/29 23:46:02 ET
Table 'Aemilia' 2-max Seat #1 is the button
Seat 1: tw3ntyfive ($148.28 in chips)
Seat 2: NIGHTyxa ($99.76 in chips)
tw3ntyfive: posts small blind $1
NIGHTyxa: posts big blind $3
*** HOLE CARDS ***
tw3ntyfive: folds
Uncalled bet ($2) returned to NIGHTyxa
NIGHTyxa collected $2 from pot
NIGHTyxa: doesn't show hand
*** SUMMARY ***
Total pot $2 | Rake $0
Seat 1: tw3ntyfive (button) (small blind) folded before Flop
Seat 2: NIGHTyxa (big blind) collected ($2)


PokerStars Hand #147914261154:  Hold'em Limit ($3/$6 USD) - 2016/01/29 23:45:51 ET
Table 'Aemilia' 2-max Seat #2 is the button
Seat 1: tw3ntyfive ($154.28 in chips)
Seat 2: NIGHTyxa ($94 in chips)
NIGHTyxa: posts small blind $1
tw3ntyfive: posts big blind $3
*** HOLE CARDS ***
NIGHTyxa: raises $3 to $6
tw3ntyfive: calls $3
*** FLOP *** [Ts 2h Kd]
tw3ntyfive: checks
NIGHTyxa: bets $3
tw3ntyfive: folds
Uncalled bet ($3) returned to NIGHTyxa
NIGHTyxa collected $11.76 from pot
NIGHTyxa: doesn't show hand
*** SUMMARY ***
Total pot $12 | Rake $0.24
Board [Ts 2h Kd]
Seat 1: tw3ntyfive (big blind) folded on the Flop
Seat 2: NIGHTyxa (button) (small blind) collected ($11.76)


PokerStars Hand #147914255134:  Hold'em Limit ($3/$6 USD) - 2016/01/29 23:45:33 ET
Table 'Aemilia' 2-max Seat #1 is the button
Seat 1: tw3ntyfive ($169.28 in chips)
Seat 2: NIGHTyxa ($79.50 in chips)
tw3ntyfive: posts small blind $1
NIGHTyxa: posts big blind $3
*** HOLE CARDS ***
tw3ntyfive: calls $2
NIGHTyxa: checks
*** FLOP *** [5c Jh Ah]
NIGHTyxa: checks
tw3ntyfive: checks
*** TURN *** [5c Jh Ah] [9d]
NIGHTyxa: bets $6
tw3ntyfive: calls $6
*** RIVER *** [5c Jh Ah 9d] [Kd]
NIGHTyxa: checks
tw3ntyfive: bets $6
NIGHTyxa: calls $6
*** SHOW DOWN ***
tw3ntyfive: shows [8h Ts] (high card Ace)
NIGHTyxa: shows [2c 9s] (a pair of Nines)
NIGHTyxa collected $29.50 from pot
*** SUMMARY ***
Total pot $30 | Rake $0.50
Board [5c Jh Ah 9d Kd]
Seat 1: tw3ntyfive (button) (small blind) showed [8h Ts] and lost with high card Ace
Seat 2: NIGHTyxa (big blind) showed [2c 9s] and won ($29.50) with a pair of Nines


PokerStars Hand #147914249458:  Hold'em Limit ($3/$6 USD) - 2016/01/29 23:45:16 ET
Table 'Aemilia' 2-max Seat #2 is the button
Seat 1: tw3ntyfive ($154.78 in chips)
Seat 2: NIGHTyxa ($94.50 in chips)
NIGHTyxa: posts small blind $1
tw3ntyfive: posts big blind $3
*** HOLE CARDS ***
NIGHTyxa: raises $3 to $6
tw3ntyfive: calls $3
*** FLOP *** [5h 2c 3h]
tw3ntyfive: bets $3
NIGHTyxa: calls $3
*** TURN *** [5h 2c 3h] [3d]
tw3ntyfive: bets $6
NIGHTyxa: calls $6
*** RIVER *** [5h 2c 3h 3d] [Ac]
tw3ntyfive: bets $6
NIGHTyxa: folds
Uncalled bet ($6) returned to tw3ntyfive
tw3ntyfive collected $29.50 from pot
tw3ntyfive: doesn't show hand
*** SUMMARY ***
Total pot $30 | Rake $0.50
Board [5h 2c 3h 3d Ac]
Seat 1: tw3ntyfive (big blind) collected ($29.50)
Seat 2: NIGHTyxa (button) (small blind) folded on the River


PokerStars Hand #147914276210:  Hold'em Limit ($3/$6 USD) - 2016/01/29 23:46:36 ET
Table 'Aemilia' 2-max Seat #1 is the button
Seat 1: tw3ntyfive ($167.78 in chips)
Seat 2: NIGHTyxa ($79.76 in chips)
tw3ntyfive: posts small blind $1
NIGHTyxa: posts big blind $3
*** HOLE CARDS ***
tw3ntyfive: calls $2
NIGHTyxa: raises $3 to $6
tw3ntyfive: calls $3
*** FLOP *** [Jh 6h 6s]
NIGHTyxa: bets $3
tw3ntyfive: calls $3
*** TURN *** [Jh 6h 6s] [Kc]
NIGHTyxa: bets $6
tw3ntyfive: folds
Uncalled bet ($6) returned to NIGHTyxa
NIGHTyxa collected $17.64 from pot
NIGHTyxa: doesn't show hand
*** SUMMARY ***
Total pot $18 | Rake $0.36
Board [Jh 6h 6s Kc]
Seat 1: tw3ntyfive (button) (small blind) folded on the Turn
Seat 2: NIGHTyxa (big blind) collected ($17.64)


PokerStars Hand #147914266718:  Hold'em Limit ($3/$6 USD) - 2016/01/29 23:46:07 ET
Table 'Aemilia' 2-max Seat #2 is the button
Seat 1: tw3ntyfive ($147.28 in chips)
Seat 2: NIGHTyxa ($100.76 in chips)
NIGHTyxa: posts small blind $1
tw3ntyfive: posts big blind $3
*** HOLE CARDS ***
NIGHTyxa: raises $3 to $6
tw3ntyfive: calls $3
*** FLOP *** [Tc 4d 6s]
tw3ntyfive: checks
NIGHTyxa: bets $3
tw3ntyfive: calls $3
*** TURN *** [Tc 4d 6s] [2h]
tw3ntyfive: checks
NIGHTyxa: bets $6
tw3ntyfive: calls $6
*** RIVER *** [Tc 4d 6s 2h] [4h]
tw3ntyfive: bets $6
NIGHTyxa: calls $6
*** SHOW DOWN ***
tw3ntyfive: shows [4c 5s] (three of a kind, Fours)
NIGHTyxa: mucks hand
tw3ntyfive collected $41.50 from pot
*** SUMMARY ***
Total pot $42 | Rake $0.50
Board [Tc 4d 6s 2h 4h]
Seat 1: tw3ntyfive (big blind) showed [4c 5s] and won ($41.50) with three of a kind, Fours
Seat 2: NIGHTyxa (button) (small blind) mucked


PokerStars Hand #147914289394:  Hold'em Limit ($3/$6 USD) - 2016/01/29 23:47:15 ET
Table 'Aemilia' 2-max Seat #1 is the button
Seat 1: tw3ntyfive ($137.78 in chips)
Seat 2: NIGHTyxa ($108.90 in chips)
tw3ntyfive: posts small blind $1
NIGHTyxa: posts big blind $3
*** HOLE CARDS ***
tw3ntyfive: folds
Uncalled bet ($2) returned to NIGHTyxa
NIGHTyxa collected $2 from pot
NIGHTyxa: doesn't show hand
*** SUMMARY ***
Total pot $2 | Rake $0
Seat 1: tw3ntyfive (button) (small blind) folded before Flop
Seat 2: NIGHTyxa (big blind) collected ($2)


PokerStars Hand #147914306913:  Hold'em Limit ($3/$6 USD) - 2016/01/29 23:48:08 ET
Table 'Aemilia' 2-max Seat #1 is the button
Seat 1: tw3ntyfive ($85.78 in chips)
Seat 2: NIGHTyxa ($159.66 in chips)
tw3ntyfive: posts small blind $1
NIGHTyxa: posts big blind $3
*** HOLE CARDS ***
tw3ntyfive: folds
Uncalled bet ($2) returned to NIGHTyxa
NIGHTyxa collected $2 from pot
NIGHTyxa: doesn't show hand
*** SUMMARY ***
Total pot $2 | Rake $0
Seat 1: tw3ntyfive (button) (small blind) folded before Flop
Seat 2: NIGHTyxa (big blind) collected ($2)


PokerStars Hand #147914302067:  Hold'em Limit ($3/$6 USD) - 2016/01/29 23:47:53 ET
Table 'Aemilia' 2-max Seat #2 is the button
Seat 1: tw3ntyfive ($106.78 in chips)
Seat 2: NIGHTyxa ($139.16 in chips)
NIGHTyxa: posts small blind $1
tw3ntyfive: posts big blind $3
*** HOLE CARDS ***
NIGHTyxa: raises $3 to $6
tw3ntyfive: calls $3
*** FLOP *** [3c Ac 5c]
tw3ntyfive: bets $3
NIGHTyxa: calls $3
*** TURN *** [3c Ac 5c] [5d]
tw3ntyfive: bets $6
NIGHTyxa: calls $6
*** RIVER *** [3c Ac 5c 5d] [8c]
tw3ntyfive: bets $6
NIGHTyxa: calls $6
*** SHOW DOWN ***
tw3ntyfive: shows [4s 9d] (a pair of Fives)
NIGHTyxa: shows [Ad 9c] (a flush, Ace high)
NIGHTyxa collected $41.50 from pot
*** SUMMARY ***
Total pot $42 | Rake $0.50
Board [3c Ac 5c 5d 8c]
Seat 1: tw3ntyfive (big blind) showed [4s 9d] and lost with a pair of Fives
Seat 2: NIGHTyxa (button) (small blind) showed [Ad 9c] and won ($41.50) with a flush, Ace high


PokerStars Hand #147914296167:  Hold'em Limit ($3/$6 USD) - 2016/01/29 23:47:35 ET
Table 'Aemilia' 2-max Seat #1 is the button
Seat 1: tw3ntyfive ($130.78 in chips)
Seat 2: NIGHTyxa ($115.66 in chips)
tw3ntyfive: posts small blind $1
NIGHTyxa: posts big blind $3
*** HOLE CARDS ***
tw3ntyfive: raises $3 to $6
NIGHTyxa: raises $3 to $9
tw3ntyfive: calls $3
*** FLOP *** [4s 5h 2c]
NIGHTyxa: bets $3
tw3ntyfive: calls $3
*** TURN *** [4s 5h 2c] [Jd]
NIGHTyxa: bets $6
tw3ntyfive: calls $6
*** RIVER *** [4s 5h 2c Jd] [7d]
NIGHTyxa: bets $6
tw3ntyfive: calls $6
*** SHOW DOWN ***
NIGHTyxa: shows [Js Jh] (three of a kind, Jacks)
tw3ntyfive: mucks hand
NIGHTyxa collected $47.50 from pot
*** SUMMARY ***
Total pot $48 | Rake $0.50
Board [4s 5h 2c Jd 7d]
Seat 1: tw3ntyfive (button) (small blind) mucked
Seat 2: NIGHTyxa (big blind) showed [Js Jh] and won ($47.50) with three of a kind, Jacks


PokerStars Hand #147914291404:  Hold'em Limit ($3/$6 USD) - 2016/01/29 23:47:21 ET
Table 'Aemilia' 2-max Seat #2 is the button
Seat 1: tw3ntyfive ($136.78 in chips)
Seat 2: NIGHTyxa ($109.90 in chips)
NIGHTyxa: posts small blind $1
tw3ntyfive: posts big blind $3
*** HOLE CARDS ***
NIGHTyxa: raises $3 to $6
tw3ntyfive: calls $3
*** FLOP *** [5d As 9s]
tw3ntyfive: checks
NIGHTyxa: bets $3
tw3ntyfive: folds
Uncalled bet ($3) returned to NIGHTyxa
NIGHTyxa collected $11.76 from pot
NIGHTyxa: doesn't show hand
*** SUMMARY ***
Total pot $12 | Rake $0.24
Board [5d As 9s]
Seat 1: tw3ntyfive (big blind) folded on the Flop
Seat 2: NIGHTyxa (button) (small blind) collected ($11.76)


PokerStars Hand #147914308427:  Hold'em Limit ($3/$6 USD) - 2016/01/29 23:48:12 ET
Table 'Aemilia' 2-max Seat #2 is the button
Seat 1: tw3ntyfive ($84.78 in chips)
Seat 2: NIGHTyxa ($160.66 in chips)
NIGHTyxa: posts small blind $1
tw3ntyfive: posts big blind $3
*** HOLE CARDS ***
NIGHTyxa: raises $3 to $6
tw3ntyfive: calls $3
*** FLOP *** [Ac 6h Kd]
tw3ntyfive: checks
NIGHTyxa: bets $3
tw3ntyfive: calls $3
*** TURN *** [Ac 6h Kd] [7d]
tw3ntyfive: checks
NIGHTyxa: checks
*** RIVER *** [Ac 6h Kd 7d] [Th]
tw3ntyfive: bets $6
NIGHTyxa: calls $6
*** SHOW DOWN ***
tw3ntyfive: shows [3h 6c] (a pair of Sixes)
NIGHTyxa: shows [6d 8c] (a pair of Sixes)
tw3ntyfive collected $14.75 from pot
NIGHTyxa collected $14.75 from pot
*** SUMMARY ***
Total pot $30 | Rake $0.50
Board [Ac 6h Kd 7d Th]
Seat 1: tw3ntyfive (big blind) showed [3h 6c] and won ($14.75) with a pair of Sixes
Seat 2: NIGHTyxa (button) (small blind) showed [6d 8c] and won ($14.75) with a pair of Sixes


PokerStars Hand #147914315754:  Hold'em Limit ($3/$6 USD) - 2016/01/29 23:48:35 ET
Table 'Aemilia' 2-max Seat #2 is the button
Seat 1: tw3ntyfive ($83.53 in chips)
Seat 2: NIGHTyxa ($161.41 in chips)
NIGHTyxa: posts small blind $1
tw3ntyfive: posts big blind $3
*** HOLE CARDS ***
NIGHTyxa: folds
Uncalled bet ($2) returned to tw3ntyfive
tw3ntyfive collected $2 from pot
tw3ntyfive: doesn't show hand
*** SUMMARY ***
Total pot $2 | Rake $0
Seat 1: tw3ntyfive (big blind) collected ($2)
Seat 2: NIGHTyxa (button) (small blind) folded before Flop


PokerStars Hand #147914314224:  Hold'em Limit ($3/$6 USD) - 2016/01/29 23:48:30 ET
Table 'Aemilia' 2-max Seat #1 is the button
Seat 1: tw3ntyfive ($84.53 in chips)
Seat 2: NIGHTyxa ($160.41 in chips)
tw3ntyfive: posts small blind $1
NIGHTyxa: posts big blind $3
*** HOLE CARDS ***
tw3ntyfive: folds
Uncalled bet ($2) returned to NIGHTyxa
NIGHTyxa collected $2 from pot
NIGHTyxa: doesn't show hand
*** SUMMARY ***
Total pot $2 | Rake $0
Seat 1: tw3ntyfive (button) (small blind) folded before Flop
Seat 2: NIGHTyxa (big blind) collected ($2)


PokerStars Hand #147914317373:  Hold'em Limit ($3/$6 USD) - 2016/01/29 23:48:39 ET
Table 'Aemilia' 2-max Seat #1 is the button
Seat 1: tw3ntyfive ($84.53 in chips)
Seat 2: NIGHTyxa ($160.41 in chips)
tw3ntyfive: posts small blind $1
NIGHTyxa: posts big blind $3
*** HOLE CARDS ***
tw3ntyfive: raises $3 to $6
NIGHTyxa: calls $3
*** FLOP *** [6c Tc 3s]
NIGHTyxa: checks
tw3ntyfive: checks
*** TURN *** [6c Tc 3s] [4s]
NIGHTyxa: bets $6
tw3ntyfive: calls $6
*** RIVER *** [6c Tc 3s 4s] [5s]
NIGHTyxa: bets $6
tw3ntyfive: raises $6 to $12
NIGHTyxa: folds
Uncalled bet ($6) returned to tw3ntyfive
tw3ntyfive collected $35.50 from pot
tw3ntyfive: doesn't show hand
*** SUMMARY ***
Total pot $36 | Rake $0.50
Board [6c Tc 3s 4s 5s]
Seat 1: tw3ntyfive (button) (small blind) collected ($35.50)
Seat 2: NIGHTyxa (big blind) folded on the River


PokerStars Hand #147914324034:  Hold'em Limit ($3/$6 USD) - 2016/01/29 23:49:00 ET
Table 'Aemilia' 2-max Seat #2 is the button
Seat 1: tw3ntyfive ($102.03 in chips)
Seat 2: NIGHTyxa ($142.41 in chips)
NIGHTyxa: posts small blind $1
tw3ntyfive: posts big blind $3
*** HOLE CARDS ***
NIGHTyxa: raises $3 to $6
tw3ntyfive: calls $3
*** FLOP *** [3c 8h Qh]
tw3ntyfive: bets $3
NIGHTyxa: calls $3
*** TURN *** [3c 8h Qh] [4d]
tw3ntyfive: checks
NIGHTyxa: bets $6
tw3ntyfive: raises $6 to $12
NIGHTyxa: raises $6 to $18
tw3ntyfive: calls $6
*** RIVER *** [3c 8h Qh 4d] [Ah]
tw3ntyfive: checks
NIGHTyxa: bets $6
tw3ntyfive: calls $6
*** SHOW DOWN ***
NIGHTyxa: shows [8d Qs] (two pair, Queens and Eights)
tw3ntyfive: mucks hand
NIGHTyxa collected $65.50 from pot
*** SUMMARY ***
Total pot $66 | Rake $0.50
Board [3c 8h Qh 4d Ah]
Seat 1: tw3ntyfive (big blind) mucked
Seat 2: NIGHTyxa (button) (small blind) showed [8d Qs] and won ($65.50) with two pair, Queens and Eights


PokerStars Hand #147914333074:  Hold'em Limit ($3/$6 USD) - 2016/01/29 23:49:27 ET
Table 'Aemilia' 2-max Seat #1 is the button
Seat 1: tw3ntyfive ($69.03 in chips)
Seat 2: NIGHTyxa ($174.91 in chips)
tw3ntyfive: posts small blind $1
NIGHTyxa: posts big blind $3
*** HOLE CARDS ***
tw3ntyfive: raises $3 to $6
NIGHTyxa: folds
Uncalled bet ($3) returned to tw3ntyfive
tw3ntyfive collected $6 from pot
tw3ntyfive: doesn't show hand
*** SUMMARY ***
Total pot $6 | Rake $0
Seat 1: tw3ntyfive (button) (small blind) collected ($6)
Seat 2: NIGHTyxa (big blind) folded before Flop


PokerStars Hand #147914337385:  Hold'em Limit ($3/$6 USD) - 2016/01/29 23:49:40 ET
Table 'Aemilia' 2-max Seat #2 is the button
Seat 1: tw3ntyfive ($72.03 in chips)
Seat 2: NIGHTyxa ($171.91 in chips)
NIGHTyxa: posts small blind $1
tw3ntyfive: posts big blind $3
*** HOLE CARDS ***
NIGHTyxa: folds
Uncalled bet ($2) returned to tw3ntyfive
tw3ntyfive collected $2 from pot
tw3ntyfive: doesn't show hand
*** SUMMARY ***
Total pot $2 | Rake $0
Seat 1: tw3ntyfive (big blind) collected ($2)
Seat 2: NIGHTyxa (button) (small blind) folded before Flop


PokerStars Hand #147914342220:  Hold'em Limit ($3/$6 USD) - 2016/01/29 23:49:55 ET
Table 'Aemilia' 2-max Seat #2 is the button
Seat 1: tw3ntyfive ($78.79 in chips)
Seat 2: NIGHTyxa ($164.91 in chips)
NIGHTyxa: posts small blind $1
tw3ntyfive: posts big blind $3
*** HOLE CARDS ***
NIGHTyxa: folds
Uncalled bet ($2) returned to tw3ntyfive
tw3ntyfive collected $2 from pot
tw3ntyfive: doesn't show hand
*** SUMMARY ***
Total pot $2 | Rake $0
Seat 1: tw3ntyfive (big blind) collected ($2)
Seat 2: NIGHTyxa (button) (small blind) folded before Flop


PokerStars Hand #147914338925:  Hold'em Limit ($3/$6 USD) - 2016/01/29 23:49:45 ET
Table 'Aemilia' 2-max Seat #1 is the button
Seat 1: tw3ntyfive ($73.03 in chips)
Seat 2: NIGHTyxa ($170.91 in chips)
tw3ntyfive: posts small blind $1
NIGHTyxa: posts big blind $3
*** HOLE CARDS ***
tw3ntyfive: raises $3 to $6
NIGHTyxa: calls $3
*** FLOP *** [Ah Jc Ac]
NIGHTyxa: checks
tw3ntyfive: bets $3
NIGHTyxa: folds
Uncalled bet ($3) returned to tw3ntyfive
tw3ntyfive collected $11.76 from pot
tw3ntyfive: doesn't show hand
*** SUMMARY ***
Total pot $12 | Rake $0.24
Board [Ah Jc Ac]
Seat 1: tw3ntyfive (button) (small blind) collected ($11.76)
Seat 2: NIGHTyxa (big blind) folded on the Flop


PokerStars Hand #147914351964:  Hold'em Limit ($3/$6 USD) - 2016/01/29 23:50:25 ET
Table 'Aemilia' 2-max Seat #1 is the button
Seat 1: tw3ntyfive ($79.67 in chips)
Seat 2: NIGHTyxa ($163.91 in chips)
tw3ntyfive: posts small blind $1
NIGHTyxa: posts big blind $3
*** HOLE CARDS ***
tw3ntyfive: folds
Uncalled bet ($2) returned to NIGHTyxa
NIGHTyxa collected $2 from pot
NIGHTyxa: doesn't show hand
*** SUMMARY ***
Total pot $2 | Rake $0
Seat 1: tw3ntyfive (button) (small blind) folded before Flop
Seat 2: NIGHTyxa (big blind) collected ($2)


PokerStars Hand #147914349249:  Hold'em Limit ($3/$6 USD) - 2016/01/29 23:50:17 ET
Table 'Aemilia' 2-max Seat #2 is the button
Seat 1: tw3ntyfive ($82.67 in chips)
Seat 2: NIGHTyxa ($160.91 in chips)
NIGHTyxa: posts small blind $1
tw3ntyfive: posts big blind $3
*** HOLE CARDS ***
NIGHTyxa: raises $3 to $6
tw3ntyfive: folds
Uncalled bet ($3) returned to NIGHTyxa
NIGHTyxa collected $6 from pot
NIGHTyxa: doesn't show hand
*** SUMMARY ***
Total pot $6 | Rake $0
Seat 1: tw3ntyfive (big blind) folded before Flop
Seat 2: NIGHTyxa (button) (small blind) collected ($6)


PokerStars Hand #147914358379:  Hold'em Limit ($3/$6 USD) - 2016/01/29 23:50:45 ET
Table 'Aemilia' 2-max Seat #1 is the button
Seat 1: tw3ntyfive ($72.67 in chips)
Seat 2: NIGHTyxa ($170.67 in chips)
tw3ntyfive: posts small blind $1
NIGHTyxa: posts big blind $3
*** HOLE CARDS ***
tw3ntyfive: folds
Uncalled bet ($2) returned to NIGHTyxa
NIGHTyxa collected $2 from pot
NIGHTyxa: doesn't show hand
*** SUMMARY ***
Total pot $2 | Rake $0
Seat 1: tw3ntyfive (button) (small blind) folded before Flop
Seat 2: NIGHTyxa (big blind) collected ($2)


PokerStars Hand #147914353590:  Hold'em Limit ($3/$6 USD) - 2016/01/29 23:50:30 ET
Table 'Aemilia' 2-max Seat #2 is the button
Seat 1: tw3ntyfive ($78.67 in chips)
Seat 2: NIGHTyxa ($164.91 in chips)
NIGHTyxa: posts small blind $1
tw3ntyfive: posts big blind $3
*** HOLE CARDS ***
NIGHTyxa: raises $3 to $6
tw3ntyfive: calls $3
*** FLOP *** [4c 2c 3d]
tw3ntyfive: checks
NIGHTyxa: bets $3
tw3ntyfive: folds
Uncalled bet ($3) returned to NIGHTyxa
NIGHTyxa collected $11.76 from pot
NIGHTyxa: doesn't show hand
*** SUMMARY ***
Total pot $12 | Rake $0.24
Board [4c 2c 3d]
Seat 1: tw3ntyfive (big blind) folded on the Flop
Seat 2: NIGHTyxa (button) (small blind) collected ($11.76)


PokerStars Hand #147914360095:  Hold'em Limit ($3/$6 USD) - 2016/01/29 23:50:50 ET
Table 'Aemilia' 2-max Seat #2 is the button
Seat 1: tw3ntyfive ($71.67 in chips)
Seat 2: NIGHTyxa ($171.67 in chips)
NIGHTyxa: posts small blind $1
tw3ntyfive: posts big blind $3
*** HOLE CARDS ***
NIGHTyxa: raises $3 to $6
tw3ntyfive: folds
Uncalled bet ($3) returned to NIGHTyxa
NIGHTyxa collected $6 from pot
NIGHTyxa: doesn't show hand
*** SUMMARY ***
Total pot $6 | Rake $0
Seat 1: tw3ntyfive (big blind) folded before Flop
Seat 2: NIGHTyxa (button) (small blind) collected ($6)


PokerStars Hand #147914345170:  Hold'em Limit ($3/$6 USD) - 2016/01/29 23:50:04 ET
Table 'Aemilia' 2-max Seat #1 is the button
Seat 1: tw3ntyfive ($79.79 in chips)
Seat 2: NIGHTyxa ($163.91 in chips)
tw3ntyfive: posts small blind $1
NIGHTyxa: posts big blind $3
*** HOLE CARDS ***
tw3ntyfive: calls $2
NIGHTyxa: checks
*** FLOP *** [8c Jh 3s]
NIGHTyxa: checks
tw3ntyfive: bets $3
NIGHTyxa: folds
Uncalled bet ($3) returned to tw3ntyfive
tw3ntyfive collected $5.88 from pot
tw3ntyfive: doesn't show hand
*** SUMMARY ***
Total pot $6 | Rake $0.12
Board [8c Jh 3s]
Seat 1: tw3ntyfive (button) (small blind) collected ($5.88)
Seat 2: NIGHTyxa (big blind) folded on the Flop


PokerStars Hand #147914369921:  Hold'em Limit ($3/$6 USD) - 2016/01/29 23:51:20 ET
Table 'Aemilia' 2-max Seat #2 is the button
Seat 1: tw3ntyfive ($95.17 in chips)
Seat 2: NIGHTyxa ($147.67 in chips)
NIGHTyxa: posts small blind $1
tw3ntyfive: posts big blind $3
*** HOLE CARDS ***
NIGHTyxa: raises $3 to $6
tw3ntyfive: folds
Uncalled bet ($3) returned to NIGHTyxa
NIGHTyxa collected $6 from pot
NIGHTyxa: doesn't show hand
*** SUMMARY ***
Total pot $6 | Rake $0
Seat 1: tw3ntyfive (big blind) folded before Flop
Seat 2: NIGHTyxa (button) (small blind) collected ($6)


PokerStars Hand #147914371761:  Hold'em Limit ($3/$6 USD) - 2016/01/29 23:51:25 ET
Table 'Aemilia' 2-max Seat #1 is the button
Seat 1: tw3ntyfive ($92.17 in chips)
Seat 2: NIGHTyxa ($150.67 in chips)
tw3ntyfive: posts small blind $1
NIGHTyxa: posts big blind $3
*** HOLE CARDS ***
tw3ntyfive: raises $3 to $6
NIGHTyxa: calls $3
*** FLOP *** [3h 6d 6c]
NIGHTyxa: checks
tw3ntyfive: bets $3
NIGHTyxa: calls $3
*** TURN *** [3h 6d 6c] [5h]
NIGHTyxa: checks
tw3ntyfive: bets $6
NIGHTyxa: calls $6
*** RIVER *** [3h 6d 6c 5h] [9d]
NIGHTyxa: bets $6
tw3ntyfive: calls $6
*** SHOW DOWN ***
NIGHTyxa: shows [2h 9h] (two pair, Nines and Sixes)
tw3ntyfive: mucks hand
NIGHTyxa collected $41.50 from pot
*** SUMMARY ***
Total pot $42 | Rake $0.50
Board [3h 6d 6c 5h 9d]
Seat 1: tw3ntyfive (button) (small blind) mucked
Seat 2: NIGHTyxa (big blind) showed [2h 9h] and won ($41.50) with two pair, Nines and Sixes


PokerStars Hand #147914377231:  Hold'em Limit ($3/$6 USD) - 2016/01/29 23:51:42 ET
Table 'Aemilia' 2-max Seat #2 is the button
Seat 1: tw3ntyfive ($71.17 in chips)
Seat 2: NIGHTyxa ($171.17 in chips)
NIGHTyxa: posts small blind $1
tw3ntyfive: posts big blind $3
*** HOLE CARDS ***
NIGHTyxa: raises $3 to $6
tw3ntyfive: raises $3 to $9
NIGHTyxa: calls $3
*** FLOP *** [2h 7c 4s]
tw3ntyfive: bets $3
NIGHTyxa: calls $3
*** TURN *** [2h 7c 4s] [8h]
tw3ntyfive: checks
NIGHTyxa: bets $6
tw3ntyfive: calls $6
*** RIVER *** [2h 7c 4s 8h] [5d]
tw3ntyfive: checks
NIGHTyxa: checks
*** SHOW DOWN ***
tw3ntyfive: shows [Ah Qd] (high card Ace)
NIGHTyxa: shows [Ad 4c] (a pair of Fours)
NIGHTyxa collected $35.50 from pot
*** SUMMARY ***
Total pot $36 | Rake $0.50
Board [2h 7c 4s 8h 5d]
Seat 1: tw3ntyfive (big blind) showed [Ah Qd] and lost with high card Ace
Seat 2: NIGHTyxa (button) (small blind) showed [Ad 4c] and won ($35.50) with a pair of Fours


PokerStars Hand #147914382851:  Hold'em Limit ($3/$6 USD) - 2016/01/29 23:51:59 ET
Table 'Aemilia' 2-max Seat #1 is the button
Seat 1: tw3ntyfive ($53.17 in chips)
Seat 2: NIGHTyxa ($188.67 in chips)
tw3ntyfive: posts small blind $1
NIGHTyxa: posts big blind $3
*** HOLE CARDS ***
tw3ntyfive: raises $3 to $6
NIGHTyxa: calls $3
*** FLOP *** [2c 8s Ts]
NIGHTyxa: checks
tw3ntyfive: bets $3
NIGHTyxa: folds
Uncalled bet ($3) returned to tw3ntyfive
tw3ntyfive collected $11.76 from pot
tw3ntyfive: doesn't show hand
*** SUMMARY ***
Total pot $12 | Rake $0.24
Board [2c 8s Ts]
Seat 1: tw3ntyfive (button) (small blind) collected ($11.76)
Seat 2: NIGHTyxa (big blind) folded on the Flop


PokerStars Hand #147914361986:  Hold'em Limit ($3/$6 USD) - 2016/01/29 23:50:55 ET
Table 'Aemilia' 2-max Seat #1 is the button
Seat 1: tw3ntyfive ($68.67 in chips)
Seat 2: NIGHTyxa ($174.67 in chips)
tw3ntyfive: posts small blind $1
NIGHTyxa: posts big blind $3
*** HOLE CARDS ***
tw3ntyfive: calls $2
NIGHTyxa: checks
*** FLOP *** [Jh 5s 2s]
NIGHTyxa: checks
tw3ntyfive: bets $3
NIGHTyxa: raises $3 to $6
tw3ntyfive: calls $3
*** TURN *** [Jh 5s 2s] [3h]
NIGHTyxa: bets $6
tw3ntyfive: raises $6 to $12
NIGHTyxa: calls $6
*** RIVER *** [Jh 5s 2s 3h] [7c]
NIGHTyxa: checks
tw3ntyfive: bets $6
NIGHTyxa: calls $6
*** SHOW DOWN ***
tw3ntyfive: shows [Ad As] (a pair of Aces)
NIGHTyxa: mucks hand
tw3ntyfive collected $53.50 from pot
*** SUMMARY ***
Total pot $54 | Rake $0.50
Board [Jh 5s 2s 3h 7c]
Seat 1: tw3ntyfive (button) (small blind) showed [Ad As] and won ($53.50) with a pair of Aces
Seat 2: NIGHTyxa (big blind) mucked


PokerStars Hand #147914394119:  Hold'em Limit ($3/$6 USD) - 2016/01/29 23:52:34 ET
Table 'Aemilia' 2-max Seat #2 is the button
Seat 1: tw3ntyfive ($46.69 in chips)
Seat 2: NIGHTyxa ($194.17 in chips)
NIGHTyxa: posts small blind $1
tw3ntyfive: posts big blind $3
*** HOLE CARDS ***
NIGHTyxa: raises $3 to $6
tw3ntyfive: calls $3
*** FLOP *** [5d 5c 9h]
tw3ntyfive: checks
NIGHTyxa: bets $3
tw3ntyfive: calls $3
*** TURN *** [5d 5c 9h] [7s]
tw3ntyfive: checks
NIGHTyxa: bets $6
tw3ntyfive: calls $6
*** RIVER *** [5d 5c 9h 7s] [4s]
tw3ntyfive: checks
NIGHTyxa: checks
*** SHOW DOWN ***
tw3ntyfive: shows [Ts 7h] (two pair, Sevens and Fives)
NIGHTyxa: mucks hand
tw3ntyfive collected $29.50 from pot
*** SUMMARY ***
Total pot $30 | Rake $0.50
Board [5d 5c 9h 7s 4s]
Seat 1: tw3ntyfive (big blind) showed [Ts 7h] and won ($29.50) with two pair, Sevens and Fives
Seat 2: NIGHTyxa (button) (small blind) mucked


PokerStars Hand #147914391261:  Hold'em Limit ($3/$6 USD) - 2016/01/29 23:52:25 ET
Table 'Aemilia' 2-max Seat #1 is the button
Seat 1: tw3ntyfive ($40.93 in chips)
Seat 2: NIGHTyxa ($200.17 in chips)
tw3ntyfive: posts small blind $1
NIGHTyxa: posts big blind $3
*** HOLE CARDS ***
tw3ntyfive: raises $3 to $6
NIGHTyxa: calls $3
*** FLOP *** [Qd Td 5s]
NIGHTyxa: checks
tw3ntyfive: bets $3
NIGHTyxa: folds
Uncalled bet ($3) returned to tw3ntyfive
tw3ntyfive collected $11.76 from pot
tw3ntyfive: doesn't show hand
*** SUMMARY ***
Total pot $12 | Rake $0.24
Board [Qd Td 5s]
Seat 1: tw3ntyfive (button) (small blind) collected ($11.76)
Seat 2: NIGHTyxa (big blind) folded on the Flop


PokerStars Hand #147914386106:  Hold'em Limit ($3/$6 USD) - 2016/01/29 23:52:10 ET
Table 'Aemilia' 2-max Seat #2 is the button
Seat 1: tw3ntyfive ($58.93 in chips)
Seat 2: NIGHTyxa ($182.67 in chips)
NIGHTyxa: posts small blind $1
tw3ntyfive: posts big blind $3
*** HOLE CARDS ***
NIGHTyxa: raises $3 to $6
tw3ntyfive: raises $3 to $9
NIGHTyxa: calls $3
*** FLOP *** [Ah 5c 2s]
tw3ntyfive: bets $3
NIGHTyxa: calls $3
*** TURN *** [Ah 5c 2s] [4s]
tw3ntyfive: checks
NIGHTyxa: bets $6
tw3ntyfive: calls $6
*** RIVER *** [Ah 5c 2s 4s] [Qh]
tw3ntyfive: checks
NIGHTyxa: checks
*** SHOW DOWN ***
tw3ntyfive: shows [Jd Kd] (high card Ace)
NIGHTyxa: shows [2h 8h] (a pair of Deuces)
NIGHTyxa collected $35.50 from pot
*** SUMMARY ***
Total pot $36 | Rake $0.50
Board [Ah 5c 2s 4s Qh]
Seat 1: tw3ntyfive (big blind) showed [Jd Kd] and lost with high card Ace
Seat 2: NIGHTyxa (button) (small blind) showed [2h 8h] and won ($35.50) with a pair of Deuces


PokerStars Hand #147914415640:  Hold'em Limit ($3/$6 USD) - 2016/01/29 23:53:40 ET
Table 'Aemilia' 2-max Seat #1 is the button
Seat 1: tw3ntyfive ($81.35 in chips)
Seat 2: NIGHTyxa ($158.17 in chips)
tw3ntyfive: posts small blind $1
NIGHTyxa: posts big blind $3
*** HOLE CARDS ***
tw3ntyfive: raises $3 to $6
NIGHTyxa: folds
Uncalled bet ($3) returned to tw3ntyfive
tw3ntyfive collected $6 from pot
tw3ntyfive: doesn't show hand
*** SUMMARY ***
Total pot $6 | Rake $0
Seat 1: tw3ntyfive (button) (small blind) collected ($6)
Seat 2: NIGHTyxa (big blind) folded before Flop


PokerStars Hand #147914410437:  Hold'em Limit ($3/$6 USD) - 2016/01/29 23:53:24 ET
Table 'Aemilia' 2-max Seat #2 is the button
Seat 1: tw3ntyfive ($72.71 in chips)
Seat 2: NIGHTyxa ($167.17 in chips)
NIGHTyxa: posts small blind $1
tw3ntyfive: posts big blind $3
*** HOLE CARDS ***
NIGHTyxa: raises $3 to $6
tw3ntyfive: calls $3
*** FLOP *** [6c 3d Ks]
tw3ntyfive: bets $3
NIGHTyxa: calls $3
*** TURN *** [6c 3d Ks] [Qs]
tw3ntyfive: bets $6
NIGHTyxa: folds
Uncalled bet ($6) returned to tw3ntyfive
tw3ntyfive collected $17.64 from pot
tw3ntyfive: doesn't show hand
*** SUMMARY ***
Total pot $18 | Rake $0.36
Board [6c 3d Ks Qs]
Seat 1: tw3ntyfive (big blind) collected ($17.64)
Seat 2: NIGHTyxa (button) (small blind) folded on the Turn


PokerStars Hand #147914417462:  Hold'em Limit ($3/$6 USD) - 2016/01/29 23:53:45 ET
Table 'Aemilia' 2-max Seat #2 is the button
Seat 1: tw3ntyfive ($84.35 in chips)
Seat 2: NIGHTyxa ($155.17 in chips)
NIGHTyxa: posts small blind $1
tw3ntyfive: posts big blind $3
*** HOLE CARDS ***
NIGHTyxa: raises $3 to $6
tw3ntyfive: folds
Uncalled bet ($3) returned to NIGHTyxa
NIGHTyxa collected $6 from pot
NIGHTyxa: doesn't show hand
*** SUMMARY ***
Total pot $6 | Rake $0
Seat 1: tw3ntyfive (big blind) folded before Flop
Seat 2: NIGHTyxa (button) (small blind) collected ($6)


PokerStars Hand #147914419383:  Hold'em Limit ($3/$6 USD) - 2016/01/29 23:53:51 ET
Table 'Aemilia' 2-max Seat #1 is the button
Seat 1: tw3ntyfive ($81.35 in chips)
Seat 2: NIGHTyxa ($158.17 in chips)
tw3ntyfive: posts small blind $1
NIGHTyxa: posts big blind $3
*** HOLE CARDS ***
tw3ntyfive: raises $3 to $6
NIGHTyxa: folds
Uncalled bet ($3) returned to tw3ntyfive
tw3ntyfive collected $6 from pot
tw3ntyfive: doesn't show hand
*** SUMMARY ***
Total pot $6 | Rake $0
Seat 1: tw3ntyfive (button) (small blind) collected ($6)
Seat 2: NIGHTyxa (big blind) folded before Flop


PokerStars Hand #147914421449:  Hold'em Limit ($3/$6 USD) - 2016/01/29 23:53:57 ET
Table 'Aemilia' 2-max Seat #2 is the button
Seat 1: tw3ntyfive ($84.35 in chips)
Seat 2: NIGHTyxa ($155.17 in chips)
NIGHTyxa: posts small blind $1
tw3ntyfive: posts big blind $3
*** HOLE CARDS ***
NIGHTyxa: raises $3 to $6
tw3ntyfive: calls $3
*** FLOP *** [6s 9s Td]
tw3ntyfive: checks
NIGHTyxa: bets $3
tw3ntyfive: calls $3
*** TURN *** [6s 9s Td] [Kc]
tw3ntyfive: checks
NIGHTyxa: bets $6
tw3ntyfive: calls $6
*** RIVER *** [6s 9s Td Kc] [5h]
tw3ntyfive: checks
NIGHTyxa: bets $6
tw3ntyfive: calls $6
*** SHOW DOWN ***
NIGHTyxa: shows [Jd Ts] (a pair of Tens)
tw3ntyfive: mucks hand
NIGHTyxa collected $41.50 from pot
*** SUMMARY ***
Total pot $42 | Rake $0.50
Board [6s 9s Td Kc 5h]
Seat 1: tw3ntyfive (big blind) mucked
Seat 2: NIGHTyxa (button) (small blind) showed [Jd Ts] and won ($41.50) with a pair of Tens


PokerStars Hand #147914400693:  Hold'em Limit ($3/$6 USD) - 2016/01/29 23:52:54 ET
Table 'Aemilia' 2-max Seat #1 is the button
Seat 1: tw3ntyfive ($61.19 in chips)
Seat 2: NIGHTyxa ($179.17 in chips)
tw3ntyfive: posts small blind $1
NIGHTyxa: posts big blind $3
*** HOLE CARDS ***
tw3ntyfive: calls $2
NIGHTyxa: checks
*** FLOP *** [2d Ah 5d]
NIGHTyxa: bets $3
tw3ntyfive: calls $3
*** TURN *** [2d Ah 5d] [7c]
NIGHTyxa: checks
tw3ntyfive: bets $6
NIGHTyxa: calls $6
*** RIVER *** [2d Ah 5d 7c] [7h]
NIGHTyxa: checks
tw3ntyfive: checks
*** SHOW DOWN ***
NIGHTyxa: shows [6d 5h] (two pair, Sevens and Fives)
tw3ntyfive: shows [Ac 8h] (two pair, Aces and Sevens)
tw3ntyfive collected $23.52 from pot
*** SUMMARY ***
Total pot $24 | Rake $0.48
Board [2d Ah 5d 7c 7h]
Seat 1: tw3ntyfive (button) (small blind) showed [Ac 8h] and won ($23.52) with two pair, Aces and Sevens
Seat 2: NIGHTyxa (big blind) showed [6d 5h] and lost with two pair, Sevens and Fives


PokerStars Hand #147914426966:  Hold'em Limit ($3/$6 USD) - 2016/01/29 23:54:14 ET
Table 'Aemilia' 2-max Seat #1 is the button
Seat 1: tw3ntyfive ($63.35 in chips)
Seat 2: NIGHTyxa ($175.67 in chips)
tw3ntyfive: posts small blind $1
NIGHTyxa: posts big blind $3
*** HOLE CARDS ***
tw3ntyfive: folds
Uncalled bet ($2) returned to NIGHTyxa
NIGHTyxa collected $2 from pot
NIGHTyxa: doesn't show hand
*** SUMMARY ***
Total pot $2 | Rake $0
Seat 1: tw3ntyfive (button) (small blind) folded before Flop
Seat 2: NIGHTyxa (big blind) collected ($2)


PokerStars Hand #147914429801:  Hold'em Limit ($3/$6 USD) - 2016/01/29 23:54:22 ET
Table 'Aemilia' 2-max Seat #2 is the button
Seat 1: tw3ntyfive ($62.35 in chips)
Seat 2: NIGHTyxa ($176.67 in chips)
NIGHTyxa: posts small blind $1
tw3ntyfive: posts big blind $3
*** HOLE CARDS ***
NIGHTyxa: raises $3 to $6
tw3ntyfive: raises $3 to $9
NIGHTyxa: calls $3
*** FLOP *** [7c 4s Kc]
tw3ntyfive: checks
NIGHTyxa: checks
*** TURN *** [7c 4s Kc] [8h]
tw3ntyfive: checks
NIGHTyxa: bets $6
tw3ntyfive: raises $6 to $12
NIGHTyxa: folds
Uncalled bet ($6) returned to tw3ntyfive
tw3ntyfive collected $29.50 from pot
tw3ntyfive: doesn't show hand
*** SUMMARY ***
Total pot $30 | Rake $0.50
Board [7c 4s Kc 8h]
Seat 1: tw3ntyfive (big blind) collected ($29.50)
Seat 2: NIGHTyxa (button) (small blind) folded on the Turn


PokerStars Hand #147914437609:  Hold'em Limit ($3/$6 USD) - 2016/01/29 23:54:46 ET
Table 'Aemilia' 2-max Seat #2 is the button
Seat 1: tw3ntyfive ($75.85 in chips)
Seat 2: NIGHTyxa ($162.67 in chips)
NIGHTyxa: posts small blind $1
tw3ntyfive: posts big blind $3
*** HOLE CARDS ***
NIGHTyxa: raises $3 to $6
tw3ntyfive: raises $3 to $9
NIGHTyxa: raises $3 to $12
Betting is capped
tw3ntyfive: calls $3
*** FLOP *** [As 8h 5h]
tw3ntyfive: checks
NIGHTyxa: checks
*** TURN *** [As 8h 5h] [5c]
tw3ntyfive: bets $6
NIGHTyxa: raises $6 to $12
tw3ntyfive: raises $6 to $18
NIGHTyxa: raises $6 to $24
Betting is capped
tw3ntyfive: calls $6
*** RIVER *** [As 8h 5h 5c] [Qh]
tw3ntyfive: bets $6
NIGHTyxa: calls $6
*** SHOW DOWN ***
tw3ntyfive: shows [Th 5d] (three of a kind, Fives)
NIGHTyxa: mucks hand
tw3ntyfive collected $83.50 from pot
*** SUMMARY ***
Total pot $84 | Rake $0.50
Board [As 8h 5h 5c Qh]
Seat 1: tw3ntyfive (big blind) showed [Th 5d] and won ($83.50) with three of a kind, Fives
Seat 2: NIGHTyxa (button) (small blind) mucked


PokerStars Hand #147914445384:  Hold'em Limit ($3/$6 USD) - 2016/01/29 23:55:10 ET
Table 'Aemilia' 2-max Seat #1 is the button
Seat 1: tw3ntyfive ($117.35 in chips)
Seat 2: NIGHTyxa ($120.67 in chips)
tw3ntyfive: posts small blind $1
NIGHTyxa: posts big blind $3
*** HOLE CARDS ***
tw3ntyfive: calls $2
NIGHTyxa: checks
*** FLOP *** [Tc 9d Jd]
NIGHTyxa: checks
tw3ntyfive: bets $3
NIGHTyxa: folds
Uncalled bet ($3) returned to tw3ntyfive
tw3ntyfive collected $5.88 from pot
tw3ntyfive: doesn't show hand
*** SUMMARY ***
Total pot $6 | Rake $0.12
Board [Tc 9d Jd]
Seat 1: tw3ntyfive (button) (small blind) collected ($5.88)
Seat 2: NIGHTyxa (big blind) folded on the Flop


PokerStars Hand #147914448249:  Hold'em Limit ($3/$6 USD) - 2016/01/29 23:55:21 ET
Table 'Aemilia' 2-max Seat #2 is the button
Seat 1: tw3ntyfive ($120.23 in chips)
Seat 2: NIGHTyxa ($117.67 in chips)
NIGHTyxa: posts small blind $1
tw3ntyfive: posts big blind $3
*** HOLE CARDS ***
NIGHTyxa: raises $3 to $6
tw3ntyfive: calls $3
*** FLOP *** [Qs 7c 3s]
tw3ntyfive: bets $3
NIGHTyxa: calls $3
*** TURN *** [Qs 7c 3s] [Kd]
tw3ntyfive: checks
NIGHTyxa: bets $6
tw3ntyfive: calls $6
*** RIVER *** [Qs 7c 3s Kd] [9s]
tw3ntyfive: bets $6
NIGHTyxa: folds
Uncalled bet ($6) returned to tw3ntyfive
tw3ntyfive collected $29.50 from pot
tw3ntyfive: doesn't show hand
*** SUMMARY ***
Total pot $30 | Rake $0.50
Board [Qs 7c 3s Kd 9s]
Seat 1: tw3ntyfive (big blind) collected ($29.50)
Seat 2: NIGHTyxa (button) (small blind) folded on the River


PokerStars Hand #147914453586:  Hold'em Limit ($3/$6 USD) - 2016/01/29 23:55:40 ET
Table 'Aemilia' 2-max Seat #1 is the button
Seat 1: tw3ntyfive ($134.73 in chips)
Seat 2: NIGHTyxa ($102.67 in chips)
tw3ntyfive: posts small blind $1
NIGHTyxa: posts big blind $3
*** HOLE CARDS ***
tw3ntyfive: raises $3 to $6
NIGHTyxa: calls $3
*** FLOP *** [Td Qd 6d]
NIGHTyxa: checks
tw3ntyfive: bets $3
NIGHTyxa: folds
Uncalled bet ($3) returned to tw3ntyfive
tw3ntyfive collected $11.76 from pot
tw3ntyfive: doesn't show hand
*** SUMMARY ***
Total pot $12 | Rake $0.24
Board [Td Qd 6d]
Seat 1: tw3ntyfive (button) (small blind) collected ($11.76)
Seat 2: NIGHTyxa (big blind) folded on the Flop


PokerStars Hand #147914455930:  Hold'em Limit ($3/$6 USD) - 2016/01/29 23:55:48 ET
Table 'Aemilia' 2-max Seat #2 is the button
Seat 1: tw3ntyfive ($140.49 in chips)
Seat 2: NIGHTyxa ($96.67 in chips)
NIGHTyxa: posts small blind $1
tw3ntyfive: posts big blind $3
*** HOLE CARDS ***
NIGHTyxa: raises $3 to $6
tw3ntyfive: calls $3
*** FLOP *** [6d Ah 6c]
tw3ntyfive: bets $3
NIGHTyxa: calls $3
*** TURN *** [6d Ah 6c] [Kh]
tw3ntyfive: bets $6
NIGHTyxa: calls $6
*** RIVER *** [6d Ah 6c Kh] [7h]
tw3ntyfive: bets $6
NIGHTyxa: calls $6
*** SHOW DOWN ***
tw3ntyfive: shows [Qd 8c] (a pair of Sixes)
NIGHTyxa: shows [Jc Ad] (two pair, Aces and Sixes)
NIGHTyxa collected $41.50 from pot
*** SUMMARY ***
Total pot $42 | Rake $0.50
Board [6d Ah 6c Kh 7h]
Seat 1: tw3ntyfive (big blind) showed [Qd 8c] and lost with a pair of Sixes
Seat 2: NIGHTyxa (button) (small blind) showed [Jc Ad] and won ($41.50) with two pair, Aces and Sixes


PokerStars Hand #147914459978:  Hold'em Limit ($3/$6 USD) - 2016/01/29 23:56:02 ET
Table 'Aemilia' 2-max Seat #1 is the button
Seat 1: tw3ntyfive ($119.49 in chips)
Seat 2: NIGHTyxa ($117.17 in chips)
tw3ntyfive: posts small blind $1
NIGHTyxa: posts big blind $3
*** HOLE CARDS ***
tw3ntyfive: calls $2
NIGHTyxa: checks
*** FLOP *** [Td 3c Ac]
NIGHTyxa: checks
tw3ntyfive: checks
*** TURN *** [Td 3c Ac] [Kc]
NIGHTyxa: checks
tw3ntyfive: checks
*** RIVER *** [Td 3c Ac Kc] [Ks]
NIGHTyxa: checks
tw3ntyfive: checks
*** SHOW DOWN ***
NIGHTyxa: shows [6s 4h] (a pair of Kings)
tw3ntyfive: shows [Jh 4s] (a pair of Kings - Ace+Jack kicker)
tw3ntyfive collected $5.88 from pot
*** SUMMARY ***
Total pot $6 | Rake $0.12
Board [Td 3c Ac Kc Ks]
Seat 1: tw3ntyfive (button) (small blind) showed [Jh 4s] and won ($5.88) with a pair of Kings
Seat 2: NIGHTyxa (big blind) showed [6s 4h] and lost with a pair of Kings


PokerStars Hand #147914464068:  Hold'em Limit ($3/$6 USD) - 2016/01/29 23:56:16 ET
Table 'Aemilia' 2-max Seat #2 is the button
Seat 1: tw3ntyfive ($122.37 in chips)
Seat 2: NIGHTyxa ($114.17 in chips)
NIGHTyxa: posts small blind $1
tw3ntyfive: posts big blind $3
*** HOLE CARDS ***
NIGHTyxa: raises $3 to $6
tw3ntyfive: raises $3 to $9
NIGHTyxa: calls $3
*** FLOP *** [4d Ks Jd]
tw3ntyfive: bets $3
NIGHTyxa: calls $3
*** TURN *** [4d Ks Jd] [7s]
tw3ntyfive: checks
NIGHTyxa: bets $6
tw3ntyfive: raises $6 to $12
NIGHTyxa: calls $6
*** RIVER *** [4d Ks Jd 7s] [Jh]
tw3ntyfive: bets $6
NIGHTyxa: raises $6 to $12
tw3ntyfive: calls $6
*** SHOW DOWN ***
NIGHTyxa: shows [8d 5d] (a pair of Jacks)
tw3ntyfive: shows [As Kc] (two pair, Kings and Jacks)
tw3ntyfive collected $71.50 from pot
*** SUMMARY ***
Total pot $72 | Rake $0.50
Board [4d Ks Jd 7s Jh]
Seat 1: tw3ntyfive (big blind) showed [As Kc] and won ($71.50) with two pair, Kings and Jacks
Seat 2: NIGHTyxa (button) (small blind) showed [8d 5d] and lost with a pair of Jacks


PokerStars Hand #147914469517:  Hold'em Limit ($3/$6 USD) - 2016/01/29 23:56:35 ET
Table 'Aemilia' 2-max Seat #1 is the button
Seat 1: tw3ntyfive ($157.87 in chips)
Seat 2: NIGHTyxa ($78.17 in chips)
tw3ntyfive: posts small blind $1
NIGHTyxa: posts big blind $3
*** HOLE CARDS ***
tw3ntyfive: raises $3 to $6
NIGHTyxa: raises $3 to $9
tw3ntyfive: raises $3 to $12
Betting is capped
NIGHTyxa: calls $3
*** FLOP *** [3s Qs Qc]
NIGHTyxa: checks
tw3ntyfive: bets $3
NIGHTyxa: calls $3
*** TURN *** [3s Qs Qc] [Th]
NIGHTyxa: checks
tw3ntyfive: bets $6
NIGHTyxa: calls $6
*** RIVER *** [3s Qs Qc Th] [Kd]
NIGHTyxa: checks
tw3ntyfive: bets $6
NIGHTyxa: calls $6
*** SHOW DOWN ***
tw3ntyfive: shows [Jc Tc] (two pair, Queens and Tens)
NIGHTyxa: shows [Ts Ad] (two pair, Queens and Tens - Ace kicker)
NIGHTyxa collected $53.50 from pot
*** SUMMARY ***
Total pot $54 | Rake $0.50
Board [3s Qs Qc Th Kd]
Seat 1: tw3ntyfive (button) (small blind) showed [Jc Tc] and lost with two pair, Queens and Tens
Seat 2: NIGHTyxa (big blind) showed [Ts Ad] and won ($53.50) with two pair, Queens and Tens


PokerStars Hand #147914482625:  Hold'em Limit ($3/$6 USD) - 2016/01/29 23:57:21 ET
Table 'Aemilia' 2-max Seat #1 is the button
Seat 1: tw3ntyfive ($169.37 in chips)
Seat 2: NIGHTyxa ($72 in chips)
tw3ntyfive: posts small blind $1
NIGHTyxa: posts big blind $3
*** HOLE CARDS ***
tw3ntyfive: calls $2
NIGHTyxa: checks
*** FLOP *** [2s Qc 4c]
NIGHTyxa: checks
tw3ntyfive: checks
*** TURN *** [2s Qc 4c] [8s]
NIGHTyxa: checks
tw3ntyfive: checks
*** RIVER *** [2s Qc 4c 8s] [7c]
NIGHTyxa: bets $6
tw3ntyfive: folds
Uncalled bet ($6) returned to NIGHTyxa
NIGHTyxa collected $5.88 from pot
NIGHTyxa: doesn't show hand
*** SUMMARY ***
Total pot $6 | Rake $0.12
Board [2s Qc 4c 8s 7c]
Seat 1: tw3ntyfive (button) (small blind) folded on the River
Seat 2: NIGHTyxa (big blind) collected ($5.88)


PokerStars Hand #147914487599:  Hold'em Limit ($3/$6 USD) - 2016/01/29 23:57:38 ET
Table 'Aemilia' 2-max Seat #2 is the button
Seat 1: tw3ntyfive ($166.37 in chips)
Seat 2: NIGHTyxa ($74.88 in chips)
NIGHTyxa: posts small blind $1
tw3ntyfive: posts big blind $3
*** HOLE CARDS ***
NIGHTyxa: raises $3 to $6
tw3ntyfive: calls $3
*** FLOP *** [9c 3s 4s]
tw3ntyfive: checks
NIGHTyxa: bets $3
tw3ntyfive: calls $3
*** TURN *** [9c 3s 4s] [8s]
tw3ntyfive: checks
NIGHTyxa: checks
*** RIVER *** [9c 3s 4s 8s] [2h]
tw3ntyfive: bets $6
NIGHTyxa: calls $6
*** SHOW DOWN ***
tw3ntyfive: shows [Ah 8c] (a pair of Eights)
NIGHTyxa: mucks hand
tw3ntyfive collected $29.50 from pot
*** SUMMARY ***
Total pot $30 | Rake $0.50
Board [9c 3s 4s 8s 2h]
Seat 1: tw3ntyfive (big blind) showed [Ah 8c] and won ($29.50) with a pair of Eights
Seat 2: NIGHTyxa (button) (small blind) mucked


PokerStars Hand #147914492841:  Hold'em Limit ($3/$6 USD) - 2016/01/29 23:57:56 ET
Table 'Aemilia' 2-max Seat #1 is the button
Seat 1: tw3ntyfive ($180.87 in chips)
Seat 2: NIGHTyxa ($72 in chips)
tw3ntyfive: posts small blind $1
NIGHTyxa: posts big blind $3
*** HOLE CARDS ***
tw3ntyfive: raises $3 to $6
NIGHTyxa: calls $3
*** FLOP *** [6d 9d Qh]
NIGHTyxa: checks
tw3ntyfive: checks
*** TURN *** [6d 9d Qh] [Ts]
NIGHTyxa: bets $6
tw3ntyfive: calls $6
*** RIVER *** [6d 9d Qh Ts] [7h]
NIGHTyxa: bets $6
tw3ntyfive: raises $6 to $12
NIGHTyxa: calls $6
*** SHOW DOWN ***
tw3ntyfive: shows [As Qc] (a pair of Queens)
NIGHTyxa: mucks hand
tw3ntyfive collected $47.50 from pot
*** SUMMARY ***
Total pot $48 | Rake $0.50
Board [6d 9d Qh Ts 7h]
Seat 1: tw3ntyfive (button) (small blind) showed [As Qc] and won ($47.50) with a pair of Queens
Seat 2: NIGHTyxa (big blind) mucked


PokerStars Hand #147914474906:  Hold'em Limit ($3/$6 USD) - 2016/01/29 23:56:54 ET
Table 'Aemilia' 2-max Seat #2 is the button
Seat 1: tw3ntyfive ($130.87 in chips)
Seat 2: NIGHTyxa ($104.67 in chips)
NIGHTyxa: posts small blind $1
tw3ntyfive: posts big blind $3
*** HOLE CARDS ***
NIGHTyxa: raises $3 to $6
tw3ntyfive: calls $3
*** FLOP *** [5s 5d 6s]
tw3ntyfive: bets $3
NIGHTyxa: calls $3
*** TURN *** [5s 5d 6s] [7s]
tw3ntyfive: bets $6
NIGHTyxa: raises $6 to $12
tw3ntyfive: raises $6 to $18
NIGHTyxa: raises $6 to $24
Betting is capped
tw3ntyfive: calls $6
*** RIVER *** [5s 5d 6s 7s] [7c]
tw3ntyfive: bets $6
NIGHTyxa: calls $6
*** SHOW DOWN ***
tw3ntyfive: shows [4h 7h] (a full house, Sevens full of Fives)
NIGHTyxa: mucks hand
tw3ntyfive collected $77.50 from pot
*** SUMMARY ***
Total pot $78 | Rake $0.50
Board [5s 5d 6s 7s 7c]
Seat 1: tw3ntyfive (big blind) showed [4h 7h] and won ($77.50) with a full house, Sevens full of Fives
Seat 2: NIGHTyxa (button) (small blind) mucked


PokerStars Hand #147914510365:  Hold'em Limit ($3/$6 USD) - 2016/01/29 23:58:40 ET
Table 'Aemilia' 2-max Seat #1 is the button
Seat 1: tw3ntyfive ($177.37 in chips)
Seat 2: NIGHTyxa ($98.50 in chips)
tw3ntyfive: posts small blind $1
NIGHTyxa: posts big blind $3
*** HOLE CARDS ***
tw3ntyfive: folds
Uncalled bet ($2) returned to NIGHTyxa
NIGHTyxa collected $2 from pot
NIGHTyxa: doesn't show hand
*** SUMMARY ***
Total pot $2 | Rake $0
Seat 1: tw3ntyfive (button) (small blind) folded before Flop
Seat 2: NIGHTyxa (big blind) collected ($2)


PokerStars Hand #147914502174:  Hold'em Limit ($3/$6 USD) - 2016/01/29 23:58:15 ET
Table 'Aemilia' 2-max Seat #2 is the button
Seat 1: tw3ntyfive ($204.37 in chips)
Seat 2: NIGHTyxa ($72 in chips)
NIGHTyxa: posts small blind $1
tw3ntyfive: posts big blind $3
*** HOLE CARDS ***
NIGHTyxa: raises $3 to $6
tw3ntyfive: raises $3 to $9
NIGHTyxa: calls $3
*** FLOP *** [4d 7h Jh]
tw3ntyfive: bets $3
NIGHTyxa: raises $3 to $6
tw3ntyfive: calls $3
*** TURN *** [4d 7h Jh] [3s]
tw3ntyfive: checks
NIGHTyxa: bets $6
tw3ntyfive: calls $6
*** RIVER *** [4d 7h Jh 3s] [Kd]
tw3ntyfive: checks
NIGHTyxa: bets $6
tw3ntyfive: calls $6
*** SHOW DOWN ***
NIGHTyxa: shows [Ad Js] (a pair of Jacks)
tw3ntyfive: mucks hand
NIGHTyxa collected $53.50 from pot
*** SUMMARY ***
Total pot $54 | Rake $0.50
Board [4d 7h Jh 3s Kd]
Seat 1: tw3ntyfive (big blind) mucked
Seat 2: NIGHTyxa (button) (small blind) showed [Ad Js] and won ($53.50) with a pair of Jacks


PokerStars Hand #147914512252:  Hold'em Limit ($3/$6 USD) - 2016/01/29 23:58:45 ET
Table 'Aemilia' 2-max Seat #2 is the button
Seat 1: tw3ntyfive ($176.37 in chips)
Seat 2: NIGHTyxa ($99.50 in chips)
NIGHTyxa: posts small blind $1
tw3ntyfive: posts big blind $3
*** HOLE CARDS ***
NIGHTyxa: raises $3 to $6
tw3ntyfive: calls $3
*** FLOP *** [Ah Ts 8h]
tw3ntyfive: checks
NIGHTyxa: bets $3
tw3ntyfive: folds
Uncalled bet ($3) returned to NIGHTyxa
NIGHTyxa collected $11.76 from pot
NIGHTyxa: doesn't show hand
*** SUMMARY ***
Total pot $12 | Rake $0.24
Board [Ah Ts 8h]
Seat 1: tw3ntyfive (big blind) folded on the Flop
Seat 2: NIGHTyxa (button) (small blind) collected ($11.76)


PokerStars Hand #147914515658:  Hold'em Limit ($3/$6 USD) - 2016/01/29 23:58:57 ET
Table 'Aemilia' 2-max Seat #1 is the button
Seat 1: tw3ntyfive ($170.37 in chips)
Seat 2: NIGHTyxa ($105.26 in chips)
tw3ntyfive: posts small blind $1
NIGHTyxa: posts big blind $3
*** HOLE CARDS ***
tw3ntyfive: folds
Uncalled bet ($2) returned to NIGHTyxa
NIGHTyxa collected $2 from pot
NIGHTyxa: doesn't show hand
*** SUMMARY ***
Total pot $2 | Rake $0
Seat 1: tw3ntyfive (button) (small blind) folded before Flop
Seat 2: NIGHTyxa (big blind) collected ($2)


PokerStars Hand #147914516939:  Hold'em Limit ($3/$6 USD) - 2016/01/29 23:59:02 ET
Table 'Aemilia' 2-max Seat #2 is the button
Seat 1: tw3ntyfive ($169.37 in chips)
Seat 2: NIGHTyxa ($106.26 in chips)
NIGHTyxa: posts small blind $1
tw3ntyfive: posts big blind $3
*** HOLE CARDS ***
NIGHTyxa: raises $3 to $6
tw3ntyfive: calls $3
*** FLOP *** [Ts 8s Th]
tw3ntyfive: checks
NIGHTyxa: bets $3
tw3ntyfive: calls $3
*** TURN *** [Ts 8s Th] [Qs]
tw3ntyfive: checks
NIGHTyxa: checks
*** RIVER *** [Ts 8s Th Qs] [Ad]
tw3ntyfive: bets $6
NIGHTyxa: calls $6
*** SHOW DOWN ***
tw3ntyfive: shows [Td 8h] (a full house, Tens full of Eights)
NIGHTyxa: mucks hand
tw3ntyfive collected $29.50 from pot
*** SUMMARY ***
Total pot $30 | Rake $0.50
Board [Ts 8s Th Qs Ad]
Seat 1: tw3ntyfive (big blind) showed [Td 8h] and won ($29.50) with a full house, Tens full of Eights
Seat 2: NIGHTyxa (button) (small blind) mucked


PokerStars Hand #147914522340:  Hold'em Limit ($3/$6 USD) - 2016/01/29 23:59:20 ET
Table 'Aemilia' 2-max Seat #1 is the button
Seat 1: tw3ntyfive ($183.87 in chips)
Seat 2: NIGHTyxa ($91.26 in chips)
tw3ntyfive: posts small blind $1
NIGHTyxa: posts big blind $3
*** HOLE CARDS ***
tw3ntyfive: raises $3 to $6
NIGHTyxa: raises $3 to $9
tw3ntyfive: raises $3 to $12
Betting is capped
NIGHTyxa: calls $3
*** FLOP *** [Td 9s Kh]
NIGHTyxa: checks
tw3ntyfive: bets $3
NIGHTyxa: raises $3 to $6
tw3ntyfive: calls $3
*** TURN *** [Td 9s Kh] [Ad]
NIGHTyxa: bets $6
tw3ntyfive: calls $6
*** RIVER *** [Td 9s Kh Ad] [5s]
NIGHTyxa: bets $6
tw3ntyfive: calls $6
*** SHOW DOWN ***
NIGHTyxa: shows [Ac Kc] (two pair, Aces and Kings)
tw3ntyfive: mucks hand
NIGHTyxa collected $59.50 from pot
*** SUMMARY ***
Total pot $60 | Rake $0.50
Board [Td 9s Kh Ad 5s]
Seat 1: tw3ntyfive (button) (small blind) mucked
Seat 2: NIGHTyxa (big blind) showed [Ac Kc] and won ($59.50) with two pair, Aces and Kings


PokerStars Hand #147914527260:  Hold'em Limit ($3/$6 USD) - 2016/01/29 23:59:37 ET
Table 'Aemilia' 2-max Seat #2 is the button
Seat 1: tw3ntyfive ($153.87 in chips)
Seat 2: NIGHTyxa ($120.76 in chips)
NIGHTyxa: posts small blind $1
tw3ntyfive: posts big blind $3
*** HOLE CARDS ***
NIGHTyxa: folds
Uncalled bet ($2) returned to tw3ntyfive
tw3ntyfive collected $2 from pot
tw3ntyfive: doesn't show hand
*** SUMMARY ***
Total pot $2 | Rake $0
Seat 1: tw3ntyfive (big blind) collected ($2)
Seat 2: NIGHTyxa (button) (small blind) folded before Flop


PokerStars Hand #147914529443:  Hold'em Limit ($3/$6 USD) - 2016/01/29 23:59:45 ET
Table 'Aemilia' 2-max Seat #1 is the button
Seat 1: tw3ntyfive ($154.87 in chips)
Seat 2: NIGHTyxa ($119.76 in chips)
tw3ntyfive: posts small blind $1
NIGHTyxa: posts big blind $3
*** HOLE CARDS ***
tw3ntyfive: raises $3 to $6
NIGHTyxa: calls $3
*** FLOP *** [7h 8h 2c]
NIGHTyxa: checks
tw3ntyfive: checks
*** TURN *** [7h 8h 2c] [Ac]
NIGHTyxa: checks
tw3ntyfive: bets $6
NIGHTyxa: calls $6
*** RIVER *** [7h 8h 2c Ac] [Td]
NIGHTyxa: checks
tw3ntyfive: bets $6
NIGHTyxa: calls $6
*** SHOW DOWN ***
tw3ntyfive: shows [Kd 5h] (high card Ace)
NIGHTyxa: shows [Tc 6c] (a pair of Tens)
NIGHTyxa collected $35.50 from pot
*** SUMMARY ***
Total pot $36 | Rake $0.50
Board [7h 8h 2c Ac Td]
Seat 1: tw3ntyfive (button) (small blind) showed [Kd 5h] and lost with high card Ace
Seat 2: NIGHTyxa (big blind) showed [Tc 6c] and won ($35.50) with a pair of Tens


PokerStars Hand #147914550295:  Hold'em Limit ($3/$6 USD) - 2016/01/30 0:00:55 ET
Table 'Aemilia' 2-max Seat #2 is the button
Seat 1: tw3ntyfive ($98.87 in chips)
Seat 2: NIGHTyxa ($174.02 in chips)
NIGHTyxa: posts small blind $1
tw3ntyfive: posts big blind $3
*** HOLE CARDS ***
NIGHTyxa: raises $3 to $6
tw3ntyfive: calls $3
*** FLOP *** [2c 8s Jc]
tw3ntyfive: bets $3
NIGHTyxa: calls $3
*** TURN *** [2c 8s Jc] [5s]
tw3ntyfive: checks
NIGHTyxa: bets $6
tw3ntyfive: folds
Uncalled bet ($6) returned to NIGHTyxa
NIGHTyxa collected $17.64 from pot
NIGHTyxa: doesn't show hand
*** SUMMARY ***
Total pot $18 | Rake $0.36
Board [2c 8s Jc 5s]
Seat 1: tw3ntyfive (big blind) folded on the Turn
Seat 2: NIGHTyxa (button) (small blind) collected ($17.64)


PokerStars Hand #147914535275:  Hold'em Limit ($3/$6 USD) - 2016/01/30 0:00:05 ET
Table 'Aemilia' 2-max Seat #2 is the button
Seat 1: tw3ntyfive ($136.87 in chips)
Seat 2: NIGHTyxa ($137.26 in chips)
NIGHTyxa: posts small blind $1
tw3ntyfive: posts big blind $3
*** HOLE CARDS ***
NIGHTyxa: raises $3 to $6
tw3ntyfive: calls $3
*** FLOP *** [2s 5h Jc]
tw3ntyfive: checks
NIGHTyxa: bets $3
tw3ntyfive: calls $3
*** TURN *** [2s 5h Jc] [Tc]
tw3ntyfive: checks
NIGHTyxa: checks
*** RIVER *** [2s 5h Jc Tc] [6d]
tw3ntyfive: bets $6
NIGHTyxa: calls $6
*** SHOW DOWN ***
tw3ntyfive: shows [Ah 2d] (a pair of Deuces)
NIGHTyxa: shows [6c 8c] (a pair of Sixes)
NIGHTyxa collected $29.50 from pot
*** SUMMARY ***
Total pot $30 | Rake $0.50
Board [2s 5h Jc Tc 6d]
Seat 1: tw3ntyfive (big blind) showed [Ah 2d] and lost with a pair of Deuces
Seat 2: NIGHTyxa (button) (small blind) showed [6c 8c] and won ($29.50) with a pair of Sixes


PokerStars Hand #147914540002:  Hold'em Limit ($3/$6 USD) - 2016/01/30 0:00:21 ET
Table 'Aemilia' 2-max Seat #1 is the button
Seat 1: tw3ntyfive ($121.87 in chips)
Seat 2: NIGHTyxa ($151.76 in chips)
tw3ntyfive: posts small blind $1
NIGHTyxa: posts big blind $3
*** HOLE CARDS ***
tw3ntyfive: raises $3 to $6
NIGHTyxa: calls $3
*** FLOP *** [2h 3s Qs]
NIGHTyxa: checks
tw3ntyfive: checks
*** TURN *** [2h 3s Qs] [7c]
NIGHTyxa: checks
tw3ntyfive: checks
*** RIVER *** [2h 3s Qs 7c] [Ac]
NIGHTyxa: checks
tw3ntyfive: checks
*** SHOW DOWN ***
NIGHTyxa: shows [7h 5c] (a pair of Sevens)
tw3ntyfive: mucks hand
NIGHTyxa collected $11.76 from pot
*** SUMMARY ***
Total pot $12 | Rake $0.24
Board [2h 3s Qs 7c Ac]
Seat 1: tw3ntyfive (button) (small blind) mucked
Seat 2: NIGHTyxa (big blind) showed [7h 5c] and won ($11.76) with a pair of Sevens


PokerStars Hand #147914544141:  Hold'em Limit ($3/$6 USD) - 2016/01/30 0:00:35 ET
Table 'Aemilia' 2-max Seat #2 is the button
Seat 1: tw3ntyfive ($115.87 in chips)
Seat 2: NIGHTyxa ($157.52 in chips)
NIGHTyxa: posts small blind $1
tw3ntyfive: posts big blind $3
*** HOLE CARDS ***
NIGHTyxa: folds
Uncalled bet ($2) returned to tw3ntyfive
tw3ntyfive collected $2 from pot
tw3ntyfive: doesn't show hand
*** SUMMARY ***
Total pot $2 | Rake $0
Seat 1: tw3ntyfive (big blind) collected ($2)
Seat 2: NIGHTyxa (button) (small blind) folded before Flop


PokerStars Hand #147914545559:  Hold'em Limit ($3/$6 USD) - 2016/01/30 0:00:40 ET
Table 'Aemilia' 2-max Seat #1 is the button
Seat 1: tw3ntyfive ($116.87 in chips)
Seat 2: NIGHTyxa ($156.52 in chips)
tw3ntyfive: posts small blind $1
NIGHTyxa: posts big blind $3
*** HOLE CARDS ***
tw3ntyfive: raises $3 to $6
NIGHTyxa: calls $3
*** FLOP *** [4d Jc 7d]
NIGHTyxa: checks
tw3ntyfive: checks
*** TURN *** [4d Jc 7d] [9h]
NIGHTyxa: bets $6
tw3ntyfive: calls $6
*** RIVER *** [4d Jc 7d 9h] [6s]
NIGHTyxa: bets $6
tw3ntyfive: calls $6
*** SHOW DOWN ***
NIGHTyxa: shows [Js 9d] (two pair, Jacks and Nines)
tw3ntyfive: mucks hand
NIGHTyxa collected $35.50 from pot
*** SUMMARY ***
Total pot $36 | Rake $0.50
Board [4d Jc 7d 9h 6s]
Seat 1: tw3ntyfive (button) (small blind) mucked
Seat 2: NIGHTyxa (big blind) showed [Js 9d] and won ($35.50) with two pair, Jacks and Nines


PokerStars Hand #147914554787:  Hold'em Limit ($3/$6 USD) - 2016/01/30 0:01:10 ET
Table 'Aemilia' 2-max Seat #1 is the button
Seat 1: tw3ntyfive ($89.87 in chips)
Seat 2: NIGHTyxa ($182.66 in chips)
tw3ntyfive: posts small blind $1
NIGHTyxa: posts big blind $3
*** HOLE CARDS ***
tw3ntyfive: raises $3 to $6
NIGHTyxa: calls $3
*** FLOP *** [8s 2c 5d]
NIGHTyxa: checks
tw3ntyfive: checks
*** TURN *** [8s 2c 5d] [Kd]
NIGHTyxa: bets $6
tw3ntyfive: calls $6
*** RIVER *** [8s 2c 5d Kd] [4s]
NIGHTyxa: bets $6
tw3ntyfive: calls $6
*** SHOW DOWN ***
NIGHTyxa: shows [7d Ts] (high card King)
tw3ntyfive: shows [Jd 2d] (a pair of Deuces)
tw3ntyfive collected $35.50 from pot
*** SUMMARY ***
Total pot $36 | Rake $0.50
Board [8s 2c 5d Kd 4s]
Seat 1: tw3ntyfive (button) (small blind) showed [Jd 2d] and won ($35.50) with a pair of Deuces
Seat 2: NIGHTyxa (big blind) showed [7d Ts] and lost with high card King


PokerStars Hand #147914559174:  Hold'em Limit ($3/$6 USD) - 2016/01/30 0:01:23 ET
Table 'Aemilia' 2-max Seat #2 is the button
Seat 1: tw3ntyfive ($107.37 in chips)
Seat 2: NIGHTyxa ($164.66 in chips)
NIGHTyxa: posts small blind $1
tw3ntyfive: posts big blind $3
*** HOLE CARDS ***
NIGHTyxa: raises $3 to $6
tw3ntyfive: raises $3 to $9
NIGHTyxa: calls $3
*** FLOP *** [2s 4h Kh]
tw3ntyfive: checks
NIGHTyxa: checks
*** TURN *** [2s 4h Kh] [Kd]
tw3ntyfive: bets $6
NIGHTyxa: folds
Uncalled bet ($6) returned to tw3ntyfive
tw3ntyfive collected $17.64 from pot
tw3ntyfive: doesn't show hand
*** SUMMARY ***
Total pot $18 | Rake $0.36
Board [2s 4h Kh Kd]
Seat 1: tw3ntyfive (big blind) collected ($17.64)
Seat 2: NIGHTyxa (button) (small blind) folded on the Turn


PokerStars Hand #147914563860:  Hold'em Limit ($3/$6 USD) - 2016/01/30 0:01:38 ET
Table 'Aemilia' 2-max Seat #1 is the button
Seat 1: tw3ntyfive ($116.01 in chips)
Seat 2: NIGHTyxa ($155.66 in chips)
tw3ntyfive: posts small blind $1
NIGHTyxa: posts big blind $3
*** HOLE CARDS ***
tw3ntyfive: calls $2
NIGHTyxa: raises $3 to $6
tw3ntyfive: raises $3 to $9
NIGHTyxa: raises $3 to $12
Betting is capped
tw3ntyfive: calls $3
*** FLOP *** [9d Qc 9h]
NIGHTyxa: checks
tw3ntyfive: bets $3
NIGHTyxa: calls $3
*** TURN *** [9d Qc 9h] [2s]
NIGHTyxa: checks
tw3ntyfive: bets $6
NIGHTyxa: calls $6
*** RIVER *** [9d Qc 9h 2s] [8d]
NIGHTyxa: checks
tw3ntyfive: bets $6
NIGHTyxa: calls $6
*** SHOW DOWN ***
tw3ntyfive: shows [5h 3s] (a pair of Nines)
NIGHTyxa: shows [8h Ah] (two pair, Nines and Eights)
NIGHTyxa collected $53.50 from pot
*** SUMMARY ***
Total pot $54 | Rake $0.50
Board [9d Qc 9h 2s 8d]
Seat 1: tw3ntyfive (button) (small blind) showed [5h 3s] and lost with a pair of Nines
Seat 2: NIGHTyxa (big blind) showed [8h Ah] and won ($53.50) with two pair, Nines and Eights


PokerStars Hand #147914570544:  Hold'em Limit ($3/$6 USD) - 2016/01/30 0:01:59 ET
Table 'Aemilia' 2-max Seat #2 is the button
Seat 1: tw3ntyfive ($89.01 in chips)
Seat 2: NIGHTyxa ($182.16 in chips)
NIGHTyxa: posts small blind $1
tw3ntyfive: posts big blind $3
*** HOLE CARDS ***
NIGHTyxa: raises $3 to $6
tw3ntyfive: calls $3
*** FLOP *** [8s Ks 7d]
tw3ntyfive: bets $3
NIGHTyxa: calls $3
*** TURN *** [8s Ks 7d] [5h]
tw3ntyfive: checks
NIGHTyxa: bets $6
tw3ntyfive: calls $6
*** RIVER *** [8s Ks 7d 5h] [Qs]
tw3ntyfive: bets $6
NIGHTyxa: calls $6
*** SHOW DOWN ***
tw3ntyfive: shows [2s 9s] (a flush, King high)
NIGHTyxa: mucks hand
tw3ntyfive collected $41.50 from pot
*** SUMMARY ***
Total pot $42 | Rake $0.50
Board [8s Ks 7d 5h Qs]
Seat 1: tw3ntyfive (big blind) showed [2s 9s] and won ($41.50) with a flush, King high
Seat 2: NIGHTyxa (button) (small blind) mucked


PokerStars Hand #147914577572:  Hold'em Limit ($3/$6 USD) - 2016/01/30 0:02:20 ET
Table 'Aemilia' 2-max Seat #1 is the button
Seat 1: tw3ntyfive ($109.51 in chips)
Seat 2: NIGHTyxa ($161.16 in chips)
tw3ntyfive: posts small blind $1
NIGHTyxa: posts big blind $3
*** HOLE CARDS ***
tw3ntyfive: calls $2
NIGHTyxa: checks
*** FLOP *** [7c 8h 4s]
NIGHTyxa: checks
tw3ntyfive: bets $3
NIGHTyxa: calls $3
*** TURN *** [7c 8h 4s] [6c]
NIGHTyxa: checks
tw3ntyfive: bets $6
NIGHTyxa: calls $6
*** RIVER *** [7c 8h 4s 6c] [Qs]
NIGHTyxa: checks
tw3ntyfive: checks
*** SHOW DOWN ***
NIGHTyxa: shows [6h Ac] (a pair of Sixes)
tw3ntyfive: shows [3h 7h] (a pair of Sevens)
tw3ntyfive collected $23.52 from pot
*** SUMMARY ***
Total pot $24 | Rake $0.48
Board [7c 8h 4s 6c Qs]
Seat 1: tw3ntyfive (button) (small blind) showed [3h 7h] and won ($23.52) with a pair of Sevens
Seat 2: NIGHTyxa (big blind) showed [6h Ac] and lost with a pair of Sixes


PokerStars Hand #147914582164:  Hold'em Limit ($3/$6 USD) - 2016/01/30 0:02:35 ET
Table 'Aemilia' 2-max Seat #2 is the button
Seat 1: tw3ntyfive ($121.03 in chips)
Seat 2: NIGHTyxa ($149.16 in chips)
NIGHTyxa: posts small blind $1
tw3ntyfive: posts big blind $3
*** HOLE CARDS ***
NIGHTyxa: raises $3 to $6
tw3ntyfive: calls $3
*** FLOP *** [Qd 7h Td]
tw3ntyfive: checks
NIGHTyxa: bets $3
tw3ntyfive: folds
Uncalled bet ($3) returned to NIGHTyxa
NIGHTyxa collected $11.76 from pot
NIGHTyxa: doesn't show hand
*** SUMMARY ***
Total pot $12 | Rake $0.24
Board [Qd 7h Td]
Seat 1: tw3ntyfive (big blind) folded on the Flop
Seat 2: NIGHTyxa (button) (small blind) collected ($11.76)


PokerStars Hand #147914589864:  Hold'em Limit ($3/$6 USD) - 2016/01/30 0:02:59 ET
Table 'Aemilia' 2-max Seat #2 is the button
Seat 1: tw3ntyfive ($97.03 in chips)
Seat 2: NIGHTyxa ($172.42 in chips)
NIGHTyxa: posts small blind $1
tw3ntyfive: posts big blind $3
*** HOLE CARDS ***
NIGHTyxa: folds
Uncalled bet ($2) returned to tw3ntyfive
tw3ntyfive collected $2 from pot
tw3ntyfive: doesn't show hand
*** SUMMARY ***
Total pot $2 | Rake $0
Seat 1: tw3ntyfive (big blind) collected ($2)
Seat 2: NIGHTyxa (button) (small blind) folded before Flop


PokerStars Hand #147914585268:  Hold'em Limit ($3/$6 USD) - 2016/01/30 0:02:44 ET
Table 'Aemilia' 2-max Seat #1 is the button
Seat 1: tw3ntyfive ($115.03 in chips)
Seat 2: NIGHTyxa ($154.92 in chips)
tw3ntyfive: posts small blind $1
NIGHTyxa: posts big blind $3
*** HOLE CARDS ***
tw3ntyfive: raises $3 to $6
NIGHTyxa: calls $3
*** FLOP *** [5h Jc Qc]
NIGHTyxa: checks
tw3ntyfive: checks
*** TURN *** [5h Jc Qc] [Qh]
NIGHTyxa: bets $6
tw3ntyfive: calls $6
*** RIVER *** [5h Jc Qc Qh] [9c]
NIGHTyxa: bets $6
tw3ntyfive: calls $6
*** SHOW DOWN ***
NIGHTyxa: shows [4d Qd] (three of a kind, Queens)
tw3ntyfive: mucks hand
NIGHTyxa collected $35.50 from pot
*** SUMMARY ***
Total pot $36 | Rake $0.50
Board [5h Jc Qc Qh 9c]
Seat 1: tw3ntyfive (button) (small blind) mucked
Seat 2: NIGHTyxa (big blind) showed [4d Qd] and won ($35.50) with three of a kind, Queens


PokerStars Hand #147914610765:  Hold'em Limit ($3/$6 USD) - 2016/01/30 0:04:03 ET
Table 'Aemilia' 2-max Seat #2 is the button
Seat 1: tw3ntyfive ($81.53 in chips)
Seat 2: NIGHTyxa ($186.42 in chips)
NIGHTyxa: posts small blind $1
tw3ntyfive: posts big blind $3
*** HOLE CARDS ***
NIGHTyxa: folds
Uncalled bet ($2) returned to tw3ntyfive
tw3ntyfive collected $2 from pot
tw3ntyfive: doesn't show hand
*** SUMMARY ***
Total pot $2 | Rake $0
Seat 1: tw3ntyfive (big blind) collected ($2)
Seat 2: NIGHTyxa (button) (small blind) folded before Flop


PokerStars Hand #147914604974:  Hold'em Limit ($3/$6 USD) - 2016/01/30 0:03:45 ET
Table 'Aemilia' 2-max Seat #1 is the button
Seat 1: tw3ntyfive ($102.53 in chips)
Seat 2: NIGHTyxa ($165.92 in chips)
tw3ntyfive: posts small blind $1
NIGHTyxa: posts big blind $3
*** HOLE CARDS ***
tw3ntyfive: raises $3 to $6
NIGHTyxa: calls $3
*** FLOP *** [9s 2h 4s]
NIGHTyxa: checks
tw3ntyfive: bets $3
NIGHTyxa: calls $3
*** TURN *** [9s 2h 4s] [9h]
NIGHTyxa: checks
tw3ntyfive: bets $6
NIGHTyxa: calls $6
*** RIVER *** [9s 2h 4s 9h] [3d]
NIGHTyxa: checks
tw3ntyfive: bets $6
NIGHTyxa: calls $6
*** SHOW DOWN ***
tw3ntyfive: shows [Jc 8s] (a pair of Nines)
NIGHTyxa: shows [8h Kc] (a pair of Nines - King kicker)
NIGHTyxa collected $41.50 from pot
*** SUMMARY ***
Total pot $42 | Rake $0.50
Board [9s 2h 4s 9h 3d]
Seat 1: tw3ntyfive (button) (small blind) showed [Jc 8s] and lost with a pair of Nines
Seat 2: NIGHTyxa (big blind) showed [8h Kc] and won ($41.50) with a pair of Nines


PokerStars Hand #147914603636:  Hold'em Limit ($3/$6 USD) - 2016/01/30 0:03:41 ET
Table 'Aemilia' 2-max Seat #2 is the button
Seat 1: tw3ntyfive ($101.53 in chips)
Seat 2: NIGHTyxa ($166.92 in chips)
NIGHTyxa: posts small blind $1
tw3ntyfive: posts big blind $3
*** HOLE CARDS ***
NIGHTyxa: folds
Uncalled bet ($2) returned to tw3ntyfive
tw3ntyfive collected $2 from pot
tw3ntyfive: doesn't show hand
*** SUMMARY ***
Total pot $2 | Rake $0
Seat 1: tw3ntyfive (big blind) collected ($2)
Seat 2: NIGHTyxa (button) (small blind) folded before Flop


PokerStars Hand #147914598332:  Hold'em Limit ($3/$6 USD) - 2016/01/30 0:03:25 ET
Table 'Aemilia' 2-max Seat #1 is the button
Seat 1: tw3ntyfive ($116.53 in chips)
Seat 2: NIGHTyxa ($152.42 in chips)
tw3ntyfive: posts small blind $1
NIGHTyxa: posts big blind $3
*** HOLE CARDS ***
tw3ntyfive: calls $2
NIGHTyxa: checks
*** FLOP *** [2d Ah Qh]
NIGHTyxa: checks
tw3ntyfive: checks
*** TURN *** [2d Ah Qh] [5h]
NIGHTyxa: bets $6
tw3ntyfive: calls $6
*** RIVER *** [2d Ah Qh 5h] [3h]
NIGHTyxa: checks
tw3ntyfive: bets $6
NIGHTyxa: calls $6
*** SHOW DOWN ***
tw3ntyfive: shows [Jc 8c] (high card Ace)
NIGHTyxa: shows [Ad 5d] (two pair, Aces and Fives)
NIGHTyxa collected $29.50 from pot
*** SUMMARY ***
Total pot $30 | Rake $0.50
Board [2d Ah Qh 5h 3h]
Seat 1: tw3ntyfive (button) (small blind) showed [Jc 8c] and lost with high card Ace
Seat 2: NIGHTyxa (big blind) showed [Ad 5d] and won ($29.50) with two pair, Aces and Fives


PokerStars Hand #147914596799:  Hold'em Limit ($3/$6 USD) - 2016/01/30 0:03:20 ET
Table 'Aemilia' 2-max Seat #2 is the button
Seat 1: tw3ntyfive ($115.53 in chips)
Seat 2: NIGHTyxa ($153.42 in chips)
NIGHTyxa: posts small blind $1
tw3ntyfive: posts big blind $3
*** HOLE CARDS ***
NIGHTyxa: folds
Uncalled bet ($2) returned to tw3ntyfive
tw3ntyfive collected $2 from pot
tw3ntyfive: doesn't show hand
*** SUMMARY ***
Total pot $2 | Rake $0
Seat 1: tw3ntyfive (big blind) collected ($2)
Seat 2: NIGHTyxa (button) (small blind) folded before Flop


PokerStars Hand #147914591557:  Hold'em Limit ($3/$6 USD) - 2016/01/30 0:03:04 ET
Table 'Aemilia' 2-max Seat #1 is the button
Seat 1: tw3ntyfive ($98.03 in chips)
Seat 2: NIGHTyxa ($171.42 in chips)
tw3ntyfive: posts small blind $1
NIGHTyxa: posts big blind $3
*** HOLE CARDS ***
tw3ntyfive: calls $2
NIGHTyxa: checks
*** FLOP *** [Kd 4h Ah]
NIGHTyxa: checks
tw3ntyfive: bets $3
NIGHTyxa: calls $3
*** TURN *** [Kd 4h Ah] [9c]
NIGHTyxa: checks
tw3ntyfive: bets $6
NIGHTyxa: calls $6
*** RIVER *** [Kd 4h Ah 9c] [5h]
NIGHTyxa: checks
tw3ntyfive: bets $6
NIGHTyxa: calls $6
*** SHOW DOWN ***
tw3ntyfive: shows [9s Tc] (a pair of Nines)
NIGHTyxa: mucks hand
tw3ntyfive collected $35.50 from pot
*** SUMMARY ***
Total pot $36 | Rake $0.50
Board [Kd 4h Ah 9c 5h]
Seat 1: tw3ntyfive (button) (small blind) showed [9s Tc] and won ($35.50) with a pair of Nines
Seat 2: NIGHTyxa (big blind) mucked


PokerStars Hand #147914623752:  Hold'em Limit ($3/$6 USD) - 2016/01/30 0:04:44 ET
Table 'Aemilia' 2-max Seat #2 is the button
Seat 1: tw3ntyfive ($71.41 in chips)
Seat 2: NIGHTyxa ($195.92 in chips)
NIGHTyxa: posts small blind $1
tw3ntyfive: posts big blind $3
*** HOLE CARDS ***
NIGHTyxa: raises $3 to $6
tw3ntyfive: folds
Uncalled bet ($3) returned to NIGHTyxa
NIGHTyxa collected $6 from pot
NIGHTyxa: doesn't show hand
*** SUMMARY ***
Total pot $6 | Rake $0
Seat 1: tw3ntyfive (big blind) folded before Flop
Seat 2: NIGHTyxa (button) (small blind) collected ($6)


PokerStars Hand #147914618668:  Hold'em Limit ($3/$6 USD) - 2016/01/30 0:04:28 ET
Table 'Aemilia' 2-max Seat #1 is the button
Seat 1: tw3ntyfive ($68.53 in chips)
Seat 2: NIGHTyxa ($198.92 in chips)
tw3ntyfive: posts small blind $1
NIGHTyxa: posts big blind $3
*** HOLE CARDS ***
tw3ntyfive: calls $2
NIGHTyxa: checks
*** FLOP *** [Ts 2h Kh]
NIGHTyxa: checks
tw3ntyfive: checks
*** TURN *** [Ts 2h Kh] [5s]
NIGHTyxa: checks
tw3ntyfive: bets $6
NIGHTyxa: folds
Uncalled bet ($6) returned to tw3ntyfive
tw3ntyfive collected $5.88 from pot
tw3ntyfive: doesn't show hand
*** SUMMARY ***
Total pot $6 | Rake $0.12
Board [Ts 2h Kh 5s]
Seat 1: tw3ntyfive (button) (small blind) collected ($5.88)
Seat 2: NIGHTyxa (big blind) folded on the Turn


PokerStars Hand #147914617232:  Hold'em Limit ($3/$6 USD) - 2016/01/30 0:04:23 ET
Table 'Aemilia' 2-max Seat #2 is the button
Seat 1: tw3ntyfive ($67.53 in chips)
Seat 2: NIGHTyxa ($199.92 in chips)
NIGHTyxa: posts small blind $1
tw3ntyfive: posts big blind $3
*** HOLE CARDS ***
NIGHTyxa: folds
Uncalled bet ($2) returned to tw3ntyfive
tw3ntyfive collected $2 from pot
tw3ntyfive: doesn't show hand
*** SUMMARY ***
Total pot $2 | Rake $0
Seat 1: tw3ntyfive (big blind) collected ($2)
Seat 2: NIGHTyxa (button) (small blind) folded before Flop


PokerStars Hand #147914612221:  Hold'em Limit ($3/$6 USD) - 2016/01/30 0:04:08 ET
Table 'Aemilia' 2-max Seat #1 is the button
Seat 1: tw3ntyfive ($82.53 in chips)
Seat 2: NIGHTyxa ($185.42 in chips)
tw3ntyfive: posts small blind $1
NIGHTyxa: posts big blind $3
*** HOLE CARDS ***
tw3ntyfive: calls $2
NIGHTyxa: checks
*** FLOP *** [6s 2s Ad]
NIGHTyxa: checks
tw3ntyfive: checks
*** TURN *** [6s 2s Ad] [2c]
NIGHTyxa: bets $6
tw3ntyfive: calls $6
*** RIVER *** [6s 2s Ad 2c] [7s]
NIGHTyxa: bets $6
tw3ntyfive: calls $6
*** SHOW DOWN ***
NIGHTyxa: shows [Kd 7d] (two pair, Sevens and Deuces)
tw3ntyfive: mucks hand
NIGHTyxa collected $29.50 from pot
*** SUMMARY ***
Total pot $30 | Rake $0.50
Board [6s 2s Ad 2c 7s]
Seat 1: tw3ntyfive (button) (small blind) mucked
Seat 2: NIGHTyxa (big blind) showed [Kd 7d] and won ($29.50) with two pair, Sevens and Deuces


PokerStars Hand #147914630379:  Hold'em Limit ($3/$6 USD) - 2016/01/30 0:05:04 ET
Table 'Aemilia' 2-max Seat #2 is the button
Seat 1: tw3ntyfive ($77.05 in chips)
Seat 2: NIGHTyxa ($189.92 in chips)
NIGHTyxa: posts small blind $1
tw3ntyfive: posts big blind $3
*** HOLE CARDS ***
NIGHTyxa: raises $3 to $6
tw3ntyfive: raises $3 to $9
NIGHTyxa: calls $3
*** FLOP *** [3c Kd 4c]
tw3ntyfive: bets $3
NIGHTyxa: calls $3
*** TURN *** [3c Kd 4c] [Kc]
tw3ntyfive: bets $6
NIGHTyxa: calls $6
*** RIVER *** [3c Kd 4c Kc] [7h]
tw3ntyfive: bets $6
NIGHTyxa: calls $6
*** SHOW DOWN ***
tw3ntyfive: shows [Tc Qs] (a pair of Kings)
NIGHTyxa: shows [Ac Jh] (a pair of Kings - Ace kicker)
NIGHTyxa collected $47.50 from pot
*** SUMMARY ***
Total pot $48 | Rake $0.50
Board [3c Kd 4c Kc 7h]
Seat 1: tw3ntyfive (big blind) showed [Tc Qs] and lost with a pair of Kings
Seat 2: NIGHTyxa (button) (small blind) showed [Ac Jh] and won ($47.50) with a pair of Kings


PokerStars Hand #147914643991:  Hold'em Limit ($3/$6 USD) - 2016/01/30 0:05:46 ET
Table 'Aemilia' 2-max Seat #1 is the button
Seat 1: tw3ntyfive ($55.69 in chips)
Seat 2: NIGHTyxa ($210.18 in chips)
tw3ntyfive: posts small blind $1
NIGHTyxa: posts big blind $3
*** HOLE CARDS ***
tw3ntyfive: calls $2
NIGHTyxa: checks
*** FLOP *** [Th 2h Ad]
NIGHTyxa: bets $3
tw3ntyfive: calls $3
*** TURN *** [Th 2h Ad] [6c]
NIGHTyxa: bets $6
tw3ntyfive: calls $6
*** RIVER *** [Th 2h Ad 6c] [Ah]
NIGHTyxa: bets $6
tw3ntyfive: calls $6
*** SHOW DOWN ***
NIGHTyxa: shows [5s 4s] (a pair of Aces)
tw3ntyfive: shows [Ks Jc] (a pair of Aces - King kicker)
tw3ntyfive collected $35.50 from pot
*** SUMMARY ***
Total pot $36 | Rake $0.50
Board [Th 2h Ad 6c Ah]
Seat 1: tw3ntyfive (button) (small blind) showed [Ks Jc] and won ($35.50) with a pair of Aces
Seat 2: NIGHTyxa (big blind) showed [5s 4s] and lost with a pair of Aces


PokerStars Hand #147914639592:  Hold'em Limit ($3/$6 USD) - 2016/01/30 0:05:33 ET
Table 'Aemilia' 2-max Seat #2 is the button
Seat 1: tw3ntyfive ($47.05 in chips)
Seat 2: NIGHTyxa ($219.18 in chips)
NIGHTyxa: posts small blind $1
tw3ntyfive: posts big blind $3
*** HOLE CARDS ***
NIGHTyxa: raises $3 to $6
tw3ntyfive: raises $3 to $9
NIGHTyxa: calls $3
*** FLOP *** [Ks Kc As]
tw3ntyfive: checks
NIGHTyxa: checks
*** TURN *** [Ks Kc As] [Ah]
tw3ntyfive: bets $6
NIGHTyxa: folds
Uncalled bet ($6) returned to tw3ntyfive
tw3ntyfive collected $17.64 from pot
tw3ntyfive: doesn't show hand
*** SUMMARY ***
Total pot $18 | Rake $0.36
Board [Ks Kc As Ah]
Seat 1: tw3ntyfive (big blind) collected ($17.64)
Seat 2: NIGHTyxa (button) (small blind) folded on the Turn


PokerStars Hand #147914635043:  Hold'em Limit ($3/$6 USD) - 2016/01/30 0:05:18 ET
Table 'Aemilia' 2-max Seat #1 is the button
Seat 1: tw3ntyfive ($53.05 in chips)
Seat 2: NIGHTyxa ($213.42 in chips)
tw3ntyfive: posts small blind $1
NIGHTyxa: posts big blind $3
*** HOLE CARDS ***
tw3ntyfive: raises $3 to $6
NIGHTyxa: calls $3
*** FLOP *** [As 2c Jc]
NIGHTyxa: checks
tw3ntyfive: checks
*** TURN *** [As 2c Jc] [Qs]
NIGHTyxa: checks
tw3ntyfive: checks
*** RIVER *** [As 2c Jc Qs] [4d]
NIGHTyxa: bets $6
tw3ntyfive: folds
Uncalled bet ($6) returned to NIGHTyxa
NIGHTyxa collected $11.76 from pot
NIGHTyxa: doesn't show hand
*** SUMMARY ***
Total pot $12 | Rake $0.24
Board [As 2c Jc Qs 4d]
Seat 1: tw3ntyfive (button) (small blind) folded on the River
Seat 2: NIGHTyxa (big blind) collected ($11.76)


PokerStars Hand #147914648542:  Hold'em Limit ($3/$6 USD) - 2016/01/30 0:06:00 ET
Table 'Aemilia' 2-max Seat #2 is the button
Seat 1: tw3ntyfive ($73.19 in chips)
Seat 2: NIGHTyxa ($192.18 in chips)
NIGHTyxa: posts small blind $1
tw3ntyfive: posts big blind $3
*** HOLE CARDS ***
NIGHTyxa: raises $3 to $6
tw3ntyfive: raises $3 to $9
NIGHTyxa: calls $3
*** FLOP *** [9c 4h 2d]
tw3ntyfive: bets $3
NIGHTyxa: calls $3
*** TURN *** [9c 4h 2d] [3d]
tw3ntyfive: bets $6
NIGHTyxa: folds
Uncalled bet ($6) returned to tw3ntyfive
tw3ntyfive collected $23.52 from pot
tw3ntyfive: doesn't show hand
*** SUMMARY ***
Total pot $24 | Rake $0.48
Board [9c 4h 2d 3d]
Seat 1: tw3ntyfive (big blind) collected ($23.52)
Seat 2: NIGHTyxa (button) (small blind) folded on the Turn


PokerStars Hand #147914660967:  Hold'em Limit ($3/$6 USD) - 2016/01/30 0:06:39 ET
Table 'Aemilia' 2-max Seat #2 is the button
Seat 1: tw3ntyfive ($70.71 in chips)
Seat 2: NIGHTyxa ($193.68 in chips)
NIGHTyxa: posts small blind $1
tw3ntyfive: posts big blind $3
*** HOLE CARDS ***
NIGHTyxa: raises $3 to $6
tw3ntyfive: calls $3
*** FLOP *** [7h 5s 7d]
tw3ntyfive: checks
NIGHTyxa: bets $3
tw3ntyfive: calls $3
*** TURN *** [7h 5s 7d] [Jc]
tw3ntyfive: checks
NIGHTyxa: bets $6
tw3ntyfive: folds
Uncalled bet ($6) returned to NIGHTyxa
NIGHTyxa collected $17.64 from pot
NIGHTyxa: doesn't show hand
*** SUMMARY ***
Total pot $18 | Rake $0.36
Board [7h 5s 7d Jc]
Seat 1: tw3ntyfive (big blind) folded on the Turn
Seat 2: NIGHTyxa (button) (small blind) collected ($17.64)


PokerStars Hand #147914659206:  Hold'em Limit ($3/$6 USD) - 2016/01/30 0:06:34 ET
Table 'Aemilia' 2-max Seat #1 is the button
Seat 1: tw3ntyfive ($67.71 in chips)
Seat 2: NIGHTyxa ($196.68 in chips)
tw3ntyfive: posts small blind $1
NIGHTyxa: posts big blind $3
*** HOLE CARDS ***
tw3ntyfive: raises $3 to $6
NIGHTyxa: folds
Uncalled bet ($3) returned to tw3ntyfive
tw3ntyfive collected $6 from pot
tw3ntyfive: doesn't show hand
*** SUMMARY ***
Total pot $6 | Rake $0
Seat 1: tw3ntyfive (button) (small blind) collected ($6)
Seat 2: NIGHTyxa (big blind) folded before Flop


PokerStars Hand #147914657692:  Hold'em Limit ($3/$6 USD) - 2016/01/30 0:06:29 ET
Table 'Aemilia' 2-max Seat #2 is the button
Seat 1: tw3ntyfive ($66.71 in chips)
Seat 2: NIGHTyxa ($197.68 in chips)
NIGHTyxa: posts small blind $1
tw3ntyfive: posts big blind $3
*** HOLE CARDS ***
NIGHTyxa: folds
Uncalled bet ($2) returned to tw3ntyfive
tw3ntyfive collected $2 from pot
tw3ntyfive: doesn't show hand
*** SUMMARY ***
Total pot $2 | Rake $0
Seat 1: tw3ntyfive (big blind) collected ($2)
Seat 2: NIGHTyxa (button) (small blind) folded before Flop


PokerStars Hand #147914652470:  Hold'em Limit ($3/$6 USD) - 2016/01/30 0:06:12 ET
Table 'Aemilia' 2-max Seat #1 is the button
Seat 1: tw3ntyfive ($84.71 in chips)
Seat 2: NIGHTyxa ($180.18 in chips)
tw3ntyfive: posts small blind $1
NIGHTyxa: posts big blind $3
*** HOLE CARDS ***
tw3ntyfive: raises $3 to $6
NIGHTyxa: calls $3
*** FLOP *** [3c Tc 7s]
NIGHTyxa: checks
tw3ntyfive: bets $3
NIGHTyxa: raises $3 to $6
tw3ntyfive: calls $3
*** TURN *** [3c Tc 7s] [3s]
NIGHTyxa: checks
tw3ntyfive: checks
*** RIVER *** [3c Tc 7s 3s] [Qd]
NIGHTyxa: bets $6
tw3ntyfive: calls $6
*** SHOW DOWN ***
NIGHTyxa: shows [7h 5d] (two pair, Sevens and Threes)
tw3ntyfive: mucks hand
NIGHTyxa collected $35.50 from pot
*** SUMMARY ***
Total pot $36 | Rake $0.50
Board [3c Tc 7s 3s Qd]
Seat 1: tw3ntyfive (button) (small blind) mucked
Seat 2: NIGHTyxa (big blind) showed [7h 5d] and won ($35.50) with two pair, Sevens and Threes


PokerStars Hand #147914677817:  Hold'em Limit ($3/$6 USD) - 2016/01/30 0:07:31 ET
Table 'Aemilia' 2-max Seat #1 is the button
Seat 1: tw3ntyfive ($46.47 in chips)
Seat 2: NIGHTyxa ($216.82 in chips)
tw3ntyfive: posts small blind $1
NIGHTyxa: posts big blind $3
*** HOLE CARDS ***
tw3ntyfive: raises $3 to $6
NIGHTyxa: calls $3
*** FLOP *** [8s Jc 8d]
NIGHTyxa: checks
tw3ntyfive: checks
*** TURN *** [8s Jc 8d] [2c]
NIGHTyxa: checks
tw3ntyfive: checks
*** RIVER *** [8s Jc 8d 2c] [3s]
NIGHTyxa: checks
tw3ntyfive: checks
*** SHOW DOWN ***
NIGHTyxa: shows [Ts Qh] (a pair of Eights)
tw3ntyfive: mucks hand
NIGHTyxa collected $11.76 from pot
*** SUMMARY ***
Total pot $12 | Rake $0.24
Board [8s Jc 8d 2c 3s]
Seat 1: tw3ntyfive (button) (small blind) mucked
Seat 2: NIGHTyxa (big blind) showed [Ts Qh] and won ($11.76) with a pair of Eights


PokerStars Hand #147914672000:  Hold'em Limit ($3/$6 USD) - 2016/01/30 0:07:13 ET
Table 'Aemilia' 2-max Seat #2 is the button
Seat 1: tw3ntyfive ($67.47 in chips)
Seat 2: NIGHTyxa ($196.32 in chips)
NIGHTyxa: posts small blind $1
tw3ntyfive: posts big blind $3
*** HOLE CARDS ***
NIGHTyxa: raises $3 to $6
tw3ntyfive: raises $3 to $9
NIGHTyxa: calls $3
*** FLOP *** [2h 7d Jc]
tw3ntyfive: checks
NIGHTyxa: bets $3
tw3ntyfive: raises $3 to $6
NIGHTyxa: calls $3
*** TURN *** [2h 7d Jc] [4d]
tw3ntyfive: checks
NIGHTyxa: checks
*** RIVER *** [2h 7d Jc 4d] [4h]
tw3ntyfive: bets $6
NIGHTyxa: calls $6
*** SHOW DOWN ***
tw3ntyfive: shows [9h 6d] (a pair of Fours)
NIGHTyxa: shows [Td 7h] (two pair, Sevens and Fours)
NIGHTyxa collected $41.50 from pot
*** SUMMARY ***
Total pot $42 | Rake $0.50
Board [2h 7d Jc 4d 4h]
Seat 1: tw3ntyfive (big blind) showed [9h 6d] and lost with a pair of Fours
Seat 2: NIGHTyxa (button) (small blind) showed [Td 7h] and won ($41.50) with two pair, Sevens and Fours


PokerStars Hand #147914666493:  Hold'em Limit ($3/$6 USD) - 2016/01/30 0:06:56 ET
Table 'Aemilia' 2-max Seat #1 is the button
Seat 1: tw3ntyfive ($61.71 in chips)
Seat 2: NIGHTyxa ($202.32 in chips)
tw3ntyfive: posts small blind $1
NIGHTyxa: posts big blind $3
*** HOLE CARDS ***
tw3ntyfive: raises $3 to $6
NIGHTyxa: calls $3
*** FLOP *** [3d 3s Jd]
NIGHTyxa: checks
tw3ntyfive: checks
*** TURN *** [3d 3s Jd] [Qc]
NIGHTyxa: checks
tw3ntyfive: bets $6
NIGHTyxa: folds
Uncalled bet ($6) returned to tw3ntyfive
tw3ntyfive collected $11.76 from pot
tw3ntyfive: doesn't show hand
*** SUMMARY ***
Total pot $12 | Rake $0.24
Board [3d 3s Jd Qc]
Seat 1: tw3ntyfive (button) (small blind) collected ($11.76)
Seat 2: NIGHTyxa (big blind) folded on the Turn


PokerStars Hand #147914682380:  Hold'em Limit ($3/$6 USD) - 2016/01/30 0:07:46 ET
Table 'Aemilia' 2-max Seat #2 is the button
Seat 1: tw3ntyfive ($40.47 in chips)
Seat 2: NIGHTyxa ($222.58 in chips)
NIGHTyxa: posts small blind $1
tw3ntyfive: posts big blind $3
*** HOLE CARDS ***
NIGHTyxa: raises $3 to $6
tw3ntyfive: raises $3 to $9
NIGHTyxa: calls $3
*** FLOP *** [Qh 7c 7d]
tw3ntyfive: checks
NIGHTyxa: bets $3
tw3ntyfive: raises $3 to $6
NIGHTyxa: calls $3
*** TURN *** [Qh 7c 7d] [4h]
tw3ntyfive: checks
NIGHTyxa: checks
*** RIVER *** [Qh 7c 7d 4h] [Tc]
tw3ntyfive: bets $6
NIGHTyxa: calls $6
*** SHOW DOWN ***
tw3ntyfive: shows [7h Kd] (three of a kind, Sevens)
NIGHTyxa: mucks hand
tw3ntyfive collected $41.50 from pot
*** SUMMARY ***
Total pot $42 | Rake $0.50
Board [Qh 7c 7d 4h Tc]
Seat 1: tw3ntyfive (big blind) showed [7h Kd] and won ($41.50) with three of a kind, Sevens
Seat 2: NIGHTyxa (button) (small blind) mucked


PokerStars Hand #147914689995:  Hold'em Limit ($3/$6 USD) - 2016/01/30 0:08:09 ET
Table 'Aemilia' 2-max Seat #1 is the button
Seat 1: tw3ntyfive ($60.97 in chips)
Seat 2: NIGHTyxa ($201.58 in chips)
tw3ntyfive: posts small blind $1
NIGHTyxa: posts big blind $3
*** HOLE CARDS ***
tw3ntyfive: calls $2
NIGHTyxa: checks
*** FLOP *** [Qc 2c Qh]
NIGHTyxa: checks
tw3ntyfive: bets $3
NIGHTyxa: folds
Uncalled bet ($3) returned to tw3ntyfive
tw3ntyfive collected $5.88 from pot
tw3ntyfive: doesn't show hand
*** SUMMARY ***
Total pot $6 | Rake $0.12
Board [Qc 2c Qh]
Seat 1: tw3ntyfive (button) (small blind) collected ($5.88)
Seat 2: NIGHTyxa (big blind) folded on the Flop


PokerStars Hand #147920038248:  Hold'em Limit ($3/$6 USD) - 2016/01/30 4:29:02 ET
Table 'Aemilia' 6-max Seat #2 is the button
Seat 2: LifeisagameX ($33 in chips)
Seat 3: kdcl ($60.99 in chips)
LifeisagameX: posts small blind $1
kdcl: posts big blind $3
*** HOLE CARDS ***
RockKillerTY joins the table at seat #4
LifeisagameX: raises $3 to $6
kdcl: calls $3
*** FLOP *** [Ac 2s 9d]
kdcl: checks
LifeisagameX: bets $3
kdcl: raises $3 to $6
LifeisagameX: calls $3
*** TURN *** [Ac 2s 9d] [3h]
kdcl: checks
LifeisagameX: checks
*** RIVER *** [Ac 2s 9d 3h] [Tc]
kdcl: bets $6
LifeisagameX: calls $6
*** SHOW DOWN ***
kdcl: shows [4d Td] (a pair of Tens)
LifeisagameX: mucks hand
kdcl collected $35.50 from pot
*** SUMMARY ***
Total pot $36 | Rake $0.50
Board [Ac 2s 9d 3h Tc]
Seat 2: LifeisagameX (button) (small blind) mucked
Seat 3: kdcl (big blind) showed [4d Td] and won ($35.50) with a pair of Tens


PokerStars Hand #147920390740:  Hold'em Limit ($3/$6 USD) - 2016/01/30 4:42:17 ET
Table 'Aemilia' 6-max Seat #4 is the button
Seat 3: vladal 888 ($68.87 in chips)
Seat 4: RockKillerTY ($155.21 in chips)
RockKillerTY: posts small blind $1
BelSv: is sitting out
vladal 888: posts big blind $3
*** HOLE CARDS ***
BelSv leaves the table
RockKillerTY: raises $3 to $6
vladal 888: calls $3
*** FLOP *** [3s 6c 7d]
vladal 888: checks
RockKillerTY: bets $3
vladal 888: calls $3
*** TURN *** [3s 6c 7d] [Kc]
vladal 888: checks
RockKillerTY: bets $6
vladal 888: calls $6
*** RIVER *** [3s 6c 7d Kc] [Td]
vladal 888: checks
masterblstr8 leaves the table
RockKillerTY: bets $6
vladal 888: raises $6 to $12
SashaYuvelir joins the table at seat #5
RockKillerTY: calls $6
*** SHOW DOWN ***
vladal 888: shows [8d 9s] (a straight, Six to Ten)
RockKillerTY: mucks hand
vladal 888 collected $53.50 from pot
*** SUMMARY ***
Total pot $54 | Rake $0.50
Board [3s 6c 7d Kc Td]
Seat 3: vladal 888 (big blind) showed [8d 9s] and won ($53.50) with a straight, Six to Ten
Seat 4: RockKillerTY (button) (small blind) mucked


