PokerStars Hand #176132450057:  Hold'em Limit ($3/$6 USD) - 2017/09/25 23:36:02 ET
Table 'Aemilia' 6-max Seat #6 is the button
Seat 3: picsel37 ($37.74 in chips)
Seat 6: Scheubi88 ($124.16 in chips)
Scheubi88: posts small blind $1
picsel37: posts big blind $3
*** HOLE CARDS ***
Scheubi88: raises $3 to $6
picsel37: raises $3 to $9
Scheubi88: calls $3
*** FLOP *** [3d Ac 7c]
picsel37: bets $3
Scheubi88: calls $3
*** TURN *** [3d Ac 7c] [2h]
picsel37: bets $6
Scheubi88: folds
Uncalled bet ($6) returned to picsel37
picsel37 collected $23.52 from pot
*** SUMMARY ***
Total pot $24 | Rake $0.48
Board [3d Ac 7c 2h]
Seat 3: picsel37 (big blind) collected ($23.52)
Seat 6: Scheubi88 (button) (small blind) folded on the Turn


PokerStars Hand #176133221651:  Hold'em Limit ($3/$6 USD) - 2017/09/26 0:26:38 ET
Table 'Aemilia' 6-max Seat #3 is the button
Seat 3: picsel37 ($161.94 in chips)
Seat 6: Scheubi88 ($151.87 in chips)
picsel37: posts small blind $1
Scheubi88: posts big blind $3
*** HOLE CARDS ***
picsel37: folds
Uncalled bet ($2) returned to Scheubi88
Scheubi88 collected $2 from pot
Scheubi88: doesn't show hand
*** SUMMARY ***
Total pot $2 | Rake $0
Seat 3: picsel37 (button) (small blind) folded before Flop
Seat 6: Scheubi88 (big blind) collected ($2)


PokerStars Hand #176133212710:  Hold'em Limit ($3/$6 USD) - 2017/09/26 0:26:29 ET
Table 'Aemilia' 6-max Seat #6 is the button
Seat 3: picsel37 ($167.94 in chips)
Seat 6: Scheubi88 ($146.11 in chips)
Scheubi88: posts small blind $1
picsel37: posts big blind $3
*** HOLE CARDS ***
Scheubi88: raises $3 to $6
picsel37: calls $3
*** FLOP *** [Ks Tc 7c]
picsel37: checks
Scheubi88: bets $3
picsel37: folds
Uncalled bet ($3) returned to Scheubi88
Scheubi88 collected $11.76 from pot
Scheubi88: doesn't show hand
*** SUMMARY ***
Total pot $12 | Rake $0.24
Board [Ks Tc 7c]
Seat 3: picsel37 (big blind) folded on the Flop
Seat 6: Scheubi88 (button) (small blind) collected ($11.76)


PokerStars Hand #176133211657:  Hold'em Limit ($3/$6 USD) - 2017/09/26 0:26:25 ET
Table 'Aemilia' 6-max Seat #3 is the button
Seat 3: picsel37 ($168.94 in chips)
Seat 6: Scheubi88 ($145.11 in chips)
picsel37: posts small blind $1
Scheubi88: posts big blind $3
*** HOLE CARDS ***
picsel37: folds
Uncalled bet ($2) returned to Scheubi88
Scheubi88 collected $2 from pot
Scheubi88: doesn't show hand
*** SUMMARY ***
Total pot $2 | Rake $0
Seat 3: picsel37 (button) (small blind) folded before Flop
Seat 6: Scheubi88 (big blind) collected ($2)


PokerStars Hand #176133208399:  Hold'em Limit ($3/$6 USD) - 2017/09/26 0:26:11 ET
Table 'Aemilia' 6-max Seat #6 is the button
Seat 3: picsel37 ($186.94 in chips)
Seat 6: Scheubi88 ($127.61 in chips)
Scheubi88: posts small blind $1
picsel37: posts big blind $3
*** HOLE CARDS ***
Scheubi88: raises $3 to $6
picsel37: raises $3 to $9
Scheubi88: calls $3
*** FLOP *** [5h 9c 2d]
picsel37: bets $3
Scheubi88: calls $3
*** TURN *** [5h 9c 2d] [6c]
picsel37: checks
Scheubi88: checks
*** RIVER *** [5h 9c 2d 6c] [9s]
picsel37: checks
Scheubi88: bets $6
picsel37: calls $6
*** SHOW DOWN ***
Scheubi88: shows [5s Qd] (two pair, Nines and Fives)
picsel37: mucks hand
Scheubi88 collected $35.50 from pot
*** SUMMARY ***
Total pot $36 | Rake $0.50
Board [5h 9c 2d 6c 9s]
Seat 3: picsel37 (big blind) mucked
Seat 6: Scheubi88 (button) (small blind) showed [5s Qd] and won ($35.50) with two pair, Nines and Fives


PokerStars Hand #176133229584:  Hold'em Limit ($3/$6 USD) - 2017/09/26 0:27:12 ET
Table 'Aemilia' 6-max Seat #6 is the button
Seat 3: picsel37 ($181.20 in chips)
Seat 6: Scheubi88 ($131.87 in chips)
Scheubi88: posts small blind $1
picsel37: posts big blind $3
*** HOLE CARDS ***
Scheubi88: raises $3 to $6
picsel37: calls $3
*** FLOP *** [2h As Kh]
picsel37: checks
Scheubi88: checks
*** TURN *** [2h As Kh] [9d]
picsel37: checks
Scheubi88: checks
*** RIVER *** [2h As Kh 9d] [7s]
picsel37: checks
Scheubi88: checks
*** SHOW DOWN ***
picsel37: shows [5s Qh] (high card Ace)
Scheubi88: shows [2d 8h] (a pair of Deuces)
Scheubi88 collected $11.76 from pot
*** SUMMARY ***
Total pot $12 | Rake $0.24
Board [2h As Kh 9d 7s]
Seat 3: picsel37 (big blind) showed [5s Qh] and lost with high card Ace
Seat 6: Scheubi88 (button) (small blind) showed [2d 8h] and won ($11.76) with a pair of Deuces


PokerStars Hand #176133223716:  Hold'em Limit ($3/$6 USD) - 2017/09/26 0:26:47 ET
Table 'Aemilia' 6-max Seat #6 is the button
Seat 3: picsel37 ($160.94 in chips)
Seat 6: Scheubi88 ($152.87 in chips)
Scheubi88: posts small blind $1
picsel37: posts big blind $3
*** HOLE CARDS ***
Scheubi88: raises $3 to $6
picsel37: calls $3
*** FLOP *** [Td 6c As]
picsel37: checks
Scheubi88: bets $3
picsel37: calls $3
*** TURN *** [Td 6c As] [3h]
picsel37: checks
Scheubi88: bets $6
picsel37: calls $6
*** RIVER *** [Td 6c As 3h] [Th]
picsel37: checks
Scheubi88: checks
*** SHOW DOWN ***
picsel37: shows [7c 6h] (two pair, Tens and Sixes)
Scheubi88: mucks hand
picsel37 collected $29.50 from pot
*** SUMMARY ***
Total pot $30 | Rake $0.50
Board [Td 6c As 3h Th]
Seat 3: picsel37 (big blind) showed [7c 6h] and won ($29.50) with two pair, Tens and Sixes
Seat 6: Scheubi88 (button) (small blind) mucked


PokerStars Hand #176133227391:  Hold'em Limit ($3/$6 USD) - 2017/09/26 0:27:03 ET
Table 'Aemilia' 6-max Seat #3 is the button
Seat 3: picsel37 ($175.44 in chips)
Seat 6: Scheubi88 ($137.87 in chips)
picsel37: posts small blind $1
Scheubi88: posts big blind $3
*** HOLE CARDS ***
picsel37: raises $3 to $6
Scheubi88: calls $3
*** FLOP *** [2h 2s Ks]
Scheubi88: checks
picsel37: bets $3
Scheubi88: folds
Uncalled bet ($3) returned to picsel37
picsel37 collected $11.76 from pot
*** SUMMARY ***
Total pot $12 | Rake $0.24
Board [2h 2s Ks]
Seat 3: picsel37 (button) (small blind) collected ($11.76)
Seat 6: Scheubi88 (big blind) folded on the Flop


PokerStars Hand #176133237103:  Hold'em Limit ($3/$6 USD) - 2017/09/26 0:27:44 ET
Table 'Aemilia' 6-max Seat #6 is the button
Seat 3: picsel37 ($157.20 in chips)
Seat 6: Scheubi88 ($155.13 in chips)
Scheubi88: posts small blind $1
picsel37: posts big blind $3
*** HOLE CARDS ***
Scheubi88: raises $3 to $6
picsel37: folds
Uncalled bet ($3) returned to Scheubi88
Scheubi88 collected $6 from pot
Scheubi88: doesn't show hand
*** SUMMARY ***
Total pot $6 | Rake $0
Seat 3: picsel37 (big blind) folded before Flop
Seat 6: Scheubi88 (button) (small blind) collected ($6)


PokerStars Hand #176133233128:  Hold'em Limit ($3/$6 USD) - 2017/09/26 0:27:27 ET
Table 'Aemilia' 6-max Seat #3 is the button
Seat 3: picsel37 ($175.20 in chips)
Seat 6: Scheubi88 ($137.63 in chips)
picsel37: posts small blind $1
Scheubi88: posts big blind $3
*** HOLE CARDS ***
picsel37: raises $3 to $6
Scheubi88: raises $3 to $9
picsel37: calls $3
*** FLOP *** [4d Kc Ad]
Scheubi88: bets $3
picsel37: calls $3
*** TURN *** [4d Kc Ad] [2s]
Scheubi88: bets $6
picsel37: calls $6
*** RIVER *** [4d Kc Ad 2s] [Jh]
Scheubi88: checks
picsel37: checks
*** SHOW DOWN ***
Scheubi88: shows [9d Jd] (a pair of Jacks)
picsel37: mucks hand
Scheubi88 collected $35.50 from pot
*** SUMMARY ***
Total pot $36 | Rake $0.50
Board [4d Kc Ad 2s Jh]
Seat 3: picsel37 (button) (small blind) mucked
Seat 6: Scheubi88 (big blind) showed [9d Jd] and won ($35.50) with a pair of Jacks


PokerStars Hand #176133249828:  Hold'em Limit ($3/$6 USD) - 2017/09/26 0:28:37 ET
Table 'Aemilia' 6-max Seat #3 is the button
Seat 3: picsel37 ($141.70 in chips)
Seat 6: Scheubi88 ($169.05 in chips)
picsel37: posts small blind $1
Scheubi88: posts big blind $3
*** HOLE CARDS ***
picsel37: raises $3 to $6
Scheubi88: raises $3 to $9
picsel37: calls $3
*** FLOP *** [9h 4s 6c]
Scheubi88: bets $3
picsel37: calls $3
*** TURN *** [9h 4s 6c] [8h]
Scheubi88: bets $6
picsel37: calls $6
*** RIVER *** [9h 4s 6c 8h] [Jc]
Scheubi88: checks
picsel37: bets $6
Scheubi88: calls $6
*** SHOW DOWN ***
picsel37: shows [3s 9d] (a pair of Nines)
Scheubi88: mucks hand
picsel37 collected $47.50 from pot
*** SUMMARY ***
Total pot $48 | Rake $0.50
Board [9h 4s 6c 8h Jc]
Seat 3: picsel37 (button) (small blind) showed [3s 9d] and won ($47.50) with a pair of Nines
Seat 6: Scheubi88 (big blind) mucked


PokerStars Hand #176133243933:  Hold'em Limit ($3/$6 USD) - 2017/09/26 0:28:13 ET
Table 'Aemilia' 6-max Seat #3 is the button
Seat 3: picsel37 ($156.70 in chips)
Seat 6: Scheubi88 ($154.65 in chips)
picsel37: posts small blind $1
Scheubi88: posts big blind $3
*** HOLE CARDS ***
picsel37: raises $3 to $6
Scheubi88: calls $3
*** FLOP *** [Jc 2c Qc]
Scheubi88: checks
picsel37: bets $3
Scheubi88: raises $3 to $6
picsel37: folds
Uncalled bet ($3) returned to Scheubi88
Scheubi88 collected $17.64 from pot
Scheubi88: doesn't show hand
*** SUMMARY ***
Total pot $18 | Rake $0.36
Board [Jc 2c Qc]
Seat 3: picsel37 (button) (small blind) folded on the Flop
Seat 6: Scheubi88 (big blind) collected ($17.64)


PokerStars Hand #176133247658:  Hold'em Limit ($3/$6 USD) - 2017/09/26 0:28:28 ET
Table 'Aemilia' 6-max Seat #6 is the button
Seat 3: picsel37 ($147.70 in chips)
Seat 6: Scheubi88 ($163.29 in chips)
Scheubi88: posts small blind $1
picsel37: posts big blind $3
*** HOLE CARDS ***
Scheubi88: raises $3 to $6
picsel37: calls $3
*** FLOP *** [4c Qc Td]
picsel37: checks
Scheubi88: bets $3
picsel37: folds
Uncalled bet ($3) returned to Scheubi88
Scheubi88 collected $11.76 from pot
Scheubi88: doesn't show hand
*** SUMMARY ***
Total pot $12 | Rake $0.24
Board [4c Qc Td]
Seat 3: picsel37 (big blind) folded on the Flop
Seat 6: Scheubi88 (button) (small blind) collected ($11.76)


PokerStars Hand #176133241128:  Hold'em Limit ($3/$6 USD) - 2017/09/26 0:28:01 ET
Table 'Aemilia' 6-max Seat #6 is the button
Seat 3: picsel37 ($142.20 in chips)
Seat 6: Scheubi88 ($169.65 in chips)
Scheubi88: posts small blind $1
picsel37: posts big blind $3
*** HOLE CARDS ***
Scheubi88: raises $3 to $6
picsel37: calls $3
*** FLOP *** [9s 7d Ac]
picsel37: checks
Scheubi88: bets $3
picsel37: calls $3
*** TURN *** [9s 7d Ac] [3d]
picsel37: checks
Scheubi88: checks
*** RIVER *** [9s 7d Ac 3d] [Qs]
picsel37: bets $6
Scheubi88: calls $6
*** SHOW DOWN ***
picsel37: shows [Ad 4d] (a pair of Aces)
Scheubi88: mucks hand
picsel37 collected $29.50 from pot
*** SUMMARY ***
Total pot $30 | Rake $0.50
Board [9s 7d Ac 3d Qs]
Seat 3: picsel37 (big blind) showed [Ad 4d] and won ($29.50) with a pair of Aces
Seat 6: Scheubi88 (button) (small blind) mucked


PokerStars Hand #176133238369:  Hold'em Limit ($3/$6 USD) - 2017/09/26 0:27:49 ET
Table 'Aemilia' 6-max Seat #3 is the button
Seat 3: picsel37 ($154.20 in chips)
Seat 6: Scheubi88 ($158.13 in chips)
picsel37: posts small blind $1
Scheubi88: posts big blind $3
*** HOLE CARDS ***
picsel37: raises $3 to $6
Scheubi88: calls $3
*** FLOP *** [4h 3d Jh]
Scheubi88: checks
picsel37: bets $3
Scheubi88: raises $3 to $6
picsel37: calls $3
*** TURN *** [4h 3d Jh] [Ac]
Scheubi88: bets $6
picsel37: folds
Uncalled bet ($6) returned to Scheubi88
Scheubi88 collected $23.52 from pot
Scheubi88: doesn't show hand
*** SUMMARY ***
Total pot $24 | Rake $0.48
Board [4h 3d Jh Ac]
Seat 3: picsel37 (button) (small blind) folded on the Turn
Seat 6: Scheubi88 (big blind) collected ($23.52)


PokerStars Hand #176133259942:  Hold'em Limit ($3/$6 USD) - 2017/09/26 0:29:20 ET
Table 'Aemilia' 6-max Seat #3 is the button
Seat 3: picsel37 ($161.96 in chips)
Seat 6: Scheubi88 ($147.81 in chips)
picsel37: posts small blind $1
Scheubi88: posts big blind $3
*** HOLE CARDS ***
picsel37: folds
Uncalled bet ($2) returned to Scheubi88
Scheubi88 collected $2 from pot
Scheubi88: doesn't show hand
*** SUMMARY ***
Total pot $2 | Rake $0
Seat 3: picsel37 (button) (small blind) folded before Flop
Seat 6: Scheubi88 (big blind) collected ($2)


PokerStars Hand #176133254315:  Hold'em Limit ($3/$6 USD) - 2017/09/26 0:28:56 ET
Table 'Aemilia' 6-max Seat #3 is the button
Seat 3: picsel37 ($162.20 in chips)
Seat 6: Scheubi88 ($148.05 in chips)
picsel37: posts small blind $1
Scheubi88: posts big blind $3
*** HOLE CARDS ***
picsel37: raises $3 to $6
Scheubi88: calls $3
*** FLOP *** [Kd 8c Tc]
Scheubi88: checks
picsel37: bets $3
Scheubi88: folds
Uncalled bet ($3) returned to picsel37
picsel37 collected $11.76 from pot
*** SUMMARY ***
Total pot $12 | Rake $0.24
Board [Kd 8c Tc]
Seat 3: picsel37 (button) (small blind) collected ($11.76)
Seat 6: Scheubi88 (big blind) folded on the Flop


PokerStars Hand #176133256252:  Hold'em Limit ($3/$6 USD) - 2017/09/26 0:29:04 ET
Table 'Aemilia' 6-max Seat #6 is the button
Seat 3: picsel37 ($167.96 in chips)
Seat 6: Scheubi88 ($142.05 in chips)
Scheubi88: posts small blind $1
picsel37: posts big blind $3
*** HOLE CARDS ***
Scheubi88: raises $3 to $6
picsel37: calls $3
*** FLOP *** [Kh Kc 9d]
picsel37: checks
Scheubi88: bets $3
picsel37: folds
Uncalled bet ($3) returned to Scheubi88
Scheubi88 collected $11.76 from pot
Scheubi88: doesn't show hand
*** SUMMARY ***
Total pot $12 | Rake $0.24
Board [Kh Kc 9d]
Seat 3: picsel37 (big blind) folded on the Flop
Seat 6: Scheubi88 (button) (small blind) collected ($11.76)


PokerStars Hand #176133252915:  Hold'em Limit ($3/$6 USD) - 2017/09/26 0:28:50 ET
Table 'Aemilia' 6-max Seat #6 is the button
Seat 3: picsel37 ($165.20 in chips)
Seat 6: Scheubi88 ($145.05 in chips)
Scheubi88: posts small blind $1
picsel37: posts big blind $3
*** HOLE CARDS ***
Scheubi88: raises $3 to $6
picsel37: folds
Uncalled bet ($3) returned to Scheubi88
Scheubi88 collected $6 from pot
Scheubi88: doesn't show hand
*** SUMMARY ***
Total pot $6 | Rake $0
Seat 3: picsel37 (big blind) folded before Flop
Seat 6: Scheubi88 (button) (small blind) collected ($6)


PokerStars Hand #176133261066:  Hold'em Limit ($3/$6 USD) - 2017/09/26 0:29:25 ET
Table 'Aemilia' 6-max Seat #6 is the button
Seat 3: picsel37 ($160.96 in chips)
Seat 6: Scheubi88 ($148.81 in chips)
Scheubi88: posts small blind $1
picsel37: posts big blind $3
*** HOLE CARDS ***
Scheubi88: raises $3 to $6
picsel37: calls $3
*** FLOP *** [Jh Td 5s]
picsel37: checks
Scheubi88: bets $3
picsel37: folds
Uncalled bet ($3) returned to Scheubi88
Scheubi88 collected $11.76 from pot
Scheubi88: doesn't show hand
*** SUMMARY ***
Total pot $12 | Rake $0.24
Board [Jh Td 5s]
Seat 3: picsel37 (big blind) folded on the Flop
Seat 6: Scheubi88 (button) (small blind) collected ($11.76)


PokerStars Hand #176133274024:  Hold'em Limit ($3/$6 USD) - 2017/09/26 0:30:20 ET
Table 'Aemilia' 6-max Seat #6 is the button
Seat 3: picsel37 ($139.96 in chips)
Seat 6: Scheubi88 ($169.07 in chips)
Scheubi88: posts small blind $1
picsel37: posts big blind $3
*** HOLE CARDS ***
Scheubi88: raises $3 to $6
picsel37: calls $3
*** FLOP *** [2c 9c Ad]
picsel37: checks
Scheubi88: checks
*** TURN *** [2c 9c Ad] [Ac]
picsel37: checks
Scheubi88: checks
*** RIVER *** [2c 9c Ad Ac] [5h]
picsel37: checks
Scheubi88: checks
*** SHOW DOWN ***
picsel37: shows [3s Kh] (a pair of Aces)
Scheubi88: shows [Th Kd] (a pair of Aces - King+Ten kicker)
Scheubi88 collected $11.76 from pot
*** SUMMARY ***
Total pot $12 | Rake $0.24
Board [2c 9c Ad Ac 5h]
Seat 3: picsel37 (big blind) showed [3s Kh] and lost with a pair of Aces
Seat 6: Scheubi88 (button) (small blind) showed [Th Kd] and won ($11.76) with a pair of Aces


PokerStars Hand #176133277605:  Hold'em Limit ($3/$6 USD) - 2017/09/26 0:30:35 ET
Table 'Aemilia' 6-max Seat #3 is the button
Seat 3: picsel37 ($133.96 in chips)
Seat 6: Scheubi88 ($174.83 in chips)
picsel37: posts small blind $1
Scheubi88: posts big blind $3
*** HOLE CARDS ***
picsel37: raises $3 to $6
Scheubi88: raises $3 to $9
picsel37: calls $3
*** FLOP *** [Kc Ac Qc]
Scheubi88: bets $3
picsel37: folds
Uncalled bet ($3) returned to Scheubi88
Scheubi88 collected $17.64 from pot
Scheubi88: doesn't show hand
*** SUMMARY ***
Total pot $18 | Rake $0.36
Board [Kc Ac Qc]
Seat 3: picsel37 (button) (small blind) folded on the Flop
Seat 6: Scheubi88 (big blind) collected ($17.64)


PokerStars Hand #176133270201:  Hold'em Limit ($3/$6 USD) - 2017/09/26 0:30:04 ET
Table 'Aemilia' 6-max Seat #3 is the button
Seat 3: picsel37 ($154.96 in chips)
Seat 6: Scheubi88 ($154.57 in chips)
picsel37: posts small blind $1
Scheubi88: posts big blind $3
*** HOLE CARDS ***
picsel37: raises $3 to $6
Scheubi88: calls $3
*** FLOP *** [Qc Td Kc]
Scheubi88: checks
picsel37: bets $3
Scheubi88: calls $3
*** TURN *** [Qc Td Kc] [Qs]
Scheubi88: checks
picsel37: checks
*** RIVER *** [Qc Td Kc Qs] [Th]
Scheubi88: bets $6
picsel37: calls $6
*** SHOW DOWN ***
Scheubi88: shows [8d Ts] (a full house, Tens full of Queens)
picsel37: mucks hand
Scheubi88 collected $29.50 from pot
*** SUMMARY ***
Total pot $30 | Rake $0.50
Board [Qc Td Kc Qs Th]
Seat 3: picsel37 (button) (small blind) mucked
Seat 6: Scheubi88 (big blind) showed [8d Ts] and won ($29.50) with a full house, Tens full of Queens


PokerStars Hand #176133280058:  Hold'em Limit ($3/$6 USD) - 2017/09/26 0:30:46 ET
Table 'Aemilia' 6-max Seat #6 is the button
Seat 3: picsel37 ($124.96 in chips)
Seat 6: Scheubi88 ($183.47 in chips)
Scheubi88: posts small blind $1
picsel37: posts big blind $3
*** HOLE CARDS ***
Scheubi88: raises $3 to $6
picsel37: raises $3 to $9
Scheubi88: calls $3
*** FLOP *** [4h 3h Qh]
picsel37: bets $3
Scheubi88: calls $3
*** TURN *** [4h 3h Qh] [2s]
picsel37: bets $6
Scheubi88: calls $6
*** RIVER *** [4h 3h Qh 2s] [8d]
picsel37: bets $6
Scheubi88: calls $6
*** SHOW DOWN ***
picsel37: shows [9h 2h] (a flush, Queen high)
Scheubi88: mucks hand
picsel37 collected $47.50 from pot
*** SUMMARY ***
Total pot $48 | Rake $0.50
Board [4h 3h Qh 2s 8d]
Seat 3: picsel37 (big blind) showed [9h 2h] and won ($47.50) with a flush, Queen high
Seat 6: Scheubi88 (button) (small blind) mucked


PokerStars Hand #176133283404:  Hold'em Limit ($3/$6 USD) - 2017/09/26 0:31:00 ET
Table 'Aemilia' 6-max Seat #3 is the button
Seat 3: picsel37 ($148.46 in chips)
Seat 6: Scheubi88 ($159.47 in chips)
picsel37: posts small blind $1
Scheubi88: posts big blind $3
*** HOLE CARDS ***
picsel37: raises $3 to $6
Scheubi88: calls $3
*** FLOP *** [5h Ks 9d]
Scheubi88: checks
picsel37: checks
*** TURN *** [5h Ks 9d] [Jc]
Scheubi88: checks
picsel37: checks
*** RIVER *** [5h Ks 9d Jc] [9c]
Scheubi88: checks
picsel37: checks
*** SHOW DOWN ***
Scheubi88: shows [Ah 8d] (a pair of Nines)
picsel37: mucks hand
Scheubi88 collected $11.76 from pot
*** SUMMARY ***
Total pot $12 | Rake $0.24
Board [5h Ks 9d Jc 9c]
Seat 3: picsel37 (button) (small blind) mucked
Seat 6: Scheubi88 (big blind) showed [Ah 8d] and won ($11.76) with a pair of Nines


PokerStars Hand #176133286197:  Hold'em Limit ($3/$6 USD) - 2017/09/26 0:31:12 ET
Table 'Aemilia' 6-max Seat #6 is the button
Seat 3: picsel37 ($142.46 in chips)
Seat 6: Scheubi88 ($165.23 in chips)
Scheubi88: posts small blind $1
picsel37: posts big blind $3
*** HOLE CARDS ***
Scheubi88: raises $3 to $6
picsel37: calls $3
*** FLOP *** [Qh 7h 2c]
picsel37: checks
Scheubi88: bets $3
picsel37: calls $3
*** TURN *** [Qh 7h 2c] [5d]
picsel37: checks
Scheubi88: bets $6
picsel37: folds
Uncalled bet ($6) returned to Scheubi88
Scheubi88 collected $17.64 from pot
Scheubi88: doesn't show hand
*** SUMMARY ***
Total pot $18 | Rake $0.36
Board [Qh 7h 2c 5d]
Seat 3: picsel37 (big blind) folded on the Turn
Seat 6: Scheubi88 (button) (small blind) collected ($17.64)


PokerStars Hand #176133291608:  Hold'em Limit ($3/$6 USD) - 2017/09/26 0:31:35 ET
Table 'Aemilia' 6-max Seat #3 is the button
Seat 3: picsel37 ($133.46 in chips)
Seat 6: Scheubi88 ($173.87 in chips)
picsel37: posts small blind $1
Scheubi88: posts big blind $3
*** HOLE CARDS ***
picsel37: raises $3 to $6
Scheubi88: calls $3
*** FLOP *** [7s 5h Kd]
Scheubi88: checks
picsel37: bets $3
Scheubi88: raises $3 to $6
picsel37: folds
Uncalled bet ($3) returned to Scheubi88
Scheubi88 collected $17.64 from pot
Scheubi88: doesn't show hand
*** SUMMARY ***
Total pot $18 | Rake $0.36
Board [7s 5h Kd]
Seat 3: picsel37 (button) (small blind) folded on the Flop
Seat 6: Scheubi88 (big blind) collected ($17.64)


PokerStars Hand #176133294309:  Hold'em Limit ($3/$6 USD) - 2017/09/26 0:31:46 ET
Table 'Aemilia' 6-max Seat #6 is the button
Seat 3: picsel37 ($124.46 in chips)
Seat 6: Scheubi88 ($182.51 in chips)
Scheubi88: posts small blind $1
picsel37: posts big blind $3
*** HOLE CARDS ***
Scheubi88: raises $3 to $6
picsel37: raises $3 to $9
Scheubi88: calls $3
*** FLOP *** [2c 5c 7s]
picsel37: bets $3
Scheubi88: calls $3
*** TURN *** [2c 5c 7s] [Ts]
picsel37: checks
Scheubi88: checks
*** RIVER *** [2c 5c 7s Ts] [Ah]
picsel37: bets $6
Scheubi88: calls $6
*** SHOW DOWN ***
picsel37: shows [Jh Kd] (high card Ace)
Scheubi88: shows [Ad 6h] (a pair of Aces)
Scheubi88 collected $35.50 from pot
*** SUMMARY ***
Total pot $36 | Rake $0.50
Board [2c 5c 7s Ts Ah]
Seat 3: picsel37 (big blind) showed [Jh Kd] and lost with high card Ace
Seat 6: Scheubi88 (button) (small blind) showed [Ad 6h] and won ($35.50) with a pair of Aces


PokerStars Hand #176133300545:  Hold'em Limit ($3/$6 USD) - 2017/09/26 0:32:12 ET
Table 'Aemilia' 6-max Seat #6 is the button
Seat 3: picsel37 ($126.96 in chips)
Seat 6: Scheubi88 ($179.01 in chips)
Scheubi88: posts small blind $1
picsel37: posts big blind $3
*** HOLE CARDS ***
Scheubi88: raises $3 to $6
picsel37: folds
Uncalled bet ($3) returned to Scheubi88
Scheubi88 collected $6 from pot
Scheubi88: doesn't show hand
*** SUMMARY ***
Total pot $6 | Rake $0
Seat 3: picsel37 (big blind) folded before Flop
Seat 6: Scheubi88 (button) (small blind) collected ($6)


PokerStars Hand #176133297427:  Hold'em Limit ($3/$6 USD) - 2017/09/26 0:31:59 ET
Table 'Aemilia' 6-max Seat #3 is the button
Seat 3: picsel37 ($106.46 in chips)
Seat 6: Scheubi88 ($200.01 in chips)
picsel37: posts small blind $1
Scheubi88: posts big blind $3
*** HOLE CARDS ***
picsel37: raises $3 to $6
Scheubi88: calls $3
*** FLOP *** [Ah 2c 9d]
Scheubi88: checks
picsel37: bets $3
Scheubi88: calls $3
*** TURN *** [Ah 2c 9d] [Th]
Scheubi88: checks
picsel37: bets $6
Scheubi88: raises $6 to $12
picsel37: calls $6
*** RIVER *** [Ah 2c 9d Th] [8s]
Scheubi88: checks
picsel37: checks
*** SHOW DOWN ***
Scheubi88: shows [Qd 4c] (high card Ace)
picsel37: shows [Ts 6c] (a pair of Tens)
picsel37 collected $41.50 from pot
*** SUMMARY ***
Total pot $42 | Rake $0.50
Board [Ah 2c 9d Th 8s]
Seat 3: picsel37 (button) (small blind) showed [Ts 6c] and won ($41.50) with a pair of Tens
Seat 6: Scheubi88 (big blind) showed [Qd 4c] and lost with high card Ace


PokerStars Hand #176133301817:  Hold'em Limit ($3/$6 USD) - 2017/09/26 0:32:17 ET
Table 'Aemilia' 6-max Seat #3 is the button
Seat 3: picsel37 ($123.96 in chips)
Seat 6: Scheubi88 ($182.01 in chips)
picsel37: posts small blind $1
Scheubi88: posts big blind $3
*** HOLE CARDS ***
picsel37: raises $3 to $6
Scheubi88: calls $3
*** FLOP *** [9d 2s Qd]
Scheubi88: checks
picsel37: bets $3
Scheubi88: calls $3
*** TURN *** [9d 2s Qd] [5h]
Scheubi88: checks
picsel37: bets $6
Scheubi88: calls $6
*** RIVER *** [9d 2s Qd 5h] [Js]
Scheubi88: checks
picsel37: bets $6
Scheubi88: calls $6
*** SHOW DOWN ***
picsel37: shows [As Qh] (a pair of Queens)
Scheubi88: mucks hand
picsel37 collected $41.50 from pot
*** SUMMARY ***
Total pot $42 | Rake $0.50
Board [9d 2s Qd 5h Js]
Seat 3: picsel37 (button) (small blind) showed [As Qh] and won ($41.50) with a pair of Queens
Seat 6: Scheubi88 (big blind) mucked


PokerStars Hand #176133305139:  Hold'em Limit ($3/$6 USD) - 2017/09/26 0:32:31 ET
Table 'Aemilia' 6-max Seat #6 is the button
Seat 3: picsel37 ($144.46 in chips)
Seat 6: Scheubi88 ($161.01 in chips)
Scheubi88: posts small blind $1
picsel37: posts big blind $3
*** HOLE CARDS ***
Scheubi88: raises $3 to $6
picsel37: folds
Uncalled bet ($3) returned to Scheubi88
Scheubi88 collected $6 from pot
Scheubi88: doesn't show hand
*** SUMMARY ***
Total pot $6 | Rake $0
Seat 3: picsel37 (big blind) folded before Flop
Seat 6: Scheubi88 (button) (small blind) collected ($6)


PokerStars Hand #176133315684:  Hold'em Limit ($3/$6 USD) - 2017/09/26 0:33:15 ET
Table 'Aemilia' 6-max Seat #6 is the button
Seat 3: picsel37 ($96.46 in chips)
Seat 6: Scheubi88 ($208.15 in chips)
Scheubi88: posts small blind $1
picsel37: posts big blind $3
*** HOLE CARDS ***
Scheubi88: raises $3 to $6
picsel37: calls $3
*** FLOP *** [As Kh 5c]
picsel37: checks
Scheubi88: bets $3
picsel37: calls $3
*** TURN *** [As Kh 5c] [4s]
picsel37: checks
Scheubi88: bets $6
picsel37: raises $6 to $12
Scheubi88: calls $6
*** RIVER *** [As Kh 5c 4s] [2s]
picsel37: bets $6
Scheubi88: calls $6
*** SHOW DOWN ***
picsel37: shows [5h 4h] (two pair, Fives and Fours)
Scheubi88: shows [2h Kc] (two pair, Kings and Deuces)
Scheubi88 collected $53.50 from pot
*** SUMMARY ***
Total pot $54 | Rake $0.50
Board [As Kh 5c 4s 2s]
Seat 3: picsel37 (big blind) showed [5h 4h] and lost with two pair, Fives and Fours
Seat 6: Scheubi88 (button) (small blind) showed [2h Kc] and won ($53.50) with two pair, Kings and Deuces


PokerStars Hand #176133306533:  Hold'em Limit ($3/$6 USD) - 2017/09/26 0:32:37 ET
Table 'Aemilia' 6-max Seat #3 is the button
Seat 3: picsel37 ($141.46 in chips)
Seat 6: Scheubi88 ($164.01 in chips)
picsel37: posts small blind $1
Scheubi88: posts big blind $3
*** HOLE CARDS ***
picsel37: calls $2
Scheubi88: raises $3 to $6
picsel37: calls $3
*** FLOP *** [9d 6d 2s]
Scheubi88: bets $3
picsel37: calls $3
*** TURN *** [9d 6d 2s] [Jc]
Scheubi88: bets $6
picsel37: raises $6 to $12
Scheubi88: raises $6 to $18
picsel37: calls $6
*** RIVER *** [9d 6d 2s Jc] [Td]
Scheubi88: bets $6
picsel37: calls $6
*** SHOW DOWN ***
Scheubi88: shows [Ac As] (a pair of Aces)
picsel37: mucks hand
Scheubi88 collected $65.50 from pot
*** SUMMARY ***
Total pot $66 | Rake $0.50
Board [9d 6d 2s Jc Td]
Seat 3: picsel37 (button) (small blind) mucked
Seat 6: Scheubi88 (big blind) showed [Ac As] and won ($65.50) with a pair of Aces


PokerStars Hand #176133312222:  Hold'em Limit ($3/$6 USD) - 2017/09/26 0:33:01 ET
Table 'Aemilia' 6-max Seat #6 is the button
Seat 3: picsel37 ($108.46 in chips)
Seat 6: Scheubi88 ($196.51 in chips)
Scheubi88: posts small blind $1
picsel37: posts big blind $3
*** HOLE CARDS ***
Scheubi88: raises $3 to $6
picsel37: folds
Uncalled bet ($3) returned to Scheubi88
Scheubi88 collected $6 from pot
Scheubi88: doesn't show hand
*** SUMMARY ***
Total pot $6 | Rake $0
Seat 3: picsel37 (big blind) folded before Flop
Seat 6: Scheubi88 (button) (small blind) collected ($6)


PokerStars Hand #176133313599:  Hold'em Limit ($3/$6 USD) - 2017/09/26 0:33:06 ET
Table 'Aemilia' 6-max Seat #3 is the button
Seat 3: picsel37 ($105.46 in chips)
Seat 6: Scheubi88 ($199.51 in chips)
picsel37: posts small blind $1
Scheubi88: posts big blind $3
*** HOLE CARDS ***
picsel37: raises $3 to $6
Scheubi88: raises $3 to $9
picsel37: calls $3
*** FLOP *** [Jh 6d 7s]
Scheubi88: bets $3
picsel37: folds
Uncalled bet ($3) returned to Scheubi88
Scheubi88 collected $17.64 from pot
Scheubi88: doesn't show hand
*** SUMMARY ***
Total pot $18 | Rake $0.36
Board [Jh 6d 7s]
Seat 3: picsel37 (button) (small blind) folded on the Flop
Seat 6: Scheubi88 (big blind) collected ($17.64)


PokerStars Hand #176133321270:  Hold'em Limit ($3/$6 USD) - 2017/09/26 0:33:38 ET
Table 'Aemilia' 6-max Seat #3 is the button
Seat 3: picsel37 ($69.46 in chips)
Seat 6: Scheubi88 ($234.65 in chips)
picsel37: posts small blind $1
Scheubi88: posts big blind $3
*** HOLE CARDS ***
picsel37: raises $3 to $6
Scheubi88: calls $3
*** FLOP *** [5s 4s 5d]
Scheubi88: checks
picsel37: bets $3
Scheubi88: calls $3
*** TURN *** [5s 4s 5d] [Ac]
Scheubi88: checks
picsel37: checks
*** RIVER *** [5s 4s 5d Ac] [Kc]
Scheubi88: checks
picsel37: bets $6
Scheubi88: calls $6
*** SHOW DOWN ***
picsel37: shows [6d Kd] (two pair, Kings and Fives)
Scheubi88: mucks hand
picsel37 collected $29.50 from pot
*** SUMMARY ***
Total pot $30 | Rake $0.50
Board [5s 4s 5d Ac Kc]
Seat 3: picsel37 (button) (small blind) showed [6d Kd] and won ($29.50) with two pair, Kings and Fives
Seat 6: Scheubi88 (big blind) mucked


PokerStars Hand #176133326275:  Hold'em Limit ($3/$6 USD) - 2017/09/26 0:33:59 ET
Table 'Aemilia' 6-max Seat #6 is the button
Seat 3: picsel37 ($83.96 in chips)
Seat 6: Scheubi88 ($219.65 in chips)
Scheubi88: posts small blind $1
picsel37: posts big blind $3
*** HOLE CARDS ***
Scheubi88: raises $3 to $6
picsel37: calls $3
*** FLOP *** [9d Jc 7c]
picsel37: checks
Scheubi88: bets $3
picsel37: raises $3 to $6
Scheubi88: calls $3
*** TURN *** [9d Jc 7c] [5s]
picsel37: bets $6
Scheubi88: calls $6
*** RIVER *** [9d Jc 7c 5s] [Qs]
picsel37: bets $6
Scheubi88: calls $6
*** SHOW DOWN ***
picsel37: shows [Ts Jd] (a pair of Jacks)
Scheubi88: mucks hand
picsel37 collected $47.50 from pot
*** SUMMARY ***
Total pot $48 | Rake $0.50
Board [9d Jc 7c 5s Qs]
Seat 3: picsel37 (big blind) showed [Ts Jd] and won ($47.50) with a pair of Jacks
Seat 6: Scheubi88 (button) (small blind) mucked


PokerStars Hand #176133335005:  Hold'em Limit ($3/$6 USD) - 2017/09/26 0:34:36 ET
Table 'Aemilia' 6-max Seat #6 is the button
Seat 3: picsel37 ($121.96 in chips)
Seat 6: Scheubi88 ($180.65 in chips)
Scheubi88: posts small blind $1
picsel37: posts big blind $3
*** HOLE CARDS ***
Scheubi88: raises $3 to $6
picsel37: folds
Uncalled bet ($3) returned to Scheubi88
Scheubi88 collected $6 from pot
Scheubi88: doesn't show hand
*** SUMMARY ***
Total pot $6 | Rake $0
Seat 3: picsel37 (big blind) folded before Flop
Seat 6: Scheubi88 (button) (small blind) collected ($6)


PokerStars Hand #176133329850:  Hold'em Limit ($3/$6 USD) - 2017/09/26 0:34:14 ET
Table 'Aemilia' 6-max Seat #3 is the button
Seat 3: picsel37 ($107.46 in chips)
Seat 6: Scheubi88 ($195.65 in chips)
picsel37: posts small blind $1
Scheubi88: posts big blind $3
*** HOLE CARDS ***
picsel37: raises $3 to $6
Scheubi88: calls $3
*** FLOP *** [2c Ah 5s]
Scheubi88: checks
picsel37: bets $3
Scheubi88: calls $3
*** TURN *** [2c Ah 5s] [9h]
Scheubi88: checks
picsel37: bets $6
Scheubi88: calls $6
*** RIVER *** [2c Ah 5s 9h] [6h]
Scheubi88: checks
picsel37: checks
*** SHOW DOWN ***
Scheubi88: shows [Qh 3c] (high card Ace)
picsel37: shows [3h 3s] (a pair of Threes)
picsel37 collected $29.50 from pot
*** SUMMARY ***
Total pot $30 | Rake $0.50
Board [2c Ah 5s 9h 6h]
Seat 3: picsel37 (button) (small blind) showed [3h 3s] and won ($29.50) with a pair of Threes
Seat 6: Scheubi88 (big blind) showed [Qh 3c] and lost with high card Ace


PokerStars Hand #176133342330:  Hold'em Limit ($3/$6 USD) - 2017/09/26 0:35:07 ET
Table 'Aemilia' 6-max Seat #3 is the button
Seat 3: picsel37 ($130.46 in chips)
Seat 6: Scheubi88 ($171.41 in chips)
picsel37: posts small blind $1
Scheubi88: posts big blind $3
*** HOLE CARDS ***
picsel37: raises $3 to $6
Scheubi88: calls $3
*** FLOP *** [Js 8d 4c]
Scheubi88: checks
picsel37: bets $3
Scheubi88: calls $3
*** TURN *** [Js 8d 4c] [7c]
Scheubi88: checks
picsel37: bets $6
Scheubi88: calls $6
*** RIVER *** [Js 8d 4c 7c] [2s]
Scheubi88: checks
picsel37: bets $6
Scheubi88: calls $6
*** SHOW DOWN ***
picsel37: shows [Jc Jh] (three of a kind, Jacks)
Scheubi88: mucks hand
picsel37 collected $41.50 from pot
*** SUMMARY ***
Total pot $42 | Rake $0.50
Board [Js 8d 4c 7c 2s]
Seat 3: picsel37 (button) (small blind) showed [Jc Jh] and won ($41.50) with three of a kind, Jacks
Seat 6: Scheubi88 (big blind) mucked


PokerStars Hand #176133348318:  Hold'em Limit ($3/$6 USD) - 2017/09/26 0:35:33 ET
Table 'Aemilia' 6-max Seat #3 is the button
Seat 3: picsel37 ($141.96 in chips)
Seat 6: Scheubi88 ($159.05 in chips)
picsel37: posts small blind $1
Scheubi88: posts big blind $3
*** HOLE CARDS ***
picsel37: raises $3 to $6
Scheubi88: calls $3
*** FLOP *** [5d Ad Js]
Scheubi88: checks
picsel37: bets $3
Scheubi88: folds
Uncalled bet ($3) returned to picsel37
picsel37 collected $11.76 from pot
*** SUMMARY ***
Total pot $12 | Rake $0.24
Board [5d Ad Js]
Seat 3: picsel37 (button) (small blind) collected ($11.76)
Seat 6: Scheubi88 (big blind) folded on the Flop


PokerStars Hand #176133336560:  Hold'em Limit ($3/$6 USD) - 2017/09/26 0:34:43 ET
Table 'Aemilia' 6-max Seat #3 is the button
Seat 3: picsel37 ($118.96 in chips)
Seat 6: Scheubi88 ($183.65 in chips)
picsel37: posts small blind $1
Scheubi88: posts big blind $3
*** HOLE CARDS ***
picsel37: raises $3 to $6
Scheubi88: calls $3
*** FLOP *** [5d 7d 2s]
Scheubi88: checks
picsel37: checks
*** TURN *** [5d 7d 2s] [Js]
Scheubi88: bets $6
picsel37: calls $6
*** RIVER *** [5d 7d 2s Js] [6d]
Scheubi88: checks
picsel37: bets $6
Scheubi88: calls $6
*** SHOW DOWN ***
picsel37: shows [4c Jc] (a pair of Jacks)
Scheubi88: mucks hand
picsel37 collected $35.50 from pot
*** SUMMARY ***
Total pot $36 | Rake $0.50
Board [5d 7d 2s Js 6d]
Seat 3: picsel37 (button) (small blind) showed [4c Jc] and won ($35.50) with a pair of Jacks
Seat 6: Scheubi88 (big blind) mucked


PokerStars Hand #176133345989:  Hold'em Limit ($3/$6 USD) - 2017/09/26 0:35:23 ET
Table 'Aemilia' 6-max Seat #6 is the button
Seat 3: picsel37 ($150.96 in chips)
Seat 6: Scheubi88 ($150.41 in chips)
Scheubi88: posts small blind $1
picsel37: posts big blind $3
*** HOLE CARDS ***
Scheubi88: raises $3 to $6
picsel37: calls $3
*** FLOP *** [9s Ad 8d]
picsel37: checks
Scheubi88: bets $3
picsel37: calls $3
*** TURN *** [9s Ad 8d] [Js]
picsel37: checks
Scheubi88: bets $6
picsel37: folds
Uncalled bet ($6) returned to Scheubi88
Scheubi88 collected $17.64 from pot
Scheubi88: doesn't show hand
*** SUMMARY ***
Total pot $18 | Rake $0.36
Board [9s Ad 8d Js]
Seat 3: picsel37 (big blind) folded on the Turn
Seat 6: Scheubi88 (button) (small blind) collected ($17.64)


PokerStars Hand #176133339469:  Hold'em Limit ($3/$6 USD) - 2017/09/26 0:34:55 ET
Table 'Aemilia' 6-max Seat #6 is the button
Seat 3: picsel37 ($136.46 in chips)
Seat 6: Scheubi88 ($165.65 in chips)
Scheubi88: posts small blind $1
picsel37: posts big blind $3
*** HOLE CARDS ***
Scheubi88: raises $3 to $6
picsel37: calls $3
*** FLOP *** [Qc 6s Kd]
picsel37: checks
Scheubi88: bets $3
picsel37: folds
Uncalled bet ($3) returned to Scheubi88
Scheubi88 collected $11.76 from pot
Scheubi88: doesn't show hand
*** SUMMARY ***
Total pot $12 | Rake $0.24
Board [Qc 6s Kd]
Seat 3: picsel37 (big blind) folded on the Flop
Seat 6: Scheubi88 (button) (small blind) collected ($11.76)


PokerStars Hand #176133350225:  Hold'em Limit ($3/$6 USD) - 2017/09/26 0:35:41 ET
Table 'Aemilia' 6-max Seat #6 is the button
Seat 3: picsel37 ($147.72 in chips)
Seat 6: Scheubi88 ($153.05 in chips)
Scheubi88: posts small blind $1
picsel37: posts big blind $3
*** HOLE CARDS ***
Scheubi88: raises $3 to $6
picsel37: calls $3
*** FLOP *** [2c 6h 6s]
picsel37: checks
Scheubi88: bets $3
picsel37: calls $3
*** TURN *** [2c 6h 6s] [Ac]
picsel37: checks
Scheubi88: bets $6
picsel37: raises $6 to $12
Scheubi88: calls $6
*** RIVER *** [2c 6h 6s Ac] [Ts]
picsel37: bets $6
Scheubi88: raises $6 to $12
picsel37: raises $6 to $18
Scheubi88: calls $6
*** SHOW DOWN ***
picsel37: shows [7s 6c] (three of a kind, Sixes)
Scheubi88: mucks hand
picsel37 collected $77.50 from pot
*** SUMMARY ***
Total pot $78 | Rake $0.50
Board [2c 6h 6s Ac Ts]
Seat 3: picsel37 (big blind) showed [7s 6c] and won ($77.50) with three of a kind, Sixes
Seat 6: Scheubi88 (button) (small blind) mucked


PokerStars Hand #176133354460:  Hold'em Limit ($3/$6 USD) - 2017/09/26 0:35:59 ET
Table 'Aemilia' 6-max Seat #3 is the button
Seat 3: picsel37 ($186.22 in chips)
Seat 6: Scheubi88 ($114.05 in chips)
picsel37: posts small blind $1
Scheubi88: posts big blind $3
*** HOLE CARDS ***
picsel37: raises $3 to $6
Scheubi88: calls $3
*** FLOP *** [Ac 8s Kh]
Scheubi88: checks
picsel37: bets $3
Scheubi88: folds
Uncalled bet ($3) returned to picsel37
picsel37 collected $11.76 from pot
*** SUMMARY ***
Total pot $12 | Rake $0.24
Board [Ac 8s Kh]
Seat 3: picsel37 (button) (small blind) collected ($11.76)
Seat 6: Scheubi88 (big blind) folded on the Flop


PokerStars Hand #176133356896:  Hold'em Limit ($3/$6 USD) - 2017/09/26 0:36:09 ET
Table 'Aemilia' 6-max Seat #6 is the button
Seat 3: picsel37 ($191.98 in chips)
Seat 6: Scheubi88 ($108.05 in chips)
Scheubi88: posts small blind $1
picsel37: posts big blind $3
*** HOLE CARDS ***
Scheubi88: raises $3 to $6
picsel37: raises $3 to $9
Scheubi88: calls $3
*** FLOP *** [5c 9h Jh]
picsel37: bets $3
Scheubi88: calls $3
*** TURN *** [5c 9h Jh] [Jc]
picsel37: bets $6
Scheubi88: calls $6
*** RIVER *** [5c 9h Jh Jc] [6d]
picsel37: bets $6
Scheubi88: calls $6
*** SHOW DOWN ***
picsel37: shows [Ad Ac] (two pair, Aces and Jacks)
Scheubi88: mucks hand
picsel37 collected $47.50 from pot
*** SUMMARY ***
Total pot $48 | Rake $0.50
Board [5c 9h Jh Jc 6d]
Seat 3: picsel37 (big blind) showed [Ad Ac] and won ($47.50) with two pair, Aces and Jacks
Seat 6: Scheubi88 (button) (small blind) mucked


PokerStars Hand #176133359920:  Hold'em Limit ($3/$6 USD) - 2017/09/26 0:36:21 ET
Table 'Aemilia' 6-max Seat #3 is the button
Seat 3: picsel37 ($215.48 in chips)
Seat 6: Scheubi88 ($84.05 in chips)
picsel37: posts small blind $1
Scheubi88: posts big blind $3
*** HOLE CARDS ***
picsel37: raises $3 to $6
Scheubi88: calls $3
*** FLOP *** [Th Jc Js]
Scheubi88: checks
picsel37: bets $3
Scheubi88: raises $3 to $6
picsel37: calls $3
*** TURN *** [Th Jc Js] [7c]
Scheubi88: bets $6
picsel37: calls $6
*** RIVER *** [Th Jc Js 7c] [3s]
Scheubi88: bets $6
picsel37: raises $6 to $12
Scheubi88: calls $6
*** SHOW DOWN ***
picsel37: shows [Jd 9d] (three of a kind, Jacks)
Scheubi88: mucks hand
picsel37 collected $59.50 from pot
*** SUMMARY ***
Total pot $60 | Rake $0.50
Board [Th Jc Js 7c 3s]
Seat 3: picsel37 (button) (small blind) showed [Jd 9d] and won ($59.50) with three of a kind, Jacks
Seat 6: Scheubi88 (big blind) mucked


PokerStars Hand #176133363909:  Hold'em Limit ($3/$6 USD) - 2017/09/26 0:36:38 ET
Table 'Aemilia' 6-max Seat #6 is the button
Seat 3: picsel37 ($244.98 in chips)
Seat 6: Scheubi88 ($54.05 in chips)
Scheubi88: posts small blind $1
picsel37: posts big blind $3
*** HOLE CARDS ***
Scheubi88: raises $3 to $6
picsel37: calls $3
*** FLOP *** [6h 2h Ad]
picsel37: checks
Scheubi88: bets $3
picsel37: calls $3
*** TURN *** [6h 2h Ad] [5h]
picsel37: checks
Scheubi88: bets $6
picsel37: calls $6
*** RIVER *** [6h 2h Ad 5h] [4s]
picsel37: checks
Scheubi88: bets $6
picsel37: folds
Uncalled bet ($6) returned to Scheubi88
Scheubi88 collected $29.50 from pot
Scheubi88: doesn't show hand
*** SUMMARY ***
Total pot $30 | Rake $0.50
Board [6h 2h Ad 5h 4s]
Seat 3: picsel37 (big blind) folded on the River
Seat 6: Scheubi88 (button) (small blind) collected ($29.50)


PokerStars Hand #176133378683:  Hold'em Limit ($3/$6 USD) - 2017/09/26 0:37:40 ET
Table 'Aemilia' 6-max Seat #6 is the button
Seat 3: picsel37 ($202.48 in chips)
Seat 6: Scheubi88 ($94.33 in chips)
Scheubi88: posts small blind $1
picsel37: posts big blind $3
*** HOLE CARDS ***
Scheubi88: raises $3 to $6
picsel37: folds
Uncalled bet ($3) returned to Scheubi88
Scheubi88 collected $6 from pot
Scheubi88: doesn't show hand
*** SUMMARY ***
Total pot $6 | Rake $0
Seat 3: picsel37 (big blind) folded before Flop
Seat 6: Scheubi88 (button) (small blind) collected ($6)


PokerStars Hand #176133376955:  Hold'em Limit ($3/$6 USD) - 2017/09/26 0:37:32 ET
Table 'Aemilia' 6-max Seat #3 is the button
Seat 3: picsel37 ($211.48 in chips)
Seat 6: Scheubi88 ($85.69 in chips)
picsel37: posts small blind $1
Scheubi88: posts big blind $3
*** HOLE CARDS ***
picsel37: raises $3 to $6
Scheubi88: raises $3 to $9
picsel37: calls $3
*** FLOP *** [3c Qd As]
Scheubi88: bets $3
picsel37: folds
Uncalled bet ($3) returned to Scheubi88
Scheubi88 collected $17.64 from pot
Scheubi88: doesn't show hand
*** SUMMARY ***
Total pot $18 | Rake $0.36
Board [3c Qd As]
Seat 3: picsel37 (button) (small blind) folded on the Flop
Seat 6: Scheubi88 (big blind) collected ($17.64)


PokerStars Hand #176133367799:  Hold'em Limit ($3/$6 USD) - 2017/09/26 0:36:54 ET
Table 'Aemilia' 6-max Seat #3 is the button
Seat 3: picsel37 ($229.98 in chips)
Seat 6: Scheubi88 ($68.55 in chips)
picsel37: posts small blind $1
Scheubi88: posts big blind $3
*** HOLE CARDS ***
picsel37: raises $3 to $6
Scheubi88: calls $3
*** FLOP *** [4h Qh 4s]
Scheubi88: checks
picsel37: bets $3
Scheubi88: raises $3 to $6
picsel37: folds
Uncalled bet ($3) returned to Scheubi88
Scheubi88 collected $17.64 from pot
Scheubi88: doesn't show hand
*** SUMMARY ***
Total pot $18 | Rake $0.36
Board [4h Qh 4s]
Seat 3: picsel37 (button) (small blind) folded on the Flop
Seat 6: Scheubi88 (big blind) collected ($17.64)


PokerStars Hand #176133375735:  Hold'em Limit ($3/$6 USD) - 2017/09/26 0:37:27 ET
Table 'Aemilia' 6-max Seat #6 is the button
Seat 3: picsel37 ($214.48 in chips)
Seat 6: Scheubi88 ($82.69 in chips)
Scheubi88: posts small blind $1
picsel37: posts big blind $3
*** HOLE CARDS ***
Scheubi88: raises $3 to $6
picsel37: folds
Uncalled bet ($3) returned to Scheubi88
Scheubi88 collected $6 from pot
Scheubi88: doesn't show hand
*** SUMMARY ***
Total pot $6 | Rake $0
Seat 3: picsel37 (big blind) folded before Flop
Seat 6: Scheubi88 (button) (small blind) collected ($6)


PokerStars Hand #176133373052:  Hold'em Limit ($3/$6 USD) - 2017/09/26 0:37:16 ET
Table 'Aemilia' 6-max Seat #3 is the button
Seat 3: picsel37 ($199.98 in chips)
Seat 6: Scheubi88 ($97.69 in chips)
picsel37: posts small blind $1
Scheubi88: posts big blind $3
*** HOLE CARDS ***
picsel37: raises $3 to $6
Scheubi88: calls $3
*** FLOP *** [Qd 8h 8d]
Scheubi88: checks
picsel37: bets $3
Scheubi88: raises $3 to $6
picsel37: raises $3 to $9
Scheubi88: calls $3
*** TURN *** [Qd 8h 8d] [3s]
Scheubi88: checks
picsel37: bets $6
Scheubi88: folds
Uncalled bet ($6) returned to picsel37
picsel37 collected $29.50 from pot
*** SUMMARY ***
Total pot $30 | Rake $0.50
Board [Qd 8h 8d 3s]
Seat 3: picsel37 (button) (small blind) collected ($29.50)
Seat 6: Scheubi88 (big blind) folded on the Turn


PokerStars Hand #176133370040:  Hold'em Limit ($3/$6 USD) - 2017/09/26 0:37:03 ET
Table 'Aemilia' 6-max Seat #6 is the button
Seat 3: picsel37 ($220.98 in chips)
Seat 6: Scheubi88 ($77.19 in chips)
Scheubi88: posts small blind $1
picsel37: posts big blind $3
*** HOLE CARDS ***
Scheubi88: raises $3 to $6
picsel37: calls $3
*** FLOP *** [Qh 6d 8d]
picsel37: checks
Scheubi88: bets $3
picsel37: calls $3
*** TURN *** [Qh 6d 8d] [Td]
picsel37: checks
Scheubi88: bets $6
picsel37: calls $6
*** RIVER *** [Qh 6d 8d Td] [Ac]
picsel37: checks
Scheubi88: bets $6
picsel37: calls $6
*** SHOW DOWN ***
Scheubi88: shows [Ah Qd] (two pair, Aces and Queens)
picsel37: mucks hand
Scheubi88 collected $41.50 from pot
*** SUMMARY ***
Total pot $42 | Rake $0.50
Board [Qh 6d 8d Td Ac]
Seat 3: picsel37 (big blind) mucked
Seat 6: Scheubi88 (button) (small blind) showed [Ah Qd] and won ($41.50) with two pair, Aces and Queens


PokerStars Hand #176133379815:  Hold'em Limit ($3/$6 USD) - 2017/09/26 0:37:44 ET
Table 'Aemilia' 6-max Seat #3 is the button
Seat 3: picsel37 ($199.48 in chips)
Seat 6: Scheubi88 ($97.33 in chips)
picsel37: posts small blind $1
Scheubi88: posts big blind $3
*** HOLE CARDS ***
picsel37: raises $3 to $6
Scheubi88: calls $3
*** FLOP *** [Ts 4d Qd]
Scheubi88: checks
picsel37: bets $3
Scheubi88: raises $3 to $6
picsel37: calls $3
*** TURN *** [Ts 4d Qd] [7c]
Scheubi88: bets $6
picsel37: calls $6
*** RIVER *** [Ts 4d Qd 7c] [2d]
Scheubi88: bets $6
picsel37: folds
Uncalled bet ($6) returned to Scheubi88
RESTART joins the table at seat #1
Scheubi88 collected $35.50 from pot
Scheubi88: doesn't show hand
*** SUMMARY ***
Total pot $36 | Rake $0.50
Board [Ts 4d Qd 7c 2d]
Seat 3: picsel37 (button) (small blind) folded on the River
Seat 6: Scheubi88 (big blind) collected ($35.50)


PokerStars Hand #176134220486:  Hold'em Limit ($3/$6 USD) - 2017/09/26 1:38:24 ET
Table 'Aemilia' 6-max Seat #2 is the button
Seat 2: DECAlpha ($90.88 in chips)
Seat 6: Scheubi88 ($145.48 in chips)
DECAlpha: posts small blind $1
Scheubi88: posts big blind $3
*** HOLE CARDS ***
DECAlpha: raises $3 to $6
Scheubi88: calls $3
*** FLOP *** [Ts Ks 6h]
Scheubi88: checks
DECAlpha: bets $3
Scheubi88: folds
Uncalled bet ($3) returned to DECAlpha
DECAlpha collected $11.76 from pot
DECAlpha: doesn't show hand
*** SUMMARY ***
Total pot $12 | Rake $0.24
Board [Ts Ks 6h]
Seat 2: DECAlpha (button) (small blind) collected ($11.76)
Seat 6: Scheubi88 (big blind) folded on the Flop


PokerStars Hand #176134226615:  Hold'em Limit ($3/$6 USD) - 2017/09/26 1:38:51 ET
Table 'Aemilia' 6-max Seat #6 is the button
Seat 2: DECAlpha ($84.64 in chips)
Seat 6: Scheubi88 ($151.12 in chips)
Scheubi88: posts small blind $1
DECAlpha: posts big blind $3
*** HOLE CARDS ***
Scheubi88: raises $3 to $6
DECAlpha: raises $3 to $9
Scheubi88: calls $3
*** FLOP *** [Qs 5c Qh]
DECAlpha: bets $3
Scheubi88: folds
Uncalled bet ($3) returned to DECAlpha
DECAlpha collected $17.64 from pot
DECAlpha: doesn't show hand
*** SUMMARY ***
Total pot $18 | Rake $0.36
Board [Qs 5c Qh]
Seat 2: DECAlpha (big blind) collected ($17.64)
Seat 6: Scheubi88 (button) (small blind) folded on the Flop


PokerStars Hand #176134224017:  Hold'em Limit ($3/$6 USD) - 2017/09/26 1:38:40 ET
Table 'Aemilia' 6-max Seat #2 is the button
Seat 2: DECAlpha ($93.64 in chips)
Seat 6: Scheubi88 ($142.48 in chips)
DECAlpha: posts small blind $1
Scheubi88: posts big blind $3
*** HOLE CARDS ***
DECAlpha: raises $3 to $6
Scheubi88: raises $3 to $9
DECAlpha: calls $3
*** FLOP *** [9s 3d 7c]
Scheubi88: bets $3
DECAlpha: folds
Uncalled bet ($3) returned to Scheubi88
Scheubi88 collected $17.64 from pot
Scheubi88: doesn't show hand
*** SUMMARY ***
Total pot $18 | Rake $0.36
Board [9s 3d 7c]
Seat 2: DECAlpha (button) (small blind) folded on the Flop
Seat 6: Scheubi88 (big blind) collected ($17.64)


PokerStars Hand #176134222782:  Hold'em Limit ($3/$6 USD) - 2017/09/26 1:38:34 ET
Table 'Aemilia' 6-max Seat #6 is the button
Seat 2: DECAlpha ($96.64 in chips)
Seat 6: Scheubi88 ($139.48 in chips)
Scheubi88: posts small blind $1
DECAlpha: posts big blind $3
*** HOLE CARDS ***
Scheubi88: raises $3 to $6
DECAlpha: folds
Uncalled bet ($3) returned to Scheubi88
Scheubi88 collected $6 from pot
Scheubi88: doesn't show hand
*** SUMMARY ***
Total pot $6 | Rake $0
Seat 2: DECAlpha (big blind) folded before Flop
Seat 6: Scheubi88 (button) (small blind) collected ($6)


PokerStars Hand #176134229431:  Hold'em Limit ($3/$6 USD) - 2017/09/26 1:39:04 ET
Table 'Aemilia' 6-max Seat #2 is the button
Seat 2: DECAlpha ($93.28 in chips)
Seat 6: Scheubi88 ($142.12 in chips)
DECAlpha: posts small blind $1
Scheubi88: posts big blind $3
*** HOLE CARDS ***
DECAlpha: raises $3 to $6
Scheubi88: calls $3
*** FLOP *** [9c 6s 6d]
Scheubi88: checks
DECAlpha: bets $3
Scheubi88: calls $3
*** TURN *** [9c 6s 6d] [3d]
Scheubi88: checks
DECAlpha: checks
*** RIVER *** [9c 6s 6d 3d] [7s]
Scheubi88: checks
DECAlpha: checks
*** SHOW DOWN ***
Scheubi88: shows [Td Kc] (a pair of Sixes)
DECAlpha: shows [As 8c] (a pair of Sixes - Ace kicker)
DECAlpha collected $17.64 from pot
*** SUMMARY ***
Total pot $18 | Rake $0.36
Board [9c 6s 6d 3d 7s]
Seat 2: DECAlpha (button) (small blind) showed [As 8c] and won ($17.64) with a pair of Sixes
Seat 6: Scheubi88 (big blind) showed [Td Kc] and lost with a pair of Sixes


PokerStars Hand #176134232443:  Hold'em Limit ($3/$6 USD) - 2017/09/26 1:39:17 ET
Table 'Aemilia' 6-max Seat #6 is the button
Seat 2: DECAlpha ($101.92 in chips)
Seat 6: Scheubi88 ($133.12 in chips)
Scheubi88: posts small blind $1
DECAlpha: posts big blind $3
*** HOLE CARDS ***
Scheubi88: raises $3 to $6
DECAlpha: calls $3
*** FLOP *** [Ah 4c Jd]
DECAlpha: checks
Scheubi88: bets $3
DECAlpha: folds
Uncalled bet ($3) returned to Scheubi88
Scheubi88 collected $11.76 from pot
Scheubi88: doesn't show hand
*** SUMMARY ***
Total pot $12 | Rake $0.24
Board [Ah 4c Jd]
Seat 2: DECAlpha (big blind) folded on the Flop
Seat 6: Scheubi88 (button) (small blind) collected ($11.76)


PokerStars Hand #176134234598:  Hold'em Limit ($3/$6 USD) - 2017/09/26 1:39:27 ET
Table 'Aemilia' 6-max Seat #2 is the button
Seat 2: DECAlpha ($95.92 in chips)
Seat 6: Scheubi88 ($138.88 in chips)
DECAlpha: posts small blind $1
Scheubi88: posts big blind $3
*** HOLE CARDS ***
DECAlpha: raises $3 to $6
Scheubi88: calls $3
*** FLOP *** [5h 5s 7c]
Scheubi88: checks
DECAlpha: bets $3
Scheubi88: raises $3 to $6
DECAlpha: folds
Uncalled bet ($3) returned to Scheubi88
Scheubi88 collected $17.64 from pot
Scheubi88: doesn't show hand
*** SUMMARY ***
Total pot $18 | Rake $0.36
Board [5h 5s 7c]
Seat 2: DECAlpha (button) (small blind) folded on the Flop
Seat 6: Scheubi88 (big blind) collected ($17.64)


PokerStars Hand #176134236937:  Hold'em Limit ($3/$6 USD) - 2017/09/26 1:39:37 ET
Table 'Aemilia' 6-max Seat #6 is the button
Seat 2: DECAlpha ($86.92 in chips)
Seat 6: Scheubi88 ($147.52 in chips)
Scheubi88: posts small blind $1
DECAlpha: posts big blind $3
*** HOLE CARDS ***
Scheubi88: raises $3 to $6
DECAlpha: calls $3
*** FLOP *** [4d 8s Ts]
DECAlpha: checks
Scheubi88: bets $3
DECAlpha: raises $3 to $6
Scheubi88: calls $3
*** TURN *** [4d 8s Ts] [Kd]
DECAlpha: checks
Scheubi88: checks
*** RIVER *** [4d 8s Ts Kd] [5s]
DECAlpha: bets $6
Scheubi88: calls $6
*** SHOW DOWN ***
DECAlpha: shows [Qs 2s] (a flush, Queen high)
Scheubi88: mucks hand
DECAlpha collected $35.50 from pot
*** SUMMARY ***
Total pot $36 | Rake $0.50
Board [4d 8s Ts Kd 5s]
Seat 2: DECAlpha (big blind) showed [Qs 2s] and won ($35.50) with a flush, Queen high
Seat 6: Scheubi88 (button) (small blind) mucked


PokerStars Hand #176134243989:  Hold'em Limit ($3/$6 USD) - 2017/09/26 1:40:08 ET
Table 'Aemilia' 6-max Seat #6 is the button
Seat 2: DECAlpha ($98.42 in chips)
Seat 6: Scheubi88 ($135.28 in chips)
Scheubi88: posts small blind $1
DECAlpha: posts big blind $3
*** HOLE CARDS ***
Scheubi88: raises $3 to $6
DECAlpha: folds
Uncalled bet ($3) returned to Scheubi88
Scheubi88 collected $6 from pot
Scheubi88: doesn't show hand
*** SUMMARY ***
Total pot $6 | Rake $0
Seat 2: DECAlpha (big blind) folded before Flop
Seat 6: Scheubi88 (button) (small blind) collected ($6)


PokerStars Hand #176134240663:  Hold'em Limit ($3/$6 USD) - 2017/09/26 1:39:53 ET
Table 'Aemilia' 6-max Seat #2 is the button
Seat 2: DECAlpha ($104.42 in chips)
Seat 6: Scheubi88 ($129.52 in chips)
DECAlpha: posts small blind $1
Scheubi88: posts big blind $3
*** HOLE CARDS ***
DECAlpha: calls $2
Scheubi88: checks
*** FLOP *** [6s 3d 4h]
Scheubi88: checks
DECAlpha: bets $3
Scheubi88: calls $3
*** TURN *** [6s 3d 4h] [4s]
Scheubi88: checks
DECAlpha: checks
*** RIVER *** [6s 3d 4h 4s] [Ks]
Scheubi88: bets $6
DECAlpha: folds
Uncalled bet ($6) returned to Scheubi88
Scheubi88 collected $11.76 from pot
Scheubi88: doesn't show hand
*** SUMMARY ***
Total pot $12 | Rake $0.24
Board [6s 3d 4h 4s Ks]
Seat 2: DECAlpha (button) (small blind) folded on the River
Seat 6: Scheubi88 (big blind) collected ($11.76)


PokerStars Hand #176134245921:  Hold'em Limit ($3/$6 USD) - 2017/09/26 1:40:16 ET
Table 'Aemilia' 6-max Seat #6 is the button
Seat 2: DECAlpha ($94.42 in chips)
Seat 6: Scheubi88 ($139.28 in chips)
Scheubi88: posts small blind $1
DECAlpha: posts big blind $3
*** HOLE CARDS ***
Scheubi88: raises $3 to $6
DECAlpha: calls $3
*** FLOP *** [4h 7c As]
DECAlpha: checks
Scheubi88: bets $3
DECAlpha: folds
Uncalled bet ($3) returned to Scheubi88
Scheubi88 collected $11.76 from pot
Scheubi88: doesn't show hand
*** SUMMARY ***
Total pot $12 | Rake $0.24
Board [4h 7c As]
Seat 2: DECAlpha (big blind) folded on the Flop
Seat 6: Scheubi88 (button) (small blind) collected ($11.76)


PokerStars Hand #176134244954:  Hold'em Limit ($3/$6 USD) - 2017/09/26 1:40:12 ET
Table 'Aemilia' 6-max Seat #2 is the button
Seat 2: DECAlpha ($95.42 in chips)
Seat 6: Scheubi88 ($138.28 in chips)
DECAlpha: posts small blind $1
Scheubi88: posts big blind $3
*** HOLE CARDS ***
DECAlpha: folds
Uncalled bet ($2) returned to Scheubi88
Scheubi88 collected $2 from pot
Scheubi88: doesn't show hand
*** SUMMARY ***
Total pot $2 | Rake $0
Seat 2: DECAlpha (button) (small blind) folded before Flop
Seat 6: Scheubi88 (big blind) collected ($2)


PokerStars Hand #176134247730:  Hold'em Limit ($3/$6 USD) - 2017/09/26 1:40:24 ET
Table 'Aemilia' 6-max Seat #2 is the button
Seat 2: DECAlpha ($88.42 in chips)
Seat 6: Scheubi88 ($145.04 in chips)
DECAlpha: posts small blind $1
Scheubi88: posts big blind $3
*** HOLE CARDS ***
DECAlpha: raises $3 to $6
Scheubi88: calls $3
*** FLOP *** [5c 3s 8h]
Scheubi88: checks
DECAlpha: checks
*** TURN *** [5c 3s 8h] [Ah]
Scheubi88: checks
DECAlpha: bets $6
Scheubi88: folds
Uncalled bet ($6) returned to DECAlpha
DECAlpha collected $11.76 from pot
DECAlpha: doesn't show hand
*** SUMMARY ***
Total pot $12 | Rake $0.24
Board [5c 3s 8h Ah]
Seat 2: DECAlpha (button) (small blind) collected ($11.76)
Seat 6: Scheubi88 (big blind) folded on the Turn


PokerStars Hand #176134250397:  Hold'em Limit ($3/$6 USD) - 2017/09/26 1:40:36 ET
Table 'Aemilia' 6-max Seat #6 is the button
Seat 2: DECAlpha ($94.18 in chips)
Seat 6: Scheubi88 ($139.04 in chips)
Scheubi88: posts small blind $1
DECAlpha: posts big blind $3
*** HOLE CARDS ***
Scheubi88: raises $3 to $6
DECAlpha: calls $3
*** FLOP *** [6c 7h 9s]
DECAlpha: checks
Scheubi88: bets $3
DECAlpha: calls $3
*** TURN *** [6c 7h 9s] [Ks]
DECAlpha: checks
Scheubi88: bets $6
DECAlpha: calls $6
*** RIVER *** [6c 7h 9s Ks] [Jh]
DECAlpha: checks
Scheubi88: checks
*** SHOW DOWN ***
DECAlpha: shows [Qc 7s] (a pair of Sevens)
Scheubi88: mucks hand
DECAlpha collected $29.50 from pot
*** SUMMARY ***
Total pot $30 | Rake $0.50
Board [6c 7h 9s Ks Jh]
Seat 2: DECAlpha (big blind) showed [Qc 7s] and won ($29.50) with a pair of Sevens
Seat 6: Scheubi88 (button) (small blind) mucked


PokerStars Hand #176134264606:  Hold'em Limit ($3/$6 USD) - 2017/09/26 1:41:40 ET
Table 'Aemilia' 6-max Seat #6 is the button
Seat 2: DECAlpha ($125.18 in chips)
Seat 6: Scheubi88 ($106.68 in chips)
Scheubi88: posts small blind $1
DECAlpha: posts big blind $3
*** HOLE CARDS ***
Scheubi88: raises $3 to $6
DECAlpha: calls $3
*** FLOP *** [Qc Qh Th]
DECAlpha: checks
Scheubi88: bets $3
DECAlpha: raises $3 to $6
Scheubi88: calls $3
*** TURN *** [Qc Qh Th] [Ac]
DECAlpha: bets $6
Scheubi88: raises $6 to $12
DECAlpha: calls $6
*** RIVER *** [Qc Qh Th Ac] [4d]
DECAlpha: checks
Scheubi88: bets $6
DECAlpha: calls $6
*** SHOW DOWN ***
Scheubi88: shows [Ah Ad] (a full house, Aces full of Queens)
DECAlpha: mucks hand
Scheubi88 collected $59.50 from pot
*** SUMMARY ***
Total pot $60 | Rake $0.50
Board [Qc Qh Th Ac 4d]
Seat 2: DECAlpha (big blind) mucked
Seat 6: Scheubi88 (button) (small blind) showed [Ah Ad] and won ($59.50) with a full house, Aces full of Queens


PokerStars Hand #176134254562:  Hold'em Limit ($3/$6 USD) - 2017/09/26 1:40:55 ET
Table 'Aemilia' 6-max Seat #2 is the button
Seat 2: DECAlpha ($108.68 in chips)
Seat 6: Scheubi88 ($124.04 in chips)
DECAlpha: posts small blind $1
Scheubi88: posts big blind $3
*** HOLE CARDS ***
DECAlpha: raises $3 to $6
Scheubi88: calls $3
*** FLOP *** [9s 4d 6d]
Scheubi88: checks
DECAlpha: bets $3
Scheubi88: calls $3
*** TURN *** [9s 4d 6d] [As]
Scheubi88: checks
DECAlpha: checks
*** RIVER *** [9s 4d 6d As] [9c]
Scheubi88: checks
DECAlpha: checks
*** SHOW DOWN ***
Scheubi88: shows [Kd 2s] (a pair of Nines)
DECAlpha: mucks hand
Scheubi88 collected $17.64 from pot
*** SUMMARY ***
Total pot $18 | Rake $0.36
Board [9s 4d 6d As 9c]
Seat 2: DECAlpha (button) (small blind) mucked
Seat 6: Scheubi88 (big blind) showed [Kd 2s] and won ($17.64) with a pair of Nines


PokerStars Hand #176134263637:  Hold'em Limit ($3/$6 USD) - 2017/09/26 1:41:36 ET
Table 'Aemilia' 6-max Seat #2 is the button
Seat 2: DECAlpha ($126.18 in chips)
Seat 6: Scheubi88 ($105.68 in chips)
DECAlpha: posts small blind $1
Scheubi88: posts big blind $3
*** HOLE CARDS ***
DECAlpha: folds
Uncalled bet ($2) returned to Scheubi88
Scheubi88 collected $2 from pot
Scheubi88: doesn't show hand
*** SUMMARY ***
Total pot $2 | Rake $0
Seat 2: DECAlpha (button) (small blind) folded before Flop
Seat 6: Scheubi88 (big blind) collected ($2)


PokerStars Hand #176134259780:  Hold'em Limit ($3/$6 USD) - 2017/09/26 1:41:18 ET
Table 'Aemilia' 6-max Seat #6 is the button
Seat 2: DECAlpha ($99.68 in chips)
Seat 6: Scheubi88 ($132.68 in chips)
Scheubi88: posts small blind $1
DECAlpha: posts big blind $3
*** HOLE CARDS ***
Scheubi88: raises $3 to $6
DECAlpha: calls $3
*** FLOP *** [Qs 5d Ks]
DECAlpha: checks
Scheubi88: bets $3
DECAlpha: calls $3
*** TURN *** [Qs 5d Ks] [3h]
DECAlpha: checks
Scheubi88: bets $6
DECAlpha: raises $6 to $12
Scheubi88: calls $6
*** RIVER *** [Qs 5d Ks 3h] [6d]
DECAlpha: bets $6
Scheubi88: calls $6
*** SHOW DOWN ***
DECAlpha: shows [Kh 4s] (a pair of Kings)
Scheubi88: mucks hand
DECAlpha collected $53.50 from pot
*** SUMMARY ***
Total pot $54 | Rake $0.50
Board [Qs 5d Ks 3h 6d]
Seat 2: DECAlpha (big blind) showed [Kh 4s] and won ($53.50) with a pair of Kings
Seat 6: Scheubi88 (button) (small blind) mucked


PokerStars Hand #176134274021:  Hold'em Limit ($3/$6 USD) - 2017/09/26 1:42:22 ET
Table 'Aemilia' 6-max Seat #2 is the button
Seat 2: DECAlpha ($100.82 in chips)
Seat 6: Scheubi88 ($130.18 in chips)
DECAlpha: posts small blind $1
Scheubi88: posts big blind $3
*** HOLE CARDS ***
DECAlpha: calls $2
Scheubi88: checks
*** FLOP *** [Ad Ts 4c]
Scheubi88: checks
DECAlpha: bets $3
Scheubi88: raises $3 to $6
DECAlpha: calls $3
*** TURN *** [Ad Ts 4c] [9s]
Scheubi88: bets $6
DECAlpha: calls $6
*** RIVER *** [Ad Ts 4c 9s] [9d]
Scheubi88: checks
DECAlpha: checks
*** SHOW DOWN ***
Scheubi88: shows [4d 3d] (two pair, Nines and Fours)
DECAlpha: shows [6h Tc] (two pair, Tens and Nines)
DECAlpha collected $29.50 from pot
*** SUMMARY ***
Total pot $30 | Rake $0.50
Board [Ad Ts 4c 9s 9d]
Seat 2: DECAlpha (button) (small blind) showed [6h Tc] and won ($29.50) with two pair, Tens and Nines
Seat 6: Scheubi88 (big blind) showed [4d 3d] and lost with two pair, Nines and Fours


PokerStars Hand #176134278235:  Hold'em Limit ($3/$6 USD) - 2017/09/26 1:42:41 ET
Table 'Aemilia' 6-max Seat #6 is the button
Seat 2: DECAlpha ($115.32 in chips)
Seat 6: Scheubi88 ($115.18 in chips)
Scheubi88: posts small blind $1
DECAlpha: posts big blind $3
*** HOLE CARDS ***
Scheubi88: raises $3 to $6
DECAlpha: calls $3
*** FLOP *** [9h 9c 3c]
DECAlpha: checks
Scheubi88: bets $3
DECAlpha: calls $3
*** TURN *** [9h 9c 3c] [5d]
DECAlpha: checks
Scheubi88: bets $6
DECAlpha: folds
Uncalled bet ($6) returned to Scheubi88
Scheubi88 collected $17.64 from pot
Scheubi88: doesn't show hand
*** SUMMARY ***
Total pot $18 | Rake $0.36
Board [9h 9c 3c 5d]
Seat 2: DECAlpha (big blind) folded on the Turn
Seat 6: Scheubi88 (button) (small blind) collected ($17.64)


PokerStars Hand #176134281885:  Hold'em Limit ($3/$6 USD) - 2017/09/26 1:42:58 ET
Table 'Aemilia' 6-max Seat #6 is the button
Seat 2: DECAlpha ($105.32 in chips)
Seat 6: Scheubi88 ($124.82 in chips)
Scheubi88: posts small blind $1
DECAlpha: posts big blind $3
*** HOLE CARDS ***
Scheubi88: raises $3 to $6
DECAlpha: folds
Uncalled bet ($3) returned to Scheubi88
Scheubi88 collected $6 from pot
Scheubi88: doesn't show hand
*** SUMMARY ***
Total pot $6 | Rake $0
Seat 2: DECAlpha (big blind) folded before Flop
Seat 6: Scheubi88 (button) (small blind) collected ($6)


PokerStars Hand #176134280962:  Hold'em Limit ($3/$6 USD) - 2017/09/26 1:42:53 ET
Table 'Aemilia' 6-max Seat #2 is the button
Seat 2: DECAlpha ($106.32 in chips)
Seat 6: Scheubi88 ($123.82 in chips)
DECAlpha: posts small blind $1
Scheubi88: posts big blind $3
*** HOLE CARDS ***
DECAlpha: folds
Uncalled bet ($2) returned to Scheubi88
Scheubi88 collected $2 from pot
Scheubi88: doesn't show hand
*** SUMMARY ***
Total pot $2 | Rake $0
Seat 2: DECAlpha (button) (small blind) folded before Flop
Seat 6: Scheubi88 (big blind) collected ($2)


PokerStars Hand #176134273004:  Hold'em Limit ($3/$6 USD) - 2017/09/26 1:42:18 ET
Table 'Aemilia' 6-max Seat #6 is the button
Seat 2: DECAlpha ($103.82 in chips)
Seat 6: Scheubi88 ($127.18 in chips)
Scheubi88: posts small blind $1
DECAlpha: posts big blind $3
*** HOLE CARDS ***
Scheubi88: raises $3 to $6
DECAlpha: folds
Uncalled bet ($3) returned to Scheubi88
Scheubi88 collected $6 from pot
Scheubi88: doesn't show hand
*** SUMMARY ***
Total pot $6 | Rake $0
Seat 2: DECAlpha (big blind) folded before Flop
Seat 6: Scheubi88 (button) (small blind) collected ($6)


PokerStars Hand #176134268728:  Hold'em Limit ($3/$6 USD) - 2017/09/26 1:41:58 ET
Table 'Aemilia' 6-max Seat #2 is the button
Seat 2: DECAlpha ($95.18 in chips)
Seat 6: Scheubi88 ($136.18 in chips)
DECAlpha: posts small blind $1
Scheubi88: posts big blind $3
*** HOLE CARDS ***
DECAlpha: raises $3 to $6
Scheubi88: calls $3
*** FLOP *** [4h 9c 9s]
Scheubi88: checks
DECAlpha: bets $3
Scheubi88: calls $3
*** TURN *** [4h 9c 9s] [Kc]
Scheubi88: checks
DECAlpha: bets $6
Scheubi88: folds
Uncalled bet ($6) returned to DECAlpha
DECAlpha collected $17.64 from pot
DECAlpha: doesn't show hand
*** SUMMARY ***
Total pot $18 | Rake $0.36
Board [4h 9c 9s Kc]
Seat 2: DECAlpha (button) (small blind) collected ($17.64)
Seat 6: Scheubi88 (big blind) folded on the Turn


PokerStars Hand #176134286977:  Hold'em Limit ($3/$6 USD) - 2017/09/26 1:43:20 ET
Table 'Aemilia' 6-max Seat #2 is the button
Seat 2: DECAlpha ($102.08 in chips)
Seat 6: Scheubi88 ($127.58 in chips)
DECAlpha: posts small blind $1
Scheubi88: posts big blind $3
*** HOLE CARDS ***
DECAlpha: calls $2
Scheubi88: raises $3 to $6
DECAlpha: calls $3
*** FLOP *** [Tc 5h 5c]
Scheubi88: bets $3
DECAlpha: folds
Uncalled bet ($3) returned to Scheubi88
Scheubi88 collected $11.76 from pot
Scheubi88: doesn't show hand
*** SUMMARY ***
Total pot $12 | Rake $0.24
Board [Tc 5h 5c]
Seat 2: DECAlpha (button) (small blind) folded on the Flop
Seat 6: Scheubi88 (big blind) collected ($11.76)


PokerStars Hand #176134283056:  Hold'em Limit ($3/$6 USD) - 2017/09/26 1:43:02 ET
Table 'Aemilia' 6-max Seat #2 is the button
Seat 2: DECAlpha ($102.32 in chips)
Seat 6: Scheubi88 ($127.82 in chips)
DECAlpha: posts small blind $1
Scheubi88: posts big blind $3
*** HOLE CARDS ***
DECAlpha: raises $3 to $6
Scheubi88: calls $3
*** FLOP *** [8c 4d Kc]
Scheubi88: checks
DECAlpha: bets $3
Scheubi88: folds
Uncalled bet ($3) returned to DECAlpha
DECAlpha collected $11.76 from pot
DECAlpha: doesn't show hand
*** SUMMARY ***
Total pot $12 | Rake $0.24
Board [8c 4d Kc]
Seat 2: DECAlpha (button) (small blind) collected ($11.76)
Seat 6: Scheubi88 (big blind) folded on the Flop


PokerStars Hand #176134284941:  Hold'em Limit ($3/$6 USD) - 2017/09/26 1:43:11 ET
Table 'Aemilia' 6-max Seat #6 is the button
Seat 2: DECAlpha ($108.08 in chips)
Seat 6: Scheubi88 ($121.82 in chips)
Scheubi88: posts small blind $1
DECAlpha: posts big blind $3
*** HOLE CARDS ***
Scheubi88: raises $3 to $6
DECAlpha: calls $3
*** FLOP *** [Ts 4h 3s]
DECAlpha: checks
Scheubi88: bets $3
DECAlpha: folds
Uncalled bet ($3) returned to Scheubi88
Scheubi88 collected $11.76 from pot
Scheubi88: doesn't show hand
*** SUMMARY ***
Total pot $12 | Rake $0.24
Board [Ts 4h 3s]
Seat 2: DECAlpha (big blind) folded on the Flop
Seat 6: Scheubi88 (button) (small blind) collected ($11.76)


PokerStars Hand #176134301600:  Hold'em Limit ($3/$6 USD) - 2017/09/26 1:44:25 ET
Table 'Aemilia' 6-max Seat #6 is the button
Seat 2: DECAlpha ($101.58 in chips)
Seat 6: Scheubi88 ($126.86 in chips)
Scheubi88: posts small blind $1
DECAlpha: posts big blind $3
*** HOLE CARDS ***
Scheubi88: raises $3 to $6
DECAlpha: folds
Uncalled bet ($3) returned to Scheubi88
Scheubi88 collected $6 from pot
Scheubi88: doesn't show hand
*** SUMMARY ***
Total pot $6 | Rake $0
Seat 2: DECAlpha (big blind) folded before Flop
Seat 6: Scheubi88 (button) (small blind) collected ($6)


PokerStars Hand #176134297279:  Hold'em Limit ($3/$6 USD) - 2017/09/26 1:44:06 ET
Table 'Aemilia' 6-max Seat #2 is the button
Seat 2: DECAlpha ($113.58 in chips)
Seat 6: Scheubi88 ($115.34 in chips)
DECAlpha: posts small blind $1
Scheubi88: posts big blind $3
*** HOLE CARDS ***
DECAlpha: raises $3 to $6
Scheubi88: calls $3
*** FLOP *** [8h 4d 6c]
Scheubi88: checks
DECAlpha: checks
*** TURN *** [8h 4d 6c] [3h]
Scheubi88: bets $6
DECAlpha: calls $6
*** RIVER *** [8h 4d 6c 3h] [9c]
Scheubi88: bets $6
DECAlpha: folds
Uncalled bet ($6) returned to Scheubi88
Scheubi88 collected $23.52 from pot
Scheubi88: doesn't show hand
*** SUMMARY ***
Total pot $24 | Rake $0.48
Board [8h 4d 6c 3h 9c]
Seat 2: DECAlpha (button) (small blind) folded on the River
Seat 6: Scheubi88 (big blind) collected ($23.52)


PokerStars Hand #176134302731:  Hold'em Limit ($3/$6 USD) - 2017/09/26 1:44:30 ET
Table 'Aemilia' 6-max Seat #2 is the button
Seat 2: DECAlpha ($98.58 in chips)
Seat 6: Scheubi88 ($129.86 in chips)
DECAlpha: posts small blind $1
Scheubi88: posts big blind $3
*** HOLE CARDS ***
DECAlpha: raises $3 to $6
Scheubi88: calls $3
*** FLOP *** [Th 9d Jd]
Scheubi88: checks
DECAlpha: bets $3
Scheubi88: calls $3
*** TURN *** [Th 9d Jd] [Ah]
Scheubi88: checks
DECAlpha: bets $6
Scheubi88: raises $6 to $12
DECAlpha: raises $6 to $18
Scheubi88: calls $6
*** RIVER *** [Th 9d Jd Ah] [9c]
Scheubi88: checks
DECAlpha: checks
*** SHOW DOWN ***
Scheubi88: shows [5s 8s] (a pair of Nines)
DECAlpha: shows [8h Jh] (two pair, Jacks and Nines)
DECAlpha collected $53.50 from pot
*** SUMMARY ***
Total pot $54 | Rake $0.50
Board [Th 9d Jd Ah 9c]
Seat 2: DECAlpha (button) (small blind) showed [8h Jh] and won ($53.50) with two pair, Jacks and Nines
Seat 6: Scheubi88 (big blind) showed [5s 8s] and lost with a pair of Nines


PokerStars Hand #176134289066:  Hold'em Limit ($3/$6 USD) - 2017/09/26 1:43:30 ET
Table 'Aemilia' 6-max Seat #6 is the button
Seat 2: DECAlpha ($96.08 in chips)
Seat 6: Scheubi88 ($133.34 in chips)
Scheubi88: posts small blind $1
DECAlpha: posts big blind $3
*** HOLE CARDS ***
Scheubi88: raises $3 to $6
DECAlpha: calls $3
*** FLOP *** [8c 2c 9h]
DECAlpha: checks
Scheubi88: bets $3
DECAlpha: raises $3 to $6
Scheubi88: calls $3
*** TURN *** [8c 2c 9h] [2h]
DECAlpha: bets $6
Scheubi88: calls $6
*** RIVER *** [8c 2c 9h 2h] [3s]
DECAlpha: bets $6
Scheubi88: folds
Uncalled bet ($6) returned to DECAlpha
DECAlpha collected $35.50 from pot
DECAlpha: doesn't show hand
*** SUMMARY ***
Total pot $36 | Rake $0.50
Board [8c 2c 9h 2h 3s]
Seat 2: DECAlpha (big blind) collected ($35.50)
Seat 6: Scheubi88 (button) (small blind) folded on the River


PokerStars Hand #176134311397:  Hold'em Limit ($3/$6 USD) - 2017/09/26 1:45:09 ET
Table 'Aemilia' 6-max Seat #2 is the button
Seat 2: DECAlpha ($107.08 in chips)
Seat 6: Scheubi88 ($120.36 in chips)
DECAlpha: posts small blind $1
Scheubi88: posts big blind $3
*** HOLE CARDS ***
DECAlpha: raises $3 to $6
Scheubi88: calls $3
*** FLOP *** [Ad 3s Js]
Scheubi88: checks
DECAlpha: bets $3
Scheubi88: calls $3
*** TURN *** [Ad 3s Js] [5c]
Scheubi88: checks
DECAlpha: bets $6
Scheubi88: raises $6 to $12
DECAlpha: calls $6
*** RIVER *** [Ad 3s Js 5c] [Qc]
Scheubi88: checks
DECAlpha: checks
*** SHOW DOWN ***
Scheubi88: shows [Qh 8d] (a pair of Queens)
DECAlpha: mucks hand
Scheubi88 collected $41.50 from pot
*** SUMMARY ***
Total pot $42 | Rake $0.50
Board [Ad 3s Js 5c Qc]
Seat 2: DECAlpha (button) (small blind) mucked
Seat 6: Scheubi88 (big blind) showed [Qh 8d] and won ($41.50) with a pair of Queens


PokerStars Hand #176134306881:  Hold'em Limit ($3/$6 USD) - 2017/09/26 1:44:49 ET
Table 'Aemilia' 6-max Seat #6 is the button
Seat 2: DECAlpha ($125.08 in chips)
Seat 6: Scheubi88 ($102.86 in chips)
Scheubi88: posts small blind $1
DECAlpha: posts big blind $3
*** HOLE CARDS ***
Scheubi88: raises $3 to $6
DECAlpha: calls $3
*** FLOP *** [5h 7c 7h]
DECAlpha: checks
Scheubi88: checks
*** TURN *** [5h 7c 7h] [Kc]
DECAlpha: bets $6
Scheubi88: raises $6 to $12
DECAlpha: calls $6
*** RIVER *** [5h 7c 7h Kc] [Js]
DECAlpha: checks
Scheubi88: bets $6
DECAlpha: folds
Uncalled bet ($6) returned to Scheubi88
Scheubi88 collected $35.50 from pot
Scheubi88: doesn't show hand
*** SUMMARY ***
Total pot $36 | Rake $0.50
Board [5h 7c 7h Kc Js]
Seat 2: DECAlpha (big blind) folded on the River
Seat 6: Scheubi88 (button) (small blind) collected ($35.50)


PokerStars Hand #176134321988:  Hold'em Limit ($3/$6 USD) - 2017/09/26 1:45:56 ET
Table 'Aemilia' 6-max Seat #2 is the button
Seat 2: DECAlpha ($109.58 in chips)
Seat 6: Scheubi88 ($116.86 in chips)
DECAlpha: posts small blind $1
Scheubi88: posts big blind $3
*** HOLE CARDS ***
DECAlpha: folds
Uncalled bet ($2) returned to Scheubi88
Scheubi88 collected $2 from pot
Scheubi88: doesn't show hand
*** SUMMARY ***
Total pot $2 | Rake $0
Seat 2: DECAlpha (button) (small blind) folded before Flop
Seat 6: Scheubi88 (big blind) collected ($2)


PokerStars Hand #176134318592:  Hold'em Limit ($3/$6 USD) - 2017/09/26 1:45:41 ET
Table 'Aemilia' 6-max Seat #6 is the button
Seat 2: DECAlpha ($86.08 in chips)
Seat 6: Scheubi88 ($140.86 in chips)
Scheubi88: posts small blind $1
DECAlpha: posts big blind $3
*** HOLE CARDS ***
Scheubi88: raises $3 to $6
DECAlpha: raises $3 to $9
Scheubi88: calls $3
*** FLOP *** [6d Jh 4s]
DECAlpha: bets $3
Scheubi88: calls $3
*** TURN *** [6d Jh 4s] [Kc]
DECAlpha: bets $6
Scheubi88: calls $6
*** RIVER *** [6d Jh 4s Kc] [2c]
DECAlpha: bets $6
Scheubi88: calls $6
*** SHOW DOWN ***
DECAlpha: shows [Ks As] (a pair of Kings)
Scheubi88: mucks hand
DECAlpha collected $47.50 from pot
*** SUMMARY ***
Total pot $48 | Rake $0.50
Board [6d Jh 4s Kc 2c]
Seat 2: DECAlpha (big blind) showed [Ks As] and won ($47.50) with a pair of Kings
Seat 6: Scheubi88 (button) (small blind) mucked


PokerStars Hand #176134326402:  Hold'em Limit ($3/$6 USD) - 2017/09/26 1:46:16 ET
Table 'Aemilia' 6-max Seat #2 is the button
Seat 2: DECAlpha ($132.08 in chips)
Seat 6: Scheubi88 ($93.86 in chips)
DECAlpha: posts small blind $1
Scheubi88: posts big blind $3
*** HOLE CARDS ***
DECAlpha: raises $3 to $6
Scheubi88: calls $3
*** FLOP *** [3s 6d Kc]
Scheubi88: checks
DECAlpha: bets $3
Scheubi88: raises $3 to $6
DECAlpha: raises $3 to $9
Scheubi88: calls $3
*** TURN *** [3s 6d Kc] [Js]
Scheubi88: checks
DECAlpha: checks
*** RIVER *** [3s 6d Kc Js] [8d]
Scheubi88: bets $6
DECAlpha: calls $6
*** SHOW DOWN ***
Scheubi88: shows [5h 4s] (high card King)
DECAlpha: shows [7h 7d] (a pair of Sevens)
DECAlpha collected $41.50 from pot
*** SUMMARY ***
Total pot $42 | Rake $0.50
Board [3s 6d Kc Js 8d]
Seat 2: DECAlpha (button) (small blind) showed [7h 7d] and won ($41.50) with a pair of Sevens
Seat 6: Scheubi88 (big blind) showed [5h 4s] and lost with high card King


PokerStars Hand #176134323000:  Hold'em Limit ($3/$6 USD) - 2017/09/26 1:46:00 ET
Table 'Aemilia' 6-max Seat #6 is the button
Seat 2: DECAlpha ($108.58 in chips)
Seat 6: Scheubi88 ($117.86 in chips)
Scheubi88: posts small blind $1
DECAlpha: posts big blind $3
*** HOLE CARDS ***
Scheubi88: raises $3 to $6
DECAlpha: raises $3 to $9
Scheubi88: calls $3
*** FLOP *** [Kd 9h Qc]
DECAlpha: bets $3
Scheubi88: calls $3
*** TURN *** [Kd 9h Qc] [6d]
DECAlpha: bets $6
Scheubi88: calls $6
*** RIVER *** [Kd 9h Qc 6d] [7h]
DECAlpha: bets $6
Scheubi88: calls $6
*** SHOW DOWN ***
DECAlpha: shows [Js Jc] (a pair of Jacks)
Scheubi88: mucks hand
DECAlpha collected $47.50 from pot
*** SUMMARY ***
Total pot $48 | Rake $0.50
Board [Kd 9h Qc 6d 7h]
Seat 2: DECAlpha (big blind) showed [Js Jc] and won ($47.50) with a pair of Jacks
Seat 6: Scheubi88 (button) (small blind) mucked


