PokerStars Hand #145214030530:  Hold'em Limit ($3/$6 USD) - 2015/12/12 4:10:02 ET
Table 'Aenna II' 6-max Seat #4 is the button
Seat 4: Agrotait ($78.76 in chips)
Seat 5: rascal_319 ($113 in chips)
Agrotait: posts small blind $1
rascal_319: posts big blind $3
*** HOLE CARDS ***
Agrotait: raises $3 to $6
rascal_319: folds
Uncalled bet ($3) returned to Agrotait
Agrotait collected $6 from pot
Agrotait: doesn't show hand
*** SUMMARY ***
Total pot $6 | Rake $0
Seat 4: Agrotait (button) (small blind) collected ($6)
Seat 5: rascal_319 (big blind) folded before Flop


PokerStars Hand #145214029038:  Hold'em Limit ($3/$6 USD) - 2015/12/12 4:09:58 ET
Table 'Aenna II' 6-max Seat #5 is the button
Seat 4: Agrotait ($77.76 in chips)
Seat 5: rascal_319 ($114 in chips)
rascal_319: posts small blind $1
Agrotait: posts big blind $3
*** HOLE CARDS ***
rascal_319: folds
Uncalled bet ($2) returned to Agrotait
Agrotait collected $2 from pot
*** SUMMARY ***
Total pot $2 | Rake $0
Seat 4: Agrotait (big blind) collected ($2)
Seat 5: rascal_319 (button) (small blind) folded before Flop


PokerStars Hand #145214052713:  Hold'em Limit ($3/$6 USD) - 2015/12/12 4:11:01 ET
Table 'Aenna II' 6-max Seat #4 is the button
Seat 4: Agrotait ($77.76 in chips)
Seat 5: rascal_319 ($113.40 in chips)
Agrotait: posts small blind $1
rascal_319: posts big blind $3
*** HOLE CARDS ***
Agrotait: raises $3 to $6
rascal_319: folds
Uncalled bet ($3) returned to Agrotait
Agrotait collected $6 from pot
Agrotait: doesn't show hand
*** SUMMARY ***
Total pot $6 | Rake $0
Seat 4: Agrotait (button) (small blind) collected ($6)
Seat 5: rascal_319 (big blind) folded before Flop


PokerStars Hand #145214048027:  Hold'em Limit ($3/$6 USD) - 2015/12/12 4:10:48 ET
Table 'Aenna II' 6-max Seat #5 is the button
Seat 4: Agrotait ($86.76 in chips)
Seat 5: rascal_319 ($104.76 in chips)
rascal_319: posts small blind $1
Agrotait: posts big blind $3
*** HOLE CARDS ***
rascal_319: raises $3 to $6
Agrotait: calls $3
*** FLOP *** [5d 8h Ts]
Agrotait: checks
rascal_319: bets $3
Agrotait: calls $3
*** TURN *** [5d 8h Ts] [2h]
Agrotait: checks
rascal_319: bets $6
Agrotait: folds
Uncalled bet ($6) returned to rascal_319
rascal_319 collected $17.64 from pot
rascal_319: doesn't show hand
*** SUMMARY ***
Total pot $18 | Rake $0.36
Board [5d 8h Ts 2h]
Seat 4: Agrotait (big blind) folded on the Turn
Seat 5: rascal_319 (button) (small blind) collected ($17.64)


PokerStars Hand #145214046236:  Hold'em Limit ($3/$6 USD) - 2015/12/12 4:10:44 ET
Table 'Aenna II' 6-max Seat #4 is the button
Seat 4: Agrotait ($83.76 in chips)
Seat 5: rascal_319 ($107.76 in chips)
Agrotait: posts small blind $1
rascal_319: posts big blind $3
*** HOLE CARDS ***
Agrotait: raises $3 to $6
rascal_319: folds
Uncalled bet ($3) returned to Agrotait
Agrotait collected $6 from pot
Agrotait: doesn't show hand
*** SUMMARY ***
Total pot $6 | Rake $0
Seat 4: Agrotait (button) (small blind) collected ($6)
Seat 5: rascal_319 (big blind) folded before Flop


PokerStars Hand #145214044753:  Hold'em Limit ($3/$6 USD) - 2015/12/12 4:10:40 ET
Table 'Aenna II' 6-max Seat #5 is the button
Seat 4: Agrotait ($82.76 in chips)
Seat 5: rascal_319 ($108.76 in chips)
rascal_319: posts small blind $1
Agrotait: posts big blind $3
*** HOLE CARDS ***
rascal_319: folds
Uncalled bet ($2) returned to Agrotait
Agrotait collected $2 from pot
Agrotait: doesn't show hand
*** SUMMARY ***
Total pot $2 | Rake $0
Seat 4: Agrotait (big blind) collected ($2)
Seat 5: rascal_319 (button) (small blind) folded before Flop


PokerStars Hand #145214042103:  Hold'em Limit ($3/$6 USD) - 2015/12/12 4:10:33 ET
Table 'Aenna II' 6-max Seat #4 is the button
Seat 4: Agrotait ($79.76 in chips)
Seat 5: rascal_319 ($111.76 in chips)
Agrotait: posts small blind $1
rascal_319: posts big blind $3
*** HOLE CARDS ***
Agrotait: raises $3 to $6
rascal_319: folds
Uncalled bet ($3) returned to Agrotait
Agrotait collected $6 from pot
Agrotait: doesn't show hand
*** SUMMARY ***
Total pot $6 | Rake $0
Seat 4: Agrotait (button) (small blind) collected ($6)
Seat 5: rascal_319 (big blind) folded before Flop


PokerStars Hand #145214037145:  Hold'em Limit ($3/$6 USD) - 2015/12/12 4:10:20 ET
Table 'Aenna II' 6-max Seat #5 is the button
Seat 4: Agrotait ($85.76 in chips)
Seat 5: rascal_319 ($106 in chips)
rascal_319: posts small blind $1
Agrotait: posts big blind $3
*** HOLE CARDS ***
rascal_319: raises $3 to $6
Agrotait: calls $3
*** FLOP *** [3c 8d Qc]
Agrotait: checks
rascal_319: bets $3
Agrotait: folds
Uncalled bet ($3) returned to rascal_319
rascal_319 collected $11.76 from pot
rascal_319: doesn't show hand
*** SUMMARY ***
Total pot $12 | Rake $0.24
Board [3c 8d Qc]
Seat 4: Agrotait (big blind) folded on the Flop
Seat 5: rascal_319 (button) (small blind) collected ($11.76)


PokerStars Hand #145214034277:  Hold'em Limit ($3/$6 USD) - 2015/12/12 4:10:12 ET
Table 'Aenna II' 6-max Seat #4 is the button
Seat 4: Agrotait ($82.76 in chips)
Seat 5: rascal_319 ($109 in chips)
Agrotait: posts small blind $1
rascal_319: posts big blind $3
*** HOLE CARDS ***
Agrotait: raises $3 to $6
rascal_319: folds
Uncalled bet ($3) returned to Agrotait
Agrotait collected $6 from pot
Agrotait: doesn't show hand
*** SUMMARY ***
Total pot $6 | Rake $0
Seat 4: Agrotait (button) (small blind) collected ($6)
Seat 5: rascal_319 (big blind) folded before Flop


PokerStars Hand #145214032852:  Hold'em Limit ($3/$6 USD) - 2015/12/12 4:10:08 ET
Table 'Aenna II' 6-max Seat #5 is the button
Seat 4: Agrotait ($81.76 in chips)
Seat 5: rascal_319 ($110 in chips)
rascal_319: posts small blind $1
Agrotait: posts big blind $3
*** HOLE CARDS ***
rascal_319: folds
Uncalled bet ($2) returned to Agrotait
Agrotait collected $2 from pot
Agrotait: doesn't show hand
*** SUMMARY ***
Total pot $2 | Rake $0
Seat 4: Agrotait (big blind) collected ($2)
Seat 5: rascal_319 (button) (small blind) folded before Flop


PokerStars Hand #145214054495:  Hold'em Limit ($3/$6 USD) - 2015/12/12 4:11:05 ET
Table 'Aenna II' 6-max Seat #5 is the button
Seat 4: Agrotait ($80.76 in chips)
Seat 5: rascal_319 ($110.40 in chips)
rascal_319: posts small blind $1
Agrotait: posts big blind $3
*** HOLE CARDS ***
rascal_319: raises $3 to $6
Agrotait: folds
Uncalled bet ($3) returned to rascal_319
rascal_319 collected $6 from pot
rascal_319: doesn't show hand
*** SUMMARY ***
Total pot $6 | Rake $0
Seat 4: Agrotait (big blind) folded before Flop
Seat 5: rascal_319 (button) (small blind) collected ($6)


PokerStars Hand #145214057782:  Hold'em Limit ($3/$6 USD) - 2015/12/12 4:11:15 ET
Table 'Aenna II' 6-max Seat #4 is the button
Seat 4: Agrotait ($77.76 in chips)
Seat 5: rascal_319 ($113.40 in chips)
Agrotait: posts small blind $1
rascal_319: posts big blind $3
*** HOLE CARDS ***
Agrotait: raises $3 to $6
rascal_319: calls $3
*** FLOP *** [4s 3h Ad]
rascal_319: checks
Agrotait: bets $3
MTails joins the table at seat #6
rascal_319: folds
Uncalled bet ($3) returned to Agrotait
Agrotait collected $11.76 from pot
Agrotait: doesn't show hand
*** SUMMARY ***
Total pot $12 | Rake $0.24
Board [4s 3h Ad]
Seat 4: Agrotait (button) (small blind) collected ($11.76)
Seat 5: rascal_319 (big blind) folded on the Flop


PokerStars Hand #145214129816:  Hold'em Limit ($3/$6 USD) - 2015/12/12 4:14:25 ET
Table 'Aenna II' 6-max Seat #5 is the button
Seat 5: rascal_319 ($156.58 in chips)
Seat 6: MTails ($62.64 in chips)
rascal_319: posts small blind $1
MTails: posts big blind $3
*** HOLE CARDS ***
rascal_319: raises $3 to $6
MTails: calls $3
*** FLOP *** [Jd Jc Js]
MTails: checks
rascal_319: bets $3
MTails: calls $3
*** TURN *** [Jd Jc Js] [3c]
MTails: checks
rascal_319: bets $6
MTails: calls $6
*** RIVER *** [Jd Jc Js 3c] [Qh]
MTails: checks
rascal_319: checks
*** SHOW DOWN ***
MTails: shows [Ks 9d] (three of a kind, Jacks)
rascal_319: shows [8d 8c] (a full house, Jacks full of Eights)
rascal_319 collected $29.50 from pot
*** SUMMARY ***
Total pot $30 | Rake $0.50
Board [Jd Jc Js 3c Qh]
Seat 5: rascal_319 (button) (small blind) showed [8d 8c] and won ($29.50) with a full house, Jacks full of Eights
Seat 6: MTails (big blind) showed [Ks 9d] and lost with three of a kind, Jacks


PokerStars Hand #145214125808:  Hold'em Limit ($3/$6 USD) - 2015/12/12 4:14:14 ET
Table 'Aenna II' 6-max Seat #6 is the button
Seat 5: rascal_319 ($147.94 in chips)
Seat 6: MTails ($71.64 in chips)
MTails: posts small blind $1
Agrotait: is sitting out
rascal_319: posts big blind $3
*** HOLE CARDS ***
MTails: raises $3 to $6
rascal_319: raises $3 to $9
MTails: calls $3
*** FLOP *** [Kc 5h 5s]
rascal_319: bets $3
MTails: folds
Uncalled bet ($3) returned to rascal_319
rascal_319 collected $17.64 from pot
rascal_319: doesn't show hand
*** SUMMARY ***
Total pot $18 | Rake $0.36
Board [Kc 5h 5s]
Seat 5: rascal_319 (big blind) collected ($17.64)
Seat 6: MTails (button) (small blind) folded on the Flop


PokerStars Hand #145214157611:  Hold'em Limit ($3/$6 USD) - 2015/12/12 4:15:37 ET
Table 'Aenna II' 6-max Seat #5 is the button
Seat 5: rascal_319 ($141.08 in chips)
Seat 6: MTails ($77.14 in chips)
rascal_319: posts small blind $1
MTails: posts big blind $3
*** HOLE CARDS ***
rascal_319: folds
Uncalled bet ($2) returned to MTails
MTails collected $2 from pot
*** SUMMARY ***
Total pot $2 | Rake $0
Seat 5: rascal_319 (button) (small blind) folded before Flop
Seat 6: MTails (big blind) collected ($2)


PokerStars Hand #145214155835:  Hold'em Limit ($3/$6 USD) - 2015/12/12 4:15:33 ET
Table 'Aenna II' 6-max Seat #6 is the button
Seat 5: rascal_319 ($140.08 in chips)
Seat 6: MTails ($78.14 in chips)
MTails: posts small blind $1
rascal_319: posts big blind $3
*** HOLE CARDS ***
MTails: folds
Uncalled bet ($2) returned to rascal_319
rascal_319 collected $2 from pot
rascal_319: doesn't show hand
*** SUMMARY ***
Total pot $2 | Rake $0
Seat 5: rascal_319 (big blind) collected ($2)
Seat 6: MTails (button) (small blind) folded before Flop


PokerStars Hand #145214154364:  Hold'em Limit ($3/$6 USD) - 2015/12/12 4:15:29 ET
Table 'Aenna II' 6-max Seat #5 is the button
Seat 5: rascal_319 ($141.08 in chips)
Seat 6: MTails ($77.14 in chips)
rascal_319: posts small blind $1
MTails: posts big blind $3
*** HOLE CARDS ***
rascal_319: folds
Uncalled bet ($2) returned to MTails
MTails collected $2 from pot
*** SUMMARY ***
Total pot $2 | Rake $0
Seat 5: rascal_319 (button) (small blind) folded before Flop
Seat 6: MTails (big blind) collected ($2)


PokerStars Hand #145214150634:  Hold'em Limit ($3/$6 USD) - 2015/12/12 4:15:19 ET
Table 'Aenna II' 6-max Seat #5 is the button
Seat 5: rascal_319 ($145.08 in chips)
Seat 6: MTails ($73.14 in chips)
rascal_319: posts small blind $1
MTails: posts big blind $3
*** HOLE CARDS ***
rascal_319: folds
Uncalled bet ($2) returned to MTails
MTails collected $2 from pot
MTails: doesn't show hand
*** SUMMARY ***
Total pot $2 | Rake $0
Seat 5: rascal_319 (button) (small blind) folded before Flop
Seat 6: MTails (big blind) collected ($2)


PokerStars Hand #145214148961:  Hold'em Limit ($3/$6 USD) - 2015/12/12 4:15:14 ET
Table 'Aenna II' 6-max Seat #6 is the button
Seat 5: rascal_319 ($144.08 in chips)
Seat 6: MTails ($74.14 in chips)
MTails: posts small blind $1
rascal_319: posts big blind $3
*** HOLE CARDS ***
MTails: folds
Uncalled bet ($2) returned to rascal_319
rascal_319 collected $2 from pot
rascal_319: doesn't show hand
*** SUMMARY ***
Total pot $2 | Rake $0
Seat 5: rascal_319 (big blind) collected ($2)
Seat 6: MTails (button) (small blind) folded before Flop


PokerStars Hand #145214139391:  Hold'em Limit ($3/$6 USD) - 2015/12/12 4:14:50 ET
Table 'Aenna II' 6-max Seat #5 is the button
Seat 5: rascal_319 ($168.08 in chips)
Seat 6: MTails ($50.64 in chips)
rascal_319: posts small blind $1
MTails: posts big blind $3
*** HOLE CARDS ***
Agrotait leaves the table
rascal_319: raises $3 to $6
MTails: raises $3 to $9
rascal_319: calls $3
*** FLOP *** [6d Tc 2h]
MTails: bets $3
rascal_319: calls $3
*** TURN *** [6d Tc 2h] [3s]
MTails: bets $6
rascal_319: calls $6
*** RIVER *** [6d Tc 2h 3s] [4c]
MTails: bets $6
rascal_319: calls $6
*** SHOW DOWN ***
MTails: shows [Qs Ts] (a pair of Tens)
rascal_319: mucks hand
MTails collected $47.50 from pot
*** SUMMARY ***
Total pot $48 | Rake $0.50
Board [6d Tc 2h 3s 4c]
Seat 5: rascal_319 (button) (small blind) mucked
Seat 6: MTails (big blind) showed [Qs Ts] and won ($47.50) with a pair of Tens


