PokerStars Hand #151200691934:  Hold'em Limit ($3/$6 USD) - 2016/03/31 0:51:08 ET
Table 'Aenna II' 6-max Seat #1 is the button
Seat 1: Velbor107 ($300 in chips)
Seat 6: manisped ($120 in chips)
VolkovDmitri: is sitting out
VolkovDmitri leaves the table
Velbor107: posts small blind $1
manisped: posts big blind $3
*** HOLE CARDS ***
Velbor107: folds
Uncalled bet ($2) returned to manisped
manisped collected $2 from pot
*** SUMMARY ***
Total pot $2 | Rake $0
Seat 1: Velbor107 (button) (small blind) folded before Flop
Seat 6: manisped (big blind) collected ($2)


PokerStars Hand #151200707162:  Hold'em Limit ($3/$6 USD) - 2016/03/31 0:52:05 ET
Table 'Aenna II' 6-max Seat #1 is the button
Seat 1: Velbor107 ($310.52 in chips)
Seat 6: manisped ($109 in chips)
Velbor107: posts small blind $1
manisped: posts big blind $3
*** HOLE CARDS ***
Velbor107: raises $3 to $6
manisped: raises $3 to $9
Velbor107: calls $3
*** FLOP *** [Kh Kc Jh]
manisped: bets $3
Velbor107: folds
Uncalled bet ($3) returned to manisped
manisped collected $17.64 from pot
*** SUMMARY ***
Total pot $18 | Rake $0.36
Board [Kh Kc Jh]
Seat 1: Velbor107 (button) (small blind) folded on the Flop
Seat 6: manisped (big blind) collected ($17.64)


PokerStars Hand #151200720642:  Hold'em Limit ($3/$6 USD) - 2016/03/31 0:52:54 ET
Table 'Aenna II' 6-max Seat #1 is the button
Seat 1: Velbor107 ($313.04 in chips)
Seat 6: manisped ($105.64 in chips)
Velbor107: posts small blind $1
manisped: posts big blind $3
*** HOLE CARDS ***
Velbor107: folds
Uncalled bet ($2) returned to manisped
manisped collected $2 from pot
*** SUMMARY ***
Total pot $2 | Rake $0
Seat 1: Velbor107 (button) (small blind) folded before Flop
Seat 6: manisped (big blind) collected ($2)


PokerStars Hand #151200714640:  Hold'em Limit ($3/$6 USD) - 2016/03/31 0:52:32 ET
Table 'Aenna II' 6-max Seat #6 is the button
Seat 1: Velbor107 ($301.52 in chips)
Seat 6: manisped ($117.64 in chips)
manisped: posts small blind $1
Velbor107: posts big blind $3
*** HOLE CARDS ***
manisped: raises $3 to $6
Velbor107: calls $3
*** FLOP *** [4d 6h 8h]
Velbor107: checks
manisped: bets $3
Velbor107: raises $3 to $6
manisped: calls $3
*** TURN *** [4d 6h 8h] [Ad]
Velbor107: bets $6
manisped: folds
Uncalled bet ($6) returned to Velbor107
Velbor107 collected $23.52 from pot
*** SUMMARY ***
Total pot $24 | Rake $0.48
Board [4d 6h 8h Ad]
Seat 1: Velbor107 (big blind) collected ($23.52)
Seat 6: manisped (button) (small blind) folded on the Turn


PokerStars Hand #151200695565:  Hold'em Limit ($3/$6 USD) - 2016/03/31 0:51:22 ET
Table 'Aenna II' 6-max Seat #6 is the button
Seat 1: Velbor107 ($299 in chips)
Seat 6: manisped ($121 in chips)
manisped: posts small blind $1
Velbor107: posts big blind $3
*** HOLE CARDS ***
manisped: calls $2
Velbor107: checks
*** FLOP *** [8d 4c 8h]
Velbor107: bets $3
manisped: calls $3
*** TURN *** [8d 4c 8h] [7c]
Velbor107: bets $6
manisped: calls $6
*** RIVER *** [8d 4c 8h 7c] [Kh]
Velbor107: bets $6
manisped: folds
Uncalled bet ($6) returned to Velbor107
Velbor107 collected $23.52 from pot
*** SUMMARY ***
Total pot $24 | Rake $0.48
Board [8d 4c 8h 7c Kh]
Seat 1: Velbor107 (big blind) collected ($23.52)
Seat 6: manisped (button) (small blind) folded on the River


PokerStars Hand #151200731411:  Hold'em Limit ($3/$6 USD) - 2016/03/31 0:53:35 ET
Table 'Aenna II' 6-max Seat #1 is the button
Seat 1: Velbor107 ($335.54 in chips)
Seat 6: manisped ($82.64 in chips)
Velbor107: posts small blind $1
manisped: posts big blind $3
*** HOLE CARDS ***
Velbor107: folds
Uncalled bet ($2) returned to manisped
manisped collected $2 from pot
*** SUMMARY ***
Total pot $2 | Rake $0
Seat 1: Velbor107 (button) (small blind) folded before Flop
Seat 6: manisped (big blind) collected ($2)


PokerStars Hand #151200721991:  Hold'em Limit ($3/$6 USD) - 2016/03/31 0:53:00 ET
Table 'Aenna II' 6-max Seat #6 is the button
Seat 1: Velbor107 ($312.04 in chips)
Seat 6: manisped ($106.64 in chips)
manisped: posts small blind $1
Velbor107: posts big blind $3
*** HOLE CARDS ***
manisped: raises $3 to $6
Velbor107: calls $3
*** FLOP *** [Kd 8c Td]
Velbor107: checks
manisped: bets $3
Velbor107: raises $3 to $6
manisped: calls $3
*** TURN *** [Kd 8c Td] [4c]
Velbor107: bets $6
manisped: calls $6
*** RIVER *** [Kd 8c Td 4c] [4d]
Velbor107: bets $6
manisped: calls $6
*** SHOW DOWN ***
Velbor107: shows [8d Kc] (two pair, Kings and Eights)
manisped: mucks hand
Velbor107 collected $47.50 from pot
*** SUMMARY ***
Total pot $48 | Rake $0.50
Board [Kd 8c Td 4c 4d]
Seat 1: Velbor107 (big blind) showed [8d Kc] and won ($47.50) with two pair, Kings and Eights
Seat 6: manisped (button) (small blind) mucked


PokerStars Hand #151200732716:  Hold'em Limit ($3/$6 USD) - 2016/03/31 0:53:40 ET
Table 'Aenna II' 6-max Seat #6 is the button
Seat 1: Velbor107 ($334.54 in chips)
Seat 6: manisped ($83.64 in chips)
manisped: posts small blind $1
Velbor107: posts big blind $3
*** HOLE CARDS ***
manisped: raises $3 to $6
Velbor107: folds
Uncalled bet ($3) returned to manisped
manisped collected $6 from pot
*** SUMMARY ***
Total pot $6 | Rake $0
Seat 1: Velbor107 (big blind) folded before Flop
Seat 6: manisped (button) (small blind) collected ($6)


PokerStars Hand #151200743962:  Hold'em Limit ($3/$6 USD) - 2016/03/31 0:54:23 ET
Table 'Aenna II' 6-max Seat #6 is the button
Seat 1: Velbor107 ($319.54 in chips)
Seat 6: manisped ($98.16 in chips)
manisped: posts small blind $1
Velbor107: posts big blind $3
*** HOLE CARDS ***
manisped: raises $3 to $6
Velbor107: folds
Uncalled bet ($3) returned to manisped
manisped collected $6 from pot
*** SUMMARY ***
Total pot $6 | Rake $0
Seat 1: Velbor107 (big blind) folded before Flop
Seat 6: manisped (button) (small blind) collected ($6)


PokerStars Hand #151200736234:  Hold'em Limit ($3/$6 USD) - 2016/03/31 0:53:53 ET
Table 'Aenna II' 6-max Seat #1 is the button
Seat 1: Velbor107 ($331.54 in chips)
Seat 6: manisped ($86.64 in chips)
Velbor107: posts small blind $1
manisped: posts big blind $3
*** HOLE CARDS ***
Velbor107: raises $3 to $6
manisped: raises $3 to $9
Velbor107: calls $3
*** FLOP *** [2h Tc Jc]
manisped: bets $3
Velbor107: calls $3
*** TURN *** [2h Tc Jc] [As]
manisped: bets $6
Velbor107: folds
Uncalled bet ($6) returned to manisped
manisped collected $23.52 from pot
*** SUMMARY ***
Total pot $24 | Rake $0.48
Board [2h Tc Jc As]
Seat 1: Velbor107 (button) (small blind) folded on the Turn
Seat 6: manisped (big blind) collected ($23.52)


PokerStars Hand #151200746250:  Hold'em Limit ($3/$6 USD) - 2016/03/31 0:54:31 ET
Table 'Aenna II' 6-max Seat #1 is the button
Seat 1: Velbor107 ($316.54 in chips)
Seat 6: manisped ($101.16 in chips)
Velbor107: posts small blind $1
manisped: posts big blind $3
*** HOLE CARDS ***
Velbor107: raises $3 to $6
manisped: calls $3
*** FLOP *** [9d Jc 8d]
manisped: checks
Velbor107: bets $3
manisped: raises $3 to $6
Velbor107: calls $3
*** TURN *** [9d Jc 8d] [9h]
manisped: bets $6
Velbor107: raises $6 to $12
manisped: raises $6 to $18
Velbor107: calls $6
*** RIVER *** [9d Jc 8d 9h] [7c]
manisped: checks
Velbor107: checks
*** SHOW DOWN ***
manisped: shows [6d 7d] (two pair, Nines and Sevens)
Velbor107: shows [9s 2s] (three of a kind, Nines)
Velbor107 collected $59.50 from pot
*** SUMMARY ***
Total pot $60 | Rake $0.50
Board [9d Jc 8d 9h 7c]
Seat 1: Velbor107 (button) (small blind) showed [9s 2s] and won ($59.50) with three of a kind, Nines
Seat 6: manisped (big blind) showed [6d 7d] and lost with two pair, Nines and Sevens


PokerStars Hand #151200764397:  Hold'em Limit ($3/$6 USD) - 2016/03/31 0:55:41 ET
Table 'Aenna II' 6-max Seat #6 is the button
Seat 1: Velbor107 ($346.04 in chips)
Seat 6: manisped ($71.16 in chips)
manisped: posts small blind $1
Velbor107: posts big blind $3
*** HOLE CARDS ***
manisped: raises $3 to $6
Velbor107: folds
Uncalled bet ($3) returned to manisped
manisped collected $6 from pot
*** SUMMARY ***
Total pot $6 | Rake $0
Seat 1: Velbor107 (big blind) folded before Flop
Seat 6: manisped (button) (small blind) collected ($6)


PokerStars Hand #151200772542:  Hold'em Limit ($3/$6 USD) - 2016/03/31 0:56:16 ET
Table 'Aenna II' 6-max Seat #1 is the button
Seat 1: Velbor107 ($332.04 in chips)
Seat 6: manisped ($84.68 in chips)
Velbor107: posts small blind $1
manisped: posts big blind $3
*** HOLE CARDS ***
Velbor107: folds
Uncalled bet ($2) returned to manisped
manisped collected $2 from pot
*** SUMMARY ***
Total pot $2 | Rake $0
Seat 1: Velbor107 (button) (small blind) folded before Flop
Seat 6: manisped (big blind) collected ($2)


PokerStars Hand #151200771017:  Hold'em Limit ($3/$6 USD) - 2016/03/31 0:56:09 ET
Table 'Aenna II' 6-max Seat #6 is the button
Seat 1: Velbor107 ($331.04 in chips)
Seat 6: manisped ($85.68 in chips)
manisped: posts small blind $1
Velbor107: posts big blind $3
*** HOLE CARDS ***
manisped: folds
Uncalled bet ($2) returned to Velbor107
Velbor107 collected $2 from pot
*** SUMMARY ***
Total pot $2 | Rake $0
Seat 1: Velbor107 (big blind) collected ($2)
Seat 6: manisped (button) (small blind) folded before Flop


PokerStars Hand #151200780756:  Hold'em Limit ($3/$6 USD) - 2016/03/31 0:56:50 ET
Table 'Aenna II' 6-max Seat #6 is the button
Seat 1: Velbor107 ($327.04 in chips)
Seat 6: manisped ($89.56 in chips)
manisped: posts small blind $1
Velbor107: posts big blind $3
*** HOLE CARDS ***
manisped: folds
Uncalled bet ($2) returned to Velbor107
Velbor107 collected $2 from pot
*** SUMMARY ***
Total pot $2 | Rake $0
Seat 1: Velbor107 (big blind) collected ($2)
Seat 6: manisped (button) (small blind) folded before Flop


PokerStars Hand #151200779532:  Hold'em Limit ($3/$6 USD) - 2016/03/31 0:56:45 ET
Table 'Aenna II' 6-max Seat #1 is the button
Seat 1: Velbor107 ($328.04 in chips)
Seat 6: manisped ($88.56 in chips)
Velbor107: posts small blind $1
manisped: posts big blind $3
*** HOLE CARDS ***
Velbor107: folds
Uncalled bet ($2) returned to manisped
manisped collected $2 from pot
*** SUMMARY ***
Total pot $2 | Rake $0
Seat 1: Velbor107 (button) (small blind) folded before Flop
Seat 6: manisped (big blind) collected ($2)


PokerStars Hand #151200773714:  Hold'em Limit ($3/$6 USD) - 2016/03/31 0:56:20 ET
Table 'Aenna II' 6-max Seat #6 is the button
Seat 1: Velbor107 ($331.04 in chips)
Seat 6: manisped ($85.68 in chips)
manisped: posts small blind $1
Velbor107: posts big blind $3
*** HOLE CARDS ***
manisped: calls $2
Velbor107: checks
*** FLOP *** [Kd Kh 3s]
Velbor107: checks
manisped: checks
*** TURN *** [Kd Kh 3s] [As]
Velbor107: checks
manisped: bets $6
Velbor107: folds
Uncalled bet ($6) returned to manisped
manisped collected $5.88 from pot
*** SUMMARY ***
Total pot $6 | Rake $0.12
Board [Kd Kh 3s As]
Seat 1: Velbor107 (big blind) folded on the Turn
Seat 6: manisped (button) (small blind) collected ($5.88)


PokerStars Hand #151200766295:  Hold'em Limit ($3/$6 USD) - 2016/03/31 0:55:49 ET
Table 'Aenna II' 6-max Seat #1 is the button
Seat 1: Velbor107 ($343.04 in chips)
Seat 6: manisped ($74.16 in chips)
Velbor107: posts small blind $1
manisped: posts big blind $3
*** HOLE CARDS ***
Velbor107: raises $3 to $6
manisped: raises $3 to $9
Velbor107: calls $3
*** FLOP *** [3d Tc 4s]
manisped: bets $3
Velbor107: calls $3
*** TURN *** [3d Tc 4s] [Jc]
manisped: bets $6
Velbor107: folds
Uncalled bet ($6) returned to manisped
manisped collected $23.52 from pot
*** SUMMARY ***
Total pot $24 | Rake $0.48
Board [3d Tc 4s Jc]
Seat 1: Velbor107 (button) (small blind) folded on the Turn
Seat 6: manisped (big blind) collected ($23.52)


PokerStars Hand #151200791368:  Hold'em Limit ($3/$6 USD) - 2016/03/31 0:57:34 ET
Table 'Aenna II' 6-max Seat #1 is the button
Seat 1: Velbor107 ($332.80 in chips)
Seat 6: manisped ($83.56 in chips)
Velbor107: posts small blind $1
manisped: posts big blind $3
*** HOLE CARDS ***
Velbor107: raises $3 to $6
manisped: calls $3
*** FLOP *** [8d Ts 7s]
manisped: bets $3
Velbor107: folds
Uncalled bet ($3) returned to manisped
manisped collected $11.76 from pot
*** SUMMARY ***
Total pot $12 | Rake $0.24
Board [8d Ts 7s]
Seat 1: Velbor107 (button) (small blind) folded on the Flop
Seat 6: manisped (big blind) collected ($11.76)


PokerStars Hand #151200786687:  Hold'em Limit ($3/$6 USD) - 2016/03/31 0:57:15 ET
Table 'Aenna II' 6-max Seat #6 is the button
Seat 1: Velbor107 ($327.04 in chips)
Seat 6: manisped ($89.56 in chips)
manisped: posts small blind $1
Velbor107: posts big blind $3
*** HOLE CARDS ***
manisped: calls $2
Velbor107: raises $3 to $6
manisped: calls $3
*** FLOP *** [5h Td 6s]
Velbor107: bets $3
manisped: folds
Uncalled bet ($3) returned to Velbor107
Velbor107 collected $11.76 from pot
*** SUMMARY ***
Total pot $12 | Rake $0.24
Board [5h Td 6s]
Seat 1: Velbor107 (big blind) collected ($11.76)
Seat 6: manisped (button) (small blind) folded on the Flop


PokerStars Hand #151200782160:  Hold'em Limit ($3/$6 USD) - 2016/03/31 0:56:56 ET
Table 'Aenna II' 6-max Seat #1 is the button
Seat 1: Velbor107 ($328.04 in chips)
Seat 6: manisped ($88.56 in chips)
Velbor107: posts small blind $1
manisped: posts big blind $3
*** HOLE CARDS ***
Velbor107: folds
Uncalled bet ($2) returned to manisped
manisped collected $2 from pot
*** SUMMARY ***
Total pot $2 | Rake $0
Seat 1: Velbor107 (button) (small blind) folded before Flop
Seat 6: manisped (big blind) collected ($2)


PokerStars Hand #151200796424:  Hold'em Limit ($3/$6 USD) - 2016/03/31 0:57:55 ET
Table 'Aenna II' 6-max Seat #6 is the button
Seat 1: Velbor107 ($326.80 in chips)
Seat 6: manisped ($89.32 in chips)
manisped: posts small blind $1
Velbor107: posts big blind $3
*** HOLE CARDS ***
manisped: raises $3 to $6
Velbor107: calls $3
*** FLOP *** [4c 9s Td]
Velbor107: checks
manisped: bets $3
Velbor107: calls $3
*** TURN *** [4c 9s Td] [Qh]
Velbor107: checks
manisped: bets $6
Velbor107: folds
Uncalled bet ($6) returned to manisped
manisped collected $17.64 from pot
*** SUMMARY ***
Total pot $18 | Rake $0.36
Board [4c 9s Td Qh]
Seat 1: Velbor107 (big blind) folded on the Turn
Seat 6: manisped (button) (small blind) collected ($17.64)


PokerStars Hand #151200804228:  Hold'em Limit ($3/$6 USD) - 2016/03/31 0:58:28 ET
Table 'Aenna II' 6-max Seat #1 is the button
Seat 1: Velbor107 ($317.80 in chips)
Seat 6: manisped ($97.96 in chips)
Velbor107: posts small blind $1
manisped: posts big blind $3
*** HOLE CARDS ***
Velbor107: raises $3 to $6
manisped: raises $3 to $9
Velbor107: calls $3
*** FLOP *** [Kh As Kd]
manisped: bets $3
Velbor107: calls $3
*** TURN *** [Kh As Kd] [7s]
manisped: bets $6
Velbor107: raises $6 to $12
manisped: calls $6
*** RIVER *** [Kh As Kd 7s] [2d]
manisped: bets $6
Velbor107: raises $6 to $12
manisped: calls $6
*** SHOW DOWN ***
Velbor107: shows [Kc Jd] (three of a kind, Kings)
manisped: mucks hand
Velbor107 collected $71.50 from pot
*** SUMMARY ***
Total pot $72 | Rake $0.50
Board [Kh As Kd 7s 2d]
Seat 1: Velbor107 (button) (small blind) showed [Kc Jd] and won ($71.50) with three of a kind, Kings
Seat 6: manisped (big blind) mucked


PokerStars Hand #151200816499:  Hold'em Limit ($3/$6 USD) - 2016/03/31 0:59:20 ET
Table 'Aenna II' 6-max Seat #1 is the button
Seat 1: Velbor107 ($350.30 in chips)
Seat 6: manisped ($64.96 in chips)
Velbor107: posts small blind $1
manisped: posts big blind $3
*** HOLE CARDS ***
Velbor107: folds
Uncalled bet ($2) returned to manisped
manisped collected $2 from pot
*** SUMMARY ***
Total pot $2 | Rake $0
Seat 1: Velbor107 (button) (small blind) folded before Flop
Seat 6: manisped (big blind) collected ($2)


PokerStars Hand #151200814009:  Hold'em Limit ($3/$6 USD) - 2016/03/31 0:59:10 ET
Table 'Aenna II' 6-max Seat #6 is the button
Seat 1: Velbor107 ($353.30 in chips)
Seat 6: manisped ($61.96 in chips)
manisped: posts small blind $1
Velbor107: posts big blind $3
*** HOLE CARDS ***
manisped: raises $3 to $6
Velbor107: folds
Uncalled bet ($3) returned to manisped
manisped collected $6 from pot
*** SUMMARY ***
Total pot $6 | Rake $0
Seat 1: Velbor107 (big blind) folded before Flop
Seat 6: manisped (button) (small blind) collected ($6)


PokerStars Hand #151200818597:  Hold'em Limit ($3/$6 USD) - 2016/03/31 0:59:29 ET
Table 'Aenna II' 6-max Seat #6 is the button
Seat 1: Velbor107 ($349.30 in chips)
Seat 6: manisped ($65.96 in chips)
manisped: posts small blind $1
Velbor107: posts big blind $3
*** HOLE CARDS ***
manisped: raises $3 to $6
Velbor107: calls $3
*** FLOP *** [Kc 6d Qd]
Velbor107: checks
manisped: bets $3
Velbor107: folds
Uncalled bet ($3) returned to manisped
manisped collected $11.76 from pot
*** SUMMARY ***
Total pot $12 | Rake $0.24
Board [Kc 6d Qd]
Seat 1: Velbor107 (big blind) folded on the Flop
Seat 6: manisped (button) (small blind) collected ($11.76)


PokerStars Hand #151200833078:  Hold'em Limit ($3/$6 USD) - 2016/03/31 1:00:29 ET
Table 'Aenna II' 6-max Seat #6 is the button
Seat 1: Velbor107 ($319.30 in chips)
Seat 6: manisped ($95.22 in chips)
manisped: posts small blind $1
Velbor107: posts big blind $3
*** HOLE CARDS ***
manisped: folds
Uncalled bet ($2) returned to Velbor107
Velbor107 collected $2 from pot
*** SUMMARY ***
Total pot $2 | Rake $0
Seat 1: Velbor107 (big blind) collected ($2)
Seat 6: manisped (button) (small blind) folded before Flop


PokerStars Hand #151200825114:  Hold'em Limit ($3/$6 USD) - 2016/03/31 0:59:56 ET
Table 'Aenna II' 6-max Seat #1 is the button
Seat 1: Velbor107 ($343.30 in chips)
Seat 6: manisped ($71.72 in chips)
Velbor107: posts small blind $1
manisped: posts big blind $3
*** HOLE CARDS ***
Velbor107: raises $3 to $6
manisped: raises $3 to $9
Velbor107: calls $3
*** FLOP *** [Qc Ks Js]
manisped: bets $3
Velbor107: calls $3
*** TURN *** [Qc Ks Js] [Ad]
manisped: bets $6
Velbor107: calls $6
*** RIVER *** [Qc Ks Js Ad] [8c]
manisped: bets $6
Velbor107: calls $6
*** SHOW DOWN ***
manisped: shows [As Kd] (two pair, Aces and Kings)
Velbor107: mucks hand
manisped collected $47.50 from pot
*** SUMMARY ***
Total pot $48 | Rake $0.50
Board [Qc Ks Js Ad 8c]
Seat 1: Velbor107 (button) (small blind) mucked
Seat 6: manisped (big blind) showed [As Kd] and won ($47.50) with two pair, Aces and Kings


PokerStars Hand #151200848733:  Hold'em Limit ($3/$6 USD) - 2016/03/31 1:01:30 ET
Table 'Aenna II' 6-max Seat #6 is the button
Seat 1: Velbor107 ($316.30 in chips)
Seat 6: manisped ($97.98 in chips)
manisped: posts small blind $1
Velbor107: posts big blind $3
*** HOLE CARDS ***
manisped: calls $2
Velbor107: checks
*** FLOP *** [Jd Th Kh]
Velbor107: checks
manisped: bets $3
Velbor107: folds
Uncalled bet ($3) returned to manisped
manisped collected $5.88 from pot
*** SUMMARY ***
Total pot $6 | Rake $0.12
Board [Jd Th Kh]
Seat 1: Velbor107 (big blind) folded on the Flop
Seat 6: manisped (button) (small blind) collected ($5.88)


PokerStars Hand #151200847398:  Hold'em Limit ($3/$6 USD) - 2016/03/31 1:01:25 ET
Table 'Aenna II' 6-max Seat #1 is the button
Seat 1: Velbor107 ($317.30 in chips)
Seat 6: manisped ($96.98 in chips)
Velbor107: posts small blind $1
manisped: posts big blind $3
*** HOLE CARDS ***
Velbor107: folds
Uncalled bet ($2) returned to manisped
manisped collected $2 from pot
*** SUMMARY ***
Total pot $2 | Rake $0
Seat 1: Velbor107 (button) (small blind) folded before Flop
Seat 6: manisped (big blind) collected ($2)


PokerStars Hand #151200838030:  Hold'em Limit ($3/$6 USD) - 2016/03/31 1:00:49 ET
Table 'Aenna II' 6-max Seat #6 is the button
Seat 1: Velbor107 ($323.30 in chips)
Seat 6: manisped ($91.22 in chips)
manisped: posts small blind $1
Velbor107: posts big blind $3
*** HOLE CARDS ***
manisped: calls $2
Velbor107: checks
*** FLOP *** [Kc 9d Jd]
Velbor107: bets $3
manisped: calls $3
*** TURN *** [Kc 9d Jd] [Qc]
Velbor107: checks
manisped: bets $6
Velbor107: folds
Uncalled bet ($6) returned to manisped
manisped collected $11.76 from pot
*** SUMMARY ***
Total pot $12 | Rake $0.24
Board [Kc 9d Jd Qc]
Seat 1: Velbor107 (big blind) folded on the Turn
Seat 6: manisped (button) (small blind) collected ($11.76)


PokerStars Hand #151200854920:  Hold'em Limit ($3/$6 USD) - 2016/03/31 1:01:54 ET
Table 'Aenna II' 6-max Seat #1 is the button
Seat 1: Velbor107 ($313.30 in chips)
Seat 6: manisped ($100.86 in chips)
Velbor107: posts small blind $1
manisped: posts big blind $3
*** HOLE CARDS ***
Velbor107: raises $3 to $6
manisped: raises $3 to $9
Velbor107: calls $3
*** FLOP *** [4d Ac 5s]
manisped: checks
Velbor107: checks
*** TURN *** [4d Ac 5s] [3d]
manisped: checks
Velbor107: checks
*** RIVER *** [4d Ac 5s 3d] [Kh]
manisped: checks
Velbor107: checks
*** SHOW DOWN ***
manisped: shows [2h 9d] (a straight, Ace to Five)
Velbor107: mucks hand
manisped collected $17.64 from pot
*** SUMMARY ***
Total pot $18 | Rake $0.36
Board [4d Ac 5s 3d Kh]
Seat 1: Velbor107 (button) (small blind) mucked
Seat 6: manisped (big blind) showed [2h 9d] and won ($17.64) with a straight, Ace to Five


PokerStars Hand #151200867059:  Hold'em Limit ($3/$6 USD) - 2016/03/31 1:02:40 ET
Table 'Aenna II' 6-max Seat #6 is the button
Seat 1: Velbor107 ($304.30 in chips)
Seat 6: manisped ($109.50 in chips)
manisped: posts small blind $1
Velbor107: posts big blind $3
*** HOLE CARDS ***
manisped: raises $3 to $6
Velbor107: calls $3
*** FLOP *** [Ah Qs Qh]
Velbor107: checks
manisped: bets $3
Velbor107: folds
Uncalled bet ($3) returned to manisped
manisped collected $11.76 from pot
*** SUMMARY ***
Total pot $12 | Rake $0.24
Board [Ah Qs Qh]
Seat 1: Velbor107 (big blind) folded on the Flop
Seat 6: manisped (button) (small blind) collected ($11.76)


PokerStars Hand #151200865318:  Hold'em Limit ($3/$6 USD) - 2016/03/31 1:02:33 ET
Table 'Aenna II' 6-max Seat #1 is the button
Seat 1: Velbor107 ($301.30 in chips)
Seat 6: manisped ($112.50 in chips)
Velbor107: posts small blind $1
manisped: posts big blind $3
*** HOLE CARDS ***
Velbor107: raises $3 to $6
manisped: folds
Uncalled bet ($3) returned to Velbor107
Velbor107 collected $6 from pot
*** SUMMARY ***
Total pot $6 | Rake $0
Seat 1: Velbor107 (button) (small blind) collected ($6)
Seat 6: manisped (big blind) folded before Flop


PokerStars Hand #151200862596:  Hold'em Limit ($3/$6 USD) - 2016/03/31 1:02:23 ET
Table 'Aenna II' 6-max Seat #6 is the button
Seat 1: Velbor107 ($304.30 in chips)
Seat 6: manisped ($109.50 in chips)
manisped: posts small blind $1
Velbor107: posts big blind $3
*** HOLE CARDS ***
manisped: raises $3 to $6
Velbor107: folds
Uncalled bet ($3) returned to manisped
manisped collected $6 from pot
*** SUMMARY ***
Total pot $6 | Rake $0
Seat 1: Velbor107 (big blind) folded before Flop
Seat 6: manisped (button) (small blind) collected ($6)


PokerStars Hand #151200877885:  Hold'em Limit ($3/$6 USD) - 2016/03/31 1:03:21 ET
Table 'Aenna II' 6-max Seat #1 is the button
Seat 1: Velbor107 ($305.06 in chips)
Seat 6: manisped ($108.26 in chips)
Velbor107: posts small blind $1
manisped: posts big blind $3
*** HOLE CARDS ***
Velbor107: raises $3 to $6
manisped: raises $3 to $9
Velbor107: calls $3
*** FLOP *** [4c 5d Kd]
manisped: bets $3
Velbor107: calls $3
*** TURN *** [4c 5d Kd] [4d]
manisped: bets $6
Velbor107: folds
Uncalled bet ($6) returned to manisped
manisped collected $23.52 from pot
*** SUMMARY ***
Total pot $24 | Rake $0.48
Board [4c 5d Kd 4d]
Seat 1: Velbor107 (button) (small blind) folded on the Turn
Seat 6: manisped (big blind) collected ($23.52)


PokerStars Hand #151200886041:  Hold'em Limit ($3/$6 USD) - 2016/03/31 1:03:51 ET
Table 'Aenna II' 6-max Seat #1 is the button
Seat 1: Velbor107 ($294.06 in chips)
Seat 6: manisped ($118.78 in chips)
Velbor107: posts small blind $1
manisped: posts big blind $3
*** HOLE CARDS ***
Velbor107: folds
Uncalled bet ($2) returned to manisped
manisped collected $2 from pot
*** SUMMARY ***
Total pot $2 | Rake $0
Seat 1: Velbor107 (button) (small blind) folded before Flop
Seat 6: manisped (big blind) collected ($2)


PokerStars Hand #151200884583:  Hold'em Limit ($3/$6 USD) - 2016/03/31 1:03:46 ET
Table 'Aenna II' 6-max Seat #6 is the button
Seat 1: Velbor107 ($293.06 in chips)
Seat 6: manisped ($119.78 in chips)
manisped: posts small blind $1
Velbor107: posts big blind $3
*** HOLE CARDS ***
manisped: folds
Uncalled bet ($2) returned to Velbor107
Velbor107 collected $2 from pot
*** SUMMARY ***
Total pot $2 | Rake $0
Seat 1: Velbor107 (big blind) collected ($2)
Seat 6: manisped (button) (small blind) folded before Flop


PokerStars Hand #151200876318:  Hold'em Limit ($3/$6 USD) - 2016/03/31 1:03:15 ET
Table 'Aenna II' 6-max Seat #6 is the button
Seat 1: Velbor107 ($304.06 in chips)
Seat 6: manisped ($109.26 in chips)
manisped: posts small blind $1
Velbor107: posts big blind $3
*** HOLE CARDS ***
manisped: folds
Uncalled bet ($2) returned to Velbor107
Velbor107 collected $2 from pot
*** SUMMARY ***
Total pot $2 | Rake $0
Seat 1: Velbor107 (big blind) collected ($2)
Seat 6: manisped (button) (small blind) folded before Flop


PokerStars Hand #151200872345:  Hold'em Limit ($3/$6 USD) - 2016/03/31 1:03:00 ET
Table 'Aenna II' 6-max Seat #1 is the button
Seat 1: Velbor107 ($298.30 in chips)
Seat 6: manisped ($115.26 in chips)
Velbor107: posts small blind $1
manisped: posts big blind $3
*** HOLE CARDS ***
Velbor107: raises $3 to $6
manisped: calls $3
*** FLOP *** [Qd Jc 2s]
manisped: checks
Velbor107: bets $3
manisped: folds
Uncalled bet ($3) returned to Velbor107
Velbor107 collected $11.76 from pot
*** SUMMARY ***
Total pot $12 | Rake $0.24
Board [Qd Jc 2s]
Seat 1: Velbor107 (button) (small blind) collected ($11.76)
Seat 6: manisped (big blind) folded on the Flop


PokerStars Hand #151200893442:  Hold'em Limit ($3/$6 USD) - 2016/03/31 1:04:19 ET
Table 'Aenna II' 6-max Seat #1 is the button
Seat 1: Velbor107 ($290.06 in chips)
Seat 6: manisped ($122.66 in chips)
Velbor107: posts small blind $1
manisped: posts big blind $3
*** HOLE CARDS ***
Velbor107: raises $3 to $6
manisped: calls $3
*** FLOP *** [Qs 4d 8s]
manisped: checks
Velbor107: bets $3
manisped: folds
Uncalled bet ($3) returned to Velbor107
Velbor107 collected $11.76 from pot
*** SUMMARY ***
Total pot $12 | Rake $0.24
Board [Qs 4d 8s]
Seat 1: Velbor107 (button) (small blind) collected ($11.76)
Seat 6: manisped (big blind) folded on the Flop


PokerStars Hand #151200887958:  Hold'em Limit ($3/$6 USD) - 2016/03/31 1:03:58 ET
Table 'Aenna II' 6-max Seat #6 is the button
Seat 1: Velbor107 ($293.06 in chips)
Seat 6: manisped ($119.78 in chips)
manisped: posts small blind $1
Velbor107: posts big blind $3
*** HOLE CARDS ***
manisped: calls $2
Velbor107: checks
*** FLOP *** [7s Ad Jc]
Velbor107: checks
manisped: bets $3
Velbor107: folds
Uncalled bet ($3) returned to manisped
manisped collected $5.88 from pot
*** SUMMARY ***
Total pot $6 | Rake $0.12
Board [7s Ad Jc]
Seat 1: Velbor107 (big blind) folded on the Flop
Seat 6: manisped (button) (small blind) collected ($5.88)


PokerStars Hand #151200912533:  Hold'em Limit ($3/$6 USD) - 2016/03/31 1:05:29 ET
Table 'Aenna II' 6-max Seat #6 is the button
Seat 1: Velbor107 ($307.46 in chips)
Seat 6: manisped ($104.66 in chips)
manisped: posts small blind $1
Velbor107: posts big blind $3
*** HOLE CARDS ***
manisped: raises $3 to $6
Velbor107: calls $3
*** FLOP *** [Js Ks 6h]
Velbor107: checks
manisped: bets $3
Velbor107: raises $3 to $6
manisped: calls $3
*** TURN *** [Js Ks 6h] [5d]
Velbor107: bets $6
manisped: calls $6
*** RIVER *** [Js Ks 6h 5d] [Kh]
Velbor107: bets $6
manisped: raises $6 to $12
Velbor107: calls $6
*** SHOW DOWN ***
manisped: shows [Kd 2h] (three of a kind, Kings)
Velbor107: mucks hand
manisped collected $59.50 from pot
*** SUMMARY ***
Total pot $60 | Rake $0.50
Board [Js Ks 6h 5d Kh]
Seat 1: Velbor107 (big blind) mucked
Seat 6: manisped (button) (small blind) showed [Kd 2h] and won ($59.50) with three of a kind, Kings


PokerStars Hand #151200909953:  Hold'em Limit ($3/$6 USD) - 2016/03/31 1:05:19 ET
Table 'Aenna II' 6-max Seat #1 is the button
Seat 1: Velbor107 ($304.46 in chips)
Seat 6: manisped ($107.66 in chips)
Velbor107: posts small blind $1
manisped: posts big blind $3
*** HOLE CARDS ***
Velbor107: raises $3 to $6
manisped: folds
Uncalled bet ($3) returned to Velbor107
Velbor107 collected $6 from pot
*** SUMMARY ***
Total pot $6 | Rake $0
Seat 1: Velbor107 (button) (small blind) collected ($6)
Seat 6: manisped (big blind) folded before Flop


PokerStars Hand #151200897681:  Hold'em Limit ($3/$6 USD) - 2016/03/31 1:04:35 ET
Table 'Aenna II' 6-max Seat #6 is the button
Seat 1: Velbor107 ($295.82 in chips)
Seat 6: manisped ($116.66 in chips)
manisped: posts small blind $1
Velbor107: posts big blind $3
*** HOLE CARDS ***
manisped: raises $3 to $6
Velbor107: calls $3
*** FLOP *** [7d 2d 5d]
Velbor107: checks
manisped: bets $3
Velbor107: calls $3
*** TURN *** [7d 2d 5d] [7c]
Velbor107: checks
manisped: checks
*** RIVER *** [7d 2d 5d 7c] [7h]
Velbor107: bets $6
manisped: folds
Uncalled bet ($6) returned to Velbor107
Velbor107 collected $17.64 from pot
*** SUMMARY ***
Total pot $18 | Rake $0.36
Board [7d 2d 5d 7c 7h]
Seat 1: Velbor107 (big blind) collected ($17.64)
Seat 6: manisped (button) (small blind) folded on the River


PokerStars Hand #151200930487:  Hold'em Limit ($3/$6 USD) - 2016/03/31 1:06:35 ET
Table 'Aenna II' 6-max Seat #1 is the button
Seat 1: Velbor107 ($264.46 in chips)
Seat 6: manisped ($146.68 in chips)
Velbor107: posts small blind $1
manisped: posts big blind $3
*** HOLE CARDS ***
Velbor107: raises $3 to $6
manisped: calls $3
*** FLOP *** [Ks 3s Jc]
manisped: checks
Velbor107: bets $3
manisped: folds
Uncalled bet ($3) returned to Velbor107
Velbor107 collected $11.76 from pot
*** SUMMARY ***
Total pot $12 | Rake $0.24
Board [Ks 3s Jc]
Seat 1: Velbor107 (button) (small blind) collected ($11.76)
Seat 6: manisped (big blind) folded on the Flop


PokerStars Hand #151200922728:  Hold'em Limit ($3/$6 USD) - 2016/03/31 1:06:06 ET
Table 'Aenna II' 6-max Seat #6 is the button
Seat 1: Velbor107 ($276.46 in chips)
Seat 6: manisped ($135.16 in chips)
manisped: posts small blind $1
Velbor107: posts big blind $3
*** HOLE CARDS ***
manisped: raises $3 to $6
Velbor107: calls $3
*** FLOP *** [5c Qc 3d]
Velbor107: checks
manisped: checks
*** TURN *** [5c Qc 3d] [3s]
Velbor107: bets $6
manisped: calls $6
*** RIVER *** [5c Qc 3d 3s] [8c]
Velbor107: checks
manisped: bets $6
Velbor107: folds
Uncalled bet ($6) returned to manisped
manisped collected $23.52 from pot
*** SUMMARY ***
Total pot $24 | Rake $0.48
Board [5c Qc 3d 3s 8c]
Seat 1: Velbor107 (big blind) folded on the River
Seat 6: manisped (button) (small blind) collected ($23.52)


PokerStars Hand #151200921459:  Hold'em Limit ($3/$6 USD) - 2016/03/31 1:06:02 ET
Table 'Aenna II' 6-max Seat #1 is the button
Seat 1: Velbor107 ($277.46 in chips)
Seat 6: manisped ($134.16 in chips)
Velbor107: posts small blind $1
manisped: posts big blind $3
*** HOLE CARDS ***
Velbor107: folds
Uncalled bet ($2) returned to manisped
manisped collected $2 from pot
*** SUMMARY ***
Total pot $2 | Rake $0
Seat 1: Velbor107 (button) (small blind) folded before Flop
Seat 6: manisped (big blind) collected ($2)


PokerStars Hand #151200934385:  Hold'em Limit ($3/$6 USD) - 2016/03/31 1:06:49 ET
Table 'Aenna II' 6-max Seat #6 is the button
Seat 1: Velbor107 ($270.22 in chips)
Seat 6: manisped ($140.68 in chips)
manisped: posts small blind $1
Velbor107: posts big blind $3
*** HOLE CARDS ***
manisped: raises $3 to $6
Velbor107: calls $3
*** FLOP *** [8h Td 5s]
pdsnr joins the table at seat #2
Velbor107: checks
manisped: bets $3
Velbor107: calls $3
*** TURN *** [8h Td 5s] [3h]
Velbor107: checks
manisped: bets $6
Velbor107: calls $6
*** RIVER *** [8h Td 5s 3h] [2d]
Velbor107: checks
manisped: checks
*** SHOW DOWN ***
Velbor107: shows [Js Ad] (high card Ace)
manisped: mucks hand
Velbor107 collected $29.50 from pot
*** SUMMARY ***
Total pot $30 | Rake $0.50
Board [8h Td 5s 3h 2d]
Seat 1: Velbor107 (big blind) showed [Js Ad] and won ($29.50) with high card Ace
Seat 6: manisped (button) (small blind) mucked


PokerStars Hand #151201242440:  Hold'em Limit ($3/$6 USD) - 2016/03/31 1:25:36 ET
Table 'Aenna II' 6-max Seat #2 is the button
Seat 2: pdsnr ($244.90 in chips)
Seat 4: HAL9QQQ ($186.09 in chips)
pdsnr: posts small blind $1
HAL9QQQ: posts big blind $3
*** HOLE CARDS ***
pdsnr: raises $3 to $6
Yendor leaves the table
HAL9QQQ: folds
Uncalled bet ($3) returned to pdsnr
pdsnr collected $6 from pot
*** SUMMARY ***
Total pot $6 | Rake $0
Seat 2: pdsnr (button) (small blind) collected ($6)
Seat 4: HAL9QQQ (big blind) folded before Flop


PokerStars Hand #151201244019:  Hold'em Limit ($3/$6 USD) - 2016/03/31 1:25:42 ET
Table 'Aenna II' 6-max Seat #4 is the button
Seat 2: pdsnr ($247.90 in chips)
Seat 4: HAL9QQQ ($183.09 in chips)
HAL9QQQ: posts small blind $1
pdsnr: posts big blind $3
*** HOLE CARDS ***
HAL9QQQ: raises $3 to $6
pdsnr: calls $3
*** FLOP *** [Tc Qh 4d]
pdsnr: checks
HAL9QQQ: bets $3
pdsnr: calls $3
*** TURN *** [Tc Qh 4d] [2c]
pdsnr: checks
HAL9QQQ: checks
*** RIVER *** [Tc Qh 4d 2c] [Qs]
pdsnr: checks
HAL9QQQ: bets $6
pdsnr: calls $6
*** SHOW DOWN ***
HAL9QQQ: shows [9s 9d] (two pair, Queens and Nines)
pdsnr: mucks hand
HAL9QQQ collected $29.50 from pot
*** SUMMARY ***
Total pot $30 | Rake $0.50
Board [Tc Qh 4d 2c Qs]
Seat 2: pdsnr (big blind) mucked
Seat 4: HAL9QQQ (button) (small blind) showed [9s 9d] and won ($29.50) with two pair, Queens and Nines


PokerStars Hand #151201256987:  Hold'em Limit ($3/$6 USD) - 2016/03/31 1:26:30 ET
Table 'Aenna II' 6-max Seat #2 is the button
Seat 2: pdsnr ($232.90 in chips)
Seat 4: HAL9QQQ ($197.59 in chips)
pdsnr: posts small blind $1
HAL9QQQ: posts big blind $3
*** HOLE CARDS ***
pdsnr: raises $3 to $6
HAL9QQQ: calls $3
*** FLOP *** [8s Ah Qc]
HAL9QQQ: checks
pdsnr: bets $3
HAL9QQQ: folds
Uncalled bet ($3) returned to pdsnr
pdsnr collected $11.76 from pot
*** SUMMARY ***
Total pot $12 | Rake $0.24
Board [8s Ah Qc]
Seat 2: pdsnr (button) (small blind) collected ($11.76)
Seat 4: HAL9QQQ (big blind) folded on the Flop


PokerStars Hand #151201261565:  Hold'em Limit ($3/$6 USD) - 2016/03/31 1:26:47 ET
Table 'Aenna II' 6-max Seat #4 is the button
Seat 2: pdsnr ($238.66 in chips)
Seat 4: HAL9QQQ ($191.59 in chips)
HAL9QQQ: posts small blind $1
pdsnr: posts big blind $3
*** HOLE CARDS ***
HAL9QQQ: raises $3 to $6
pdsnr: raises $3 to $9
HAL9QQQ: calls $3
*** FLOP *** [Ks Kc 2d]
pdsnr: bets $3
HAL9QQQ: calls $3
*** TURN *** [Ks Kc 2d] [7c]
pdsnr: bets $6
HAL9QQQ: folds
Uncalled bet ($6) returned to pdsnr
pdsnr collected $23.52 from pot
*** SUMMARY ***
Total pot $24 | Rake $0.48
Board [Ks Kc 2d 7c]
Seat 2: pdsnr (big blind) collected ($23.52)
Seat 4: HAL9QQQ (button) (small blind) folded on the Turn


