PokerStars Hand #160569966162:  Hold'em Limit ($3/$6 USD) - 2016/10/28 18:16:02 ET
Table 'Aenna' 6-max Seat #4 is the button
Seat 4: AzureCaper ($73 in chips)
Seat 6: EMAIARI ($119 in chips)
AzureCaper: posts small blind $1
EMAIARI: posts big blind $3
*** HOLE CARDS ***
AzureCaper: folds
Uncalled bet ($2) returned to EMAIARI
EMAIARI collected $2 from pot
*** SUMMARY ***
Total pot $2 | Rake $0
Seat 4: AzureCaper (button) (small blind) folded before Flop
Seat 6: EMAIARI (big blind) collected ($2)


PokerStars Hand #160569974424:  Hold'em Limit ($3/$6 USD) - 2016/10/28 18:16:13 ET
Table 'Aenna' 6-max Seat #6 is the button
Seat 4: AzureCaper ($72 in chips)
Seat 6: EMAIARI ($120 in chips)
EMAIARI: posts small blind $1
AzureCaper: posts big blind $3
*** HOLE CARDS ***
EMAIARI: raises $3 to $6
AzureCaper: calls $3
*** FLOP *** [5h 2c Ad]
AzureCaper: checks
EMAIARI: bets $3
AzureCaper: raises $3 to $6
EMAIARI: calls $3
*** TURN *** [5h 2c Ad] [Js]
AzureCaper: bets $6
EMAIARI: calls $6
*** RIVER *** [5h 2c Ad Js] [7c]
AzureCaper: bets $6
EMAIARI: calls $6
*** SHOW DOWN ***
AzureCaper: shows [As 2s] (two pair, Aces and Deuces)
EMAIARI: mucks hand
AzureCaper collected $47.50 from pot
*** SUMMARY ***
Total pot $48 | Rake $0.50
Board [5h 2c Ad Js 7c]
Seat 4: AzureCaper (big blind) showed [As 2s] and won ($47.50) with two pair, Aces and Deuces
Seat 6: EMAIARI (button) (small blind) mucked


PokerStars Hand #160569994547:  Hold'em Limit ($3/$6 USD) - 2016/10/28 18:16:39 ET
Table 'Aenna' 6-max Seat #4 is the button
Seat 4: AzureCaper ($95.50 in chips)
Seat 6: EMAIARI ($96 in chips)
AzureCaper: posts small blind $1
EMAIARI: posts big blind $3
*** HOLE CARDS ***
AzureCaper: folds
Uncalled bet ($2) returned to EMAIARI
EMAIARI collected $2 from pot
EMAIARI: doesn't show hand
*** SUMMARY ***
Total pot $2 | Rake $0
Seat 4: AzureCaper (button) (small blind) folded before Flop
Seat 6: EMAIARI (big blind) collected ($2)


PokerStars Hand #160569999859:  Hold'em Limit ($3/$6 USD) - 2016/10/28 18:16:46 ET
Table 'Aenna' 6-max Seat #6 is the button
Seat 4: AzureCaper ($94.50 in chips)
Seat 6: EMAIARI ($97 in chips)
EMAIARI: posts small blind $1
AzureCaper: posts big blind $3
*** HOLE CARDS ***
EMAIARI: raises $3 to $6
AzureCaper: folds
Uncalled bet ($3) returned to EMAIARI
EMAIARI collected $6 from pot
EMAIARI: doesn't show hand
*** SUMMARY ***
Total pot $6 | Rake $0
Seat 4: AzureCaper (big blind) folded before Flop
Seat 6: EMAIARI (button) (small blind) collected ($6)


PokerStars Hand #160570005258:  Hold'em Limit ($3/$6 USD) - 2016/10/28 18:16:53 ET
Table 'Aenna' 6-max Seat #4 is the button
Seat 4: AzureCaper ($91.50 in chips)
Seat 6: EMAIARI ($100 in chips)
AzureCaper: posts small blind $1
EMAIARI: posts big blind $3
*** HOLE CARDS ***
AzureCaper: raises $3 to $6
EMAIARI: calls $3
*** FLOP *** [7h Jc Qs]
EMAIARI: checks
AzureCaper: bets $3
EMAIARI: folds
Uncalled bet ($3) returned to AzureCaper
AzureCaper collected $11.76 from pot
AzureCaper: doesn't show hand
*** SUMMARY ***
Total pot $12 | Rake $0.24
Board [7h Jc Qs]
Seat 4: AzureCaper (button) (small blind) collected ($11.76)
Seat 6: EMAIARI (big blind) folded on the Flop


PokerStars Hand #160570021934:  Hold'em Limit ($3/$6 USD) - 2016/10/28 18:17:15 ET
Table 'Aenna' 6-max Seat #6 is the button
Seat 4: AzureCaper ($97.26 in chips)
Seat 6: EMAIARI ($94 in chips)
EMAIARI: posts small blind $1
AzureCaper: posts big blind $3
*** HOLE CARDS ***
EMAIARI: raises $3 to $6
AzureCaper: calls $3
*** FLOP *** [Kc 9c 5h]
AzureCaper: checks
EMAIARI: bets $3
AzureCaper: calls $3
*** TURN *** [Kc 9c 5h] [4h]
AzureCaper: checks
EMAIARI: bets $6
AzureCaper: calls $6
*** RIVER *** [Kc 9c 5h 4h] [Th]
AzureCaper: checks
EMAIARI: checks
*** SHOW DOWN ***
AzureCaper: shows [Qs Jc] (a straight, Nine to King)
EMAIARI: mucks hand
AzureCaper collected $29.50 from pot
*** SUMMARY ***
Total pot $30 | Rake $0.50
Board [Kc 9c 5h 4h Th]
Seat 4: AzureCaper (big blind) showed [Qs Jc] and won ($29.50) with a straight, Nine to King
Seat 6: EMAIARI (button) (small blind) mucked


PokerStars Hand #160570040083:  Hold'em Limit ($3/$6 USD) - 2016/10/28 18:17:39 ET
Table 'Aenna' 6-max Seat #4 is the button
Seat 4: AzureCaper ($111.76 in chips)
Seat 6: EMAIARI ($79 in chips)
AzureCaper: posts small blind $1
EMAIARI: posts big blind $3
*** HOLE CARDS ***
AzureCaper: raises $3 to $6
EMAIARI: raises $3 to $9
AzureCaper: calls $3
*** FLOP *** [9d 5c Qc]
EMAIARI: bets $3
AzureCaper: calls $3
*** TURN *** [9d 5c Qc] [8c]
EMAIARI: bets $6
AzureCaper: calls $6
*** RIVER *** [9d 5c Qc 8c] [Ac]
EMAIARI: bets $6
AzureCaper: folds
Uncalled bet ($6) returned to EMAIARI
EMAIARI collected $35.50 from pot
EMAIARI: doesn't show hand
*** SUMMARY ***
Total pot $36 | Rake $0.50
Board [9d 5c Qc 8c Ac]
Seat 4: AzureCaper (button) (small blind) folded on the River
Seat 6: EMAIARI (big blind) collected ($35.50)


PokerStars Hand #160570063587:  Hold'em Limit ($3/$6 USD) - 2016/10/28 18:18:10 ET
Table 'Aenna' 6-max Seat #6 is the button
Seat 4: AzureCaper ($93.76 in chips)
Seat 6: EMAIARI ($96.50 in chips)
EMAIARI: posts small blind $1
AzureCaper: posts big blind $3
*** HOLE CARDS ***
EMAIARI: raises $3 to $6
AzureCaper: calls $3
*** FLOP *** [3h 9c 5h]
AzureCaper: checks
EMAIARI: bets $3
AzureCaper: raises $3 to $6
EMAIARI: calls $3
*** TURN *** [3h 9c 5h] [6s]
AzureCaper: bets $6
EMAIARI: calls $6
*** RIVER *** [3h 9c 5h 6s] [Kc]
AzureCaper: bets $6
EMAIARI: calls $6
*** SHOW DOWN ***
AzureCaper: shows [6d 5c] (two pair, Sixes and Fives)
EMAIARI: mucks hand
AzureCaper collected $47.50 from pot
*** SUMMARY ***
Total pot $48 | Rake $0.50
Board [3h 9c 5h 6s Kc]
Seat 4: AzureCaper (big blind) showed [6d 5c] and won ($47.50) with two pair, Sixes and Fives
Seat 6: EMAIARI (button) (small blind) mucked


PokerStars Hand #160570085279:  Hold'em Limit ($3/$6 USD) - 2016/10/28 18:18:38 ET
Table 'Aenna' 6-max Seat #4 is the button
Seat 4: AzureCaper ($117.26 in chips)
Seat 6: EMAIARI ($72.50 in chips)
AzureCaper: posts small blind $1
EMAIARI: posts big blind $3
*** HOLE CARDS ***
AzureCaper: raises $3 to $6
EMAIARI: calls $3
*** FLOP *** [Ts Qc 2c]
EMAIARI: checks
AzureCaper: bets $3
EMAIARI: folds
Uncalled bet ($3) returned to AzureCaper
AzureCaper collected $11.76 from pot
AzureCaper: doesn't show hand
*** SUMMARY ***
Total pot $12 | Rake $0.24
Board [Ts Qc 2c]
Seat 4: AzureCaper (button) (small blind) collected ($11.76)
Seat 6: EMAIARI (big blind) folded on the Flop


PokerStars Hand #160570095936:  Hold'em Limit ($3/$6 USD) - 2016/10/28 18:18:52 ET
Table 'Aenna' 6-max Seat #6 is the button
Seat 4: AzureCaper ($123.02 in chips)
Seat 6: EMAIARI ($66.50 in chips)
EMAIARI: posts small blind $1
AzureCaper: posts big blind $3
*** HOLE CARDS ***
EMAIARI: raises $3 to $6
AzureCaper: calls $3
*** FLOP *** [Qs Ad Qd]
AzureCaper: checks
EMAIARI: bets $3
AzureCaper: raises $3 to $6
EMAIARI: raises $3 to $9
Zubasa07 joins the table at seat #1
AzureCaper: raises $3 to $12
Betting is capped
EMAIARI: calls $3
*** TURN *** [Qs Ad Qd] [Jd]
AzureCaper: bets $6
EMAIARI: calls $6
*** RIVER *** [Qs Ad Qd Jd] [2c]
AzureCaper: bets $6
EMAIARI: folds
Uncalled bet ($6) returned to AzureCaper
AzureCaper collected $47.50 from pot
AzureCaper: doesn't show hand
*** SUMMARY ***
Total pot $48 | Rake $0.50
Board [Qs Ad Qd Jd 2c]
Seat 4: AzureCaper (big blind) collected ($47.50)
Seat 6: EMAIARI (button) (small blind) folded on the River


PokerStars Hand #160570113205:  Hold'em Limit ($3/$6 USD) - 2016/10/28 18:19:15 ET
Table 'Aenna' 6-max Seat #4 is the button
Seat 4: AzureCaper ($146.52 in chips)
Seat 6: EMAIARI ($42.50 in chips)
AzureCaper: posts small blind $1
EMAIARI: posts big blind $3
*** HOLE CARDS ***
AzureCaper: raises $3 to $6
EMAIARI: calls $3
*** FLOP *** [4c 8c Kd]
EMAIARI: checks
AzureCaper: bets $3
EMAIARI: calls $3
*** TURN *** [4c 8c Kd] [Qc]
EMAIARI: checks
AzureCaper: bets $6
EMAIARI: raises $6 to $12
AzureCaper: calls $6
*** RIVER *** [4c 8c Kd Qc] [Js]
EMAIARI: checks
AzureCaper: checks
*** SHOW DOWN ***
EMAIARI: shows [6d 7c] (high card King)
AzureCaper: shows [Ad Kh] (a pair of Kings)
AzureCaper collected $41.50 from pot
*** SUMMARY ***
Total pot $42 | Rake $0.50
Board [4c 8c Kd Qc Js]
Seat 4: AzureCaper (button) (small blind) showed [Ad Kh] and won ($41.50) with a pair of Kings
Seat 6: EMAIARI (big blind) showed [6d 7c] and lost with high card King


PokerStars Hand #160572536809:  Hold'em Limit ($3/$6 USD) - 2016/10/28 19:16:39 ET
Table 'Aenna' 6-max Seat #1 is the button
Seat 1: GRAILKO ($177.37 in chips)
Seat 5: CharginWapos ($71 in chips)
GRAILKO: posts small blind $1
jackRizzar: is sitting out
Chessnok: is sitting out
CharginWapos: posts big blind $3
*** HOLE CARDS ***
GRAILKO: raises $3 to $6
jackRizzar leaves the table
CharginWapos: folds
Uncalled bet ($3) returned to GRAILKO
GRAILKO collected $6 from pot
GRAILKO: doesn't show hand
*** SUMMARY ***
Total pot $6 | Rake $0
Seat 1: GRAILKO (button) (small blind) collected ($6)
Seat 5: CharginWapos (big blind) folded before Flop


PokerStars Hand #160572545193:  Hold'em Limit ($3/$6 USD) - 2016/10/28 19:16:52 ET
Table 'Aenna' 6-max Seat #5 is the button
Seat 1: GRAILKO ($180.37 in chips)
Seat 5: CharginWapos ($68 in chips)
CharginWapos: posts small blind $1
GRAILKO: posts big blind $3
*** HOLE CARDS ***
CharginWapos: raises $3 to $6
GRAILKO: calls $3
*** FLOP *** [Ah Jh 7s]
GRAILKO: checks
CharginWapos: bets $3
GRAILKO: raises $3 to $6
CharginWapos: folds [9s 9c]
EMAIARI joins the table at seat #6
Uncalled bet ($3) returned to GRAILKO
GRAILKO collected $17.64 from pot
GRAILKO: doesn't show hand
*** SUMMARY ***
Total pot $18 | Rake $0.36
Board [Ah Jh 7s]
Seat 1: GRAILKO (big blind) collected ($17.64)
Seat 5: CharginWapos (button) (small blind) folded on the Flop


