PokerStars Hand #174339647303:  Hold'em Limit ($3/$6 USD) - 2017/08/14 17:34:08 ET
Table 'Aenna' 6-max Seat #4 is the button
Seat 3: favete lin ($163.30 in chips)
Seat 4: Chessnok ($156.66 in chips)
Chessnok: posts small blind $1
ToDaFelt: is sitting out
1BETEP1: is sitting out
favete lin: posts big blind $3
*** HOLE CARDS ***
1BETEP1 leaves the table
ToDaFelt leaves the table
Chessnok: folds
Uncalled bet ($2) returned to favete lin
favete lin collected $2 from pot
favete lin: doesn't show hand
*** SUMMARY ***
Total pot $2 | Rake $0
Seat 3: favete lin (big blind) collected ($2)
Seat 4: Chessnok (button) (small blind) folded before Flop


PokerStars Hand #174340608160:  Hold'em Limit ($3/$6 USD) - 2017/08/14 17:57:46 ET
Table 'Aenna' 6-max Seat #4 is the button
Seat 3: gojs77 ($121.78 in chips)
Seat 4: kote1969 ($105 in chips)
kote1969: posts small blind $1
gojs77: posts big blind $3
*** HOLE CARDS ***
kote1969: raises $3 to $6
gojs77: folds
Uncalled bet ($3) returned to kote1969
kote1969 collected $6 from pot
*** SUMMARY ***
Total pot $6 | Rake $0
Seat 3: gojs77 (big blind) folded before Flop
Seat 4: kote1969 (button) (small blind) collected ($6)


PokerStars Hand #174340592869:  Hold'em Limit ($3/$6 USD) - 2017/08/14 17:57:19 ET
Table 'Aenna' 6-max Seat #3 is the button
Seat 3: gojs77 ($107.28 in chips)
Seat 4: kote1969 ($120 in chips)
gojs77: posts small blind $1
kote1969: posts big blind $3
*** HOLE CARDS ***
gojs77: calls $2
kote1969: raises $3 to $6
gojs77: calls $3
*** FLOP *** [2h 7s 4s]
kote1969: bets $3
gojs77: calls $3
*** TURN *** [2h 7s 4s] [Kd]
kote1969: bets $6
gojs77: calls $6
*** RIVER *** [2h 7s 4s Kd] [8c]
kote1969: checks
gojs77: bets $6
kote1969: folds
Uncalled bet ($6) returned to gojs77
gojs77 collected $29.50 from pot
gojs77: doesn't show hand
*** SUMMARY ***
Total pot $30 | Rake $0.50
Board [2h 7s 4s Kd 8c]
Seat 3: gojs77 (button) (small blind) collected ($29.50)
Seat 4: kote1969 (big blind) folded on the River


PokerStars Hand #174340613776:  Hold'em Limit ($3/$6 USD) - 2017/08/14 17:57:55 ET
Table 'Aenna' 6-max Seat #3 is the button
Seat 3: gojs77 ($118.78 in chips)
Seat 4: kote1969 ($108 in chips)
gojs77: posts small blind $1
kote1969: posts big blind $3
*** HOLE CARDS ***
fluit83 joins the table at seat #5
gojs77: calls $2
kote1969: checks
*** FLOP *** [Kh 6d 4c]
kote1969: checks
gojs77: bets $3
kote1969: raises $3 to $6
gojs77: calls $3
*** TURN *** [Kh 6d 4c] [5s]
kote1969: checks
gojs77: bets $6
kote1969: calls $6
*** RIVER *** [Kh 6d 4c 5s] [5h]
kote1969: checks
gojs77: bets $6
kote1969: folds
Uncalled bet ($6) returned to gojs77
gojs77 collected $29.50 from pot
gojs77: doesn't show hand
*** SUMMARY ***
Total pot $30 | Rake $0.50
Board [Kh 6d 4c 5s 5h]
Seat 3: gojs77 (button) (small blind) collected ($29.50)
Seat 4: kote1969 (big blind) folded on the River


