PokerStars Hand #146937482225:  Hold'em Limit ($3/$6 USD) - 2016/01/12 17:17:57 ET
Table 'Aeolia' 2-max Seat #2 is the button
Seat 1: RaisemyNut$ ($139 in chips)
Seat 2: Looosersulze ($33.02 in chips)
Looosersulze: posts small blind $1
RaisemyNut$: posts big blind $3
*** HOLE CARDS ***
Looosersulze: raises $3 to $6
RaisemyNut$: calls $3
*** FLOP *** [5h 9c Js]
RaisemyNut$: checks
Looosersulze: bets $3
RaisemyNut$: raises $3 to $6
Looosersulze: calls $3
*** TURN *** [5h 9c Js] [6d]
RaisemyNut$: bets $6
Looosersulze: calls $6
*** RIVER *** [5h 9c Js 6d] [7d]
RaisemyNut$: checks
Looosersulze: checks
*** SHOW DOWN ***
RaisemyNut$: shows [6s Ts] (a pair of Sixes)
Looosersulze: mucks hand
RaisemyNut$ collected $35.50 from pot
*** SUMMARY ***
Total pot $36 | Rake $0.50
Board [5h 9c Js 6d 7d]
Seat 1: RaisemyNut$ (big blind) showed [6s Ts] and won ($35.50) with a pair of Sixes
Seat 2: Looosersulze (button) (small blind) mucked


PokerStars Hand #146937521650:  Hold'em Limit ($3/$6 USD) - 2016/01/12 17:18:37 ET
Table 'Aeolia' 2-max Seat #2 is the button
Seat 1: RaisemyNut$ ($141.48 in chips)
Seat 2: Looosersulze ($29.54 in chips)
Looosersulze: posts small blind $1
RaisemyNut$: posts big blind $3
*** HOLE CARDS ***
Looosersulze: raises $3 to $6
RaisemyNut$: folds
Uncalled bet ($3) returned to Looosersulze
Looosersulze collected $6 from pot
Looosersulze: doesn't show hand
*** SUMMARY ***
Total pot $6 | Rake $0
Seat 1: RaisemyNut$ (big blind) folded before Flop
Seat 2: Looosersulze (button) (small blind) collected ($6)


PokerStars Hand #146937501422:  Hold'em Limit ($3/$6 USD) - 2016/01/12 17:18:16 ET
Table 'Aeolia' 2-max Seat #1 is the button
Seat 1: RaisemyNut$ ($156.50 in chips)
Seat 2: Looosersulze ($15.02 in chips)
RaisemyNut$: posts small blind $1
Looosersulze: posts big blind $3
*** HOLE CARDS ***
RaisemyNut$: raises $3 to $6
Looosersulze: calls $3
*** FLOP *** [Qc 3c Qd]
Looosersulze: checks
RaisemyNut$: bets $3
Looosersulze: calls $3
*** TURN *** [Qc 3c Qd] [5s]
Looosersulze: bets $6
RaisemyNut$: raises $6 to $12
Looosersulze: calls $0.02 and is all-in
Uncalled bet ($5.98) returned to RaisemyNut$
*** RIVER *** [Qc 3c Qd 5s] [5d]
*** SHOW DOWN ***
Looosersulze: shows [5h As] (a full house, Fives full of Queens)
RaisemyNut$: shows [6s Jc] (two pair, Queens and Fives)
Looosersulze collected $29.54 from pot
*** SUMMARY ***
Total pot $30.04 | Rake $0.50
Board [Qc 3c Qd 5s 5d]
Seat 1: RaisemyNut$ (button) (small blind) showed [6s Jc] and lost with two pair, Queens and Fives
Seat 2: Looosersulze (big blind) showed [5h As] and won ($29.54) with a full house, Fives full of Queens


PokerStars Hand #146937528640:  Hold'em Limit ($3/$6 USD) - 2016/01/12 17:18:44 ET
Table 'Aeolia' 2-max Seat #1 is the button
Seat 1: RaisemyNut$ ($138.48 in chips)
Seat 2: Looosersulze ($32.54 in chips)
RaisemyNut$: posts small blind $1
Looosersulze: posts big blind $3
*** HOLE CARDS ***
RaisemyNut$: folds
Uncalled bet ($2) returned to Looosersulze
Looosersulze collected $2 from pot
Looosersulze: doesn't show hand
*** SUMMARY ***
Total pot $2 | Rake $0
Seat 1: RaisemyNut$ (button) (small blind) folded before Flop
Seat 2: Looosersulze (big blind) collected ($2)


PokerStars Hand #146937533731:  Hold'em Limit ($3/$6 USD) - 2016/01/12 17:18:49 ET
Table 'Aeolia' 2-max Seat #2 is the button
Seat 1: RaisemyNut$ ($137.48 in chips)
Seat 2: Looosersulze ($33.54 in chips)
Looosersulze: posts small blind $1
RaisemyNut$: posts big blind $3
*** HOLE CARDS ***
Looosersulze: raises $3 to $6
RaisemyNut$: calls $3
*** FLOP *** [Ad Js Kd]
RaisemyNut$: checks
Looosersulze: bets $3
RaisemyNut$: calls $3
*** TURN *** [Ad Js Kd] [2s]
RaisemyNut$: checks
Looosersulze: bets $6
RaisemyNut$: calls $6
*** RIVER *** [Ad Js Kd 2s] [6d]
RaisemyNut$: checks
Looosersulze: bets $6
RaisemyNut$: calls $6
*** SHOW DOWN ***
Looosersulze: shows [Qd As] (a pair of Aces)
RaisemyNut$: mucks hand
Looosersulze collected $41.50 from pot
*** SUMMARY ***
Total pot $42 | Rake $0.50
Board [Ad Js Kd 2s 6d]
Seat 1: RaisemyNut$ (big blind) mucked
Seat 2: Looosersulze (button) (small blind) showed [Qd As] and won ($41.50) with a pair of Aces


PokerStars Hand #146937552123:  Hold'em Limit ($3/$6 USD) - 2016/01/12 17:19:07 ET
Table 'Aeolia' 2-max Seat #1 is the button
Seat 1: RaisemyNut$ ($116.48 in chips)
Seat 2: Looosersulze ($54.04 in chips)
RaisemyNut$: posts small blind $1
Looosersulze: posts big blind $3
*** HOLE CARDS ***
RaisemyNut$: raises $3 to $6
Looosersulze: calls $3
*** FLOP *** [Ac 3h 3c]
Looosersulze: bets $3
RaisemyNut$: calls $3
*** TURN *** [Ac 3h 3c] [2h]
Looosersulze: bets $6
RaisemyNut$: calls $6
*** RIVER *** [Ac 3h 3c 2h] [Td]
Looosersulze: bets $6
RaisemyNut$: calls $6
*** SHOW DOWN ***
Looosersulze: shows [3s Kd] (three of a kind, Threes)
RaisemyNut$: mucks hand
Looosersulze collected $41.50 from pot
*** SUMMARY ***
Total pot $42 | Rake $0.50
Board [Ac 3h 3c 2h Td]
Seat 1: RaisemyNut$ (button) (small blind) mucked
Seat 2: Looosersulze (big blind) showed [3s Kd] and won ($41.50) with three of a kind, Threes


PokerStars Hand #146937569398:  Hold'em Limit ($3/$6 USD) - 2016/01/12 17:19:24 ET
Table 'Aeolia' 2-max Seat #2 is the button
Seat 1: RaisemyNut$ ($95.48 in chips)
Seat 2: Looosersulze ($74.54 in chips)
Looosersulze: posts small blind $1
RaisemyNut$: posts big blind $3
*** HOLE CARDS ***
Looosersulze: raises $3 to $6
RaisemyNut$: calls $3
*** FLOP *** [Td Jd 5h]
RaisemyNut$: checks
Looosersulze: bets $3
RaisemyNut$: raises $3 to $6
Looosersulze: raises $3 to $9
RaisemyNut$: calls $3
*** TURN *** [Td Jd 5h] [Kd]
RaisemyNut$: checks
Looosersulze: bets $6
RaisemyNut$: raises $6 to $12
Looosersulze: calls $6
*** RIVER *** [Td Jd 5h Kd] [5c]
RaisemyNut$: bets $6
Looosersulze: raises $6 to $12
RaisemyNut$: calls $6
*** SHOW DOWN ***
Looosersulze: shows [Tc 5s] (a full house, Fives full of Tens)
RaisemyNut$: mucks hand
Looosersulze collected $77.50 from pot
*** SUMMARY ***
Total pot $78 | Rake $0.50
Board [Td Jd 5h Kd 5c]
Seat 1: RaisemyNut$ (big blind) mucked
Seat 2: Looosersulze (button) (small blind) showed [Tc 5s] and won ($77.50) with a full house, Fives full of Tens


PokerStars Hand #146937593352:  Hold'em Limit ($3/$6 USD) - 2016/01/12 17:19:48 ET
Table 'Aeolia' 2-max Seat #1 is the button
Seat 1: RaisemyNut$ ($60 in chips)
Seat 2: Looosersulze ($113.04 in chips)
RaisemyNut$: posts small blind $1
Looosersulze: posts big blind $3
*** HOLE CARDS ***
RaisemyNut$: raises $3 to $6
Looosersulze: raises $3 to $9
RaisemyNut$: calls $3
*** FLOP *** [Ah Ts Kc]
Looosersulze: bets $3
RaisemyNut$: calls $3
*** TURN *** [Ah Ts Kc] [Kh]
Looosersulze: bets $6
RaisemyNut$: folds
Uncalled bet ($6) returned to Looosersulze
Looosersulze collected $23.52 from pot
Looosersulze: doesn't show hand
*** SUMMARY ***
Total pot $24 | Rake $0.48
Board [Ah Ts Kc Kh]
Seat 1: RaisemyNut$ (button) (small blind) folded on the Turn
Seat 2: Looosersulze (big blind) collected ($23.52)


PokerStars Hand #146937608427:  Hold'em Limit ($3/$6 USD) - 2016/01/12 17:20:03 ET
Table 'Aeolia' 2-max Seat #2 is the button
Seat 1: RaisemyNut$ ($60 in chips)
Seat 2: Looosersulze ($124.56 in chips)
Looosersulze: posts small blind $1
RaisemyNut$: posts big blind $3
*** HOLE CARDS ***
Looosersulze: raises $3 to $6
RaisemyNut$: calls $3
*** FLOP *** [Qd Ts 8d]
RaisemyNut$: checks
Looosersulze: bets $3
RaisemyNut$: folds
Uncalled bet ($3) returned to Looosersulze
Looosersulze collected $11.76 from pot
Looosersulze: doesn't show hand
*** SUMMARY ***
Total pot $12 | Rake $0.24
Board [Qd Ts 8d]
Seat 1: RaisemyNut$ (big blind) folded on the Flop
Seat 2: Looosersulze (button) (small blind) collected ($11.76)


PokerStars Hand #146937619242:  Hold'em Limit ($3/$6 USD) - 2016/01/12 17:20:14 ET
Table 'Aeolia' 2-max Seat #1 is the button
Seat 1: RaisemyNut$ ($60 in chips)
Seat 2: Looosersulze ($130.32 in chips)
RaisemyNut$: posts small blind $1
Looosersulze: posts big blind $3
*** HOLE CARDS ***
RaisemyNut$: raises $3 to $6
Looosersulze: raises $3 to $9
RaisemyNut$: calls $3
*** FLOP *** [6d Qd 9c]
Looosersulze: bets $3
RaisemyNut$: folds
Uncalled bet ($3) returned to Looosersulze
Looosersulze collected $17.64 from pot
Looosersulze: doesn't show hand
*** SUMMARY ***
Total pot $18 | Rake $0.36
Board [6d Qd 9c]
Seat 1: RaisemyNut$ (button) (small blind) folded on the Flop
Seat 2: Looosersulze (big blind) collected ($17.64)


PokerStars Hand #146937632676:  Hold'em Limit ($3/$6 USD) - 2016/01/12 17:20:27 ET
Table 'Aeolia' 2-max Seat #2 is the button
Seat 1: RaisemyNut$ ($60 in chips)
Seat 2: Looosersulze ($138.96 in chips)
Looosersulze: posts small blind $1
RaisemyNut$: posts big blind $3
*** HOLE CARDS ***
Looosersulze: raises $3 to $6
RaisemyNut$: raises $3 to $9
Looosersulze: calls $3
*** FLOP *** [3h 7s 9d]
RaisemyNut$: bets $3
Looosersulze: calls $3
*** TURN *** [3h 7s 9d] [Jh]
RaisemyNut$: bets $6
Looosersulze: calls $6
*** RIVER *** [3h 7s 9d Jh] [Td]
RaisemyNut$: bets $6
Looosersulze: calls $6
*** SHOW DOWN ***
RaisemyNut$: shows [Kc Qc] (a straight, Nine to King)
Looosersulze: mucks hand
RaisemyNut$ collected $47.50 from pot
*** SUMMARY ***
Total pot $48 | Rake $0.50
Board [3h 7s 9d Jh Td]
Seat 1: RaisemyNut$ (big blind) showed [Kc Qc] and won ($47.50) with a straight, Nine to King
Seat 2: Looosersulze (button) (small blind) mucked


PokerStars Hand #146937652724:  Hold'em Limit ($3/$6 USD) - 2016/01/12 17:20:47 ET
Table 'Aeolia' 2-max Seat #1 is the button
Seat 1: RaisemyNut$ ($83.50 in chips)
Seat 2: Looosersulze ($114.96 in chips)
RaisemyNut$: posts small blind $1
Looosersulze: posts big blind $3
*** HOLE CARDS ***
RaisemyNut$: raises $3 to $6
Looosersulze: calls $3
*** FLOP *** [Jd 7s 4h]
Looosersulze: bets $3
RaisemyNut$: calls $3
*** TURN *** [Jd 7s 4h] [Jh]
Looosersulze: bets $6
RaisemyNut$: raises $6 to $12
Looosersulze: calls $6
*** RIVER *** [Jd 7s 4h Jh] [Qc]
Looosersulze: bets $6
RaisemyNut$: calls $6
*** SHOW DOWN ***
Looosersulze: shows [9d Qd] (two pair, Queens and Jacks)
RaisemyNut$: mucks hand
Looosersulze collected $53.50 from pot
*** SUMMARY ***
Total pot $54 | Rake $0.50
Board [Jd 7s 4h Jh Qc]
Seat 1: RaisemyNut$ (button) (small blind) mucked
Seat 2: Looosersulze (big blind) showed [9d Qd] and won ($53.50) with two pair, Queens and Jacks


PokerStars Hand #146937679711:  Hold'em Limit ($3/$6 USD) - 2016/01/12 17:21:14 ET
Table 'Aeolia' 2-max Seat #2 is the button
Seat 1: RaisemyNut$ ($60 in chips)
Seat 2: Looosersulze ($141.46 in chips)
Looosersulze: posts small blind $1
RaisemyNut$: posts big blind $3
*** HOLE CARDS ***
Looosersulze: raises $3 to $6
RaisemyNut$: calls $3
*** FLOP *** [8s Ks 3h]
RaisemyNut$: checks
Looosersulze: bets $3
RaisemyNut$: raises $3 to $6
Looosersulze: raises $3 to $9
RaisemyNut$: calls $3
*** TURN *** [8s Ks 3h] [9s]
RaisemyNut$: checks
Looosersulze: bets $6
RaisemyNut$: calls $6
*** RIVER *** [8s Ks 3h 9s] [Js]
RaisemyNut$: checks
Looosersulze: checks
*** SHOW DOWN ***
RaisemyNut$: shows [Kd 5c] (a pair of Kings)
Looosersulze: shows [Kc Qh] (a pair of Kings - Queen kicker)
Looosersulze collected $41.50 from pot
*** SUMMARY ***
Total pot $42 | Rake $0.50
Board [8s Ks 3h 9s Js]
Seat 1: RaisemyNut$ (big blind) showed [Kd 5c] and lost with a pair of Kings
Seat 2: Looosersulze (button) (small blind) showed [Kc Qh] and won ($41.50) with a pair of Kings


PokerStars Hand #146937699958:  Hold'em Limit ($3/$6 USD) - 2016/01/12 17:21:35 ET
Table 'Aeolia' 2-max Seat #1 is the button
Seat 1: RaisemyNut$ ($60 in chips)
Seat 2: Looosersulze ($161.96 in chips)
RaisemyNut$: posts small blind $1
Looosersulze: posts big blind $3
*** HOLE CARDS ***
RaisemyNut$: raises $3 to $6
Looosersulze: raises $3 to $9
RaisemyNut$: calls $3
*** FLOP *** [9c 7s 7d]
Looosersulze: bets $3
RaisemyNut$: calls $3
*** TURN *** [9c 7s 7d] [5s]
Looosersulze: bets $6
RaisemyNut$: calls $6
*** RIVER *** [9c 7s 7d 5s] [Ks]
Looosersulze: bets $6
RaisemyNut$: raises $6 to $12
Looosersulze: calls $6
*** SHOW DOWN ***
RaisemyNut$: shows [Kc Qh] (two pair, Kings and Sevens)
Looosersulze: mucks hand
RaisemyNut$ collected $59.50 from pot
*** SUMMARY ***
Total pot $60 | Rake $0.50
Board [9c 7s 7d 5s Ks]
Seat 1: RaisemyNut$ (button) (small blind) showed [Kc Qh] and won ($59.50) with two pair, Kings and Sevens
Seat 2: Looosersulze (big blind) mucked


PokerStars Hand #146937718835:  Hold'em Limit ($3/$6 USD) - 2016/01/12 17:21:54 ET
Table 'Aeolia' 2-max Seat #2 is the button
Seat 1: RaisemyNut$ ($89.50 in chips)
Seat 2: Looosersulze ($131.96 in chips)
Looosersulze: posts small blind $1
RaisemyNut$: posts big blind $3
*** HOLE CARDS ***
Looosersulze: folds
Uncalled bet ($2) returned to RaisemyNut$
RaisemyNut$ collected $2 from pot
RaisemyNut$: doesn't show hand
*** SUMMARY ***
Total pot $2 | Rake $0
Seat 1: RaisemyNut$ (big blind) collected ($2)
Seat 2: Looosersulze (button) (small blind) folded before Flop


PokerStars Hand #146937739322:  Hold'em Limit ($3/$6 USD) - 2016/01/12 17:22:15 ET
Table 'Aeolia' 2-max Seat #2 is the button
Seat 1: RaisemyNut$ ($78.50 in chips)
Seat 2: Looosersulze ($142.48 in chips)
Looosersulze: posts small blind $1
RaisemyNut$: posts big blind $3
*** HOLE CARDS ***
Looosersulze: raises $3 to $6
RaisemyNut$: calls $3
*** FLOP *** [Ad As 5s]
RaisemyNut$: checks
Looosersulze: bets $3
RaisemyNut$: folds
Uncalled bet ($3) returned to Looosersulze
Looosersulze collected $11.76 from pot
Looosersulze: doesn't show hand
*** SUMMARY ***
Total pot $12 | Rake $0.24
Board [Ad As 5s]
Seat 1: RaisemyNut$ (big blind) folded on the Flop
Seat 2: Looosersulze (button) (small blind) collected ($11.76)


PokerStars Hand #146937748791:  Hold'em Limit ($3/$6 USD) - 2016/01/12 17:22:24 ET
Table 'Aeolia' 2-max Seat #1 is the button
Seat 1: RaisemyNut$ ($72.50 in chips)
Seat 2: Looosersulze ($148.24 in chips)
RaisemyNut$: posts small blind $1
Looosersulze: posts big blind $3
*** HOLE CARDS ***
RaisemyNut$: raises $3 to $6
Looosersulze: calls $3
*** FLOP *** [8d Ah Jd]
Looosersulze: checks
RaisemyNut$: bets $3
Looosersulze: raises $3 to $6
RaisemyNut$: folds
Uncalled bet ($3) returned to Looosersulze
Looosersulze collected $17.64 from pot
Looosersulze: doesn't show hand
*** SUMMARY ***
Total pot $18 | Rake $0.36
Board [8d Ah Jd]
Seat 1: RaisemyNut$ (button) (small blind) folded on the Flop
Seat 2: Looosersulze (big blind) collected ($17.64)


PokerStars Hand #146937762346:  Hold'em Limit ($3/$6 USD) - 2016/01/12 17:22:38 ET
Table 'Aeolia' 2-max Seat #2 is the button
Seat 1: RaisemyNut$ ($63.50 in chips)
Seat 2: Looosersulze ($156.88 in chips)
Looosersulze: posts small blind $1
RaisemyNut$: posts big blind $3
*** HOLE CARDS ***
Looosersulze: raises $3 to $6
RaisemyNut$: calls $3
*** FLOP *** [Ad 9c Js]
RaisemyNut$: checks
Looosersulze: bets $3
RaisemyNut$: folds
Uncalled bet ($3) returned to Looosersulze
Looosersulze collected $11.76 from pot
Looosersulze: doesn't show hand
*** SUMMARY ***
Total pot $12 | Rake $0.24
Board [Ad 9c Js]
Seat 1: RaisemyNut$ (big blind) folded on the Flop
Seat 2: Looosersulze (button) (small blind) collected ($11.76)


PokerStars Hand #146937772933:  Hold'em Limit ($3/$6 USD) - 2016/01/12 17:22:48 ET
Table 'Aeolia' 2-max Seat #1 is the button
Seat 1: RaisemyNut$ ($60 in chips)
Seat 2: Looosersulze ($162.64 in chips)
RaisemyNut$: posts small blind $1
Looosersulze: posts big blind $3
*** HOLE CARDS ***
RaisemyNut$: raises $3 to $6
Looosersulze: raises $3 to $9
RaisemyNut$: calls $3
*** FLOP *** [7d Ad 9h]
Looosersulze: bets $3
RaisemyNut$: calls $3
*** TURN *** [7d Ad 9h] [2c]
Looosersulze: bets $6
RaisemyNut$: calls $6
*** RIVER *** [7d Ad 9h 2c] [4h]
Looosersulze: bets $6
RaisemyNut$: raises $6 to $12
Looosersulze: calls $6
*** SHOW DOWN ***
RaisemyNut$: shows [4c 7s] (two pair, Sevens and Fours)
Looosersulze: mucks hand
RaisemyNut$ collected $59.50 from pot
*** SUMMARY ***
Total pot $60 | Rake $0.50
Board [7d Ad 9h 2c 4h]
Seat 1: RaisemyNut$ (button) (small blind) showed [4c 7s] and won ($59.50) with two pair, Sevens and Fours
Seat 2: Looosersulze (big blind) mucked


PokerStars Hand #146937795471:  Hold'em Limit ($3/$6 USD) - 2016/01/12 17:23:11 ET
Table 'Aeolia' 2-max Seat #2 is the button
Seat 1: RaisemyNut$ ($89.50 in chips)
Seat 2: Looosersulze ($132.64 in chips)
Looosersulze: posts small blind $1
RaisemyNut$: posts big blind $3
*** HOLE CARDS ***
Looosersulze: raises $3 to $6
RaisemyNut$: calls $3
*** FLOP *** [Qc Jd Kd]
RaisemyNut$: checks
Looosersulze: bets $3
RaisemyNut$: calls $3
*** TURN *** [Qc Jd Kd] [8c]
RaisemyNut$: checks
Looosersulze: bets $6
RaisemyNut$: calls $6
*** RIVER *** [Qc Jd Kd 8c] [9d]
RaisemyNut$: checks
Looosersulze: checks
*** SHOW DOWN ***
RaisemyNut$: shows [Jh 2c] (a pair of Jacks)
Looosersulze: mucks hand
RaisemyNut$ collected $29.50 from pot
*** SUMMARY ***
Total pot $30 | Rake $0.50
Board [Qc Jd Kd 8c 9d]
Seat 1: RaisemyNut$ (big blind) showed [Jh 2c] and won ($29.50) with a pair of Jacks
Seat 2: Looosersulze (button) (small blind) mucked


PokerStars Hand #146937817101:  Hold'em Limit ($3/$6 USD) - 2016/01/12 17:23:33 ET
Table 'Aeolia' 2-max Seat #1 is the button
Seat 1: RaisemyNut$ ($104 in chips)
Seat 2: Looosersulze ($117.64 in chips)
RaisemyNut$: posts small blind $1
Looosersulze: posts big blind $3
*** HOLE CARDS ***
RaisemyNut$: raises $3 to $6
Looosersulze: calls $3
*** FLOP *** [4h Jc 3h]
Looosersulze: checks
RaisemyNut$: bets $3
Looosersulze: calls $3
*** TURN *** [4h Jc 3h] [7c]
Looosersulze: checks
RaisemyNut$: bets $6
Looosersulze: calls $6
*** RIVER *** [4h Jc 3h 7c] [3c]
Looosersulze: bets $6
RaisemyNut$: raises $6 to $12
Looosersulze: folds
Uncalled bet ($6) returned to RaisemyNut$
RaisemyNut$ collected $41.50 from pot
RaisemyNut$: doesn't show hand
*** SUMMARY ***
Total pot $42 | Rake $0.50
Board [4h Jc 3h 7c 3c]
Seat 1: RaisemyNut$ (button) (small blind) collected ($41.50)
Seat 2: Looosersulze (big blind) folded on the River


PokerStars Hand #146937845435:  Hold'em Limit ($3/$6 USD) - 2016/01/12 17:24:01 ET
Table 'Aeolia' 2-max Seat #2 is the button
Seat 1: RaisemyNut$ ($124.50 in chips)
Seat 2: Looosersulze ($96.64 in chips)
Looosersulze: posts small blind $1
RaisemyNut$: posts big blind $3
*** HOLE CARDS ***
Looosersulze: raises $3 to $6
RaisemyNut$: folds
Uncalled bet ($3) returned to Looosersulze
Looosersulze collected $6 from pot
Looosersulze: doesn't show hand
*** SUMMARY ***
Total pot $6 | Rake $0
Seat 1: RaisemyNut$ (big blind) folded before Flop
Seat 2: Looosersulze (button) (small blind) collected ($6)


PokerStars Hand #146937874046:  Hold'em Limit ($3/$6 USD) - 2016/01/12 17:24:31 ET
Table 'Aeolia' 2-max Seat #2 is the button
Seat 1: RaisemyNut$ ($145 in chips)
Seat 2: Looosersulze ($75.64 in chips)
Looosersulze: posts small blind $1
RaisemyNut$: posts big blind $3
*** HOLE CARDS ***
Looosersulze: raises $3 to $6
RaisemyNut$: folds
Uncalled bet ($3) returned to Looosersulze
Looosersulze collected $6 from pot
Looosersulze: doesn't show hand
*** SUMMARY ***
Total pot $6 | Rake $0
Seat 1: RaisemyNut$ (big blind) folded before Flop
Seat 2: Looosersulze (button) (small blind) collected ($6)


PokerStars Hand #146937851459:  Hold'em Limit ($3/$6 USD) - 2016/01/12 17:24:08 ET
Table 'Aeolia' 2-max Seat #1 is the button
Seat 1: RaisemyNut$ ($121.50 in chips)
Seat 2: Looosersulze ($99.64 in chips)
RaisemyNut$: posts small blind $1
Looosersulze: posts big blind $3
*** HOLE CARDS ***
RaisemyNut$: raises $3 to $6
Looosersulze: calls $3
*** FLOP *** [2d 7h 5d]
Looosersulze: bets $3
RaisemyNut$: raises $3 to $6
Looosersulze: calls $3
*** TURN *** [2d 7h 5d] [Tc]
Looosersulze: checks
RaisemyNut$: bets $6
Looosersulze: calls $6
*** RIVER *** [2d 7h 5d Tc] [9h]
Looosersulze: checks
RaisemyNut$: bets $6
Looosersulze: calls $6
*** SHOW DOWN ***
RaisemyNut$: shows [Ah 5h] (a pair of Fives)
Looosersulze: mucks hand
RaisemyNut$ collected $47.50 from pot
*** SUMMARY ***
Total pot $48 | Rake $0.50
Board [2d 7h 5d Tc 9h]
Seat 1: RaisemyNut$ (button) (small blind) showed [Ah 5h] and won ($47.50) with a pair of Fives
Seat 2: Looosersulze (big blind) mucked


PokerStars Hand #146937880758:  Hold'em Limit ($3/$6 USD) - 2016/01/12 17:24:38 ET
Table 'Aeolia' 2-max Seat #1 is the button
Seat 1: RaisemyNut$ ($142 in chips)
Seat 2: Looosersulze ($78.64 in chips)
RaisemyNut$: posts small blind $1
Looosersulze: posts big blind $3
*** HOLE CARDS ***
RaisemyNut$: raises $3 to $6
Looosersulze: raises $3 to $9
RaisemyNut$: raises $3 to $12
Betting is capped
Looosersulze: calls $3
*** FLOP *** [Ah Kh Jd]
Looosersulze: bets $3
RaisemyNut$: calls $3
*** TURN *** [Ah Kh Jd] [4s]
Looosersulze: bets $6
RaisemyNut$: raises $6 to $12
Looosersulze: raises $6 to $18
RaisemyNut$: calls $6
*** RIVER *** [Ah Kh Jd 4s] [6c]
Looosersulze: bets $6
RaisemyNut$: calls $6
*** SHOW DOWN ***
Looosersulze: shows [Tc Qc] (a straight, Ten to Ace)
RaisemyNut$: mucks hand
Looosersulze collected $77.50 from pot
*** SUMMARY ***
Total pot $78 | Rake $0.50
Board [Ah Kh Jd 4s 6c]
Seat 1: RaisemyNut$ (button) (small blind) mucked
Seat 2: Looosersulze (big blind) showed [Tc Qc] and won ($77.50) with a straight, Ten to Ace


PokerStars Hand #146937908190:  Hold'em Limit ($3/$6 USD) - 2016/01/12 17:25:05 ET
Table 'Aeolia' 2-max Seat #2 is the button
Seat 1: RaisemyNut$ ($103 in chips)
Seat 2: Looosersulze ($117.14 in chips)
Looosersulze: posts small blind $1
RaisemyNut$: posts big blind $3
*** HOLE CARDS ***
Looosersulze: raises $3 to $6
RaisemyNut$: calls $3
*** FLOP *** [9h Jd Js]
RaisemyNut$: checks
Looosersulze: bets $3
RaisemyNut$: calls $3
*** TURN *** [9h Jd Js] [8d]
RaisemyNut$: checks
Looosersulze: bets $6
RaisemyNut$: raises $6 to $12
Looosersulze: calls $6
*** RIVER *** [9h Jd Js 8d] [As]
RaisemyNut$: bets $6
Looosersulze: calls $6
*** SHOW DOWN ***
RaisemyNut$: shows [8h Jh] (a full house, Jacks full of Eights)
Looosersulze: mucks hand
RaisemyNut$ collected $53.50 from pot
*** SUMMARY ***
Total pot $54 | Rake $0.50
Board [9h Jd Js 8d As]
Seat 1: RaisemyNut$ (big blind) showed [8h Jh] and won ($53.50) with a full house, Jacks full of Eights
Seat 2: Looosersulze (button) (small blind) mucked


PokerStars Hand #146937930469:  Hold'em Limit ($3/$6 USD) - 2016/01/12 17:25:28 ET
Table 'Aeolia' 2-max Seat #1 is the button
Seat 1: RaisemyNut$ ($129.50 in chips)
Seat 2: Looosersulze ($90.14 in chips)
RaisemyNut$: posts small blind $1
Looosersulze: posts big blind $3
*** HOLE CARDS ***
RaisemyNut$: raises $3 to $6
Looosersulze: calls $3
*** FLOP *** [8s 8d 7c]
Looosersulze: checks
RaisemyNut$: bets $3
Looosersulze: calls $3
*** TURN *** [8s 8d 7c] [3d]
Looosersulze: checks
RaisemyNut$: bets $6
Looosersulze: calls $6
*** RIVER *** [8s 8d 7c 3d] [3h]
Looosersulze: checks
RaisemyNut$: checks
*** SHOW DOWN ***
Looosersulze: shows [9c Qd] (two pair, Eights and Threes)
RaisemyNut$: shows [4d Kh] (two pair, Eights and Threes - King kicker)
RaisemyNut$ collected $29.50 from pot
*** SUMMARY ***
Total pot $30 | Rake $0.50
Board [8s 8d 7c 3d 3h]
Seat 1: RaisemyNut$ (button) (small blind) showed [4d Kh] and won ($29.50) with two pair, Eights and Threes
Seat 2: Looosersulze (big blind) showed [9c Qd] and lost with two pair, Eights and Threes


PokerStars Hand #146937965762:  Hold'em Limit ($3/$6 USD) - 2016/01/12 17:26:01 ET
Table 'Aeolia' 2-max Seat #1 is the button
Seat 1: RaisemyNut$ ($138 in chips)
Seat 2: Looosersulze ($80.90 in chips)
RaisemyNut$: posts small blind $1
Looosersulze: posts big blind $3
*** HOLE CARDS ***
RaisemyNut$: folds
Uncalled bet ($2) returned to Looosersulze
Looosersulze collected $2 from pot
Looosersulze: doesn't show hand
*** SUMMARY ***
Total pot $2 | Rake $0
Seat 1: RaisemyNut$ (button) (small blind) folded before Flop
Seat 2: Looosersulze (big blind) collected ($2)


PokerStars Hand #146937953091:  Hold'em Limit ($3/$6 USD) - 2016/01/12 17:25:49 ET
Table 'Aeolia' 2-max Seat #2 is the button
Seat 1: RaisemyNut$ ($144 in chips)
Seat 2: Looosersulze ($75.14 in chips)
Looosersulze: posts small blind $1
RaisemyNut$: posts big blind $3
*** HOLE CARDS ***
Looosersulze: raises $3 to $6
RaisemyNut$: calls $3
*** FLOP *** [Ah 9c As]
RaisemyNut$: checks
Looosersulze: bets $3
RaisemyNut$: folds
Uncalled bet ($3) returned to Looosersulze
Looosersulze collected $11.76 from pot
Looosersulze: doesn't show hand
*** SUMMARY ***
Total pot $12 | Rake $0.24
Board [Ah 9c As]
Seat 1: RaisemyNut$ (big blind) folded on the Flop
Seat 2: Looosersulze (button) (small blind) collected ($11.76)


PokerStars Hand #146937971778:  Hold'em Limit ($3/$6 USD) - 2016/01/12 17:26:06 ET
Table 'Aeolia' 2-max Seat #2 is the button
Seat 1: RaisemyNut$ ($137 in chips)
Seat 2: Looosersulze ($81.90 in chips)
Looosersulze: posts small blind $1
RaisemyNut$: posts big blind $3
*** HOLE CARDS ***
Looosersulze: raises $3 to $6
RaisemyNut$: raises $3 to $9
Looosersulze: calls $3
*** FLOP *** [3s Qd 4d]
RaisemyNut$: bets $3
Looosersulze: folds
Uncalled bet ($3) returned to RaisemyNut$
RaisemyNut$ collected $17.64 from pot
RaisemyNut$: doesn't show hand
*** SUMMARY ***
Total pot $18 | Rake $0.36
Board [3s Qd 4d]
Seat 1: RaisemyNut$ (big blind) collected ($17.64)
Seat 2: Looosersulze (button) (small blind) folded on the Flop


PokerStars Hand #146937985341:  Hold'em Limit ($3/$6 USD) - 2016/01/12 17:26:18 ET
Table 'Aeolia' 2-max Seat #1 is the button
Seat 1: RaisemyNut$ ($145.64 in chips)
Seat 2: Looosersulze ($72.90 in chips)
RaisemyNut$: posts small blind $1
Looosersulze: posts big blind $3
*** HOLE CARDS ***
RaisemyNut$: folds
Uncalled bet ($2) returned to Looosersulze
Looosersulze collected $2 from pot
Looosersulze: doesn't show hand
*** SUMMARY ***
Total pot $2 | Rake $0
Seat 1: RaisemyNut$ (button) (small blind) folded before Flop
Seat 2: Looosersulze (big blind) collected ($2)


PokerStars Hand #146937990820:  Hold'em Limit ($3/$6 USD) - 2016/01/12 17:26:23 ET
Table 'Aeolia' 2-max Seat #2 is the button
Seat 1: RaisemyNut$ ($144.64 in chips)
Seat 2: Looosersulze ($73.90 in chips)
Looosersulze: posts small blind $1
RaisemyNut$: posts big blind $3
*** HOLE CARDS ***
Looosersulze: raises $3 to $6
RaisemyNut$: calls $3
*** FLOP *** [6s 2h Qh]
RaisemyNut$: checks
Looosersulze: bets $3
RaisemyNut$: calls $3
*** TURN *** [6s 2h Qh] [2s]
RaisemyNut$: checks
Looosersulze: bets $6
RaisemyNut$: calls $6
*** RIVER *** [6s 2h Qh 2s] [Ts]
RaisemyNut$: checks
Looosersulze: bets $6
RaisemyNut$: folds
Uncalled bet ($6) returned to Looosersulze
Looosersulze collected $29.50 from pot
Looosersulze: doesn't show hand
*** SUMMARY ***
Total pot $30 | Rake $0.50
Board [6s 2h Qh 2s Ts]
Seat 1: RaisemyNut$ (big blind) folded on the River
Seat 2: Looosersulze (button) (small blind) collected ($29.50)


PokerStars Hand #146938017698:  Hold'em Limit ($3/$6 USD) - 2016/01/12 17:26:46 ET
Table 'Aeolia' 2-max Seat #1 is the button
Seat 1: RaisemyNut$ ($129.64 in chips)
Seat 2: Looosersulze ($88.40 in chips)
RaisemyNut$: posts small blind $1
Looosersulze: posts big blind $3
*** HOLE CARDS ***
RaisemyNut$: raises $3 to $6
Looosersulze: folds
Uncalled bet ($3) returned to RaisemyNut$
RaisemyNut$ collected $6 from pot
RaisemyNut$: doesn't show hand
*** SUMMARY ***
Total pot $6 | Rake $0
Seat 1: RaisemyNut$ (button) (small blind) collected ($6)
Seat 2: Looosersulze (big blind) folded before Flop


PokerStars Hand #146938025574:  Hold'em Limit ($3/$6 USD) - 2016/01/12 17:26:52 ET
Table 'Aeolia' 2-max Seat #2 is the button
Seat 1: RaisemyNut$ ($132.64 in chips)
Seat 2: Looosersulze ($85.40 in chips)
Looosersulze: posts small blind $1
RaisemyNut$: posts big blind $3
*** HOLE CARDS ***
Looosersulze: raises $3 to $6
RaisemyNut$: calls $3
*** FLOP *** [6h 6s Kc]
RaisemyNut$: checks
Looosersulze: bets $3
RaisemyNut$: raises $3 to $6
Looosersulze: calls $3
*** TURN *** [6h 6s Kc] [9s]
RaisemyNut$: bets $6
Looosersulze: calls $6
*** RIVER *** [6h 6s Kc 9s] [Ts]
RaisemyNut$: checks
Looosersulze: bets $6
RaisemyNut$: calls $6
*** SHOW DOWN ***
Looosersulze: shows [9d Qh] (two pair, Nines and Sixes)
RaisemyNut$: shows [9h 4h] (two pair, Nines and Sixes)
RaisemyNut$ collected $23.75 from pot
Looosersulze collected $23.75 from pot
*** SUMMARY ***
Total pot $48 | Rake $0.50
Board [6h 6s Kc 9s Ts]
Seat 1: RaisemyNut$ (big blind) showed [9h 4h] and won ($23.75) with two pair, Nines and Sixes
Seat 2: Looosersulze (button) (small blind) showed [9d Qh] and won ($23.75) with two pair, Nines and Sixes


PokerStars Hand #146938051867:  Hold'em Limit ($3/$6 USD) - 2016/01/12 17:27:15 ET
Table 'Aeolia' 2-max Seat #1 is the button
Seat 1: RaisemyNut$ ($132.39 in chips)
Seat 2: Looosersulze ($85.15 in chips)
RaisemyNut$: posts small blind $1
Looosersulze: posts big blind $3
*** HOLE CARDS ***
RaisemyNut$: raises $3 to $6
Looosersulze: calls $3
*** FLOP *** [Qs 8c 2h]
Looosersulze: bets $3
RaisemyNut$: calls $3
*** TURN *** [Qs 8c 2h] [Jd]
Looosersulze: bets $6
RaisemyNut$: calls $6
*** RIVER *** [Qs 8c 2h Jd] [5d]
Looosersulze: bets $6
RaisemyNut$: calls $6
*** SHOW DOWN ***
Looosersulze: shows [6h Th] (high card Queen)
RaisemyNut$: shows [4s 8s] (a pair of Eights)
RaisemyNut$ collected $41.50 from pot
*** SUMMARY ***
Total pot $42 | Rake $0.50
Board [Qs 8c 2h Jd 5d]
Seat 1: RaisemyNut$ (button) (small blind) showed [4s 8s] and won ($41.50) with a pair of Eights
Seat 2: Looosersulze (big blind) showed [6h Th] and lost with high card Queen


PokerStars Hand #146938139708:  Hold'em Limit ($3/$6 USD) - 2016/01/12 17:28:29 ET
Table 'Aeolia' 2-max Seat #1 is the button
Seat 1: RaisemyNut$ ($188.89 in chips)
Seat 2: Looosersulze ($27.15 in chips)
RaisemyNut$: posts small blind $1
Looosersulze: posts big blind $3
*** HOLE CARDS ***
RaisemyNut$: folds
Uncalled bet ($2) returned to Looosersulze
Looosersulze collected $2 from pot
Looosersulze: doesn't show hand
*** SUMMARY ***
Total pot $2 | Rake $0
Seat 1: RaisemyNut$ (button) (small blind) folded before Flop
Seat 2: Looosersulze (big blind) collected ($2)


PokerStars Hand #146938114587:  Hold'em Limit ($3/$6 USD) - 2016/01/12 17:28:07 ET
Table 'Aeolia' 2-max Seat #2 is the button
Seat 1: RaisemyNut$ ($168.39 in chips)
Seat 2: Looosersulze ($48.15 in chips)
Looosersulze: posts small blind $1
RaisemyNut$: posts big blind $3
*** HOLE CARDS ***
Looosersulze: raises $3 to $6
RaisemyNut$: calls $3
*** FLOP *** [9h Js Jd]
RaisemyNut$: checks
Looosersulze: bets $3
RaisemyNut$: calls $3
*** TURN *** [9h Js Jd] [6h]
RaisemyNut$: checks
Looosersulze: bets $6
RaisemyNut$: calls $6
*** RIVER *** [9h Js Jd 6h] [8s]
RaisemyNut$: checks
Looosersulze: bets $6
RaisemyNut$: calls $6
*** SHOW DOWN ***
Looosersulze: shows [6s 5d] (two pair, Jacks and Sixes)
RaisemyNut$: shows [6c Kc] (two pair, Jacks and Sixes - King kicker)
RaisemyNut$ collected $41.50 from pot
*** SUMMARY ***
Total pot $42 | Rake $0.50
Board [9h Js Jd 6h 8s]
Seat 1: RaisemyNut$ (big blind) showed [6c Kc] and won ($41.50) with two pair, Jacks and Sixes
Seat 2: Looosersulze (button) (small blind) showed [6s 5d] and lost with two pair, Jacks and Sixes


PokerStars Hand #146938080959:  Hold'em Limit ($3/$6 USD) - 2016/01/12 17:27:39 ET
Table 'Aeolia' 2-max Seat #1 is the button
Seat 1: RaisemyNut$ ($153.89 in chips)
Seat 2: Looosersulze ($63.15 in chips)
RaisemyNut$: posts small blind $1
Looosersulze: posts big blind $3
*** HOLE CARDS ***
RaisemyNut$: raises $3 to $6
Looosersulze: calls $3
*** FLOP *** [Jd 9d 6d]
Looosersulze: checks
RaisemyNut$: bets $3
Looosersulze: calls $3
*** TURN *** [Jd 9d 6d] [2h]
Looosersulze: checks
RaisemyNut$: bets $6
Looosersulze: calls $6
*** RIVER *** [Jd 9d 6d 2h] [5h]
Looosersulze: checks
RaisemyNut$: bets $6
Looosersulze: folds
Uncalled bet ($6) returned to RaisemyNut$
RaisemyNut$ collected $29.50 from pot
RaisemyNut$: doesn't show hand
*** SUMMARY ***
Total pot $30 | Rake $0.50
Board [Jd 9d 6d 2h 5h]
Seat 1: RaisemyNut$ (button) (small blind) collected ($29.50)
Seat 2: Looosersulze (big blind) folded on the River


PokerStars Hand #146938074195:  Hold'em Limit ($3/$6 USD) - 2016/01/12 17:27:33 ET
Table 'Aeolia' 2-max Seat #2 is the button
Seat 1: RaisemyNut$ ($152.89 in chips)
Seat 2: Looosersulze ($64.15 in chips)
Looosersulze: posts small blind $1
RaisemyNut$: posts big blind $3
*** HOLE CARDS ***
Looosersulze: folds
Uncalled bet ($2) returned to RaisemyNut$
RaisemyNut$ collected $2 from pot
RaisemyNut$: doesn't show hand
*** SUMMARY ***
Total pot $2 | Rake $0
Seat 1: RaisemyNut$ (big blind) collected ($2)
Seat 2: Looosersulze (button) (small blind) folded before Flop


PokerStars Hand #146938187208:  Hold'em Limit ($3/$6 USD) - 2016/01/12 17:29:09 ET
Table 'Aeolia' 2-max Seat #2 is the button
Seat 1: RaisemyNut$ ($154.89 in chips)
Seat 2: Looosersulze ($60.41 in chips)
Looosersulze: posts small blind $1
RaisemyNut$: posts big blind $3
*** HOLE CARDS ***
Looosersulze: raises $3 to $6
RaisemyNut$: calls $3
*** FLOP *** [9d Qs 5c]
RaisemyNut$: checks
Looosersulze: bets $3
RaisemyNut$: calls $3
*** TURN *** [9d Qs 5c] [Jc]
RaisemyNut$: checks
Looosersulze: bets $6
RaisemyNut$: calls $6
*** RIVER *** [9d Qs 5c Jc] [Th]
RaisemyNut$: bets $6
Looosersulze: calls $6
*** SHOW DOWN ***
RaisemyNut$: shows [8c Jd] (a straight, Eight to Queen)
Looosersulze: shows [7s 8s] (a straight, Eight to Queen)
RaisemyNut$ collected $20.75 from pot
Looosersulze collected $20.75 from pot
*** SUMMARY ***
Total pot $42 | Rake $0.50
Board [9d Qs 5c Jc Th]
Seat 1: RaisemyNut$ (big blind) showed [8c Jd] and won ($20.75) with a straight, Eight to Queen
Seat 2: Looosersulze (button) (small blind) showed [7s 8s] and won ($20.75) with a straight, Eight to Queen


PokerStars Hand #146938160003:  Hold'em Limit ($3/$6 USD) - 2016/01/12 17:28:46 ET
Table 'Aeolia' 2-max Seat #1 is the button
Seat 1: RaisemyNut$ ($181.89 in chips)
Seat 2: Looosersulze ($33.91 in chips)
RaisemyNut$: posts small blind $1
Looosersulze: posts big blind $3
*** HOLE CARDS ***
RaisemyNut$: raises $3 to $6
Looosersulze: calls $3
*** FLOP *** [5d Qc Td]
Looosersulze: bets $3
RaisemyNut$: calls $3
*** TURN *** [5d Qc Td] [8h]
Looosersulze: bets $6
RaisemyNut$: raises $6 to $12
Looosersulze: calls $6
*** RIVER *** [5d Qc Td 8h] [6c]
Looosersulze: bets $6
RaisemyNut$: calls $6
*** SHOW DOWN ***
Looosersulze: shows [6s Qh] (two pair, Queens and Sixes)
RaisemyNut$: mucks hand
Looosersulze collected $53.50 from pot
*** SUMMARY ***
Total pot $54 | Rake $0.50
Board [5d Qc Td 8h 6c]
Seat 1: RaisemyNut$ (button) (small blind) mucked
Seat 2: Looosersulze (big blind) showed [6s Qh] and won ($53.50) with two pair, Queens and Sixes


PokerStars Hand #146938145636:  Hold'em Limit ($3/$6 USD) - 2016/01/12 17:28:34 ET
Table 'Aeolia' 2-max Seat #2 is the button
Seat 1: RaisemyNut$ ($187.89 in chips)
Seat 2: Looosersulze ($28.15 in chips)
Looosersulze: posts small blind $1
RaisemyNut$: posts big blind $3
*** HOLE CARDS ***
Looosersulze: raises $3 to $6
RaisemyNut$: calls $3
*** FLOP *** [Kh Tc 9h]
RaisemyNut$: checks
Looosersulze: bets $3
RaisemyNut$: folds
Uncalled bet ($3) returned to Looosersulze
Looosersulze collected $11.76 from pot
Looosersulze: doesn't show hand
*** SUMMARY ***
Total pot $12 | Rake $0.24
Board [Kh Tc 9h]
Seat 1: RaisemyNut$ (big blind) folded on the Flop
Seat 2: Looosersulze (button) (small blind) collected ($11.76)


PokerStars Hand #146938266434:  Hold'em Limit ($3/$6 USD) - 2016/01/12 17:30:17 ET
Table 'Aeolia' 2-max Seat #1 is the button
Seat 1: RaisemyNut$ ($169.14 in chips)
Seat 2: Looosersulze ($44.68 in chips)
RaisemyNut$: posts small blind $1
Looosersulze: posts big blind $3
*** HOLE CARDS ***
RaisemyNut$: raises $3 to $6
Looosersulze: calls $3
*** FLOP *** [Kh Ks 3d]
Looosersulze: checks
RaisemyNut$: bets $3
Looosersulze: folds
Uncalled bet ($3) returned to RaisemyNut$
RaisemyNut$ collected $11.76 from pot
RaisemyNut$: doesn't show hand
*** SUMMARY ***
Total pot $12 | Rake $0.24
Board [Kh Ks 3d]
Seat 1: RaisemyNut$ (button) (small blind) collected ($11.76)
Seat 2: Looosersulze (big blind) folded on the Flop


PokerStars Hand #146938238675:  Hold'em Limit ($3/$6 USD) - 2016/01/12 17:29:54 ET
Table 'Aeolia' 2-max Seat #2 is the button
Seat 1: RaisemyNut$ ($142.64 in chips)
Seat 2: Looosersulze ($71.68 in chips)
Looosersulze: posts small blind $1
RaisemyNut$: posts big blind $3
*** HOLE CARDS ***
Looosersulze: raises $3 to $6
RaisemyNut$: calls $3
*** FLOP *** [8c 3s Qc]
RaisemyNut$: checks
Looosersulze: bets $3
RaisemyNut$: calls $3
*** TURN *** [8c 3s Qc] [As]
RaisemyNut$: checks
Looosersulze: bets $6
RaisemyNut$: raises $6 to $12
Looosersulze: calls $6
*** RIVER *** [8c 3s Qc As] [Kh]
RaisemyNut$: bets $6
Looosersulze: calls $6
*** SHOW DOWN ***
RaisemyNut$: shows [Qd Th] (a pair of Queens)
Looosersulze: mucks hand
RaisemyNut$ collected $53.50 from pot
*** SUMMARY ***
Total pot $54 | Rake $0.50
Board [8c 3s Qc As Kh]
Seat 1: RaisemyNut$ (big blind) showed [Qd Th] and won ($53.50) with a pair of Queens
Seat 2: Looosersulze (button) (small blind) mucked


PokerStars Hand #146938220203:  Hold'em Limit ($3/$6 USD) - 2016/01/12 17:29:38 ET
Table 'Aeolia' 2-max Seat #1 is the button
Seat 1: RaisemyNut$ ($154.64 in chips)
Seat 2: Looosersulze ($60.16 in chips)
RaisemyNut$: posts small blind $1
Looosersulze: posts big blind $3
*** HOLE CARDS ***
RaisemyNut$: raises $3 to $6
Looosersulze: raises $3 to $9
RaisemyNut$: calls $3
*** FLOP *** [6h Qs 9s]
Looosersulze: bets $3
RaisemyNut$: calls $3
*** TURN *** [6h Qs 9s] [Ks]
Looosersulze: bets $6
RaisemyNut$: folds
Uncalled bet ($6) returned to Looosersulze
Looosersulze collected $23.52 from pot
Looosersulze: doesn't show hand
*** SUMMARY ***
Total pot $24 | Rake $0.48
Board [6h Qs 9s Ks]
Seat 1: RaisemyNut$ (button) (small blind) folded on the Turn
Seat 2: Looosersulze (big blind) collected ($23.52)


PokerStars Hand #146938334261:  Hold'em Limit ($3/$6 USD) - 2016/01/12 17:31:17 ET
Table 'Aeolia' 2-max Seat #1 is the button
Seat 1: RaisemyNut$ ($135.90 in chips)
Seat 2: Looosersulze ($76.82 in chips)
RaisemyNut$: posts small blind $1
Looosersulze: posts big blind $3
*** HOLE CARDS ***
RaisemyNut$: raises $3 to $6
Looosersulze: raises $3 to $9
RaisemyNut$: calls $3
*** FLOP *** [Ks 8s Td]
Looosersulze: bets $3
RaisemyNut$: calls $3
*** TURN *** [Ks 8s Td] [6c]
Looosersulze: bets $6
RaisemyNut$: calls $6
*** RIVER *** [Ks 8s Td 6c] [3c]
Looosersulze: bets $6
RaisemyNut$: calls $6
*** SHOW DOWN ***
Looosersulze: shows [Kc 9s] (a pair of Kings)
RaisemyNut$: mucks hand
Looosersulze collected $47.50 from pot
*** SUMMARY ***
Total pot $48 | Rake $0.50
Board [Ks 8s Td 6c 3c]
Seat 1: RaisemyNut$ (button) (small blind) mucked
Seat 2: Looosersulze (big blind) showed [Kc 9s] and won ($47.50) with a pair of Kings


PokerStars Hand #146938328122:  Hold'em Limit ($3/$6 USD) - 2016/01/12 17:31:11 ET
Table 'Aeolia' 2-max Seat #2 is the button
Seat 1: RaisemyNut$ ($138.90 in chips)
Seat 2: Looosersulze ($73.82 in chips)
Looosersulze: posts small blind $1
RaisemyNut$: posts big blind $3
*** HOLE CARDS ***
Looosersulze: raises $3 to $6
RaisemyNut$: folds
Uncalled bet ($3) returned to Looosersulze
Looosersulze collected $6 from pot
Looosersulze: doesn't show hand
*** SUMMARY ***
Total pot $6 | Rake $0
Seat 1: RaisemyNut$ (big blind) folded before Flop
Seat 2: Looosersulze (button) (small blind) collected ($6)


PokerStars Hand #146938309064:  Hold'em Limit ($3/$6 USD) - 2016/01/12 17:30:55 ET
Table 'Aeolia' 2-max Seat #1 is the button
Seat 1: RaisemyNut$ ($147.90 in chips)
Seat 2: Looosersulze ($65.18 in chips)
RaisemyNut$: posts small blind $1
Looosersulze: posts big blind $3
*** HOLE CARDS ***
RaisemyNut$: raises $3 to $6
Looosersulze: calls $3
*** FLOP *** [Kh 2d 3s]
Looosersulze: bets $3
RaisemyNut$: calls $3
*** TURN *** [Kh 2d 3s] [9d]
Looosersulze: bets $6
RaisemyNut$: folds
Uncalled bet ($6) returned to Looosersulze
Looosersulze collected $17.64 from pot
*** SUMMARY ***
Total pot $18 | Rake $0.36
Board [Kh 2d 3s 9d]
Seat 1: RaisemyNut$ (button) (small blind) folded on the Turn
Seat 2: Looosersulze (big blind) collected ($17.64)


PokerStars Hand #146938278896:  Hold'em Limit ($3/$6 USD) - 2016/01/12 17:30:28 ET
Table 'Aeolia' 2-max Seat #2 is the button
Seat 1: RaisemyNut$ ($174.90 in chips)
Seat 2: Looosersulze ($38.68 in chips)
Looosersulze: posts small blind $1
RaisemyNut$: posts big blind $3
*** HOLE CARDS ***
Looosersulze: raises $3 to $6
RaisemyNut$: calls $3
*** FLOP *** [2c 3c 4h]
RaisemyNut$: checks
Looosersulze: bets $3
RaisemyNut$: calls $3
*** TURN *** [2c 3c 4h] [6c]
RaisemyNut$: checks
Looosersulze: bets $6
RaisemyNut$: raises $6 to $12
Looosersulze: calls $6
*** RIVER *** [2c 3c 4h 6c] [Ks]
RaisemyNut$: checks
Looosersulze: bets $6
RaisemyNut$: calls $6
*** SHOW DOWN ***
Looosersulze: shows [2d Kh] (two pair, Kings and Deuces)
RaisemyNut$: mucks hand
Looosersulze collected $53.50 from pot
*** SUMMARY ***
Total pot $54 | Rake $0.50
Board [2c 3c 4h 6c Ks]
Seat 1: RaisemyNut$ (big blind) mucked
Seat 2: Looosersulze (button) (small blind) showed [2d Kh] and won ($53.50) with two pair, Kings and Deuces


PokerStars Hand #146938394577:  Hold'em Limit ($3/$6 USD) - 2016/01/12 17:32:09 ET
Table 'Aeolia' 2-max Seat #2 is the button
Seat 1: RaisemyNut$ ($78.90 in chips)
Seat 2: Looosersulze ($132.46 in chips)
Looosersulze: posts small blind $1
RaisemyNut$: posts big blind $3
*** HOLE CARDS ***
Looosersulze: raises $3 to $6
RaisemyNut$: folds
Uncalled bet ($3) returned to Looosersulze
Looosersulze collected $6 from pot
Looosersulze: doesn't show hand
*** SUMMARY ***
Total pot $6 | Rake $0
Seat 1: RaisemyNut$ (big blind) folded before Flop
Seat 2: Looosersulze (button) (small blind) collected ($6)


PokerStars Hand #146938380297:  Hold'em Limit ($3/$6 USD) - 2016/01/12 17:31:57 ET
Table 'Aeolia' 2-max Seat #1 is the button
Seat 1: RaisemyNut$ ($87.90 in chips)
Seat 2: Looosersulze ($123.82 in chips)
RaisemyNut$: posts small blind $1
Looosersulze: posts big blind $3
*** HOLE CARDS ***
RaisemyNut$: raises $3 to $6
Looosersulze: raises $3 to $9
RaisemyNut$: calls $3
*** FLOP *** [4c As 9s]
Looosersulze: bets $3
RaisemyNut$: folds
Uncalled bet ($3) returned to Looosersulze
Looosersulze collected $17.64 from pot
Looosersulze: doesn't show hand
*** SUMMARY ***
Total pot $18 | Rake $0.36
Board [4c As 9s]
Seat 1: RaisemyNut$ (button) (small blind) folded on the Flop
Seat 2: Looosersulze (big blind) collected ($17.64)


PokerStars Hand #146938356132:  Hold'em Limit ($3/$6 USD) - 2016/01/12 17:31:36 ET
Table 'Aeolia' 2-max Seat #2 is the button
Seat 1: RaisemyNut$ ($111.90 in chips)
Seat 2: Looosersulze ($100.32 in chips)
Looosersulze: posts small blind $1
RaisemyNut$: posts big blind $3
*** HOLE CARDS ***
Looosersulze: raises $3 to $6
RaisemyNut$: calls $3
*** FLOP *** [Ks 4c 9h]
RaisemyNut$: checks
Looosersulze: bets $3
RaisemyNut$: raises $3 to $6
Looosersulze: calls $3
*** TURN *** [Ks 4c 9h] [7c]
RaisemyNut$: bets $6
Looosersulze: calls $6
*** RIVER *** [Ks 4c 9h 7c] [8h]
RaisemyNut$: bets $6
Looosersulze: calls $6
*** SHOW DOWN ***
RaisemyNut$: shows [5s 9d] (a pair of Nines)
Looosersulze: shows [5c Kh] (a pair of Kings)
Looosersulze collected $47.50 from pot
*** SUMMARY ***
Total pot $48 | Rake $0.50
Board [Ks 4c 9h 7c 8h]
Seat 1: RaisemyNut$ (big blind) showed [5s 9d] and lost with a pair of Nines
Seat 2: Looosersulze (button) (small blind) showed [5c Kh] and won ($47.50) with a pair of Kings


PokerStars Hand #146938464834:  Hold'em Limit ($3/$6 USD) - 2016/01/12 17:33:14 ET
Table 'Aeolia' 2-max Seat #1 is the button
Seat 1: RaisemyNut$ ($81.40 in chips)
Seat 2: Looosersulze ($128.96 in chips)
RaisemyNut$: posts small blind $1
Looosersulze: posts big blind $3
*** HOLE CARDS ***
RaisemyNut$: raises $3 to $6
Looosersulze: raises $3 to $9
RaisemyNut$: raises $3 to $12
Betting is capped
Looosersulze: calls $3
*** FLOP *** [8s 7h 9s]
Looosersulze: bets $3
RaisemyNut$: calls $3
*** TURN *** [8s 7h 9s] [7c]
Looosersulze: bets $6
RaisemyNut$: calls $6
*** RIVER *** [8s 7h 9s 7c] [8c]
Looosersulze: bets $6
RaisemyNut$: calls $6
*** SHOW DOWN ***
Looosersulze: shows [6s 5c] (a straight, Five to Nine)
RaisemyNut$: mucks hand
Looosersulze collected $53.50 from pot
*** SUMMARY ***
Total pot $54 | Rake $0.50
Board [8s 7h 9s 7c 8c]
Seat 1: RaisemyNut$ (button) (small blind) mucked
Seat 2: Looosersulze (big blind) showed [6s 5c] and won ($53.50) with a straight, Five to Nine


PokerStars Hand #146938457834:  Hold'em Limit ($3/$6 USD) - 2016/01/12 17:33:08 ET
Table 'Aeolia' 2-max Seat #2 is the button
Seat 1: RaisemyNut$ ($80.40 in chips)
Seat 2: Looosersulze ($129.96 in chips)
Looosersulze: posts small blind $1
RaisemyNut$: posts big blind $3
*** HOLE CARDS ***
Looosersulze: folds
Uncalled bet ($2) returned to RaisemyNut$
RaisemyNut$ collected $2 from pot
RaisemyNut$: doesn't show hand
*** SUMMARY ***
Total pot $2 | Rake $0
Seat 1: RaisemyNut$ (big blind) collected ($2)
Seat 2: Looosersulze (button) (small blind) folded before Flop


PokerStars Hand #146938453427:  Hold'em Limit ($3/$6 USD) - 2016/01/12 17:33:03 ET
Table 'Aeolia' 2-max Seat #1 is the button
Seat 1: RaisemyNut$ ($81.40 in chips)
Seat 2: Looosersulze ($128.96 in chips)
RaisemyNut$: posts small blind $1
Looosersulze: posts big blind $3
*** HOLE CARDS ***
RaisemyNut$: folds
Uncalled bet ($2) returned to Looosersulze
Looosersulze collected $2 from pot
Looosersulze: doesn't show hand
*** SUMMARY ***
Total pot $2 | Rake $0
Seat 1: RaisemyNut$ (button) (small blind) folded before Flop
Seat 2: Looosersulze (big blind) collected ($2)


PokerStars Hand #146938431213:  Hold'em Limit ($3/$6 USD) - 2016/01/12 17:32:42 ET
Table 'Aeolia' 2-max Seat #2 is the button
Seat 1: RaisemyNut$ ($102.40 in chips)
Seat 2: Looosersulze ($108.46 in chips)
Looosersulze: posts small blind $1
RaisemyNut$: posts big blind $3
*** HOLE CARDS ***
Looosersulze: raises $3 to $6
RaisemyNut$: calls $3
*** FLOP *** [7c Js 6s]
RaisemyNut$: checks
Looosersulze: bets $3
RaisemyNut$: calls $3
*** TURN *** [7c Js 6s] [8d]
RaisemyNut$: checks
Looosersulze: bets $6
RaisemyNut$: calls $6
*** RIVER *** [7c Js 6s 8d] [6c]
RaisemyNut$: checks
Looosersulze: bets $6
RaisemyNut$: calls $6
*** SHOW DOWN ***
Looosersulze: shows [7s Ks] (two pair, Sevens and Sixes)
RaisemyNut$: mucks hand
Looosersulze collected $41.50 from pot
*** SUMMARY ***
Total pot $42 | Rake $0.50
Board [7c Js 6s 8d 6c]
Seat 1: RaisemyNut$ (big blind) mucked
Seat 2: Looosersulze (button) (small blind) showed [7s Ks] and won ($41.50) with two pair, Sevens and Sixes


PokerStars Hand #146938401866:  Hold'em Limit ($3/$6 USD) - 2016/01/12 17:32:16 ET
Table 'Aeolia' 2-max Seat #1 is the button
Seat 1: RaisemyNut$ ($75.90 in chips)
Seat 2: Looosersulze ($135.46 in chips)
RaisemyNut$: posts small blind $1
Looosersulze: posts big blind $3
*** HOLE CARDS ***
RaisemyNut$: raises $3 to $6
Looosersulze: raises $3 to $9
RaisemyNut$: raises $3 to $12
Betting is capped
Looosersulze: calls $3
*** FLOP *** [6h Qs Kc]
Looosersulze: bets $3
RaisemyNut$: calls $3
*** TURN *** [6h Qs Kc] [9d]
Looosersulze: checks
RaisemyNut$: bets $6
Looosersulze: calls $6
*** RIVER *** [6h Qs Kc 9d] [6s]
Looosersulze: bets $6
RaisemyNut$: calls $6
*** SHOW DOWN ***
Looosersulze: shows [5h 8c] (a pair of Sixes)
RaisemyNut$: shows [7h 7c] (two pair, Sevens and Sixes)
RaisemyNut$ collected $53.50 from pot
*** SUMMARY ***
Total pot $54 | Rake $0.50
Board [6h Qs Kc 9d 6s]
Seat 1: RaisemyNut$ (button) (small blind) showed [7h 7c] and won ($53.50) with two pair, Sevens and Sixes
Seat 2: Looosersulze (big blind) showed [5h 8c] and lost with a pair of Sixes


PokerStars Hand #146938496418:  Hold'em Limit ($3/$6 USD) - 2016/01/12 17:33:45 ET
Table 'Aeolia' 2-max Seat #1 is the button
Seat 1: RaisemyNut$ ($60 in chips)
Seat 2: Looosersulze ($158.46 in chips)
RaisemyNut$: posts small blind $1
Looosersulze: posts big blind $3
*** HOLE CARDS ***
RaisemyNut$: raises $3 to $6
Looosersulze: folds
Uncalled bet ($3) returned to RaisemyNut$
RaisemyNut$ collected $6 from pot
RaisemyNut$: doesn't show hand
*** SUMMARY ***
Total pot $6 | Rake $0
Seat 1: RaisemyNut$ (button) (small blind) collected ($6)
Seat 2: Looosersulze (big blind) folded before Flop


PokerStars Hand #146938488407:  Hold'em Limit ($3/$6 USD) - 2016/01/12 17:33:37 ET
Table 'Aeolia' 2-max Seat #2 is the button
Seat 1: RaisemyNut$ ($60 in chips)
Seat 2: Looosersulze ($155.46 in chips)
Looosersulze: posts small blind $1
RaisemyNut$: posts big blind $3
*** HOLE CARDS ***
Looosersulze: raises $3 to $6
RaisemyNut$: folds
Uncalled bet ($3) returned to Looosersulze
Looosersulze collected $6 from pot
Looosersulze: doesn't show hand
*** SUMMARY ***
Total pot $6 | Rake $0
Seat 1: RaisemyNut$ (big blind) folded before Flop
Seat 2: Looosersulze (button) (small blind) collected ($6)


PokerStars Hand #146938546475:  Hold'em Limit ($3/$6 USD) - 2016/01/12 17:34:34 ET
Table 'Aeolia' 2-max Seat #1 is the button
Seat 1: RaisemyNut$ ($68.64 in chips)
Seat 2: Looosersulze ($163.74 in chips)
RaisemyNut$: posts small blind $1
Looosersulze: posts big blind $3
*** HOLE CARDS ***
RaisemyNut$: folds
Uncalled bet ($2) returned to Looosersulze
Looosersulze collected $2 from pot
Looosersulze: doesn't show hand
*** SUMMARY ***
Total pot $2 | Rake $0
Seat 1: RaisemyNut$ (button) (small blind) folded before Flop
Seat 2: Looosersulze (big blind) collected ($2)


PokerStars Hand #146938534120:  Hold'em Limit ($3/$6 USD) - 2016/01/12 17:34:21 ET
Table 'Aeolia' 2-max Seat #2 is the button
Seat 1: RaisemyNut$ ($60 in chips)
Seat 2: Looosersulze ($172.74 in chips)
Looosersulze: posts small blind $1
RaisemyNut$: posts big blind $3
*** HOLE CARDS ***
Looosersulze: raises $3 to $6
RaisemyNut$: raises $3 to $9
Looosersulze: calls $3
*** FLOP *** [6d 2d 6c]
RaisemyNut$: bets $3
Looosersulze: folds
Uncalled bet ($3) returned to RaisemyNut$
RaisemyNut$ collected $17.64 from pot
RaisemyNut$: doesn't show hand
*** SUMMARY ***
Total pot $18 | Rake $0.36
Board [6d 2d 6c]
Seat 1: RaisemyNut$ (big blind) collected ($17.64)
Seat 2: Looosersulze (button) (small blind) folded on the Flop


PokerStars Hand #146938515607:  Hold'em Limit ($3/$6 USD) - 2016/01/12 17:34:03 ET
Table 'Aeolia' 2-max Seat #1 is the button
Seat 1: RaisemyNut$ ($60 in chips)
Seat 2: Looosersulze ($161.22 in chips)
RaisemyNut$: posts small blind $1
Looosersulze: posts big blind $3
*** HOLE CARDS ***
RaisemyNut$: raises $3 to $6
Looosersulze: raises $3 to $9
RaisemyNut$: calls $3
*** FLOP *** [Qc 2h Jh]
Looosersulze: bets $3
RaisemyNut$: calls $3
*** TURN *** [Qc 2h Jh] [Jc]
Looosersulze: bets $6
RaisemyNut$: folds
Uncalled bet ($6) returned to Looosersulze
Looosersulze collected $23.52 from pot
*** SUMMARY ***
Total pot $24 | Rake $0.48
Board [Qc 2h Jh Jc]
Seat 1: RaisemyNut$ (button) (small blind) folded on the Turn
Seat 2: Looosersulze (big blind) collected ($23.52)


PokerStars Hand #146938502535:  Hold'em Limit ($3/$6 USD) - 2016/01/12 17:33:51 ET
Table 'Aeolia' 2-max Seat #2 is the button
Seat 1: RaisemyNut$ ($63 in chips)
Seat 2: Looosersulze ($155.46 in chips)
Looosersulze: posts small blind $1
RaisemyNut$: posts big blind $3
*** HOLE CARDS ***
Looosersulze: raises $3 to $6
RaisemyNut$: calls $3
*** FLOP *** [6d 5c 8c]
RaisemyNut$: checks
Looosersulze: bets $3
RaisemyNut$: folds
Uncalled bet ($3) returned to Looosersulze
Looosersulze collected $11.76 from pot
Looosersulze: doesn't show hand
*** SUMMARY ***
Total pot $12 | Rake $0.24
Board [6d 5c 8c]
Seat 1: RaisemyNut$ (big blind) folded on the Flop
Seat 2: Looosersulze (button) (small blind) collected ($11.76)


PokerStars Hand #146938604520:  Hold'em Limit ($3/$6 USD) - 2016/01/12 17:35:31 ET
Table 'Aeolia' 2-max Seat #2 is the button
Seat 1: RaisemyNut$ ($86.50 in chips)
Seat 2: Looosersulze ($158.24 in chips)
Looosersulze: posts small blind $1
RaisemyNut$: posts big blind $3
*** HOLE CARDS ***
Looosersulze: folds
Uncalled bet ($2) returned to RaisemyNut$
RaisemyNut$ collected $2 from pot
RaisemyNut$: doesn't show hand
*** SUMMARY ***
Total pot $2 | Rake $0
Seat 1: RaisemyNut$ (big blind) collected ($2)
Seat 2: Looosersulze (button) (small blind) folded before Flop


PokerStars Hand #146938577374:  Hold'em Limit ($3/$6 USD) - 2016/01/12 17:35:04 ET
Table 'Aeolia' 2-max Seat #1 is the button
Seat 1: RaisemyNut$ ($60 in chips)
Seat 2: Looosersulze ($185.24 in chips)
RaisemyNut$: posts small blind $1
Looosersulze: posts big blind $3
*** HOLE CARDS ***
RaisemyNut$: raises $3 to $6
Looosersulze: calls $3
*** FLOP *** [2s 7d 4c]
Looosersulze: bets $3
RaisemyNut$: calls $3
*** TURN *** [2s 7d 4c] [Kc]
Looosersulze: bets $6
RaisemyNut$: raises $6 to $12
Looosersulze: calls $6
*** RIVER *** [2s 7d 4c Kc] [Td]
Looosersulze: checks
RaisemyNut$: bets $6
Looosersulze: calls $6
*** SHOW DOWN ***
RaisemyNut$: shows [Kh 6s] (a pair of Kings)
Looosersulze: mucks hand
RaisemyNut$ collected $53.50 from pot
*** SUMMARY ***
Total pot $54 | Rake $0.50
Board [2s 7d 4c Kc Td]
Seat 1: RaisemyNut$ (button) (small blind) showed [Kh 6s] and won ($53.50) with a pair of Kings
Seat 2: Looosersulze (big blind) mucked


PokerStars Hand #146938551140:  Hold'em Limit ($3/$6 USD) - 2016/01/12 17:34:38 ET
Table 'Aeolia' 2-max Seat #2 is the button
Seat 1: RaisemyNut$ ($67.64 in chips)
Seat 2: Looosersulze ($164.74 in chips)
Looosersulze: posts small blind $1
RaisemyNut$: posts big blind $3
*** HOLE CARDS ***
Looosersulze: raises $3 to $6
RaisemyNut$: calls $3
*** FLOP *** [8s 4d Kh]
RaisemyNut$: checks
Looosersulze: bets $3
RaisemyNut$: raises $3 to $6
Looosersulze: raises $3 to $9
RaisemyNut$: calls $3
*** TURN *** [8s 4d Kh] [Ad]
RaisemyNut$: checks
Looosersulze: bets $6
RaisemyNut$: calls $6
*** RIVER *** [8s 4d Kh Ad] [Qs]
RaisemyNut$: checks
Looosersulze: bets $6
RaisemyNut$: folds
Uncalled bet ($6) returned to Looosersulze
Looosersulze collected $41.50 from pot
Looosersulze: doesn't show hand
*** SUMMARY ***
Total pot $42 | Rake $0.50
Board [8s 4d Kh Ad Qs]
Seat 1: RaisemyNut$ (big blind) folded on the River
Seat 2: Looosersulze (button) (small blind) collected ($41.50)


PokerStars Hand #146938645998:  Hold'em Limit ($3/$6 USD) - 2016/01/12 17:36:12 ET
Table 'Aeolia' 2-max Seat #1 is the button
Seat 1: RaisemyNut$ ($115 in chips)
Seat 2: Looosersulze ($129.24 in chips)
RaisemyNut$: posts small blind $1
Looosersulze: posts big blind $3
*** HOLE CARDS ***
RaisemyNut$: raises $3 to $6
Looosersulze: calls $3
*** FLOP *** [9s Qs Js]
Looosersulze: checks
RaisemyNut$: bets $3
Looosersulze: calls $3
*** TURN *** [9s Qs Js] [Td]
Looosersulze: bets $6
RaisemyNut$: calls $6
*** RIVER *** [9s Qs Js Td] [2c]
Looosersulze: bets $6
RaisemyNut$: calls $6
*** SHOW DOWN ***
Looosersulze: shows [Kc 5s] (a straight, Nine to King)
RaisemyNut$: mucks hand
Looosersulze collected $41.50 from pot
*** SUMMARY ***
Total pot $42 | Rake $0.50
Board [9s Qs Js Td 2c]
Seat 1: RaisemyNut$ (button) (small blind) mucked
Seat 2: Looosersulze (big blind) showed [Kc 5s] and won ($41.50) with a straight, Nine to King


PokerStars Hand #146938639172:  Hold'em Limit ($3/$6 USD) - 2016/01/12 17:36:05 ET
Table 'Aeolia' 2-max Seat #2 is the button
Seat 1: RaisemyNut$ ($114 in chips)
Seat 2: Looosersulze ($130.24 in chips)
Looosersulze: posts small blind $1
RaisemyNut$: posts big blind $3
*** HOLE CARDS ***
Looosersulze: folds
Uncalled bet ($2) returned to RaisemyNut$
RaisemyNut$ collected $2 from pot
RaisemyNut$: doesn't show hand
*** SUMMARY ***
Total pot $2 | Rake $0
Seat 1: RaisemyNut$ (big blind) collected ($2)
Seat 2: Looosersulze (button) (small blind) folded before Flop


PokerStars Hand #146938610725:  Hold'em Limit ($3/$6 USD) - 2016/01/12 17:35:37 ET
Table 'Aeolia' 2-max Seat #1 is the button
Seat 1: RaisemyNut$ ($87.50 in chips)
Seat 2: Looosersulze ($157.24 in chips)
RaisemyNut$: posts small blind $1
Looosersulze: posts big blind $3
*** HOLE CARDS ***
RaisemyNut$: raises $3 to $6
Looosersulze: raises $3 to $9
RaisemyNut$: calls $3
*** FLOP *** [7h 2d 8d]
Looosersulze: bets $3
RaisemyNut$: raises $3 to $6
Looosersulze: calls $3
*** TURN *** [7h 2d 8d] [Ad]
Looosersulze: checks
RaisemyNut$: bets $6
Looosersulze: calls $6
*** RIVER *** [7h 2d 8d Ad] [5h]
Looosersulze: checks
RaisemyNut$: bets $6
Looosersulze: calls $6
*** SHOW DOWN ***
RaisemyNut$: shows [Th 7c] (a pair of Sevens)
Looosersulze: mucks hand
RaisemyNut$ collected $53.50 from pot
*** SUMMARY ***
Total pot $54 | Rake $0.50
Board [7h 2d 8d Ad 5h]
Seat 1: RaisemyNut$ (button) (small blind) showed [Th 7c] and won ($53.50) with a pair of Sevens
Seat 2: Looosersulze (big blind) mucked


PokerStars Hand #146938694240:  Hold'em Limit ($3/$6 USD) - 2016/01/12 17:37:00 ET
Table 'Aeolia' 2-max Seat #1 is the button
Seat 1: RaisemyNut$ ($84 in chips)
Seat 2: Looosersulze ($159.50 in chips)
RaisemyNut$: posts small blind $1
Looosersulze: posts big blind $3
*** HOLE CARDS ***
RaisemyNut$: raises $3 to $6
Looosersulze: calls $3
*** FLOP *** [8c 2h Td]
Looosersulze: bets $3
RaisemyNut$: calls $3
*** TURN *** [8c 2h Td] [Ac]
Looosersulze: bets $6
RaisemyNut$: calls $6
*** RIVER *** [8c 2h Td Ac] [3d]
Looosersulze: bets $6
RaisemyNut$: calls $6
*** SHOW DOWN ***
Looosersulze: shows [Qs 3h] (a pair of Threes)
RaisemyNut$: mucks hand
Looosersulze collected $41.50 from pot
*** SUMMARY ***
Total pot $42 | Rake $0.50
Board [8c 2h Td Ac 3d]
Seat 1: RaisemyNut$ (button) (small blind) mucked
Seat 2: Looosersulze (big blind) showed [Qs 3h] and won ($41.50) with a pair of Threes


PokerStars Hand #146938686398:  Hold'em Limit ($3/$6 USD) - 2016/01/12 17:36:52 ET
Table 'Aeolia' 2-max Seat #2 is the button
Seat 1: RaisemyNut$ ($87 in chips)
Seat 2: Looosersulze ($156.50 in chips)
Looosersulze: posts small blind $1
RaisemyNut$: posts big blind $3
*** HOLE CARDS ***
Looosersulze: raises $3 to $6
RaisemyNut$: folds
Uncalled bet ($3) returned to Looosersulze
Looosersulze collected $6 from pot
Looosersulze: doesn't show hand
*** SUMMARY ***
Total pot $6 | Rake $0
Seat 1: RaisemyNut$ (big blind) folded before Flop
Seat 2: Looosersulze (button) (small blind) collected ($6)


PokerStars Hand #146938681694:  Hold'em Limit ($3/$6 USD) - 2016/01/12 17:36:47 ET
Table 'Aeolia' 2-max Seat #1 is the button
Seat 1: RaisemyNut$ ($88 in chips)
Seat 2: Looosersulze ($155.50 in chips)
RaisemyNut$: posts small blind $1
Looosersulze: posts big blind $3
*** HOLE CARDS ***
RaisemyNut$: folds
Uncalled bet ($2) returned to Looosersulze
Looosersulze collected $2 from pot
Looosersulze: doesn't show hand
*** SUMMARY ***
Total pot $2 | Rake $0
Seat 1: RaisemyNut$ (button) (small blind) folded before Flop
Seat 2: Looosersulze (big blind) collected ($2)


PokerStars Hand #146938670476:  Hold'em Limit ($3/$6 USD) - 2016/01/12 17:36:36 ET
Table 'Aeolia' 2-max Seat #2 is the button
Seat 1: RaisemyNut$ ($94 in chips)
Seat 2: Looosersulze ($149.74 in chips)
Looosersulze: posts small blind $1
RaisemyNut$: posts big blind $3
*** HOLE CARDS ***
Looosersulze: raises $3 to $6
RaisemyNut$: calls $3
*** FLOP *** [2c Qh Js]
RaisemyNut$: checks
Looosersulze: bets $3
RaisemyNut$: folds
Uncalled bet ($3) returned to Looosersulze
Looosersulze collected $11.76 from pot
Looosersulze: doesn't show hand
*** SUMMARY ***
Total pot $12 | Rake $0.24
Board [2c Qh Js]
Seat 1: RaisemyNut$ (big blind) folded on the Flop
Seat 2: Looosersulze (button) (small blind) collected ($11.76)


PokerStars Hand #146938714945:  Hold'em Limit ($3/$6 USD) - 2016/01/12 17:37:20 ET
Table 'Aeolia' 2-max Seat #2 is the button
Seat 1: RaisemyNut$ ($63 in chips)
Seat 2: Looosersulze ($180 in chips)
Looosersulze: posts small blind $1
RaisemyNut$: posts big blind $3
*** HOLE CARDS ***
Looosersulze: raises $3 to $6
RaisemyNut$: calls $3
*** FLOP *** [9d Qc Qh]
RaisemyNut$: checks
Looosersulze: bets $3
RaisemyNut$: calls $3
*** TURN *** [9d Qc Qh] [Jh]
RaisemyNut$: checks
Looosersulze: bets $6
RaisemyNut$: raises $6 to $12
Looosersulze: calls $6
*** RIVER *** [9d Qc Qh Jh] [As]
RaisemyNut$: bets $6
Looosersulze: calls $6
*** SHOW DOWN ***
RaisemyNut$: shows [5d Ks] (a pair of Queens)
Looosersulze: shows [9s Ad] (two pair, Aces and Queens)
Looosersulze collected $53.50 from pot
*** SUMMARY ***
Total pot $54 | Rake $0.50
Board [9d Qc Qh Jh As]
Seat 1: RaisemyNut$ (big blind) showed [5d Ks] and lost with a pair of Queens
Seat 2: Looosersulze (button) (small blind) showed [9s Ad] and won ($53.50) with two pair, Aces and Queens


PokerStars Hand #146938758834:  Hold'em Limit ($3/$6 USD) - 2016/01/12 17:38:04 ET
Table 'Aeolia' 2-max Seat #2 is the button
Seat 1: RaisemyNut$ ($71.52 in chips)
Seat 2: Looosersulze ($194.50 in chips)
Looosersulze: posts small blind $1
RaisemyNut$: posts big blind $3
*** HOLE CARDS ***
Looosersulze: raises $3 to $6
RaisemyNut$: raises $3 to $9
Looosersulze: calls $3
*** FLOP *** [Ad Kc 3c]
RaisemyNut$: bets $3
Looosersulze: calls $3
*** TURN *** [Ad Kc 3c] [8c]
RaisemyNut$: bets $6
Looosersulze: calls $6
*** RIVER *** [Ad Kc 3c 8c] [2d]
RaisemyNut$: checks
Looosersulze: bets $6
RaisemyNut$: raises $6 to $12
Looosersulze: calls $6
*** SHOW DOWN ***
RaisemyNut$: shows [7s Ah] (a pair of Aces)
Looosersulze: mucks hand
RaisemyNut$ collected $59.50 from pot
*** SUMMARY ***
Total pot $60 | Rake $0.50
Board [Ad Kc 3c 8c 2d]
Seat 1: RaisemyNut$ (big blind) showed [7s Ah] and won ($59.50) with a pair of Aces
Seat 2: Looosersulze (button) (small blind) mucked


PokerStars Hand #146938739488:  Hold'em Limit ($3/$6 USD) - 2016/01/12 17:37:45 ET
Table 'Aeolia' 2-max Seat #1 is the button
Seat 1: RaisemyNut$ ($60 in chips)
Seat 2: Looosersulze ($206.50 in chips)
RaisemyNut$: posts small blind $1
Looosersulze: posts big blind $3
*** HOLE CARDS ***
RaisemyNut$: raises $3 to $6
Looosersulze: raises $3 to $9
RaisemyNut$: calls $3
*** FLOP *** [4h Js 3h]
Looosersulze: bets $3
RaisemyNut$: calls $3
*** TURN *** [4h Js 3h] [4c]
Looosersulze: checks
RaisemyNut$: bets $6
Looosersulze: folds
Uncalled bet ($6) returned to RaisemyNut$
RaisemyNut$ collected $23.52 from pot
RaisemyNut$: doesn't show hand
*** SUMMARY ***
Total pot $24 | Rake $0.48
Board [4h Js 3h 4c]
Seat 1: RaisemyNut$ (button) (small blind) collected ($23.52)
Seat 2: Looosersulze (big blind) folded on the Turn


PokerStars Hand #146938782008:  Hold'em Limit ($3/$6 USD) - 2016/01/12 17:38:28 ET
Table 'Aeolia' 2-max Seat #1 is the button
Seat 1: RaisemyNut$ ($101.02 in chips)
Seat 2: Looosersulze ($164.50 in chips)
RaisemyNut$: posts small blind $1
Looosersulze: posts big blind $3
*** HOLE CARDS ***
RaisemyNut$: raises $3 to $6
Looosersulze: calls $3
*** FLOP *** [2c 4c 7h]
Looosersulze: checks
RaisemyNut$: bets $3
Looosersulze: calls $3
*** TURN *** [2c 4c 7h] [2h]
Looosersulze: checks
RaisemyNut$: bets $6
Looosersulze: calls $6
*** RIVER *** [2c 4c 7h 2h] [6h]
Looosersulze: bets $6
RaisemyNut$: calls $6
*** SHOW DOWN ***
Looosersulze: shows [6d 3d] (two pair, Sixes and Deuces)
RaisemyNut$: mucks hand
Looosersulze collected $41.50 from pot
*** SUMMARY ***
Total pot $42 | Rake $0.50
Board [2c 4c 7h 2h 6h]
Seat 1: RaisemyNut$ (button) (small blind) mucked
Seat 2: Looosersulze (big blind) showed [6d 3d] and won ($41.50) with two pair, Sixes and Deuces


PokerStars Hand #146938833250:  Hold'em Limit ($3/$6 USD) - 2016/01/12 17:39:19 ET
Table 'Aeolia' 2-max Seat #2 is the button
Seat 1: RaisemyNut$ ($78.77 in chips)
Seat 2: Looosersulze ($185.75 in chips)
Looosersulze: posts small blind $1
RaisemyNut$: posts big blind $3
*** HOLE CARDS ***
Looosersulze: raises $3 to $6
RaisemyNut$: calls $3
*** FLOP *** [Kc 5s 6c]
RaisemyNut$: checks
Looosersulze: bets $3
RaisemyNut$: calls $3
*** TURN *** [Kc 5s 6c] [Ks]
RaisemyNut$: checks
Looosersulze: bets $6
RaisemyNut$: raises $6 to $12
Looosersulze: calls $6
*** RIVER *** [Kc 5s 6c Ks] [2c]
RaisemyNut$: bets $6
Looosersulze: folds
Uncalled bet ($6) returned to RaisemyNut$
RaisemyNut$ collected $41.50 from pot
RaisemyNut$: doesn't show hand
*** SUMMARY ***
Total pot $42 | Rake $0.50
Board [Kc 5s 6c Ks 2c]
Seat 1: RaisemyNut$ (big blind) collected ($41.50)
Seat 2: Looosersulze (button) (small blind) folded on the River


PokerStars Hand #146938828315:  Hold'em Limit ($3/$6 USD) - 2016/01/12 17:39:14 ET
Table 'Aeolia' 2-max Seat #1 is the button
Seat 1: RaisemyNut$ ($79.77 in chips)
Seat 2: Looosersulze ($184.75 in chips)
RaisemyNut$: posts small blind $1
Looosersulze: posts big blind $3
*** HOLE CARDS ***
RaisemyNut$: folds
Uncalled bet ($2) returned to Looosersulze
Looosersulze collected $2 from pot
Looosersulze: doesn't show hand
*** SUMMARY ***
Total pot $2 | Rake $0
Seat 1: RaisemyNut$ (button) (small blind) folded before Flop
Seat 2: Looosersulze (big blind) collected ($2)


PokerStars Hand #146938804478:  Hold'em Limit ($3/$6 USD) - 2016/01/12 17:38:50 ET
Table 'Aeolia' 2-max Seat #2 is the button
Seat 1: RaisemyNut$ ($80.02 in chips)
Seat 2: Looosersulze ($185 in chips)
Looosersulze: posts small blind $1
RaisemyNut$: posts big blind $3
*** HOLE CARDS ***
Looosersulze: raises $3 to $6
RaisemyNut$: raises $3 to $9
Looosersulze: calls $3
*** FLOP *** [Jd 8d 9h]
RaisemyNut$: bets $3
Looosersulze: calls $3
*** TURN *** [Jd 8d 9h] [Jc]
RaisemyNut$: checks
Looosersulze: bets $6
RaisemyNut$: calls $6
*** RIVER *** [Jd 8d 9h Jc] [Qs]
RaisemyNut$: checks
Looosersulze: checks
*** SHOW DOWN ***
RaisemyNut$: shows [6c Ah] (a pair of Jacks)
Looosersulze: shows [Ac 4d] (a pair of Jacks)
RaisemyNut$ collected $17.75 from pot
Looosersulze collected $17.75 from pot
*** SUMMARY ***
Total pot $36 | Rake $0.50
Board [Jd 8d 9h Jc Qs]
Seat 1: RaisemyNut$ (big blind) showed [6c Ah] and won ($17.75) with a pair of Jacks
Seat 2: Looosersulze (button) (small blind) showed [Ac 4d] and won ($17.75) with a pair of Jacks


PokerStars Hand #146938886382:  Hold'em Limit ($3/$6 USD) - 2016/01/12 17:40:13 ET
Table 'Aeolia' 2-max Seat #2 is the button
Seat 1: RaisemyNut$ ($91.27 in chips)
Seat 2: Looosersulze ($172.27 in chips)
Looosersulze: posts small blind $1
RaisemyNut$: posts big blind $3
*** HOLE CARDS ***
Looosersulze: raises $3 to $6
RaisemyNut$: calls $3
*** FLOP *** [7s Ad 2h]
RaisemyNut$: checks
Looosersulze: bets $3
RaisemyNut$: folds
Uncalled bet ($3) returned to Looosersulze
Looosersulze collected $11.76 from pot
Looosersulze: doesn't show hand
*** SUMMARY ***
Total pot $12 | Rake $0.24
Board [7s Ad 2h]
Seat 1: RaisemyNut$ (big blind) folded on the Flop
Seat 2: Looosersulze (button) (small blind) collected ($11.76)


PokerStars Hand #146938880313:  Hold'em Limit ($3/$6 USD) - 2016/01/12 17:40:07 ET
Table 'Aeolia' 2-max Seat #1 is the button
Seat 1: RaisemyNut$ ($88.27 in chips)
Seat 2: Looosersulze ($175.27 in chips)
RaisemyNut$: posts small blind $1
Looosersulze: posts big blind $3
*** HOLE CARDS ***
RaisemyNut$: raises $3 to $6
Looosersulze: folds
Uncalled bet ($3) returned to RaisemyNut$
RaisemyNut$ collected $6 from pot
RaisemyNut$: doesn't show hand
*** SUMMARY ***
Total pot $6 | Rake $0
Seat 1: RaisemyNut$ (button) (small blind) collected ($6)
Seat 2: Looosersulze (big blind) folded before Flop


PokerStars Hand #146938873841:  Hold'em Limit ($3/$6 USD) - 2016/01/12 17:40:00 ET
Table 'Aeolia' 2-max Seat #2 is the button
Seat 1: RaisemyNut$ ($87.27 in chips)
Seat 2: Looosersulze ($176.27 in chips)
Looosersulze: posts small blind $1
RaisemyNut$: posts big blind $3
*** HOLE CARDS ***
Looosersulze: folds
Uncalled bet ($2) returned to RaisemyNut$
RaisemyNut$ collected $2 from pot
RaisemyNut$: doesn't show hand
*** SUMMARY ***
Total pot $2 | Rake $0
Seat 1: RaisemyNut$ (big blind) collected ($2)
Seat 2: Looosersulze (button) (small blind) folded before Flop


PokerStars Hand #146938856768:  Hold'em Limit ($3/$6 USD) - 2016/01/12 17:39:43 ET
Table 'Aeolia' 2-max Seat #1 is the button
Seat 1: RaisemyNut$ ($99.27 in chips)
Seat 2: Looosersulze ($164.75 in chips)
RaisemyNut$: posts small blind $1
Looosersulze: posts big blind $3
*** HOLE CARDS ***
RaisemyNut$: raises $3 to $6
Looosersulze: raises $3 to $9
RaisemyNut$: calls $3
*** FLOP *** [5h 4s 8h]
Looosersulze: bets $3
RaisemyNut$: calls $3
*** TURN *** [5h 4s 8h] [As]
Looosersulze: bets $6
RaisemyNut$: folds
Uncalled bet ($6) returned to Looosersulze
Looosersulze collected $23.52 from pot
Looosersulze: doesn't show hand
*** SUMMARY ***
Total pot $24 | Rake $0.48
Board [5h 4s 8h As]
Seat 1: RaisemyNut$ (button) (small blind) folded on the Turn
Seat 2: Looosersulze (big blind) collected ($23.52)


PokerStars Hand #146938897275:  Hold'em Limit ($3/$6 USD) - 2016/01/12 17:40:24 ET
Table 'Aeolia' 2-max Seat #1 is the button
Seat 1: RaisemyNut$ ($85.27 in chips)
Seat 2: Looosersulze ($178.03 in chips)
RaisemyNut$: posts small blind $1
Looosersulze: posts big blind $3
*** HOLE CARDS ***
RaisemyNut$: raises $3 to $6
Looosersulze: raises $3 to $9
RaisemyNut$: calls $3
*** FLOP *** [Qc 2s 6c]
Looosersulze: bets $3
RaisemyNut$: calls $3
*** TURN *** [Qc 2s 6c] [6h]
Looosersulze: bets $6
RaisemyNut$: raises $6 to $12
Looosersulze: calls $6
*** RIVER *** [Qc 2s 6c 6h] [7d]
Looosersulze: checks
RaisemyNut$: bets $6
Looosersulze: folds
Uncalled bet ($6) returned to RaisemyNut$
RaisemyNut$ collected $47.50 from pot
RaisemyNut$: doesn't show hand
*** SUMMARY ***
Total pot $48 | Rake $0.50
Board [Qc 2s 6c 6h 7d]
Seat 1: RaisemyNut$ (button) (small blind) collected ($47.50)
Seat 2: Looosersulze (big blind) folded on the River


PokerStars Hand #146938946769:  Hold'em Limit ($3/$6 USD) - 2016/01/12 17:41:16 ET
Table 'Aeolia' 2-max Seat #2 is the button
Seat 1: RaisemyNut$ ($129.27 in chips)
Seat 2: Looosersulze ($133.03 in chips)
Looosersulze: posts small blind $1
RaisemyNut$: posts big blind $3
*** HOLE CARDS ***
Looosersulze: raises $3 to $6
RaisemyNut$: calls $3
*** FLOP *** [5c 8c 9c]
RaisemyNut$: checks
Looosersulze: bets $3
RaisemyNut$: calls $3
*** TURN *** [5c 8c 9c] [Kh]
RaisemyNut$: checks
Looosersulze: bets $6
RaisemyNut$: calls $6
*** RIVER *** [5c 8c 9c Kh] [6s]
RaisemyNut$: checks
Looosersulze: checks
*** SHOW DOWN ***
RaisemyNut$: shows [4h 5d] (a pair of Fives)
Looosersulze: mucks hand
RaisemyNut$ collected $29.50 from pot
*** SUMMARY ***
Total pot $30 | Rake $0.50
Board [5c 8c 9c Kh 6s]
Seat 1: RaisemyNut$ (big blind) showed [4h 5d] and won ($29.50) with a pair of Fives
Seat 2: Looosersulze (button) (small blind) mucked


PokerStars Hand #146938928292:  Hold'em Limit ($3/$6 USD) - 2016/01/12 17:40:57 ET
Table 'Aeolia' 2-max Seat #1 is the button
Seat 1: RaisemyNut$ ($105.77 in chips)
Seat 2: Looosersulze ($157.03 in chips)
RaisemyNut$: posts small blind $1
Looosersulze: posts big blind $3
*** HOLE CARDS ***
RaisemyNut$: raises $3 to $6
Looosersulze: raises $3 to $9
RaisemyNut$: calls $3
*** FLOP *** [Ad 2h Jh]
Looosersulze: bets $3
RaisemyNut$: calls $3
*** TURN *** [Ad 2h Jh] [Td]
Looosersulze: bets $6
RaisemyNut$: calls $6
*** RIVER *** [Ad 2h Jh Td] [9s]
Looosersulze: bets $6
RaisemyNut$: calls $6
*** SHOW DOWN ***
Looosersulze: shows [Qs Ts] (a pair of Tens)
RaisemyNut$: shows [Jd 6s] (a pair of Jacks)
RaisemyNut$ collected $47.50 from pot
*** SUMMARY ***
Total pot $48 | Rake $0.50
Board [Ad 2h Jh Td 9s]
Seat 1: RaisemyNut$ (button) (small blind) showed [Jd 6s] and won ($47.50) with a pair of Jacks
Seat 2: Looosersulze (big blind) showed [Qs Ts] and lost with a pair of Tens


PokerStars Hand #146938922577:  Hold'em Limit ($3/$6 USD) - 2016/01/12 17:40:51 ET
Table 'Aeolia' 2-max Seat #2 is the button
Seat 1: RaisemyNut$ ($108.77 in chips)
Seat 2: Looosersulze ($154.03 in chips)
Looosersulze: posts small blind $1
RaisemyNut$: posts big blind $3
*** HOLE CARDS ***
Looosersulze: raises $3 to $6
RaisemyNut$: folds
Uncalled bet ($3) returned to Looosersulze
Looosersulze collected $6 from pot
Looosersulze: doesn't show hand
*** SUMMARY ***
Total pot $6 | Rake $0
Seat 1: RaisemyNut$ (big blind) folded before Flop
Seat 2: Looosersulze (button) (small blind) collected ($6)


PokerStars Hand #146939002836:  Hold'em Limit ($3/$6 USD) - 2016/01/12 17:42:14 ET
Table 'Aeolia' 2-max Seat #1 is the button
Seat 1: RaisemyNut$ ($171.27 in chips)
Seat 2: Looosersulze ($90.03 in chips)
RaisemyNut$: posts small blind $1
Looosersulze: posts big blind $3
*** HOLE CARDS ***
RaisemyNut$: raises $3 to $6
Looosersulze: calls $3
*** FLOP *** [4d 2d Qh]
Looosersulze: checks
RaisemyNut$: bets $3
Looosersulze: folds
Uncalled bet ($3) returned to RaisemyNut$
RaisemyNut$ collected $11.76 from pot
RaisemyNut$: doesn't show hand
*** SUMMARY ***
Total pot $12 | Rake $0.24
Board [4d 2d Qh]
Seat 1: RaisemyNut$ (button) (small blind) collected ($11.76)
Seat 2: Looosersulze (big blind) folded on the Flop


PokerStars Hand #146938997514:  Hold'em Limit ($3/$6 USD) - 2016/01/12 17:42:08 ET
Table 'Aeolia' 2-max Seat #2 is the button
Seat 1: RaisemyNut$ ($170.27 in chips)
Seat 2: Looosersulze ($91.03 in chips)
Looosersulze: posts small blind $1
RaisemyNut$: posts big blind $3
*** HOLE CARDS ***
Looosersulze: folds
Uncalled bet ($2) returned to RaisemyNut$
RaisemyNut$ collected $2 from pot
RaisemyNut$: doesn't show hand
*** SUMMARY ***
Total pot $2 | Rake $0
Seat 1: RaisemyNut$ (big blind) collected ($2)
Seat 2: Looosersulze (button) (small blind) folded before Flop


PokerStars Hand #146938966192:  Hold'em Limit ($3/$6 USD) - 2016/01/12 17:41:36 ET
Table 'Aeolia' 2-max Seat #1 is the button
Seat 1: RaisemyNut$ ($143.77 in chips)
Seat 2: Looosersulze ($118.03 in chips)
RaisemyNut$: posts small blind $1
Looosersulze: posts big blind $3
*** HOLE CARDS ***
RaisemyNut$: raises $3 to $6
Looosersulze: calls $3
*** FLOP *** [7c 5s 8s]
Looosersulze: checks
RaisemyNut$: bets $3
Looosersulze: calls $3
*** TURN *** [7c 5s 8s] [9c]
Looosersulze: checks
RaisemyNut$: checks
*** RIVER *** [7c 5s 8s 9c] [Ks]
Looosersulze: checks
RaisemyNut$: bets $6
Looosersulze: raises $6 to $12
RaisemyNut$: raises $6 to $18
Looosersulze: calls $6
*** SHOW DOWN ***
RaisemyNut$: shows [As 4s] (a flush, Ace high)
Looosersulze: mucks hand
RaisemyNut$ collected $53.50 from pot
*** SUMMARY ***
Total pot $54 | Rake $0.50
Board [7c 5s 8s 9c Ks]
Seat 1: RaisemyNut$ (button) (small blind) showed [As 4s] and won ($53.50) with a flush, Ace high
Seat 2: Looosersulze (big blind) mucked


