PokerStars Hand #165489660872:  Hold'em Limit ($3/$6 USD) - 2017/01/31 21:51:15 ET
Table 'Aeolia II' 10-max Seat #7 is the button
Seat 1: razor3334 ($111.51 in chips)
Seat 7: l'anglais74 ($237.46 in chips)
l'anglais74: posts small blind $1
nadnameloc: is sitting out
razor3334: posts big blind $3
*** HOLE CARDS ***
l'anglais74: raises $3 to $6
razor3334: calls $3
*** FLOP *** [Td Ah 9s]
razor3334: checks
l'anglais74: bets $3
razor3334: calls $3
*** TURN *** [Td Ah 9s] [Kd]
razor3334: checks
l'anglais74: bets $6
razor3334: calls $6
*** RIVER *** [Td Ah 9s Kd] [5s]
razor3334: checks
l'anglais74: bets $6
razor3334: calls $6
*** SHOW DOWN ***
l'anglais74: shows [Tc Kc] (two pair, Kings and Tens)
razor3334: mucks hand
l'anglais74 collected $41.50 from pot
*** SUMMARY ***
Total pot $42 | Rake $0.50
Board [Td Ah 9s Kd 5s]
Seat 1: razor3334 (big blind) mucked
Seat 7: l'anglais74 (button) (small blind) showed [Tc Kc] and won ($41.50) with two pair, Kings and Tens


