PokerStars Hand #151856802349:  Hold'em Limit ($3/$6 USD) - 2016/04/13 10:32:02 ET
Table 'Aeolia II' 6-max Seat #1 is the button
Seat 1: Puzanchik 11 ($48.99 in chips)
Seat 2: kolaz03 ($77.76 in chips)
Puzanchik 11: posts small blind $1
kolaz03: posts big blind $3
*** HOLE CARDS ***
Puzanchik 11: folds
Uncalled bet ($2) returned to kolaz03
kolaz03 collected $2 from pot
kolaz03: doesn't show hand
*** SUMMARY ***
Total pot $2 | Rake $0
Seat 1: Puzanchik 11 (button) (small blind) folded before Flop
Seat 2: kolaz03 (big blind) collected ($2)


PokerStars Hand #151856781863:  Hold'em Limit ($3/$6 USD) - 2016/04/13 10:31:29 ET
Table 'Aeolia II' 6-max Seat #2 is the button
Seat 1: Puzanchik 11 ($54.99 in chips)
Seat 2: kolaz03 ($72 in chips)
kolaz03: posts small blind $1
TbIP-TbIP 88 has timed out
TbIP-TbIP 88: is sitting out
Puzanchik 11: posts big blind $3
*** HOLE CARDS ***
kolaz03: raises $3 to $6
belik555 joins the table at seat #3
Puzanchik 11: calls $3
*** FLOP *** [Jc 3h Ad]
Puzanchik 11: checks
kolaz03: bets $3
Puzanchik 11: folds
Uncalled bet ($3) returned to kolaz03
kolaz03 collected $11.76 from pot
kolaz03: doesn't show hand
*** SUMMARY ***
Total pot $12 | Rake $0.24
Board [Jc 3h Ad]
Seat 1: Puzanchik 11 (big blind) folded on the Flop
Seat 2: kolaz03 (button) (small blind) collected ($11.76)


PokerStars Hand #151857761618:  Hold'em Limit ($3/$6 USD) - 2016/04/13 10:57:25 ET
Table 'Aeolia II' 6-max Seat #5 is the button
Seat 2: Tnz204 ($116 in chips)
Seat 5: Hitin&Winin ($140.55 in chips)
HAL9QQQ will be allowed to play after the button
Hitin&Winin: posts small blind $1
Necromadx: is sitting out
Tnz204: posts big blind $3
*** HOLE CARDS ***
Hitin&Winin: raises $3 to $6
Necromadx leaves the table
Tnz204: folds
Uncalled bet ($3) returned to Hitin&Winin
Tnz204 leaves the table
Hitin&Winin collected $6 from pot
Hitin&Winin: doesn't show hand
*** SUMMARY ***
Total pot $6 | Rake $0
Seat 2: Tnz204 (big blind) folded before Flop
Seat 5: Hitin&Winin (button) (small blind) collected ($6)


