PokerStars Hand #146489515829:  Hold'em Limit ($3/$6 USD) - 2016/01/04 23:08:53 ET
Table 'Aeolia' 2-max Seat #2 is the button
Seat 1: LifeisagameX ($60 in chips)
Seat 2: ti-cu7 ($56.06 in chips)
ti-cu7: posts small blind $1
LifeisagameX: posts big blind $3
*** HOLE CARDS ***
ti-cu7: calls $2
LifeisagameX: raises $3 to $6
ti-cu7: calls $3
*** FLOP *** [Th 5h Kh]
LifeisagameX: checks
ti-cu7: bets $3
LifeisagameX: folds
Uncalled bet ($3) returned to ti-cu7
ti-cu7 collected $11.76 from pot
ti-cu7: doesn't show hand
*** SUMMARY ***
Total pot $12 | Rake $0.24
Board [Th 5h Kh]
Seat 1: LifeisagameX (big blind) folded on the Flop
Seat 2: ti-cu7 (button) (small blind) collected ($11.76)


PokerStars Hand #146489526764:  Hold'em Limit ($3/$6 USD) - 2016/01/04 23:09:25 ET
Table 'Aeolia' 2-max Seat #1 is the button
Seat 1: LifeisagameX ($54 in chips)
Seat 2: ti-cu7 ($61.82 in chips)
LifeisagameX: posts small blind $1
ti-cu7: posts big blind $3
*** HOLE CARDS ***
LifeisagameX: folds
Uncalled bet ($2) returned to ti-cu7
ti-cu7 collected $2 from pot
ti-cu7: doesn't show hand
*** SUMMARY ***
Total pot $2 | Rake $0
Seat 1: LifeisagameX (button) (small blind) folded before Flop
Seat 2: ti-cu7 (big blind) collected ($2)


PokerStars Hand #146489533073:  Hold'em Limit ($3/$6 USD) - 2016/01/04 23:09:43 ET
Table 'Aeolia' 2-max Seat #2 is the button
Seat 1: LifeisagameX ($53 in chips)
Seat 2: ti-cu7 ($62.82 in chips)
ti-cu7: posts small blind $1
LifeisagameX: posts big blind $3
*** HOLE CARDS ***
ti-cu7: raises $3 to $6
LifeisagameX: raises $3 to $9
ti-cu7: raises $3 to $12
Betting is capped
LifeisagameX: calls $3
*** FLOP *** [Jd Qd 4h]
LifeisagameX: checks
ti-cu7: bets $3
LifeisagameX: calls $3
*** TURN *** [Jd Qd 4h] [Kd]
LifeisagameX: checks
ti-cu7: bets $6
LifeisagameX: raises $6 to $12
ti-cu7: calls $6
*** RIVER *** [Jd Qd 4h Kd] [Kh]
LifeisagameX: bets $6
ti-cu7: calls $6
*** SHOW DOWN ***
LifeisagameX: shows [Ts 9h] (a straight, Nine to King)
ti-cu7: mucks hand
LifeisagameX collected $65.50 from pot
*** SUMMARY ***
Total pot $66 | Rake $0.50
Board [Jd Qd 4h Kd Kh]
Seat 1: LifeisagameX (big blind) showed [Ts 9h] and won ($65.50) with a straight, Nine to King
Seat 2: ti-cu7 (button) (small blind) mucked


PokerStars Hand #146489556583:  Hold'em Limit ($3/$6 USD) - 2016/01/04 23:10:50 ET
Table 'Aeolia' 2-max Seat #1 is the button
Seat 1: LifeisagameX ($85.50 in chips)
Seat 2: ti-cu7 ($29.82 in chips)
LifeisagameX: posts small blind $1
ti-cu7: posts big blind $3
*** HOLE CARDS ***
LifeisagameX: raises $3 to $6
ti-cu7: calls $3
*** FLOP *** [5c Ad Ac]
ti-cu7: bets $3
LifeisagameX: calls $3
*** TURN *** [5c Ad Ac] [7d]
ti-cu7: bets $6
LifeisagameX: folds
Uncalled bet ($6) returned to ti-cu7
ti-cu7 collected $17.64 from pot
ti-cu7: doesn't show hand
*** SUMMARY ***
Total pot $18 | Rake $0.36
Board [5c Ad Ac 7d]
Seat 1: LifeisagameX (button) (small blind) folded on the Turn
Seat 2: ti-cu7 (big blind) collected ($17.64)


PokerStars Hand #146489570612:  Hold'em Limit ($3/$6 USD) - 2016/01/04 23:11:30 ET
Table 'Aeolia' 2-max Seat #2 is the button
Seat 1: LifeisagameX ($76.50 in chips)
Seat 2: ti-cu7 ($38.46 in chips)
ti-cu7: posts small blind $1
LifeisagameX: posts big blind $3
*** HOLE CARDS ***
ti-cu7: calls $2
LifeisagameX: checks
*** FLOP *** [5d 8d Kd]
LifeisagameX: checks
ti-cu7: bets $3
LifeisagameX: folds
Uncalled bet ($3) returned to ti-cu7
ti-cu7 collected $5.88 from pot
ti-cu7: doesn't show hand
*** SUMMARY ***
Total pot $6 | Rake $0.12
Board [5d 8d Kd]
Seat 1: LifeisagameX (big blind) folded on the Flop
Seat 2: ti-cu7 (button) (small blind) collected ($5.88)


PokerStars Hand #146489579530:  Hold'em Limit ($3/$6 USD) - 2016/01/04 23:11:56 ET
Table 'Aeolia' 2-max Seat #1 is the button
Seat 1: LifeisagameX ($73.50 in chips)
Seat 2: ti-cu7 ($41.34 in chips)
LifeisagameX: posts small blind $1
ti-cu7: posts big blind $3
*** HOLE CARDS ***
LifeisagameX: raises $3 to $6
ti-cu7: calls $3
*** FLOP *** [2s 2c Tc]
ti-cu7: bets $3
LifeisagameX: calls $3
*** TURN *** [2s 2c Tc] [Kh]
ti-cu7: bets $6
LifeisagameX: calls $6
*** RIVER *** [2s 2c Tc Kh] [Qh]
ti-cu7: bets $6
LifeisagameX: calls $6
*** SHOW DOWN ***
ti-cu7: shows [Kc 6d] (two pair, Kings and Deuces)
LifeisagameX: shows [6s Kd] (two pair, Kings and Deuces)
ti-cu7 collected $20.75 from pot
LifeisagameX collected $20.75 from pot
*** SUMMARY ***
Total pot $42 | Rake $0.50
Board [2s 2c Tc Kh Qh]
Seat 1: LifeisagameX (button) (small blind) showed [6s Kd] and won ($20.75) with two pair, Kings and Deuces
Seat 2: ti-cu7 (big blind) showed [Kc 6d] and won ($20.75) with two pair, Kings and Deuces


PokerStars Hand #146489592079:  Hold'em Limit ($3/$6 USD) - 2016/01/04 23:12:32 ET
Table 'Aeolia' 2-max Seat #2 is the button
Seat 1: LifeisagameX ($73.25 in chips)
Seat 2: ti-cu7 ($41.09 in chips)
ti-cu7: posts small blind $1
LifeisagameX: posts big blind $3
*** HOLE CARDS ***
ti-cu7: calls $2
LifeisagameX: checks
*** FLOP *** [Qs 8s Ts]
LifeisagameX: checks
ti-cu7: bets $3
LifeisagameX: folds
Uncalled bet ($3) returned to ti-cu7
ti-cu7 collected $5.88 from pot
ti-cu7: doesn't show hand
*** SUMMARY ***
Total pot $6 | Rake $0.12
Board [Qs 8s Ts]
Seat 1: LifeisagameX (big blind) folded on the Flop
Seat 2: ti-cu7 (button) (small blind) collected ($5.88)


PokerStars Hand #146489597715:  Hold'em Limit ($3/$6 USD) - 2016/01/04 23:12:48 ET
Table 'Aeolia' 2-max Seat #1 is the button
Seat 1: LifeisagameX ($70.25 in chips)
Seat 2: ti-cu7 ($43.97 in chips)
LifeisagameX: posts small blind $1
ti-cu7: posts big blind $3
*** HOLE CARDS ***
LifeisagameX: raises $3 to $6
ti-cu7: calls $3
*** FLOP *** [Kd Ah 3h]
ti-cu7: checks
LifeisagameX: bets $3
ti-cu7: calls $3
*** TURN *** [Kd Ah 3h] [9h]
ti-cu7: checks
LifeisagameX: bets $6
ti-cu7: calls $6
*** RIVER *** [Kd Ah 3h 9h] [6c]
ti-cu7: checks
LifeisagameX: bets $6
ti-cu7: folds
Uncalled bet ($6) returned to LifeisagameX
LifeisagameX collected $29.50 from pot
LifeisagameX: doesn't show hand
*** SUMMARY ***
Total pot $30 | Rake $0.50
Board [Kd Ah 3h 9h 6c]
Seat 1: LifeisagameX (button) (small blind) collected ($29.50)
Seat 2: ti-cu7 (big blind) folded on the River


PokerStars Hand #146489611851:  Hold'em Limit ($3/$6 USD) - 2016/01/04 23:13:29 ET
Table 'Aeolia' 2-max Seat #2 is the button
Seat 1: LifeisagameX ($84.75 in chips)
Seat 2: ti-cu7 ($28.97 in chips)
ti-cu7: posts small blind $1
LifeisagameX: posts big blind $3
*** HOLE CARDS ***
ti-cu7: folds
Uncalled bet ($2) returned to LifeisagameX
LifeisagameX collected $2 from pot
LifeisagameX: doesn't show hand
*** SUMMARY ***
Total pot $2 | Rake $0
Seat 1: LifeisagameX (big blind) collected ($2)
Seat 2: ti-cu7 (button) (small blind) folded before Flop


PokerStars Hand #146489630863:  Hold'em Limit ($3/$6 USD) - 2016/01/04 23:14:24 ET
Table 'Aeolia' 2-max Seat #1 is the button
Seat 1: LifeisagameX ($71.75 in chips)
Seat 2: ti-cu7 ($41.47 in chips)
LifeisagameX: posts small blind $1
ti-cu7: posts big blind $3
*** HOLE CARDS ***
LifeisagameX: raises $3 to $6
ti-cu7: calls $3
*** FLOP *** [2s Tc Ah]
ti-cu7: checks
LifeisagameX: bets $3
ti-cu7: folds
Uncalled bet ($3) returned to LifeisagameX
LifeisagameX collected $11.76 from pot
LifeisagameX: doesn't show hand
*** SUMMARY ***
Total pot $12 | Rake $0.24
Board [2s Tc Ah]
Seat 1: LifeisagameX (button) (small blind) collected ($11.76)
Seat 2: ti-cu7 (big blind) folded on the Flop


PokerStars Hand #146489627962:  Hold'em Limit ($3/$6 USD) - 2016/01/04 23:14:16 ET
Table 'Aeolia' 2-max Seat #2 is the button
Seat 1: LifeisagameX ($70.75 in chips)
Seat 2: ti-cu7 ($42.47 in chips)
ti-cu7: posts small blind $1
LifeisagameX: posts big blind $3
*** HOLE CARDS ***
ti-cu7: folds
Uncalled bet ($2) returned to LifeisagameX
LifeisagameX collected $2 from pot
LifeisagameX: doesn't show hand
*** SUMMARY ***
Total pot $2 | Rake $0
Seat 1: LifeisagameX (big blind) collected ($2)
Seat 2: ti-cu7 (button) (small blind) folded before Flop


PokerStars Hand #146489613984:  Hold'em Limit ($3/$6 USD) - 2016/01/04 23:13:35 ET
Table 'Aeolia' 2-max Seat #1 is the button
Seat 1: LifeisagameX ($85.75 in chips)
Seat 2: ti-cu7 ($27.97 in chips)
LifeisagameX: posts small blind $1
ti-cu7: posts big blind $3
*** HOLE CARDS ***
LifeisagameX: raises $3 to $6
ti-cu7: calls $3
*** FLOP *** [Qs Ah Kh]
ti-cu7: checks
LifeisagameX: bets $3
ti-cu7: calls $3
*** TURN *** [Qs Ah Kh] [Jc]
ti-cu7: checks
LifeisagameX: checks
*** RIVER *** [Qs Ah Kh Jc] [8s]
ti-cu7: checks
LifeisagameX: bets $6
ti-cu7: calls $6
*** SHOW DOWN ***
LifeisagameX: shows [4d 3d] (high card Ace)
ti-cu7: shows [Jd 6c] (a pair of Jacks)
ti-cu7 collected $29.50 from pot
*** SUMMARY ***
Total pot $30 | Rake $0.50
Board [Qs Ah Kh Jc 8s]
Seat 1: LifeisagameX (button) (small blind) showed [4d 3d] and lost with high card Ace
Seat 2: ti-cu7 (big blind) showed [Jd 6c] and won ($29.50) with a pair of Jacks


PokerStars Hand #146489639469:  Hold'em Limit ($3/$6 USD) - 2016/01/04 23:14:50 ET
Table 'Aeolia' 2-max Seat #2 is the button
Seat 1: LifeisagameX ($77.51 in chips)
Seat 2: ti-cu7 ($35.47 in chips)
ti-cu7: posts small blind $1
LifeisagameX: posts big blind $3
*** HOLE CARDS ***
ti-cu7: calls $2
LifeisagameX: checks
*** FLOP *** [9c 3h 4s]
LifeisagameX: checks
ti-cu7: bets $3
LifeisagameX: folds
Uncalled bet ($3) returned to ti-cu7
ti-cu7 collected $5.88 from pot
ti-cu7: doesn't show hand
*** SUMMARY ***
Total pot $6 | Rake $0.12
Board [9c 3h 4s]
Seat 1: LifeisagameX (big blind) folded on the Flop
Seat 2: ti-cu7 (button) (small blind) collected ($5.88)


PokerStars Hand #146489647041:  Hold'em Limit ($3/$6 USD) - 2016/01/04 23:15:11 ET
Table 'Aeolia' 2-max Seat #1 is the button
Seat 1: LifeisagameX ($74.51 in chips)
Seat 2: ti-cu7 ($38.35 in chips)
LifeisagameX: posts small blind $1
ti-cu7: posts big blind $3
*** HOLE CARDS ***
LifeisagameX: raises $3 to $6
ti-cu7: calls $3
*** FLOP *** [7s Ac 5d]
ti-cu7: bets $3
LifeisagameX: calls $3
*** TURN *** [7s Ac 5d] [As]
ti-cu7: bets $6
LifeisagameX: calls $6
*** RIVER *** [7s Ac 5d As] [4d]
ti-cu7: bets $6
LifeisagameX: raises $6 to $12
ti-cu7: calls $6
*** SHOW DOWN ***
LifeisagameX: shows [2c Ad] (three of a kind, Aces)
ti-cu7: mucks hand
LifeisagameX collected $53.50 from pot
*** SUMMARY ***
Total pot $54 | Rake $0.50
Board [7s Ac 5d As 4d]
Seat 1: LifeisagameX (button) (small blind) showed [2c Ad] and won ($53.50) with three of a kind, Aces
Seat 2: ti-cu7 (big blind) mucked


PokerStars Hand #146489662036:  Hold'em Limit ($3/$6 USD) - 2016/01/04 23:15:55 ET
Table 'Aeolia' 2-max Seat #2 is the button
Seat 1: LifeisagameX ($101.01 in chips)
Seat 2: ti-cu7 ($11.35 in chips)
ti-cu7: posts small blind $1
LifeisagameX: posts big blind $3
*** HOLE CARDS ***
ti-cu7: calls $2
LifeisagameX: checks
*** FLOP *** [2s 5h 6d]
LifeisagameX: bets $3
ti-cu7: calls $3
*** TURN *** [2s 5h 6d] [4s]
LifeisagameX: checks
ti-cu7: checks
*** RIVER *** [2s 5h 6d 4s] [9h]
LifeisagameX: checks
ti-cu7: checks
*** SHOW DOWN ***
LifeisagameX: shows [8d 4h] (a pair of Fours)
ti-cu7: mucks hand
LifeisagameX collected $11.76 from pot
*** SUMMARY ***
Total pot $12 | Rake $0.24
Board [2s 5h 6d 4s 9h]
Seat 1: LifeisagameX (big blind) showed [8d 4h] and won ($11.76) with a pair of Fours
Seat 2: ti-cu7 (button) (small blind) mucked


PokerStars Hand #146489675017:  Hold'em Limit ($3/$6 USD) - 2016/01/04 23:16:34 ET
Table 'Aeolia' 2-max Seat #2 is the button
Seat 1: LifeisagameX ($105.77 in chips)
Seat 2: ti-cu7 ($6.35 in chips)
ti-cu7: posts small blind $1
LifeisagameX: posts big blind $3
*** HOLE CARDS ***
ti-cu7: calls $2
LifeisagameX: raises $3 to $6
ti-cu7: raises $0.35 to $6.35 and is all-in
LifeisagameX: calls $0.35
*** FLOP *** [9h 5h 3c]
*** TURN *** [9h 5h 3c] [Kd]
*** RIVER *** [9h 5h 3c Kd] [Ts]
*** SHOW DOWN ***
LifeisagameX: shows [Kh 7d] (a pair of Kings)
ti-cu7: shows [Qc 8d] (high card King)
LifeisagameX collected $12.45 from pot
*** SUMMARY ***
Total pot $12.70 | Rake $0.25
Board [9h 5h 3c Kd Ts]
Seat 1: LifeisagameX (big blind) showed [Kh 7d] and won ($12.45) with a pair of Kings
Seat 2: ti-cu7 (button) (small blind) showed [Qc 8d] and lost with high card King


PokerStars Hand #146489672770:  Hold'em Limit ($3/$6 USD) - 2016/01/04 23:16:27 ET
Table 'Aeolia' 2-max Seat #1 is the button
Seat 1: LifeisagameX ($106.77 in chips)
Seat 2: ti-cu7 ($5.35 in chips)
LifeisagameX: posts small blind $1
ti-cu7: posts big blind $3
*** HOLE CARDS ***
LifeisagameX: folds
Uncalled bet ($2) returned to ti-cu7
ti-cu7 collected $2 from pot
ti-cu7: doesn't show hand
*** SUMMARY ***
Total pot $2 | Rake $0
Seat 1: LifeisagameX (button) (small blind) folded before Flop
Seat 2: ti-cu7 (big blind) collected ($2)


