PokerStars Hand #159512224040:  Hold'em Limit ($3/$6 USD) - 2016/10/05 12:11:48 ET
Table 'Aeolia II' 6-max Seat #2 is the button
Seat 1: HungryJac100 ($76.84 in chips)
Seat 2: kolaz03 ($72 in chips)
kolaz03: posts small blind $1
TinaTurner72: is sitting out
HungryJac100: posts big blind $3
*** HOLE CARDS ***
kolaz03: raises $3 to $6
HungryJac100: calls $3
*** FLOP *** [Td 4s Ts]
HungryJac100: checks
kolaz03: bets $3
HungryJac100: calls $3
*** TURN *** [Td 4s Ts] [Ac]
HungryJac100: checks
kolaz03: bets $6
HungryJac100: raises $6 to $12
kolaz03: calls $6
*** RIVER *** [Td 4s Ts Ac] [Js]
HungryJac100: bets $6
kolaz03: calls $6
*** SHOW DOWN ***
HungryJac100: shows [8s 4h] (two pair, Tens and Fours)
kolaz03: shows [9h Ah] (two pair, Aces and Tens)
kolaz03 collected $53.50 from pot
*** SUMMARY ***
Total pot $54 | Rake $0.50
Board [Td 4s Ts Ac Js]
Seat 1: HungryJac100 (big blind) showed [8s 4h] and lost with two pair, Tens and Fours
Seat 2: kolaz03 (button) (small blind) showed [9h Ah] and won ($53.50) with two pair, Aces and Tens


PokerStars Hand #159512249477:  Hold'em Limit ($3/$6 USD) - 2016/10/05 12:12:25 ET
Table 'Aeolia II' 6-max Seat #1 is the button
Seat 1: HungryJac100 ($49.84 in chips)
Seat 2: kolaz03 ($98.50 in chips)
HungryJac100: posts small blind $1
kolaz03: posts big blind $3
*** HOLE CARDS ***
HungryJac100: raises $3 to $6
kolaz03: calls $3
*** FLOP *** [Qs Kc 6c]
kolaz03: checks
HungryJac100: checks
*** TURN *** [Qs Kc 6c] [3d]
kolaz03: bets $6
HungryJac100: calls $6
*** RIVER *** [Qs Kc 6c 3d] [3c]
kolaz03: bets $6
HungryJac100: calls $6
*** SHOW DOWN ***
kolaz03: shows [Tc Kh] (two pair, Kings and Threes)
HungryJac100: mucks hand
kolaz03 collected $35.50 from pot
*** SUMMARY ***
Total pot $36 | Rake $0.50
Board [Qs Kc 6c 3d 3c]
Seat 1: HungryJac100 (button) (small blind) mucked
Seat 2: kolaz03 (big blind) showed [Tc Kh] and won ($35.50) with two pair, Kings and Threes


PokerStars Hand #159512283413:  Hold'em Limit ($3/$6 USD) - 2016/10/05 12:13:14 ET
Table 'Aeolia II' 6-max Seat #1 is the button
Seat 1: HungryJac100 ($32.84 in chips)
Seat 2: kolaz03 ($115 in chips)
HungryJac100: posts small blind $1
kolaz03: posts big blind $3
*** HOLE CARDS ***
HungryJac100: calls $2
IveGoneNuts joins the table at seat #3
kolaz03: checks
*** FLOP *** [5s Ac 2c]
kolaz03: bets $3
HungryJac100: folds
Uncalled bet ($3) returned to kolaz03
kolaz03 collected $5.88 from pot
kolaz03: doesn't show hand
*** SUMMARY ***
Total pot $6 | Rake $0.12
Board [5s Ac 2c]
Seat 1: HungryJac100 (button) (small blind) folded on the Flop
Seat 2: kolaz03 (big blind) collected ($5.88)


PokerStars Hand #159512279453:  Hold'em Limit ($3/$6 USD) - 2016/10/05 12:13:08 ET
Table 'Aeolia II' 6-max Seat #2 is the button
Seat 1: HungryJac100 ($31.84 in chips)
Seat 2: kolaz03 ($116 in chips)
kolaz03: posts small blind $1
HungryJac100: posts big blind $3
*** HOLE CARDS ***
kolaz03: folds
Uncalled bet ($2) returned to HungryJac100
HungryJac100 collected $2 from pot
HungryJac100: doesn't show hand
*** SUMMARY ***
Total pot $2 | Rake $0
Seat 1: HungryJac100 (big blind) collected ($2)
Seat 2: kolaz03 (button) (small blind) folded before Flop


PokerStars Hand #159512336658:  Hold'em Limit ($3/$6 USD) - 2016/10/05 12:14:31 ET
Table 'Aeolia II' 6-max Seat #2 is the button
Seat 2: kolaz03 ($133.72 in chips)
Seat 3: IveGoneNuts ($110.37 in chips)
ABATAPP will be allowed to play after the button
kolaz03: posts small blind $1
IveGoneNuts: posts big blind $3
*** HOLE CARDS ***
kolaz03: folds
Uncalled bet ($2) returned to IveGoneNuts
IveGoneNuts collected $2 from pot
IveGoneNuts: doesn't show hand
*** SUMMARY ***
Total pot $2 | Rake $0
Seat 2: kolaz03 (button) (small blind) folded before Flop
Seat 3: IveGoneNuts (big blind) collected ($2)


PokerStars Hand #159512355092:  Hold'em Limit ($3/$6 USD) - 2016/10/05 12:14:58 ET
Table 'Aeolia II' 6-max Seat #4 is the button
Seat 3: IveGoneNuts ($119.83 in chips)
Seat 4: ABATAPP ($111 in chips)
ABATAPP: posts small blind $1
IveGoneNuts: posts big blind $3
*** HOLE CARDS ***
ABATAPP: raises $3 to $6
IveGoneNuts: calls $3
*** FLOP *** [Ac Tc 3d]
IveGoneNuts: checks
ABATAPP: bets $3
IveGoneNuts: calls $3
*** TURN *** [Ac Tc 3d] [3c]
IveGoneNuts: checks
ABATAPP: checks
*** RIVER *** [Ac Tc 3d 3c] [Qc]
IveGoneNuts: checks
ABATAPP: bets $6
IveGoneNuts: calls $6
*** SHOW DOWN ***
ABATAPP: shows [8c 9s] (a flush, Ace high)
IveGoneNuts: mucks hand
ABATAPP collected $29.50 from pot
*** SUMMARY ***
Total pot $30 | Rake $0.50
Board [Ac Tc 3d 3c Qc]
Seat 3: IveGoneNuts (big blind) mucked
Seat 4: ABATAPP (button) (small blind) showed [8c 9s] and won ($29.50) with a flush, Ace high


PokerStars Hand #159512382079:  Hold'em Limit ($3/$6 USD) - 2016/10/05 12:15:36 ET
Table 'Aeolia II' 6-max Seat #3 is the button
Seat 3: IveGoneNuts ($104.83 in chips)
Seat 4: ABATAPP ($125.50 in chips)
IveGoneNuts: posts small blind $1
ABATAPP: posts big blind $3
*** HOLE CARDS ***
IveGoneNuts: raises $3 to $6
ABATAPP: calls $3
*** FLOP *** [5c 9d 9s]
ABATAPP: checks
IveGoneNuts: bets $3
ABATAPP: folds
Uncalled bet ($3) returned to IveGoneNuts
IveGoneNuts collected $11.76 from pot
IveGoneNuts: doesn't show hand
*** SUMMARY ***
Total pot $12 | Rake $0.24
Board [5c 9d 9s]
Seat 3: IveGoneNuts (button) (small blind) collected ($11.76)
Seat 4: ABATAPP (big blind) folded on the Flop


PokerStars Hand #159512582229:  Hold'em Limit ($3/$6 USD) - 2016/10/05 12:20:22 ET
Table 'Aeolia II' 6-max Seat #5 is the button
Seat 4: ABATAPP ($120.31 in chips)
Seat 5: sugarmama888 ($113.46 in chips)
sugarmama888: posts small blind $1
TinaTurner72: is sitting out
ABATAPP: posts big blind $3
*** HOLE CARDS ***
sugarmama888: raises $3 to $6
ABATAPP: calls $3
*** FLOP *** [4c Qh 9c]
ABATAPP: checks
sugarmama888: bets $3
ABATAPP: folds
Uncalled bet ($3) returned to sugarmama888
sugarmama888 collected $11.76 from pot
sugarmama888: doesn't show hand
*** SUMMARY ***
Total pot $12 | Rake $0.24
Board [4c Qh 9c]
Seat 4: ABATAPP (big blind) folded on the Flop
Seat 5: sugarmama888 (button) (small blind) collected ($11.76)


PokerStars Hand #159512594600:  Hold'em Limit ($3/$6 USD) - 2016/10/05 12:20:39 ET
Table 'Aeolia II' 6-max Seat #4 is the button
Seat 4: ABATAPP ($114.31 in chips)
Seat 5: sugarmama888 ($119.22 in chips)
ABATAPP: posts small blind $1
sugarmama888: posts big blind $3
*** HOLE CARDS ***
ABATAPP: raises $3 to $6
sugarmama888: calls $3
*** FLOP *** [6c 7c 5h]
sugarmama888: checks
ABATAPP: bets $3
sugarmama888: raises $3 to $6
ABATAPP: calls $3
*** TURN *** [6c 7c 5h] [4c]
sugarmama888: bets $6
ABATAPP: folds
Uncalled bet ($6) returned to sugarmama888
sugarmama888 collected $23.52 from pot
sugarmama888: doesn't show hand
*** SUMMARY ***
Total pot $24 | Rake $0.48
Board [6c 7c 5h 4c]
Seat 4: ABATAPP (button) (small blind) folded on the Turn
Seat 5: sugarmama888 (big blind) collected ($23.52)


PokerStars Hand #159512618500:  Hold'em Limit ($3/$6 USD) - 2016/10/05 12:21:13 ET
Table 'Aeolia II' 6-max Seat #4 is the button
Seat 4: ABATAPP ($99.31 in chips)
Seat 5: sugarmama888 ($133.74 in chips)
ABATAPP: posts small blind $1
sugarmama888: posts big blind $3
*** HOLE CARDS ***
ABATAPP: folds
Uncalled bet ($2) returned to sugarmama888
sugarmama888 collected $2 from pot
sugarmama888: doesn't show hand
*** SUMMARY ***
Total pot $2 | Rake $0
Seat 4: ABATAPP (button) (small blind) folded before Flop
Seat 5: sugarmama888 (big blind) collected ($2)


PokerStars Hand #159512613580:  Hold'em Limit ($3/$6 USD) - 2016/10/05 12:21:06 ET
Table 'Aeolia II' 6-max Seat #5 is the button
Seat 4: ABATAPP ($102.31 in chips)
Seat 5: sugarmama888 ($130.74 in chips)
sugarmama888: posts small blind $1
ABATAPP: posts big blind $3
*** HOLE CARDS ***
sugarmama888: raises $3 to $6
ABATAPP: folds
Uncalled bet ($3) returned to sugarmama888
sugarmama888 collected $6 from pot
sugarmama888: doesn't show hand
*** SUMMARY ***
Total pot $6 | Rake $0
Seat 4: ABATAPP (big blind) folded before Flop
Seat 5: sugarmama888 (button) (small blind) collected ($6)


PokerStars Hand #159512640945:  Hold'em Limit ($3/$6 USD) - 2016/10/05 12:21:45 ET
Table 'Aeolia II' 6-max Seat #4 is the button
Seat 4: ABATAPP ($109.83 in chips)
Seat 5: sugarmama888 ($122.74 in chips)
ABATAPP: posts small blind $1
sugarmama888: posts big blind $3
*** HOLE CARDS ***
ABATAPP: folds
Uncalled bet ($2) returned to sugarmama888
sugarmama888 collected $2 from pot
sugarmama888: doesn't show hand
*** SUMMARY ***
Total pot $2 | Rake $0
Seat 4: ABATAPP (button) (small blind) folded before Flop
Seat 5: sugarmama888 (big blind) collected ($2)


PokerStars Hand #159512622453:  Hold'em Limit ($3/$6 USD) - 2016/10/05 12:21:19 ET
Table 'Aeolia II' 6-max Seat #5 is the button
Seat 4: ABATAPP ($98.31 in chips)
Seat 5: sugarmama888 ($134.74 in chips)
sugarmama888: posts small blind $1
ABATAPP: posts big blind $3
*** HOLE CARDS ***
dirk 0001 joins the table at seat #3
sugarmama888: raises $3 to $6
ABATAPP: calls $3
*** FLOP *** [5s Js Jh]
ABATAPP: checks
sugarmama888: checks
*** TURN *** [5s Js Jh] [Ks]
ABATAPP: bets $6
sugarmama888: calls $6
*** RIVER *** [5s Js Jh Ks] [4h]
ABATAPP: bets $6
sugarmama888: folds
Uncalled bet ($6) returned to ABATAPP
ABATAPP collected $23.52 from pot
ABATAPP: doesn't show hand
*** SUMMARY ***
Total pot $24 | Rake $0.48
Board [5s Js Jh Ks 4h]
Seat 4: ABATAPP (big blind) collected ($23.52)
Seat 5: sugarmama888 (button) (small blind) folded on the River


PokerStars Hand #159512772542:  Hold'em Limit ($3/$6 USD) - 2016/10/05 12:24:50 ET
Table 'Aeolia II' 6-max Seat #5 is the button
Seat 4: ABATAPP ($221.86 in chips)
Seat 5: sugarmama888 ($104.94 in chips)
sugarmama888: posts small blind $1
TinaTurner72: is sitting out
ABATAPP: posts big blind $3
*** HOLE CARDS ***
sugarmama888: folds
Uncalled bet ($2) returned to ABATAPP
ABATAPP collected $2 from pot
*** SUMMARY ***
Total pot $2 | Rake $0
Seat 4: ABATAPP (big blind) collected ($2)
Seat 5: sugarmama888 (button) (small blind) folded before Flop


PokerStars Hand #159512776973:  Hold'em Limit ($3/$6 USD) - 2016/10/05 12:24:57 ET
Table 'Aeolia II' 6-max Seat #4 is the button
Seat 4: ABATAPP ($222.86 in chips)
Seat 5: sugarmama888 ($103.94 in chips)
ABATAPP: posts small blind $1
sugarmama888: posts big blind $3
*** HOLE CARDS ***
ABATAPP has timed out
ABATAPP: folds
Uncalled bet ($2) returned to sugarmama888
sugarmama888 collected $2 from pot
sugarmama888: doesn't show hand
*** SUMMARY ***
Total pot $2 | Rake $0
Seat 4: ABATAPP (button) (small blind) folded before Flop
Seat 5: sugarmama888 (big blind) collected ($2)


