PokerStars Hand #171707636233:  Hold'em Limit ($3/$6 USD) - 2017/06/12 23:26:57 ET
Table 'Aeolia' 6-max Seat #3 is the button
Seat 1: LifeisagameX ($92.64 in chips)
Seat 3: Zabmenas ($63 in chips)
Zabmenas: posts small blind $1
LifeisagameX: posts big blind $3
*** HOLE CARDS ***
Zabmenas: folds
Uncalled bet ($2) returned to LifeisagameX
LifeisagameX collected $2 from pot
LifeisagameX: doesn't show hand
*** SUMMARY ***
Total pot $2 | Rake $0
Seat 1: LifeisagameX (big blind) collected ($2)
Seat 3: Zabmenas (button) (small blind) folded before Flop


PokerStars Hand #171707618432:  Hold'em Limit ($3/$6 USD) - 2017/06/12 23:25:53 ET
Table 'Aeolia' 6-max Seat #1 is the button
Seat 1: LifeisagameX ($84 in chips)
Seat 3: Zabmenas ($72 in chips)
LifeisagameX: posts small blind $1
Zabmenas: posts big blind $3
*** HOLE CARDS ***
LifeisagameX: raises $3 to $6
Zabmenas: calls $3
*** FLOP *** [5s 2s Kc]
Zabmenas: checks
LifeisagameX: bets $3
Zabmenas: calls $3
*** TURN *** [5s 2s Kc] [Qh]
Zabmenas: checks
LifeisagameX: bets $6
Zabmenas: folds
Uncalled bet ($6) returned to LifeisagameX
LifeisagameX collected $17.64 from pot
LifeisagameX: doesn't show hand
*** SUMMARY ***
Total pot $18 | Rake $0.36
Board [5s 2s Kc Qh]
Seat 1: LifeisagameX (button) (small blind) collected ($17.64)
Seat 3: Zabmenas (big blind) folded on the Turn


PokerStars Hand #171707653230:  Hold'em Limit ($3/$6 USD) - 2017/06/12 23:27:58 ET
Table 'Aeolia' 6-max Seat #3 is the button
Seat 1: LifeisagameX ($111.14 in chips)
Seat 3: Zabmenas ($44 in chips)
Zabmenas: posts small blind $1
LifeisagameX: posts big blind $3
*** HOLE CARDS ***
Zabmenas: folds
Uncalled bet ($2) returned to LifeisagameX
LifeisagameX collected $2 from pot
LifeisagameX: doesn't show hand
*** SUMMARY ***
Total pot $2 | Rake $0
Seat 1: LifeisagameX (big blind) collected ($2)
Seat 3: Zabmenas (button) (small blind) folded before Flop


PokerStars Hand #171707638263:  Hold'em Limit ($3/$6 USD) - 2017/06/12 23:27:04 ET
Table 'Aeolia' 6-max Seat #1 is the button
Seat 1: LifeisagameX ($93.64 in chips)
Seat 3: Zabmenas ($62 in chips)
LifeisagameX: posts small blind $1
Zabmenas: posts big blind $3
*** HOLE CARDS ***
LifeisagameX: raises $3 to $6
Zabmenas: calls $3
*** FLOP *** [Ks Ad 8s]
Zabmenas: checks
LifeisagameX: checks
*** TURN *** [Ks Ad 8s] [2h]
Zabmenas: checks
LifeisagameX: bets $6
Zabmenas: calls $6
*** RIVER *** [Ks Ad 8s 2h] [As]
Zabmenas: checks
LifeisagameX: bets $6
Zabmenas: calls $6
*** SHOW DOWN ***
LifeisagameX: shows [4h Kd] (two pair, Aces and Kings)
Zabmenas: mucks hand
LifeisagameX collected $35.50 from pot
*** SUMMARY ***
Total pot $36 | Rake $0.50
Board [Ks Ad 8s 2h As]
Seat 1: LifeisagameX (button) (small blind) showed [4h Kd] and won ($35.50) with two pair, Aces and Kings
Seat 3: Zabmenas (big blind) mucked


PokerStars Hand #171707655014:  Hold'em Limit ($3/$6 USD) - 2017/06/12 23:28:05 ET
Table 'Aeolia' 6-max Seat #1 is the button
Seat 1: LifeisagameX ($112.14 in chips)
Seat 3: Zabmenas ($43 in chips)
LifeisagameX: posts small blind $1
Zabmenas: posts big blind $3
*** HOLE CARDS ***
LifeisagameX: raises $3 to $6
Zabmenas: calls $3
*** FLOP *** [2d 4s Qc]
Zabmenas: checks
LifeisagameX: bets $3
Zabmenas: calls $3
*** TURN *** [2d 4s Qc] [9h]
Zabmenas: checks
LifeisagameX: bets $6
Zabmenas: folds
Uncalled bet ($6) returned to LifeisagameX
LifeisagameX collected $17.64 from pot
*** SUMMARY ***
Total pot $18 | Rake $0.36
Board [2d 4s Qc 9h]
Seat 1: LifeisagameX (button) (small blind) collected ($17.64)
Seat 3: Zabmenas (big blind) folded on the Turn


PokerStars Hand #171707663377:  Hold'em Limit ($3/$6 USD) - 2017/06/12 23:28:35 ET
Table 'Aeolia' 6-max Seat #1 is the button
Seat 1: LifeisagameX ($121.78 in chips)
Seat 3: Zabmenas ($33 in chips)
LifeisagameX: posts small blind $1
Zabmenas: posts big blind $3
*** HOLE CARDS ***
LifeisagameX: raises $3 to $6
Zabmenas: calls $3
*** FLOP *** [9h 4h 5d]
Zabmenas: checks
LifeisagameX: checks
*** TURN *** [9h 4h 5d] [2s]
Zabmenas: checks
LifeisagameX: checks
*** RIVER *** [9h 4h 5d 2s] [Ts]
Zabmenas: bets $6
LifeisagameX: calls $6
*** SHOW DOWN ***
Zabmenas: shows [Kh 4s] (a pair of Fours)
LifeisagameX: mucks hand
Zabmenas collected $23.52 from pot
*** SUMMARY ***
Total pot $24 | Rake $0.48
Board [9h 4h 5d 2s Ts]
Seat 1: LifeisagameX (button) (small blind) mucked
Seat 3: Zabmenas (big blind) showed [Kh 4s] and won ($23.52) with a pair of Fours


PokerStars Hand #171707661718:  Hold'em Limit ($3/$6 USD) - 2017/06/12 23:28:29 ET
Table 'Aeolia' 6-max Seat #3 is the button
Seat 1: LifeisagameX ($120.78 in chips)
Seat 3: Zabmenas ($34 in chips)
Zabmenas: posts small blind $1
LifeisagameX: posts big blind $3
*** HOLE CARDS ***
Zabmenas: folds
Uncalled bet ($2) returned to LifeisagameX
LifeisagameX collected $2 from pot
LifeisagameX: doesn't show hand
*** SUMMARY ***
Total pot $2 | Rake $0
Seat 1: LifeisagameX (big blind) collected ($2)
Seat 3: Zabmenas (button) (small blind) folded before Flop


PokerStars Hand #171707673090:  Hold'em Limit ($3/$6 USD) - 2017/06/12 23:29:10 ET
Table 'Aeolia' 6-max Seat #3 is the button
Seat 1: LifeisagameX ($109.78 in chips)
Seat 3: Zabmenas ($44.52 in chips)
Zabmenas: posts small blind $1
LifeisagameX: posts big blind $3
*** HOLE CARDS ***
Zabmenas: folds
Uncalled bet ($2) returned to LifeisagameX
LifeisagameX collected $2 from pot
LifeisagameX: doesn't show hand
*** SUMMARY ***
Total pot $2 | Rake $0
Seat 1: LifeisagameX (big blind) collected ($2)
Seat 3: Zabmenas (button) (small blind) folded before Flop


PokerStars Hand #171707674813:  Hold'em Limit ($3/$6 USD) - 2017/06/12 23:29:17 ET
Table 'Aeolia' 6-max Seat #1 is the button
Seat 1: LifeisagameX ($110.78 in chips)
Seat 3: Zabmenas ($43.52 in chips)
LifeisagameX: posts small blind $1
Zabmenas: posts big blind $3
*** HOLE CARDS ***
LifeisagameX: raises $3 to $6
Zabmenas: calls $3
*** FLOP *** [Jd Jc Qd]
Zabmenas: checks
LifeisagameX: checks
*** TURN *** [Jd Jc Qd] [4d]
Zabmenas: checks
LifeisagameX: bets $6
Zabmenas: raises $6 to $12
LifeisagameX: calls $6
*** RIVER *** [Jd Jc Qd 4d] [7h]
Zabmenas: bets $6
LifeisagameX: calls $6
*** SHOW DOWN ***
Zabmenas: shows [Jh 9d] (three of a kind, Jacks)
LifeisagameX: mucks hand
Zabmenas collected $47.50 from pot
*** SUMMARY ***
Total pot $48 | Rake $0.50
Board [Jd Jc Qd 4d 7h]
Seat 1: LifeisagameX (button) (small blind) mucked
Seat 3: Zabmenas (big blind) showed [Jh 9d] and won ($47.50) with three of a kind, Jacks


PokerStars Hand #171707684792:  Hold'em Limit ($3/$6 USD) - 2017/06/12 23:29:53 ET
Table 'Aeolia' 6-max Seat #3 is the button
Seat 1: LifeisagameX ($86.78 in chips)
Seat 3: Zabmenas ($67.02 in chips)
Zabmenas: posts small blind $1
LifeisagameX: posts big blind $3
*** HOLE CARDS ***
Zabmenas: raises $3 to $6
LifeisagameX: raises $3 to $9
Zabmenas: calls $3
*** FLOP *** [5s 7h 8c]
LifeisagameX: bets $3
Zabmenas: calls $3
*** TURN *** [5s 7h 8c] [Qc]
LifeisagameX: checks
Zabmenas: bets $6
LifeisagameX: calls $6
*** RIVER *** [5s 7h 8c Qc] [Ad]
LifeisagameX: checks
Zabmenas: bets $6
Snuffymo joins the table at seat #4
LifeisagameX: folds
Uncalled bet ($6) returned to Zabmenas
Zabmenas collected $35.50 from pot
Zabmenas: doesn't show hand
*** SUMMARY ***
Total pot $36 | Rake $0.50
Board [5s 7h 8c Qc Ad]
Seat 1: LifeisagameX (big blind) folded on the River
Seat 3: Zabmenas (button) (small blind) collected ($35.50)


PokerStars Hand #171707749560:  Hold'em Limit ($3/$6 USD) - 2017/06/12 23:33:51 ET
Table 'Aeolia' 6-max Seat #4 is the button
Seat 3: Zabmenas ($34.52 in chips)
Seat 4: Snuffymo ($121.50 in chips)
Snuffymo: posts small blind $1
Zabmenas: posts big blind $3
*** HOLE CARDS ***
Snuffymo: folds
Uncalled bet ($2) returned to Zabmenas
Zabmenas collected $2 from pot
Zabmenas: doesn't show hand
*** SUMMARY ***
Total pot $2 | Rake $0
Seat 3: Zabmenas (big blind) collected ($2)
Seat 4: Snuffymo (button) (small blind) folded before Flop


PokerStars Hand #171707742005:  Hold'em Limit ($3/$6 USD) - 2017/06/12 23:33:23 ET
Table 'Aeolia' 6-max Seat #3 is the button
Seat 3: Zabmenas ($61.52 in chips)
Seat 4: Snuffymo ($95 in chips)
Zabmenas: posts small blind $1
Snuffymo: posts big blind $3
*** HOLE CARDS ***
LifeisagameX leaves the table
Zabmenas: raises $3 to $6
Snuffymo: calls $3
*** FLOP *** [Qs 7h Ac]
Snuffymo: checks
Zabmenas: bets $3
Snuffymo: calls $3
*** TURN *** [Qs 7h Ac] [8h]
Snuffymo: checks
Zabmenas: bets $6
Snuffymo: raises $6 to $12
Zabmenas: calls $6
*** RIVER *** [Qs 7h Ac 8h] [Jh]
Snuffymo: bets $6
Zabmenas: calls $6
*** SHOW DOWN ***
Snuffymo: shows [As 4s] (a pair of Aces)
Zabmenas: mucks hand
Snuffymo collected $53.50 from pot
*** SUMMARY ***
Total pot $54 | Rake $0.50
Board [Qs 7h Ac 8h Jh]
Seat 3: Zabmenas (button) (small blind) mucked
Seat 4: Snuffymo (big blind) showed [As 4s] and won ($53.50) with a pair of Aces


PokerStars Hand #171707751087:  Hold'em Limit ($3/$6 USD) - 2017/06/12 23:33:57 ET
Table 'Aeolia' 6-max Seat #3 is the button
Seat 3: Zabmenas ($35.52 in chips)
Seat 4: Snuffymo ($120.50 in chips)
Zabmenas: posts small blind $1
Snuffymo: posts big blind $3
*** HOLE CARDS ***
Zabmenas: raises $3 to $6
Snuffymo: calls $3
*** FLOP *** [4s Td 5h]
Snuffymo: checks
Zabmenas: bets $3
Snuffymo: raises $3 to $6
Zabmenas: calls $3
*** TURN *** [4s Td 5h] [Jd]
Snuffymo: bets $6
Zabmenas: folds
Uncalled bet ($6) returned to Snuffymo
Snuffymo collected $23.52 from pot
*** SUMMARY ***
Total pot $24 | Rake $0.48
Board [4s Td 5h Jd]
Seat 3: Zabmenas (button) (small blind) folded on the Turn
Seat 4: Snuffymo (big blind) collected ($23.52)


PokerStars Hand #171707756025:  Hold'em Limit ($3/$6 USD) - 2017/06/12 23:34:15 ET
Table 'Aeolia' 6-max Seat #4 is the button
Seat 3: Zabmenas ($23.52 in chips)
Seat 4: Snuffymo ($132.02 in chips)
Snuffymo: posts small blind $1
Zabmenas: posts big blind $3
*** HOLE CARDS ***
Snuffymo: raises $3 to $6
Zabmenas: raises $3 to $9
Snuffymo: calls $3
*** FLOP *** [Kc 8h 2c]
Zabmenas: bets $3
Snuffymo: calls $3
*** TURN *** [Kc 8h 2c] [9h]
Zabmenas: bets $6
Snuffymo: raises $6 to $12
Zabmenas: calls $5.52 and is all-in
Uncalled bet ($0.48) returned to Snuffymo
*** RIVER *** [Kc 8h 2c 9h] [Ah]
*** SHOW DOWN ***
Zabmenas: shows [As 5c] (a pair of Aces)
Snuffymo: shows [Js Ks] (a pair of Kings)
Zabmenas collected $46.54 from pot
*** SUMMARY ***
Total pot $47.04 | Rake $0.50
Board [Kc 8h 2c 9h Ah]
Seat 3: Zabmenas (big blind) showed [As 5c] and won ($46.54) with a pair of Aces
Seat 4: Snuffymo (button) (small blind) showed [Js Ks] and lost with a pair of Kings


PokerStars Hand #171707769264:  Hold'em Limit ($3/$6 USD) - 2017/06/12 23:35:05 ET
Table 'Aeolia' 6-max Seat #4 is the button
Seat 3: Zabmenas ($19.54 in chips)
Seat 4: Snuffymo ($135 in chips)
Snuffymo: posts small blind $1
Zabmenas: posts big blind $3
*** HOLE CARDS ***
Snuffymo: raises $3 to $6
Zabmenas: calls $3
*** FLOP *** [5h 4d As]
Zabmenas: checks
Snuffymo: bets $3
Zabmenas: folds
Uncalled bet ($3) returned to Snuffymo
Snuffymo collected $11.76 from pot
*** SUMMARY ***
Total pot $12 | Rake $0.24
Board [5h 4d As]
Seat 3: Zabmenas (big blind) folded on the Flop
Seat 4: Snuffymo (button) (small blind) collected ($11.76)


PokerStars Hand #171707762556:  Hold'em Limit ($3/$6 USD) - 2017/06/12 23:34:39 ET
Table 'Aeolia' 6-max Seat #3 is the button
Seat 3: Zabmenas ($46.54 in chips)
Seat 4: Snuffymo ($108.50 in chips)
Zabmenas: posts small blind $1
Snuffymo: posts big blind $3
*** HOLE CARDS ***
Zabmenas: raises $3 to $6
Snuffymo: calls $3
*** FLOP *** [4s 4c 7s]
Snuffymo: checks
Zabmenas: bets $3
Snuffymo: calls $3
*** TURN *** [4s 4c 7s] [6s]
Snuffymo: checks
Zabmenas: bets $6
Snuffymo: raises $6 to $12
Zabmenas: calls $6
*** RIVER *** [4s 4c 7s 6s] [Qs]
Snuffymo: bets $6
Zabmenas: calls $6
*** SHOW DOWN ***
Snuffymo: shows [Ks 8h] (a flush, King high)
Zabmenas: mucks hand
Snuffymo collected $53.50 from pot
*** SUMMARY ***
Total pot $54 | Rake $0.50
Board [4s 4c 7s 6s Qs]
Seat 3: Zabmenas (button) (small blind) mucked
Seat 4: Snuffymo (big blind) showed [Ks 8h] and won ($53.50) with a flush, King high


