PokerStars Hand #145512228683:  Hold'em Limit ($3/$6 USD) - 2015/12/17 21:03:57 ET
Table 'Aeria II' 6-max Seat #5 is the button
Seat 4: AzureCaper ($89.25 in chips)
Seat 5: teddyroxpin ($102.75 in chips)
teddyroxpin: posts small blind $1
AzureCaper: posts big blind $3
*** HOLE CARDS ***
teddyroxpin: raises $3 to $6
AzureCaper: calls $3
*** FLOP *** [9c 4d Kc]
AzureCaper: checks
teddyroxpin: bets $3
AzureCaper: folds
Uncalled bet ($3) returned to teddyroxpin
teddyroxpin collected $11.76 from pot
*** SUMMARY ***
Total pot $12 | Rake $0.24
Board [9c 4d Kc]
Seat 4: AzureCaper (big blind) folded on the Flop
Seat 5: teddyroxpin (button) (small blind) collected ($11.76)


PokerStars Hand #145512226334:  Hold'em Limit ($3/$6 USD) - 2015/12/17 21:03:52 ET
Table 'Aeria II' 6-max Seat #4 is the button
Seat 4: AzureCaper ($90.25 in chips)
Seat 5: teddyroxpin ($101.75 in chips)
AzureCaper: posts small blind $1
teddyroxpin: posts big blind $3
*** HOLE CARDS ***
AzureCaper: folds
Uncalled bet ($2) returned to teddyroxpin
teddyroxpin collected $2 from pot
*** SUMMARY ***
Total pot $2 | Rake $0
Seat 4: AzureCaper (button) (small blind) folded before Flop
Seat 5: teddyroxpin (big blind) collected ($2)


PokerStars Hand #145512218034:  Hold'em Limit ($3/$6 USD) - 2015/12/17 21:03:35 ET
Table 'Aeria II' 6-max Seat #5 is the button
Seat 4: AzureCaper ($90.50 in chips)
Seat 5: teddyroxpin ($102 in chips)
teddyroxpin: posts small blind $1
AzureCaper: posts big blind $3
*** HOLE CARDS ***
teddyroxpin: raises $3 to $6
AzureCaper: calls $3
*** FLOP *** [5c 7h 6d]
AzureCaper: checks
teddyroxpin: bets $3
AzureCaper: calls $3
*** TURN *** [5c 7h 6d] [4h]
AzureCaper: checks
teddyroxpin: bets $6
AzureCaper: calls $6
*** RIVER *** [5c 7h 6d 4h] [8h]
AzureCaper: checks
teddyroxpin: checks
*** SHOW DOWN ***
AzureCaper: shows [6c Jc] (a straight, Four to Eight)
teddyroxpin: shows [3d Th] (a straight, Four to Eight)
AzureCaper collected $14.75 from pot
teddyroxpin collected $14.75 from pot
*** SUMMARY ***
Total pot $30 | Rake $0.50
Board [5c 7h 6d 4h 8h]
Seat 4: AzureCaper (big blind) showed [6c Jc] and won ($14.75) with a straight, Four to Eight
Seat 5: teddyroxpin (button) (small blind) showed [3d Th] and won ($14.75) with a straight, Four to Eight


PokerStars Hand #145512209536:  Hold'em Limit ($3/$6 USD) - 2015/12/17 21:03:17 ET
Table 'Aeria II' 6-max Seat #4 is the button
Seat 4: AzureCaper ($73 in chips)
Seat 5: teddyroxpin ($120 in chips)
AzureCaper: posts small blind $1
teddyroxpin: posts big blind $3
*** HOLE CARDS ***
AzureCaper: raises $3 to $6
teddyroxpin: raises $3 to $9
AzureCaper: calls $3
*** FLOP *** [5d 8s Qs]
teddyroxpin: bets $3
AzureCaper: calls $3
*** TURN *** [5d 8s Qs] [Ts]
teddyroxpin: bets $6
AzureCaper: calls $6
*** RIVER *** [5d 8s Qs Ts] [6h]
teddyroxpin: checks
AzureCaper: checks
*** SHOW DOWN ***
teddyroxpin: shows [4d Ac] (high card Ace)
AzureCaper: shows [Kc 8h] (a pair of Eights)
AzureCaper collected $35.50 from pot
*** SUMMARY ***
Total pot $36 | Rake $0.50
Board [5d 8s Qs Ts 6h]
Seat 4: AzureCaper (button) (small blind) showed [Kc 8h] and won ($35.50) with a pair of Eights
Seat 5: teddyroxpin (big blind) showed [4d Ac] and lost with high card Ace


PokerStars Hand #145512261142:  Hold'em Limit ($3/$6 USD) - 2015/12/17 21:05:05 ET
Table 'Aeria II' 6-max Seat #4 is the button
Seat 4: AzureCaper ($72 in chips)
Seat 5: teddyroxpin ($140.51 in chips)
AzureCaper: posts small blind $1
teddyroxpin: posts big blind $3
*** HOLE CARDS ***
AzureCaper: folds
Uncalled bet ($2) returned to teddyroxpin
teddyroxpin collected $2 from pot
*** SUMMARY ***
Total pot $2 | Rake $0
Seat 4: AzureCaper (button) (small blind) folded before Flop
Seat 5: teddyroxpin (big blind) collected ($2)


PokerStars Hand #145512252037:  Hold'em Limit ($3/$6 USD) - 2015/12/17 21:04:46 ET
Table 'Aeria II' 6-max Seat #5 is the button
Seat 4: AzureCaper ($72 in chips)
Seat 5: teddyroxpin ($126.01 in chips)
teddyroxpin: posts small blind $1
AzureCaper: posts big blind $3
*** HOLE CARDS ***
teddyroxpin: raises $3 to $6
AzureCaper: calls $3
*** FLOP *** [8c 3c Tc]
AzureCaper: checks
teddyroxpin: bets $3
AzureCaper: calls $3
*** TURN *** [8c 3c Tc] [7d]
AzureCaper: checks
teddyroxpin: bets $6
AzureCaper: calls $6
*** RIVER *** [8c 3c Tc 7d] [9d]
AzureCaper: checks
teddyroxpin: checks
*** SHOW DOWN ***
AzureCaper: shows [3s 4s] (a pair of Threes)
teddyroxpin: shows [6d Td] (a straight, Six to Ten)
teddyroxpin collected $29.50 from pot
*** SUMMARY ***
Total pot $30 | Rake $0.50
Board [8c 3c Tc 7d 9d]
Seat 4: AzureCaper (big blind) showed [3s 4s] and lost with a pair of Threes
Seat 5: teddyroxpin (button) (small blind) showed [6d Td] and won ($29.50) with a straight, Six to Ten


PokerStars Hand #145512249769:  Hold'em Limit ($3/$6 USD) - 2015/12/17 21:04:41 ET
Table 'Aeria II' 6-max Seat #4 is the button
Seat 4: AzureCaper ($73 in chips)
Seat 5: teddyroxpin ($125.01 in chips)
AzureCaper: posts small blind $1
teddyroxpin: posts big blind $3
*** HOLE CARDS ***
AzureCaper: folds
Uncalled bet ($2) returned to teddyroxpin
teddyroxpin collected $2 from pot
*** SUMMARY ***
Total pot $2 | Rake $0
Seat 4: AzureCaper (button) (small blind) folded before Flop
Seat 5: teddyroxpin (big blind) collected ($2)


PokerStars Hand #145512247285:  Hold'em Limit ($3/$6 USD) - 2015/12/17 21:04:36 ET
Table 'Aeria II' 6-max Seat #5 is the button
Seat 4: AzureCaper ($72 in chips)
Seat 5: teddyroxpin ($126.01 in chips)
teddyroxpin: posts small blind $1
AzureCaper: posts big blind $3
*** HOLE CARDS ***
teddyroxpin: folds
Uncalled bet ($2) returned to AzureCaper
AzureCaper collected $2 from pot
AzureCaper: doesn't show hand
*** SUMMARY ***
Total pot $2 | Rake $0
Seat 4: AzureCaper (big blind) collected ($2)
Seat 5: teddyroxpin (button) (small blind) folded before Flop


PokerStars Hand #145512238000:  Hold'em Limit ($3/$6 USD) - 2015/12/17 21:04:17 ET
Table 'Aeria II' 6-max Seat #4 is the button
Seat 4: AzureCaper ($83.25 in chips)
Seat 5: teddyroxpin ($108.51 in chips)
AzureCaper: posts small blind $1
teddyroxpin: posts big blind $3
*** HOLE CARDS ***
AzureCaper: raises $3 to $6
teddyroxpin: raises $3 to $9
AzureCaper: calls $3
*** FLOP *** [2d Ah 9d]
teddyroxpin: bets $3
AzureCaper: calls $3
*** TURN *** [2d Ah 9d] [As]
teddyroxpin: checks
AzureCaper: checks
*** RIVER *** [2d Ah 9d As] [Ad]
teddyroxpin: bets $6
AzureCaper: calls $6
*** SHOW DOWN ***
teddyroxpin: shows [Ks Kc] (a full house, Aces full of Kings)
AzureCaper: mucks hand
teddyroxpin collected $35.50 from pot
*** SUMMARY ***
Total pot $36 | Rake $0.50
Board [2d Ah 9d As Ad]
Seat 4: AzureCaper (button) (small blind) mucked
Seat 5: teddyroxpin (big blind) showed [Ks Kc] and won ($35.50) with a full house, Aces full of Kings


PokerStars Hand #145512284766:  Hold'em Limit ($3/$6 USD) - 2015/12/17 21:05:54 ET
Table 'Aeria II' 6-max Seat #4 is the button
Seat 4: AzureCaper ($81.50 in chips)
Seat 5: teddyroxpin ($131.01 in chips)
AzureCaper: posts small blind $1
teddyroxpin: posts big blind $3
*** HOLE CARDS ***
AzureCaper: raises $3 to $6
teddyroxpin: calls $3
*** FLOP *** [7c Jd 4c]
teddyroxpin: checks
AzureCaper: bets $3
teddyroxpin: calls $3
*** TURN *** [7c Jd 4c] [Tc]
teddyroxpin: checks
AzureCaper: bets $6
teddyroxpin: raises $6 to $12
AzureCaper: calls $6
*** RIVER *** [7c Jd 4c Tc] [4s]
teddyroxpin: bets $6
AzureCaper: calls $6
*** SHOW DOWN ***
teddyroxpin: shows [Jh As] (two pair, Jacks and Fours)
AzureCaper: shows [Jc Ah] (two pair, Jacks and Fours)
teddyroxpin collected $26.75 from pot
AzureCaper collected $26.75 from pot
*** SUMMARY ***
Total pot $54 | Rake $0.50
Board [7c Jd 4c Tc 4s]
Seat 4: AzureCaper (button) (small blind) showed [Jc Ah] and won ($26.75) with two pair, Jacks and Fours
Seat 5: teddyroxpin (big blind) showed [Jh As] and won ($26.75) with two pair, Jacks and Fours


PokerStars Hand #145512282532:  Hold'em Limit ($3/$6 USD) - 2015/12/17 21:05:49 ET
Table 'Aeria II' 6-max Seat #5 is the button
Seat 4: AzureCaper ($80.50 in chips)
Seat 5: teddyroxpin ($132.01 in chips)
teddyroxpin: posts small blind $1
AzureCaper: posts big blind $3
*** HOLE CARDS ***
teddyroxpin: folds
Uncalled bet ($2) returned to AzureCaper
AzureCaper collected $2 from pot
AzureCaper: doesn't show hand
*** SUMMARY ***
Total pot $2 | Rake $0
Seat 4: AzureCaper (big blind) collected ($2)
Seat 5: teddyroxpin (button) (small blind) folded before Flop


PokerStars Hand #145512275224:  Hold'em Limit ($3/$6 USD) - 2015/12/17 21:05:34 ET
Table 'Aeria II' 6-max Seat #4 is the button
Seat 4: AzureCaper ($95.50 in chips)
Seat 5: teddyroxpin ($117.51 in chips)
AzureCaper: posts small blind $1
teddyroxpin: posts big blind $3
*** HOLE CARDS ***
AzureCaper: raises $3 to $6
teddyroxpin: calls $3
*** FLOP *** [Jh Jc Kh]
teddyroxpin: checks
AzureCaper: bets $3
teddyroxpin: calls $3
*** TURN *** [Jh Jc Kh] [6d]
teddyroxpin: checks
AzureCaper: bets $6
teddyroxpin: raises $6 to $12
AzureCaper: folds
Uncalled bet ($6) returned to teddyroxpin
teddyroxpin collected $29.50 from pot
*** SUMMARY ***
Total pot $30 | Rake $0.50
Board [Jh Jc Kh 6d]
Seat 4: AzureCaper (button) (small blind) folded on the Turn
Seat 5: teddyroxpin (big blind) collected ($29.50)


PokerStars Hand #145512263412:  Hold'em Limit ($3/$6 USD) - 2015/12/17 21:05:10 ET
Table 'Aeria II' 6-max Seat #5 is the button
Seat 4: AzureCaper ($72 in chips)
Seat 5: teddyroxpin ($141.51 in chips)
teddyroxpin: posts small blind $1
AzureCaper: posts big blind $3
*** HOLE CARDS ***
teddyroxpin: raises $3 to $6
AzureCaper: calls $3
*** FLOP *** [Qc Jc Qs]
AzureCaper: checks
teddyroxpin: bets $3
AzureCaper: raises $3 to $6
teddyroxpin: calls $3
*** TURN *** [Qc Jc Qs] [9s]
AzureCaper: bets $6
teddyroxpin: calls $6
*** RIVER *** [Qc Jc Qs 9s] [9h]
AzureCaper: bets $6
teddyroxpin: calls $6
*** SHOW DOWN ***
AzureCaper: shows [9d Qd] (a full house, Queens full of Nines)
teddyroxpin: mucks hand
AzureCaper collected $47.50 from pot
*** SUMMARY ***
Total pot $48 | Rake $0.50
Board [Qc Jc Qs 9s 9h]
Seat 4: AzureCaper (big blind) showed [9d Qd] and won ($47.50) with a full house, Queens full of Nines
Seat 5: teddyroxpin (button) (small blind) mucked


PokerStars Hand #145512293605:  Hold'em Limit ($3/$6 USD) - 2015/12/17 21:06:13 ET
Table 'Aeria II' 6-max Seat #5 is the button
Seat 4: AzureCaper ($81.25 in chips)
Seat 5: teddyroxpin ($130.76 in chips)
teddyroxpin: posts small blind $1
AzureCaper: posts big blind $3
*** HOLE CARDS ***
teddyroxpin: raises $3 to $6
AzureCaper: folds
Uncalled bet ($3) returned to teddyroxpin
teddyroxpin collected $6 from pot
*** SUMMARY ***
Total pot $6 | Rake $0
Seat 4: AzureCaper (big blind) folded before Flop
Seat 5: teddyroxpin (button) (small blind) collected ($6)


PokerStars Hand #145512330848:  Hold'em Limit ($3/$6 USD) - 2015/12/17 21:07:31 ET
Table 'Aeria II' 6-max Seat #4 is the button
Seat 4: AzureCaper ($96.47 in chips)
Seat 6: krytalex ($108 in chips)
AzureCaper: posts small blind $1
krytalex: posts big blind $3
*** HOLE CARDS ***
AzureCaper: raises $3 to $6
krytalex: calls $3
*** FLOP *** [9c As 6d]
krytalex: checks
AzureCaper: bets $3
krytalex: calls $3
*** TURN *** [9c As 6d] [Js]
krytalex: checks
AzureCaper: bets $6
krytalex: calls $6
*** RIVER *** [9c As 6d Js] [Qh]
krytalex: checks
AzureCaper: checks
*** SHOW DOWN ***
krytalex: shows [Th 8c] (a straight, Eight to Queen)
AzureCaper: mucks hand
krytalex collected $29.50 from pot
*** SUMMARY ***
Total pot $30 | Rake $0.50
Board [9c As 6d Js Qh]
Seat 4: AzureCaper (button) (small blind) mucked
Seat 6: krytalex (big blind) showed [Th 8c] and won ($29.50) with a straight, Eight to Queen


PokerStars Hand #145512462267:  Hold'em Limit ($3/$6 USD) - 2015/12/17 21:12:13 ET
Table 'Aeria II' 6-max Seat #4 is the button
Seat 4: AzureCaper ($80.50 in chips)
Seat 5: teddyroxpin ($110.76 in chips)
AzureCaper: posts small blind $1
teddyroxpin: posts big blind $3
*** HOLE CARDS ***
AzureCaper: raises $3 to $6
teddyroxpin: calls $3
*** FLOP *** [4c 5c Ac]
teddyroxpin: checks
AzureCaper: bets $3
teddyroxpin: folds
Uncalled bet ($3) returned to AzureCaper
AzureCaper collected $11.76 from pot
AzureCaper: doesn't show hand
*** SUMMARY ***
Total pot $12 | Rake $0.24
Board [4c 5c Ac]
Seat 4: AzureCaper (button) (small blind) collected ($11.76)
Seat 5: teddyroxpin (big blind) folded on the Flop


PokerStars Hand #145512455381:  Hold'em Limit ($3/$6 USD) - 2015/12/17 21:11:58 ET
Table 'Aeria II' 6-max Seat #5 is the button
Seat 4: AzureCaper ($86.50 in chips)
Seat 5: teddyroxpin ($105 in chips)
teddyroxpin: posts small blind $1
AzureCaper: posts big blind $3
*** HOLE CARDS ***
teddyroxpin: raises $3 to $6
AzureCaper: calls $3
*** FLOP *** [Kd 5c 9c]
AzureCaper: checks
teddyroxpin: bets $3
AzureCaper: folds
Uncalled bet ($3) returned to teddyroxpin
teddyroxpin collected $11.76 from pot
*** SUMMARY ***
Total pot $12 | Rake $0.24
Board [Kd 5c 9c]
Seat 4: AzureCaper (big blind) folded on the Flop
Seat 5: teddyroxpin (button) (small blind) collected ($11.76)


PokerStars Hand #145512442695:  Hold'em Limit ($3/$6 USD) - 2015/12/17 21:11:31 ET
Table 'Aeria II' 6-max Seat #4 is the button
Seat 4: AzureCaper ($72 in chips)
Seat 5: teddyroxpin ($120 in chips)
AzureCaper: posts small blind $1
teddyroxpin: posts big blind $3
*** HOLE CARDS ***
AzureCaper: raises $3 to $6
teddyroxpin: calls $3
*** FLOP *** [3c As 7d]
teddyroxpin: checks
AzureCaper: bets $3
teddyroxpin: calls $3
*** TURN *** [3c As 7d] [6h]
teddyroxpin: checks
AzureCaper: checks
*** RIVER *** [3c As 7d 6h] [Ad]
teddyroxpin: bets $6
AzureCaper: calls $6
*** SHOW DOWN ***
teddyroxpin: shows [5c 7c] (two pair, Aces and Sevens)
AzureCaper: shows [7h Ts] (two pair, Aces and Sevens - Ten kicker)
AzureCaper collected $29.50 from pot
*** SUMMARY ***
Total pot $30 | Rake $0.50
Board [3c As 7d 6h Ad]
Seat 4: AzureCaper (button) (small blind) showed [7h Ts] and won ($29.50) with two pair, Aces and Sevens
Seat 5: teddyroxpin (big blind) showed [5c 7c] and lost with two pair, Aces and Sevens


PokerStars Hand #145512485371:  Hold'em Limit ($3/$6 USD) - 2015/12/17 21:13:03 ET
Table 'Aeria II' 6-max Seat #5 is the button
Seat 4: AzureCaper ($96.78 in chips)
Seat 5: teddyroxpin ($93.76 in chips)
teddyroxpin: posts small blind $1
AzureCaper: posts big blind $3
*** HOLE CARDS ***
teddyroxpin: raises $3 to $6
AzureCaper: calls $3
*** FLOP *** [8s 9c 5s]
AzureCaper: checks
teddyroxpin: bets $3
AzureCaper: folds
Uncalled bet ($3) returned to teddyroxpin
teddyroxpin collected $11.76 from pot
*** SUMMARY ***
Total pot $12 | Rake $0.24
Board [8s 9c 5s]
Seat 4: AzureCaper (big blind) folded on the Flop
Seat 5: teddyroxpin (button) (small blind) collected ($11.76)


PokerStars Hand #145512482170:  Hold'em Limit ($3/$6 USD) - 2015/12/17 21:12:56 ET
Table 'Aeria II' 6-max Seat #4 is the button
Seat 4: AzureCaper ($97.78 in chips)
Seat 5: teddyroxpin ($92.76 in chips)
AzureCaper: posts small blind $1
teddyroxpin: posts big blind $3
*** HOLE CARDS ***
AzureCaper: folds
Uncalled bet ($2) returned to teddyroxpin
teddyroxpin collected $2 from pot
*** SUMMARY ***
Total pot $2 | Rake $0
Seat 4: AzureCaper (button) (small blind) folded before Flop
Seat 5: teddyroxpin (big blind) collected ($2)


PokerStars Hand #145512468799:  Hold'em Limit ($3/$6 USD) - 2015/12/17 21:12:27 ET
Table 'Aeria II' 6-max Seat #5 is the button
Seat 4: AzureCaper ($86.26 in chips)
Seat 5: teddyroxpin ($104.76 in chips)
teddyroxpin: posts small blind $1
AzureCaper: posts big blind $3
*** HOLE CARDS ***
teddyroxpin: raises $3 to $6
AzureCaper: raises $3 to $9
teddyroxpin: raises $3 to $12
Betting is capped
AzureCaper: calls $3
*** FLOP *** [Qs Td 5h]
AzureCaper: checks
teddyroxpin: checks
*** TURN *** [Qs Td 5h] [Qc]
AzureCaper: checks
teddyroxpin: checks
*** RIVER *** [Qs Td 5h Qc] [9h]
AzureCaper: checks
teddyroxpin: checks
*** SHOW DOWN ***
AzureCaper: shows [8s As] (a pair of Queens)
teddyroxpin: mucks hand
AzureCaper collected $23.52 from pot
*** SUMMARY ***
Total pot $24 | Rake $0.48
Board [Qs Td 5h Qc 9h]
Seat 4: AzureCaper (big blind) showed [8s As] and won ($23.52) with a pair of Queens
Seat 5: teddyroxpin (button) (small blind) mucked


PokerStars Hand #145512491296:  Hold'em Limit ($3/$6 USD) - 2015/12/17 21:13:15 ET
Table 'Aeria II' 6-max Seat #4 is the button
Seat 4: AzureCaper ($90.78 in chips)
Seat 5: teddyroxpin ($99.52 in chips)
AzureCaper: posts small blind $1
teddyroxpin: posts big blind $3
*** HOLE CARDS ***
AzureCaper: raises $3 to $6
teddyroxpin: calls $3
*** FLOP *** [7s 7c Td]
teddyroxpin: checks
AzureCaper: bets $3
teddyroxpin: calls $3
*** TURN *** [7s 7c Td] [Qh]
teddyroxpin: checks
AzureCaper: checks
*** RIVER *** [7s 7c Td Qh] [3c]
teddyroxpin: bets $6
AzureCaper: calls $6
*** SHOW DOWN ***
teddyroxpin: shows [Ac 9c] (a pair of Sevens)
AzureCaper: shows [6c Ah] (a pair of Sevens)
teddyroxpin collected $14.75 from pot
AzureCaper collected $14.75 from pot
*** SUMMARY ***
Total pot $30 | Rake $0.50
Board [7s 7c Td Qh 3c]
Seat 4: AzureCaper (button) (small blind) showed [6c Ah] and won ($14.75) with a pair of Sevens
Seat 5: teddyroxpin (big blind) showed [Ac 9c] and won ($14.75) with a pair of Sevens


PokerStars Hand #145512513487:  Hold'em Limit ($3/$6 USD) - 2015/12/17 21:14:04 ET
Table 'Aeria II' 6-max Seat #4 is the button
Seat 4: AzureCaper ($77.53 in chips)
Seat 5: teddyroxpin ($111.77 in chips)
AzureCaper: posts small blind $1
teddyroxpin: posts big blind $3
*** HOLE CARDS ***
AzureCaper: folds
Uncalled bet ($2) returned to teddyroxpin
teddyroxpin collected $2 from pot
*** SUMMARY ***
Total pot $2 | Rake $0
Seat 4: AzureCaper (button) (small blind) folded before Flop
Seat 5: teddyroxpin (big blind) collected ($2)


PokerStars Hand #145512511424:  Hold'em Limit ($3/$6 USD) - 2015/12/17 21:13:59 ET
Table 'Aeria II' 6-max Seat #5 is the button
Seat 4: AzureCaper ($76.53 in chips)
Seat 5: teddyroxpin ($112.77 in chips)
teddyroxpin: posts small blind $1
AzureCaper: posts big blind $3
*** HOLE CARDS ***
teddyroxpin: folds
Uncalled bet ($2) returned to AzureCaper
AzureCaper collected $2 from pot
AzureCaper: doesn't show hand
*** SUMMARY ***
Total pot $2 | Rake $0
Seat 4: AzureCaper (big blind) collected ($2)
Seat 5: teddyroxpin (button) (small blind) folded before Flop


PokerStars Hand #145512501395:  Hold'em Limit ($3/$6 USD) - 2015/12/17 21:13:38 ET
Table 'Aeria II' 6-max Seat #5 is the button
Seat 4: AzureCaper ($90.53 in chips)
Seat 5: teddyroxpin ($99.27 in chips)
teddyroxpin: posts small blind $1
AzureCaper: posts big blind $3
*** HOLE CARDS ***
teddyroxpin: folds
Uncalled bet ($2) returned to AzureCaper
AzureCaper collected $2 from pot
AzureCaper: doesn't show hand
*** SUMMARY ***
Total pot $2 | Rake $0
Seat 4: AzureCaper (big blind) collected ($2)
Seat 5: teddyroxpin (button) (small blind) folded before Flop


PokerStars Hand #145512542649:  Hold'em Limit ($3/$6 USD) - 2015/12/17 21:15:07 ET
Table 'Aeria II' 6-max Seat #4 is the button
Seat 4: AzureCaper ($73 in chips)
Seat 5: teddyroxpin ($127.27 in chips)
AzureCaper: posts small blind $1
teddyroxpin: posts big blind $3
*** HOLE CARDS ***
AzureCaper: raises $3 to $6
teddyroxpin: folds
Uncalled bet ($3) returned to AzureCaper
AzureCaper collected $6 from pot
AzureCaper: doesn't show hand
*** SUMMARY ***
Total pot $6 | Rake $0
Seat 4: AzureCaper (button) (small blind) collected ($6)
Seat 5: teddyroxpin (big blind) folded before Flop


PokerStars Hand #145512540356:  Hold'em Limit ($3/$6 USD) - 2015/12/17 21:15:02 ET
Table 'Aeria II' 6-max Seat #5 is the button
Seat 4: AzureCaper ($72 in chips)
Seat 5: teddyroxpin ($128.27 in chips)
teddyroxpin: posts small blind $1
AzureCaper: posts big blind $3
*** HOLE CARDS ***
teddyroxpin: folds
Uncalled bet ($2) returned to AzureCaper
AzureCaper collected $2 from pot
AzureCaper: doesn't show hand
*** SUMMARY ***
Total pot $2 | Rake $0
Seat 4: AzureCaper (big blind) collected ($2)
Seat 5: teddyroxpin (button) (small blind) folded before Flop


PokerStars Hand #145512535833:  Hold'em Limit ($3/$6 USD) - 2015/12/17 21:14:53 ET
Table 'Aeria II' 6-max Seat #4 is the button
Seat 4: AzureCaper ($73 in chips)
Seat 5: teddyroxpin ($127.27 in chips)
AzureCaper: posts small blind $1
teddyroxpin: posts big blind $3
*** HOLE CARDS ***
AzureCaper: folds
Uncalled bet ($2) returned to teddyroxpin
teddyroxpin collected $2 from pot
*** SUMMARY ***
Total pot $2 | Rake $0
Seat 4: AzureCaper (button) (small blind) folded before Flop
Seat 5: teddyroxpin (big blind) collected ($2)


PokerStars Hand #145512533921:  Hold'em Limit ($3/$6 USD) - 2015/12/17 21:14:49 ET
Table 'Aeria II' 6-max Seat #5 is the button
Seat 4: AzureCaper ($72 in chips)
Seat 5: teddyroxpin ($128.27 in chips)
teddyroxpin: posts small blind $1
AzureCaper: posts big blind $3
*** HOLE CARDS ***
teddyroxpin: folds
Uncalled bet ($2) returned to AzureCaper
AzureCaper collected $2 from pot
AzureCaper: doesn't show hand
*** SUMMARY ***
Total pot $2 | Rake $0
Seat 4: AzureCaper (big blind) collected ($2)
Seat 5: teddyroxpin (button) (small blind) folded before Flop


PokerStars Hand #145512531926:  Hold'em Limit ($3/$6 USD) - 2015/12/17 21:14:44 ET
Table 'Aeria II' 6-max Seat #4 is the button
Seat 4: AzureCaper ($72 in chips)
Seat 5: teddyroxpin ($127.27 in chips)
AzureCaper: posts small blind $1
teddyroxpin: posts big blind $3
*** HOLE CARDS ***
AzureCaper: folds
Uncalled bet ($2) returned to teddyroxpin
teddyroxpin collected $2 from pot
*** SUMMARY ***
Total pot $2 | Rake $0
Seat 4: AzureCaper (button) (small blind) folded before Flop
Seat 5: teddyroxpin (big blind) collected ($2)


PokerStars Hand #145512515867:  Hold'em Limit ($3/$6 USD) - 2015/12/17 21:14:09 ET
Table 'Aeria II' 6-max Seat #5 is the button
Seat 4: AzureCaper ($76.53 in chips)
Seat 5: teddyroxpin ($112.77 in chips)
teddyroxpin: posts small blind $1
AzureCaper: posts big blind $3
*** HOLE CARDS ***
teddyroxpin: raises $3 to $6
AzureCaper: calls $3
*** FLOP *** [Kd 5h Jh]
AzureCaper: checks
teddyroxpin: bets $3
AzureCaper: calls $3
*** TURN *** [Kd 5h Jh] [Qc]
AzureCaper: checks
teddyroxpin: bets $6
AzureCaper: calls $6
*** RIVER *** [Kd 5h Jh Qc] [7s]
AzureCaper: checks
teddyroxpin: bets $6
AzureCaper: folds
Uncalled bet ($6) returned to teddyroxpin
teddyroxpin collected $29.50 from pot
*** SUMMARY ***
Total pot $30 | Rake $0.50
Board [Kd 5h Jh Qc 7s]
Seat 4: AzureCaper (big blind) folded on the River
Seat 5: teddyroxpin (button) (small blind) collected ($29.50)


PokerStars Hand #145512577670:  Hold'em Limit ($3/$6 USD) - 2015/12/17 21:16:24 ET
Table 'Aeria II' 6-max Seat #3 is the button
Seat 3: factor725 ($75.63 in chips)
Seat 4: AzureCaper ($89.26 in chips)
factor725: posts small blind $1
AzureCaper: posts big blind $3
*** HOLE CARDS ***
factor725: folds
Uncalled bet ($2) returned to AzureCaper
AzureCaper collected $2 from pot
AzureCaper: doesn't show hand
*** SUMMARY ***
Total pot $2 | Rake $0
Seat 3: factor725 (button) (small blind) folded before Flop
Seat 4: AzureCaper (big blind) collected ($2)


PokerStars Hand #145512572768:  Hold'em Limit ($3/$6 USD) - 2015/12/17 21:16:13 ET
Table 'Aeria II' 6-max Seat #4 is the button
Seat 3: factor725 ($81.63 in chips)
Seat 4: AzureCaper ($83.50 in chips)
AzureCaper: posts small blind $1
factor725: posts big blind $3
*** HOLE CARDS ***
AzureCaper: raises $3 to $6
factor725: calls $3
*** FLOP *** [2c 2h Ad]
factor725: checks
AzureCaper: bets $3
factor725: folds
Uncalled bet ($3) returned to AzureCaper
AzureCaper collected $11.76 from pot
AzureCaper: doesn't show hand
*** SUMMARY ***
Total pot $12 | Rake $0.24
Board [2c 2h Ad]
Seat 3: factor725 (big blind) folded on the Flop
Seat 4: AzureCaper (button) (small blind) collected ($11.76)


PokerStars Hand #145512561783:  Hold'em Limit ($3/$6 USD) - 2015/12/17 21:15:49 ET
Table 'Aeria II' 6-max Seat #5 is the button
Seat 4: AzureCaper ($89.50 in chips)
Seat 5: teddyroxpin ($110.27 in chips)
teddyroxpin: posts small blind $1
AzureCaper: posts big blind $3
*** HOLE CARDS ***
teddyroxpin: raises $3 to $6
AzureCaper: calls $3
*** FLOP *** [Tc 7s 2s]
AzureCaper: checks
factor725 joins the table at seat #3
teddyroxpin: bets $3
AzureCaper: folds
Uncalled bet ($3) returned to teddyroxpin
teddyroxpin collected $11.76 from pot
*** SUMMARY ***
Total pot $12 | Rake $0.24
Board [Tc 7s 2s]
Seat 4: AzureCaper (big blind) folded on the Flop
Seat 5: teddyroxpin (button) (small blind) collected ($11.76)


PokerStars Hand #145512559209:  Hold'em Limit ($3/$6 USD) - 2015/12/17 21:15:44 ET
Table 'Aeria II' 6-max Seat #4 is the button
Seat 4: AzureCaper ($90.50 in chips)
Seat 5: teddyroxpin ($109.27 in chips)
AzureCaper: posts small blind $1
teddyroxpin: posts big blind $3
*** HOLE CARDS ***
AzureCaper: folds
Uncalled bet ($2) returned to teddyroxpin
teddyroxpin collected $2 from pot
*** SUMMARY ***
Total pot $2 | Rake $0
Seat 4: AzureCaper (button) (small blind) folded before Flop
Seat 5: teddyroxpin (big blind) collected ($2)


PokerStars Hand #145512546023:  Hold'em Limit ($3/$6 USD) - 2015/12/17 21:15:15 ET
Table 'Aeria II' 6-max Seat #5 is the button
Seat 4: AzureCaper ($76 in chips)
Seat 5: teddyroxpin ($124.27 in chips)
teddyroxpin: posts small blind $1
AzureCaper: posts big blind $3
*** HOLE CARDS ***
teddyroxpin: raises $3 to $6
AzureCaper: calls $3
*** FLOP *** [6h Js 9s]
AzureCaper: checks
teddyroxpin: bets $3
AzureCaper: calls $3
*** TURN *** [6h Js 9s] [7d]
AzureCaper: checks
teddyroxpin: checks
*** RIVER *** [6h Js 9s 7d] [5c]
AzureCaper: bets $6
teddyroxpin: calls $6
*** SHOW DOWN ***
AzureCaper: shows [Jc Th] (a pair of Jacks)
teddyroxpin: mucks hand
AzureCaper collected $29.50 from pot
*** SUMMARY ***
Total pot $30 | Rake $0.50
Board [6h Js 9s 7d 5c]
Seat 4: AzureCaper (big blind) showed [Jc Th] and won ($29.50) with a pair of Jacks
Seat 5: teddyroxpin (button) (small blind) mucked


PokerStars Hand #145513154669:  Hold'em Limit ($3/$6 USD) - 2015/12/17 21:38:22 ET
Table 'Aeria II' 6-max Seat #4 is the button
Seat 2: SlickDickey ($149.70 in chips)
Seat 4: AzureCaper ($163.58 in chips)
AzureCaper: posts small blind $1
SlickDickey: posts big blind $3
*** HOLE CARDS ***
bigkin1000 leaves the table
AzureCaper: folds
Uncalled bet ($2) returned to SlickDickey
SlickDickey collected $2 from pot
SlickDickey: doesn't show hand
*** SUMMARY ***
Total pot $2 | Rake $0
Seat 2: SlickDickey (big blind) collected ($2)
Seat 4: AzureCaper (button) (small blind) folded before Flop


PokerStars Hand #145513157942:  Hold'em Limit ($3/$6 USD) - 2015/12/17 21:38:30 ET
Table 'Aeria II' 6-max Seat #2 is the button
Seat 2: SlickDickey ($150.70 in chips)
Seat 4: AzureCaper ($162.58 in chips)
SlickDickey: posts small blind $1
AzureCaper: posts big blind $3
*** HOLE CARDS ***
SlickDickey: folds
Uncalled bet ($2) returned to AzureCaper
AzureCaper collected $2 from pot
AzureCaper: doesn't show hand
*** SUMMARY ***
Total pot $2 | Rake $0
Seat 2: SlickDickey (button) (small blind) folded before Flop
Seat 4: AzureCaper (big blind) collected ($2)


