PokerStars Hand #151658460998:  Hold'em Limit ($3/$6 USD) - 2016/04/09 8:50:52 ET
Table 'Aeria III' 6-max Seat #4 is the button
Seat 4: Agrotait ($72.76 in chips)
Seat 6: manly70 ($61.35 in chips)
Agrotait: posts small blind $1
manly70: posts big blind $3
*** HOLE CARDS ***
Agrotait: folds
Uncalled bet ($2) returned to manly70
manly70 collected $2 from pot
*** SUMMARY ***
Total pot $2 | Rake $0
Seat 4: Agrotait (button) (small blind) folded before Flop
Seat 6: manly70 (big blind) collected ($2)


PokerStars Hand #151658457801:  Hold'em Limit ($3/$6 USD) - 2016/04/09 8:50:46 ET
Table 'Aeria III' 6-max Seat #6 is the button
Seat 4: Agrotait ($71.76 in chips)
Seat 6: manly70 ($62.35 in chips)
manly70: posts small blind $1
Agrotait: posts big blind $3
*** HOLE CARDS ***
manly70: folds
Uncalled bet ($2) returned to Agrotait
Agrotait collected $2 from pot
Agrotait: doesn't show hand
*** SUMMARY ***
Total pot $2 | Rake $0
Seat 4: Agrotait (big blind) collected ($2)
Seat 6: manly70 (button) (small blind) folded before Flop


PokerStars Hand #151658450496:  Hold'em Limit ($3/$6 USD) - 2016/04/09 8:50:34 ET
Table 'Aeria III' 6-max Seat #4 is the button
Seat 4: Agrotait ($66 in chips)
Seat 6: manly70 ($68.35 in chips)
Agrotait: posts small blind $1
manly70: posts big blind $3
*** HOLE CARDS ***
Agrotait: raises $3 to $6
manly70: calls $3
*** FLOP *** [7s 7c Kh]
manly70: checks
Agrotait: bets $3
manly70: folds
Uncalled bet ($3) returned to Agrotait
Agrotait collected $11.76 from pot
*** SUMMARY ***
Total pot $12 | Rake $0.24
Board [7s 7c Kh]
Seat 4: Agrotait (button) (small blind) collected ($11.76)
Seat 6: manly70 (big blind) folded on the Flop


PokerStars Hand #151658484100:  Hold'em Limit ($3/$6 USD) - 2016/04/09 8:51:30 ET
Table 'Aeria III' 6-max Seat #4 is the button
Seat 4: Agrotait ($72 in chips)
Seat 6: manly70 ($76.85 in chips)
Agrotait: posts small blind $1
manly70: posts big blind $3
*** HOLE CARDS ***
Agrotait: raises $3 to $6
manly70: folds
Uncalled bet ($3) returned to Agrotait
Agrotait collected $6 from pot
Agrotait: doesn't show hand
*** SUMMARY ***
Total pot $6 | Rake $0
Seat 4: Agrotait (button) (small blind) collected ($6)
Seat 6: manly70 (big blind) folded before Flop


PokerStars Hand #151658464637:  Hold'em Limit ($3/$6 USD) - 2016/04/09 8:50:58 ET
Table 'Aeria III' 6-max Seat #6 is the button
Seat 4: Agrotait ($71.76 in chips)
Seat 6: manly70 ($62.35 in chips)
manly70: posts small blind $1
Agrotait: posts big blind $3
*** HOLE CARDS ***
manly70: raises $3 to $6
Agrotait: calls $3
*** FLOP *** [Jc Td Ah]
Agrotait: checks
manly70: bets $3
Agrotait: calls $3
*** TURN *** [Jc Td Ah] [Jd]
Agrotait: checks
manly70: checks
*** RIVER *** [Jc Td Ah Jd] [Qc]
Agrotait: checks
manly70: bets $6
Agrotait: calls $6
*** SHOW DOWN ***
manly70: shows [Kd 7h] (a straight, Ten to Ace)
Agrotait: mucks hand
manly70 collected $29.50 from pot
*** SUMMARY ***
Total pot $30 | Rake $0.50
Board [Jc Td Ah Jd Qc]
Seat 4: Agrotait (big blind) mucked
Seat 6: manly70 (button) (small blind) showed [Kd 7h] and won ($29.50) with a straight, Ten to Ace


PokerStars Hand #151658511534:  Hold'em Limit ($3/$6 USD) - 2016/04/09 8:52:16 ET
Table 'Aeria III' 6-max Seat #6 is the button
Seat 4: Agrotait ($76.88 in chips)
Seat 6: manly70 ($71.85 in chips)
manly70: posts small blind $1
Agrotait: posts big blind $3
*** HOLE CARDS ***
manly70: folds
Uncalled bet ($2) returned to Agrotait
$polu4atel*$ joins the table at seat #2
Agrotait collected $2 from pot
Agrotait: doesn't show hand
*** SUMMARY ***
Total pot $2 | Rake $0
Seat 4: Agrotait (big blind) collected ($2)
Seat 6: manly70 (button) (small blind) folded before Flop


PokerStars Hand #151658507587:  Hold'em Limit ($3/$6 USD) - 2016/04/09 8:52:09 ET
Table 'Aeria III' 6-max Seat #4 is the button
Seat 4: Agrotait ($77.88 in chips)
Seat 6: manly70 ($70.85 in chips)
Agrotait: posts small blind $1
manly70: posts big blind $3
*** HOLE CARDS ***
Agrotait: folds
Uncalled bet ($2) returned to manly70
manly70 collected $2 from pot
*** SUMMARY ***
Total pot $2 | Rake $0
Seat 4: Agrotait (button) (small blind) folded before Flop
Seat 6: manly70 (big blind) collected ($2)


PokerStars Hand #151658489802:  Hold'em Limit ($3/$6 USD) - 2016/04/09 8:51:39 ET
Table 'Aeria III' 6-max Seat #6 is the button
Seat 4: Agrotait ($75 in chips)
Seat 6: manly70 ($73.85 in chips)
manly70: posts small blind $1
Agrotait: posts big blind $3
*** HOLE CARDS ***
manly70: calls $2
Agrotait: checks
*** FLOP *** [Jh Jc 9s]
Agrotait: checks
manly70: checks
*** TURN *** [Jh Jc 9s] [9c]
Agrotait: bets $6
manly70: folds
Uncalled bet ($6) returned to Agrotait
Agrotait collected $5.88 from pot
Agrotait: doesn't show hand
*** SUMMARY ***
Total pot $6 | Rake $0.12
Board [Jh Jc 9s 9c]
Seat 4: Agrotait (big blind) collected ($5.88)
Seat 6: manly70 (button) (small blind) folded on the Turn


PokerStars Hand #151658515047:  Hold'em Limit ($3/$6 USD) - 2016/04/09 8:52:22 ET
Table 'Aeria III' 6-max Seat #4 is the button
Seat 4: Agrotait ($77.88 in chips)
Seat 6: manly70 ($70.85 in chips)
Agrotait: posts small blind $1
manly70: posts big blind $3
*** HOLE CARDS ***
Agrotait: raises $3 to $6
manly70: calls $3
*** FLOP *** [Qc 9s 9c]
manly70: checks
Agrotait: bets $3
manly70: calls $3
*** TURN *** [Qc 9s 9c] [Ks]
manly70: checks
unaFantasia joins the table at seat #3
Agrotait: checks
*** RIVER *** [Qc 9s 9c Ks] [3c]
manly70: bets $6
Agrotait: calls $6
*** SHOW DOWN ***
manly70: shows [7c Kc] (a flush, King high)
Agrotait: mucks hand
manly70 collected $29.50 from pot
*** SUMMARY ***
Total pot $30 | Rake $0.50
Board [Qc 9s 9c Ks 3c]
Seat 4: Agrotait (button) (small blind) mucked
Seat 6: manly70 (big blind) showed [7c Kc] and won ($29.50) with a flush, King high


PokerStars Hand #151662134765:  Hold'em Limit ($3/$6 USD) - 2016/04/09 10:25:25 ET
Table 'Aeria III' 6-max Seat #6 is the button
Seat 1: mrvietz ($358.22 in chips)
Seat 6: bentinck113 ($28.48 in chips)
bentinck113: posts small blind $1
mrvietz: posts big blind $3
*** HOLE CARDS ***
TbIP-TbIP 88 joins the table at seat #2
bentinck113: folds
Uncalled bet ($2) returned to mrvietz
mrvietz collected $2 from pot
*** SUMMARY ***
Total pot $2 | Rake $0
Seat 1: mrvietz (big blind) collected ($2)
Seat 6: bentinck113 (button) (small blind) folded before Flop


PokerStars Hand #151662120304:  Hold'em Limit ($3/$6 USD) - 2016/04/09 10:25:04 ET
Table 'Aeria III' 6-max Seat #1 is the button
Seat 1: mrvietz ($358.47 in chips)
Seat 6: bentinck113 ($28.73 in chips)
mrvietz: posts small blind $1
Krazy90: is sitting out
micsveDK was removed from the table for failing to post
bentinck113: posts big blind $3
*** HOLE CARDS ***
Krazy90 leaves the table
mrvietz: raises $3 to $6
bentinck113: calls $3
*** FLOP *** [3h 5d Ad]
bentinck113: checks
mrvietz: bets $3
bentinck113: calls $3
*** TURN *** [3h 5d Ad] [4s]
bentinck113: checks
mrvietz: checks
*** RIVER *** [3h 5d Ad 4s] [Ts]
bentinck113: bets $6
mrvietz: calls $6
*** SHOW DOWN ***
bentinck113: shows [9d Ac] (a pair of Aces)
mrvietz: shows [As 9s] (a pair of Aces)
bentinck113 collected $14.75 from pot
mrvietz collected $14.75 from pot
*** SUMMARY ***
Total pot $30 | Rake $0.50
Board [3h 5d Ad 4s Ts]
Seat 1: mrvietz (button) (small blind) showed [As 9s] and won ($14.75) with a pair of Aces
Seat 6: bentinck113 (big blind) showed [9d Ac] and won ($14.75) with a pair of Aces


PokerStars Hand #151662196101:  Hold'em Limit ($3/$6 USD) - 2016/04/09 10:26:55 ET
Table 'Aeria III' 6-max Seat #1 is the button
Seat 1: mrvietz ($382.93 in chips)
Seat 2: TbIP-TbIP 88 ($77.76 in chips)
mrvietz: posts small blind $1
TbIP-TbIP 88: posts big blind $3
*** HOLE CARDS ***
mrvietz: folds
Uncalled bet ($2) returned to TbIP-TbIP 88
TbIP-TbIP 88 collected $2 from pot
TbIP-TbIP 88: doesn't show hand
*** SUMMARY ***
Total pot $2 | Rake $0
Seat 1: mrvietz (button) (small blind) folded before Flop
Seat 2: TbIP-TbIP 88 (big blind) collected ($2)


PokerStars Hand #151662170960:  Hold'em Limit ($3/$6 USD) - 2016/04/09 10:26:18 ET
Table 'Aeria III' 6-max Seat #2 is the button
Seat 1: mrvietz ($388.93 in chips)
Seat 2: TbIP-TbIP 88 ($72 in chips)
TbIP-TbIP 88: posts small blind $1
mrvietz: posts big blind $3
*** HOLE CARDS ***
mrvietz said, "LOL"
bentinck113 said, "die soon moron"
mrvietz said, "NO MORE MONEY IDIOT"
mrvietz said, "REBUY?"
mrvietz said, "NO MONEY?"
TbIP-TbIP 88: raises $3 to $6
mrvietz: calls $3
*** FLOP *** [Qh Ad 6c]
mrvietz: checks
winyku4eto joins the table at seat #3
TbIP-TbIP 88: bets $3
mrvietz: folds
Uncalled bet ($3) returned to TbIP-TbIP 88
TbIP-TbIP 88 collected $11.76 from pot
TbIP-TbIP 88: doesn't show hand
*** SUMMARY ***
Total pot $12 | Rake $0.24
Board [Qh Ad 6c]
Seat 1: mrvietz (big blind) folded on the Flop
Seat 2: TbIP-TbIP 88 (button) (small blind) collected ($11.76)


PokerStars Hand #151665834553:  Hold'em Limit ($3/$6 USD) - 2016/04/09 11:50:09 ET
Table 'Aeria III' 6-max Seat #4 is the button
Seat 3: lin1rabbit ($104 in chips)
Seat 4: Krazy90 ($339.19 in chips)
Krazy90: posts small blind $1
bentinck113: is sitting out
lin1rabbit: posts big blind $3
*** HOLE CARDS ***
Krazy90: raises $3 to $6
lin1rabbit: calls $3
*** FLOP *** [Tc 4s 8s]
bentinck113 leaves the table
lin1rabbit: checks
Krazy90: bets $3
lin1rabbit: folds
Uncalled bet ($3) returned to Krazy90
Krazy90 collected $11.76 from pot
Krazy90: doesn't show hand
*** SUMMARY ***
Total pot $12 | Rake $0.24
Board [Tc 4s 8s]
Seat 3: lin1rabbit (big blind) folded on the Flop
Seat 4: Krazy90 (button) (small blind) collected ($11.76)


