PokerStars Hand #147396703220:  Hold'em Limit ($3/$6 USD) - 2016/01/20 19:08:07 ET
Table 'Aeria' 6-max Seat #3 is the button
Seat 3: kdcl ($211.44 in chips)
Seat 5: grabaz ($105 in chips)
kdcl: posts small blind $1
grabaz: posts big blind $3
*** HOLE CARDS ***
kdcl: folds
Uncalled bet ($2) returned to grabaz
grabaz collected $2 from pot
grabaz: doesn't show hand
*** SUMMARY ***
Total pot $2 | Rake $0
Seat 3: kdcl (button) (small blind) folded before Flop
Seat 5: grabaz (big blind) collected ($2)


PokerStars Hand #147396667096:  Hold'em Limit ($3/$6 USD) - 2016/01/20 19:07:17 ET
Table 'Aeria' 6-max Seat #5 is the button
Seat 3: kdcl ($196.94 in chips)
Seat 5: grabaz ($120 in chips)
grabaz: posts small blind $1
scorpio04 joins the table at seat #6
kdcl: posts big blind $3
*** HOLE CARDS ***
grabaz: raises $3 to $6
kdcl: calls $3
*** FLOP *** [Qd 4d 6h]
kdcl: checks
grabaz: bets $3
kdcl: calls $3
*** TURN *** [Qd 4d 6h] [2c]
kdcl: checks
grabaz: checks
*** RIVER *** [Qd 4d 6h 2c] [3h]
kdcl: bets $6
grabaz: calls $6
*** SHOW DOWN ***
kdcl: shows [5s 3c] (a straight, Deuce to Six)
grabaz: mucks hand
kdcl collected $29.50 from pot
*** SUMMARY ***
Total pot $30 | Rake $0.50
Board [Qd 4d 6h 2c 3h]
Seat 3: kdcl (big blind) showed [5s 3c] and won ($29.50) with a straight, Deuce to Six
Seat 5: grabaz (button) (small blind) mucked


PokerStars Hand #147397366120:  Hold'em Limit ($3/$6 USD) - 2016/01/20 19:24:10 ET
Table 'Aeria' 6-max Seat #6 is the button
Seat 3: kdcl ($264.90 in chips)
Seat 6: scorpio04 ($106.70 in chips)
scorpio04: posts small blind $1
SmellyToes4u: is sitting out
kdcl: posts big blind $3
*** HOLE CARDS ***
scorpio04: raises $3 to $6
Raritan777 leaves the table
SmellyToes4u leaves the table
kdcl: folds
Uncalled bet ($3) returned to scorpio04
scorpio04 collected $6 from pot
scorpio04: doesn't show hand
*** SUMMARY ***
Total pot $6 | Rake $0
Seat 3: kdcl (big blind) folded before Flop
Seat 6: scorpio04 (button) (small blind) collected ($6)


PokerStars Hand #147397387993:  Hold'em Limit ($3/$6 USD) - 2016/01/20 19:24:43 ET
Table 'Aeria' 6-max Seat #6 is the button
Seat 3: kdcl ($255.90 in chips)
Seat 6: scorpio04 ($115.46 in chips)
scorpio04: posts small blind $1
kdcl: posts big blind $3
*** HOLE CARDS ***
scorpio04: raises $3 to $6
kdcl: calls $3
*** FLOP *** [Qc Ad Jh]
kdcl: checks
scorpio04: bets $3
kdcl: folds
Uncalled bet ($3) returned to scorpio04
scorpio04 collected $11.76 from pot
scorpio04: doesn't show hand
*** SUMMARY ***
Total pot $12 | Rake $0.24
Board [Qc Ad Jh]
Seat 3: kdcl (big blind) folded on the Flop
Seat 6: scorpio04 (button) (small blind) collected ($11.76)


PokerStars Hand #147397397409:  Hold'em Limit ($3/$6 USD) - 2016/01/20 19:24:57 ET
Table 'Aeria' 6-max Seat #3 is the button
Seat 3: kdcl ($249.90 in chips)
Seat 6: scorpio04 ($121.22 in chips)
kdcl: posts small blind $1
scorpio04: posts big blind $3
*** HOLE CARDS ***
kdcl: raises $3 to $6
scorpio04: calls $3
*** FLOP *** [Qs 4c 5h]
scorpio04: checks
kdcl: bets $3
scorpio04: calls $3
*** TURN *** [Qs 4c 5h] [6d]
scorpio04: checks
kdcl: bets $6
scorpio04: calls $6
*** RIVER *** [Qs 4c 5h 6d] [Qd]
scorpio04: checks
kdcl: bets $6
scorpio04: calls $6
*** SHOW DOWN ***
kdcl: shows [Js Jd] (two pair, Queens and Jacks)
scorpio04: mucks hand
kdcl collected $41.50 from pot
*** SUMMARY ***
Total pot $42 | Rake $0.50
Board [Qs 4c 5h 6d Qd]
Seat 3: kdcl (button) (small blind) showed [Js Jd] and won ($41.50) with two pair, Queens and Jacks
Seat 6: scorpio04 (big blind) mucked


PokerStars Hand #147397418599:  Hold'em Limit ($3/$6 USD) - 2016/01/20 19:25:30 ET
Table 'Aeria' 6-max Seat #6 is the button
Seat 3: kdcl ($270.40 in chips)
Seat 6: scorpio04 ($100.22 in chips)
scorpio04: posts small blind $1
kdcl: posts big blind $3
*** HOLE CARDS ***
scorpio04: raises $3 to $6
kdcl: calls $3
*** FLOP *** [5h 2s 5c]
kdcl: checks
scorpio04: bets $3
kdcl: calls $3
*** TURN *** [5h 2s 5c] [6s]
kdcl: checks
scorpio04: bets $6
kdcl: folds
Uncalled bet ($6) returned to scorpio04
scorpio04 collected $17.64 from pot
scorpio04: doesn't show hand
*** SUMMARY ***
Total pot $18 | Rake $0.36
Board [5h 2s 5c 6s]
Seat 3: kdcl (big blind) folded on the Turn
Seat 6: scorpio04 (button) (small blind) collected ($17.64)


PokerStars Hand #147397442077:  Hold'em Limit ($3/$6 USD) - 2016/01/20 19:26:05 ET
Table 'Aeria' 6-max Seat #3 is the button
Seat 3: kdcl ($261.40 in chips)
Seat 6: scorpio04 ($108.86 in chips)
kdcl: posts small blind $1
scorpio04: posts big blind $3
*** HOLE CARDS ***
kdcl: folds
Uncalled bet ($2) returned to scorpio04
scorpio04 collected $2 from pot
scorpio04: doesn't show hand
*** SUMMARY ***
Total pot $2 | Rake $0
Seat 3: kdcl (button) (small blind) folded before Flop
Seat 6: scorpio04 (big blind) collected ($2)


PokerStars Hand #147397445235:  Hold'em Limit ($3/$6 USD) - 2016/01/20 19:26:10 ET
Table 'Aeria' 6-max Seat #6 is the button
Seat 3: kdcl ($260.40 in chips)
Seat 6: scorpio04 ($109.86 in chips)
scorpio04: posts small blind $1
kdcl: posts big blind $3
*** HOLE CARDS ***
scorpio04: raises $3 to $6
kdcl: folds
Uncalled bet ($3) returned to scorpio04
scorpio04 collected $6 from pot
scorpio04: doesn't show hand
*** SUMMARY ***
Total pot $6 | Rake $0
Seat 3: kdcl (big blind) folded before Flop
Seat 6: scorpio04 (button) (small blind) collected ($6)


PokerStars Hand #147397450297:  Hold'em Limit ($3/$6 USD) - 2016/01/20 19:26:18 ET
Table 'Aeria' 6-max Seat #3 is the button
Seat 3: kdcl ($257.40 in chips)
Seat 6: scorpio04 ($112.86 in chips)
kdcl: posts small blind $1
scorpio04: posts big blind $3
*** HOLE CARDS ***
kdcl: raises $3 to $6
scorpio04: calls $3
*** FLOP *** [6c 4h 9d]
scorpio04: checks
kdcl: bets $3
scorpio04: calls $3
*** TURN *** [6c 4h 9d] [Jd]
scorpio04: checks
kdcl: checks
*** RIVER *** [6c 4h 9d Jd] [4c]
scorpio04: bets $6
kdcl: raises $6 to $12
scorpio04: folds
Uncalled bet ($6) returned to kdcl
kdcl collected $29.50 from pot
*** SUMMARY ***
Total pot $30 | Rake $0.50
Board [6c 4h 9d Jd 4c]
Seat 3: kdcl (button) (small blind) collected ($29.50)
Seat 6: scorpio04 (big blind) folded on the River


PokerStars Hand #147397470257:  Hold'em Limit ($3/$6 USD) - 2016/01/20 19:26:48 ET
Table 'Aeria' 6-max Seat #6 is the button
Seat 3: kdcl ($271.90 in chips)
Seat 6: scorpio04 ($97.86 in chips)
scorpio04: posts small blind $1
kdcl: posts big blind $3
*** HOLE CARDS ***
scorpio04: raises $3 to $6
kdcl: raises $3 to $9
scorpio04: calls $3
*** FLOP *** [Jd Js 2c]
kdcl: bets $3
scorpio04: calls $3
*** TURN *** [Jd Js 2c] [3h]
kdcl: bets $6
scorpio04: calls $6
*** RIVER *** [Jd Js 2c 3h] [8s]
kdcl: bets $6
scorpio04: calls $6
*** SHOW DOWN ***
kdcl: shows [4c 4d] (two pair, Jacks and Fours)
scorpio04: mucks hand
kdcl collected $47.50 from pot
*** SUMMARY ***
Total pot $48 | Rake $0.50
Board [Jd Js 2c 3h 8s]
Seat 3: kdcl (big blind) showed [4c 4d] and won ($47.50) with two pair, Jacks and Fours
Seat 6: scorpio04 (button) (small blind) mucked


PokerStars Hand #147397486056:  Hold'em Limit ($3/$6 USD) - 2016/01/20 19:27:12 ET
Table 'Aeria' 6-max Seat #3 is the button
Seat 3: kdcl ($295.40 in chips)
Seat 6: scorpio04 ($73.86 in chips)
kdcl: posts small blind $1
scorpio04: posts big blind $3
*** HOLE CARDS ***
kdcl: raises $3 to $6
scorpio04: calls $3
*** FLOP *** [3c 6h 5h]
scorpio04: checks
kdcl: checks
*** TURN *** [3c 6h 5h] [8d]
scorpio04: bets $6
kdcl: calls $6
*** RIVER *** [3c 6h 5h 8d] [4d]
scorpio04: checks
kdcl: bets $6
scorpio04: folds
Uncalled bet ($6) returned to kdcl
kdcl collected $23.52 from pot
*** SUMMARY ***
Total pot $24 | Rake $0.48
Board [3c 6h 5h 8d 4d]
Seat 3: kdcl (button) (small blind) collected ($23.52)
Seat 6: scorpio04 (big blind) folded on the River


PokerStars Hand #147397500763:  Hold'em Limit ($3/$6 USD) - 2016/01/20 19:27:34 ET
Table 'Aeria' 6-max Seat #6 is the button
Seat 3: kdcl ($306.92 in chips)
Seat 6: scorpio04 ($72 in chips)
scorpio04: posts small blind $1
kdcl: posts big blind $3
*** HOLE CARDS ***
scorpio04: raises $3 to $6
kdcl: calls $3
*** FLOP *** [Kd Js Qs]
kdcl: checks
scorpio04: checks
*** TURN *** [Kd Js Qs] [3h]
kdcl: checks
scorpio04: bets $6
kdcl: folds
Uncalled bet ($6) returned to scorpio04
scorpio04 collected $11.76 from pot
scorpio04: doesn't show hand
*** SUMMARY ***
Total pot $12 | Rake $0.24
Board [Kd Js Qs 3h]
Seat 3: kdcl (big blind) folded on the Turn
Seat 6: scorpio04 (button) (small blind) collected ($11.76)


PokerStars Hand #147397512827:  Hold'em Limit ($3/$6 USD) - 2016/01/20 19:27:53 ET
Table 'Aeria' 6-max Seat #3 is the button
Seat 3: kdcl ($300.92 in chips)
Seat 6: scorpio04 ($77.76 in chips)
kdcl: posts small blind $1
scorpio04: posts big blind $3
*** HOLE CARDS ***
kdcl: folds
Uncalled bet ($2) returned to scorpio04
scorpio04 collected $2 from pot
scorpio04: doesn't show hand
*** SUMMARY ***
Total pot $2 | Rake $0
Seat 3: kdcl (button) (small blind) folded before Flop
Seat 6: scorpio04 (big blind) collected ($2)


PokerStars Hand #147397516085:  Hold'em Limit ($3/$6 USD) - 2016/01/20 19:27:58 ET
Table 'Aeria' 6-max Seat #6 is the button
Seat 3: kdcl ($299.92 in chips)
Seat 6: scorpio04 ($78.76 in chips)
scorpio04: posts small blind $1
kdcl: posts big blind $3
*** HOLE CARDS ***
scorpio04: raises $3 to $6
kdcl: calls $3
*** FLOP *** [Js 5s As]
kdcl: checks
scorpio04: checks
*** TURN *** [Js 5s As] [Qh]
kdcl: bets $6
scorpio04: calls $6
*** RIVER *** [Js 5s As Qh] [2h]
kdcl: bets $6
scorpio04: calls $6
*** SHOW DOWN ***
kdcl: shows [Ad 6d] (a pair of Aces)
scorpio04: mucks hand
kdcl collected $35.50 from pot
*** SUMMARY ***
Total pot $36 | Rake $0.50
Board [Js 5s As Qh 2h]
Seat 3: kdcl (big blind) showed [Ad 6d] and won ($35.50) with a pair of Aces
Seat 6: scorpio04 (button) (small blind) mucked


PokerStars Hand #147397537438:  Hold'em Limit ($3/$6 USD) - 2016/01/20 19:28:31 ET
Table 'Aeria' 6-max Seat #3 is the button
Seat 3: kdcl ($317.42 in chips)
Seat 6: scorpio04 ($72 in chips)
kdcl: posts small blind $1
scorpio04: posts big blind $3
*** HOLE CARDS ***
kdcl: raises $3 to $6
scorpio04: raises $3 to $9
kdcl: calls $3
*** FLOP *** [Ah 6c 5d]
scorpio04: bets $3
kdcl: folds
Uncalled bet ($3) returned to scorpio04
scorpio04 collected $17.64 from pot
scorpio04: doesn't show hand
*** SUMMARY ***
Total pot $18 | Rake $0.36
Board [Ah 6c 5d]
Seat 3: kdcl (button) (small blind) folded on the Flop
Seat 6: scorpio04 (big blind) collected ($17.64)


PokerStars Hand #147397547421:  Hold'em Limit ($3/$6 USD) - 2016/01/20 19:28:47 ET
Table 'Aeria' 6-max Seat #6 is the button
Seat 3: kdcl ($308.42 in chips)
Seat 6: scorpio04 ($80.64 in chips)
scorpio04: posts small blind $1
kdcl: posts big blind $3
*** HOLE CARDS ***
scorpio04: folds
Uncalled bet ($2) returned to kdcl
kdcl collected $2 from pot
*** SUMMARY ***
Total pot $2 | Rake $0
Seat 3: kdcl (big blind) collected ($2)
Seat 6: scorpio04 (button) (small blind) folded before Flop


PokerStars Hand #147397551268:  Hold'em Limit ($3/$6 USD) - 2016/01/20 19:28:53 ET
Table 'Aeria' 6-max Seat #3 is the button
Seat 3: kdcl ($309.42 in chips)
Seat 6: scorpio04 ($79.64 in chips)
kdcl: posts small blind $1
scorpio04: posts big blind $3
*** HOLE CARDS ***
kdcl: raises $3 to $6
scorpio04: calls $3
*** FLOP *** [2s 2h 7s]
scorpio04: checks
kdcl: checks
*** TURN *** [2s 2h 7s] [3s]
scorpio04: bets $6
kdcl: folds
Uncalled bet ($6) returned to scorpio04
scorpio04 collected $11.76 from pot
scorpio04: doesn't show hand
*** SUMMARY ***
Total pot $12 | Rake $0.24
Board [2s 2h 7s 3s]
Seat 3: kdcl (button) (small blind) folded on the Turn
Seat 6: scorpio04 (big blind) collected ($11.76)


PokerStars Hand #147397573025:  Hold'em Limit ($3/$6 USD) - 2016/01/20 19:29:26 ET
Table 'Aeria' 6-max Seat #6 is the button
Seat 3: kdcl ($303.42 in chips)
Seat 6: scorpio04 ($85.40 in chips)
scorpio04: posts small blind $1
kdcl: posts big blind $3
*** HOLE CARDS ***
scorpio04: raises $3 to $6
kdcl: calls $3
*** FLOP *** [Jd Qd 8h]
kdcl: checks
scorpio04: bets $3
kdcl: calls $3
*** TURN *** [Jd Qd 8h] [8d]
kdcl: checks
scorpio04: checks
*** RIVER *** [Jd Qd 8h 8d] [9s]
kdcl: checks
scorpio04: checks
*** SHOW DOWN ***
kdcl: shows [7h Jh] (two pair, Jacks and Eights)
scorpio04: mucks hand
kdcl collected $17.64 from pot
*** SUMMARY ***
Total pot $18 | Rake $0.36
Board [Jd Qd 8h 8d 9s]
Seat 3: kdcl (big blind) showed [7h Jh] and won ($17.64) with two pair, Jacks and Eights
Seat 6: scorpio04 (button) (small blind) mucked


PokerStars Hand #147397591445:  Hold'em Limit ($3/$6 USD) - 2016/01/20 19:29:55 ET
Table 'Aeria' 6-max Seat #3 is the button
Seat 3: kdcl ($312.06 in chips)
Seat 6: scorpio04 ($76.40 in chips)
kdcl: posts small blind $1
scorpio04: posts big blind $3
*** HOLE CARDS ***
kdcl: raises $3 to $6
scorpio04: calls $3
*** FLOP *** [5d Qs Ad]
scorpio04: checks
kdcl: bets $3
scorpio04: folds
Uncalled bet ($3) returned to kdcl
kdcl collected $11.76 from pot
*** SUMMARY ***
Total pot $12 | Rake $0.24
Board [5d Qs Ad]
Seat 3: kdcl (button) (small blind) collected ($11.76)
Seat 6: scorpio04 (big blind) folded on the Flop


PokerStars Hand #147397607181:  Hold'em Limit ($3/$6 USD) - 2016/01/20 19:30:19 ET
Table 'Aeria' 6-max Seat #6 is the button
Seat 3: kdcl ($317.82 in chips)
Seat 6: scorpio04 ($72 in chips)
scorpio04: posts small blind $1
kdcl: posts big blind $3
*** HOLE CARDS ***
scorpio04: raises $3 to $6
kdcl: calls $3
*** FLOP *** [Kd 7d 5s]
kdcl: checks
scorpio04: bets $3
kdcl: calls $3
*** TURN *** [Kd 7d 5s] [Ts]
kdcl: checks
scorpio04: checks
*** RIVER *** [Kd 7d 5s Ts] [7h]
kdcl: bets $6
scorpio04: raises $6 to $12
kdcl: calls $6
*** SHOW DOWN ***
scorpio04: shows [7c 9d] (three of a kind, Sevens)
kdcl: mucks hand
scorpio04 collected $41.50 from pot
*** SUMMARY ***
Total pot $42 | Rake $0.50
Board [Kd 7d 5s Ts 7h]
Seat 3: kdcl (big blind) mucked
Seat 6: scorpio04 (button) (small blind) showed [7c 9d] and won ($41.50) with three of a kind, Sevens


PokerStars Hand #147397623178:  Hold'em Limit ($3/$6 USD) - 2016/01/20 19:30:44 ET
Table 'Aeria' 6-max Seat #3 is the button
Seat 3: kdcl ($296.82 in chips)
Seat 6: scorpio04 ($92.50 in chips)
kdcl: posts small blind $1
scorpio04: posts big blind $3
*** HOLE CARDS ***
kdcl: folds
Uncalled bet ($2) returned to scorpio04
scorpio04 collected $2 from pot
scorpio04: doesn't show hand
*** SUMMARY ***
Total pot $2 | Rake $0
Seat 3: kdcl (button) (small blind) folded before Flop
Seat 6: scorpio04 (big blind) collected ($2)


PokerStars Hand #147397626868:  Hold'em Limit ($3/$6 USD) - 2016/01/20 19:30:50 ET
Table 'Aeria' 6-max Seat #6 is the button
Seat 3: kdcl ($295.82 in chips)
Seat 6: scorpio04 ($93.50 in chips)
scorpio04: posts small blind $1
kdcl: posts big blind $3
*** HOLE CARDS ***
scorpio04: raises $3 to $6
kdcl: calls $3
*** FLOP *** [2s Kc 6h]
kdcl: checks
scorpio04: checks
*** TURN *** [2s Kc 6h] [Ac]
kdcl: bets $6
scorpio04: folds
Uncalled bet ($6) returned to kdcl
kdcl collected $11.76 from pot
*** SUMMARY ***
Total pot $12 | Rake $0.24
Board [2s Kc 6h Ac]
Seat 3: kdcl (big blind) collected ($11.76)
Seat 6: scorpio04 (button) (small blind) folded on the Turn


PokerStars Hand #147397635090:  Hold'em Limit ($3/$6 USD) - 2016/01/20 19:31:03 ET
Table 'Aeria' 6-max Seat #3 is the button
Seat 3: kdcl ($301.58 in chips)
Seat 6: scorpio04 ($87.50 in chips)
kdcl: posts small blind $1
scorpio04: posts big blind $3
*** HOLE CARDS ***
kdcl: raises $3 to $6
scorpio04: calls $3
*** FLOP *** [8h Tc Ts]
scorpio04: checks
kdcl: checks
*** TURN *** [8h Tc Ts] [3s]
scorpio04: checks
kdcl: checks
*** RIVER *** [8h Tc Ts 3s] [6c]
scorpio04: bets $6
kdcl: folds
Uncalled bet ($6) returned to scorpio04
scorpio04 collected $11.76 from pot
scorpio04: doesn't show hand
*** SUMMARY ***
Total pot $12 | Rake $0.24
Board [8h Tc Ts 3s 6c]
Seat 3: kdcl (button) (small blind) folded on the River
Seat 6: scorpio04 (big blind) collected ($11.76)


PokerStars Hand #147397654317:  Hold'em Limit ($3/$6 USD) - 2016/01/20 19:31:33 ET
Table 'Aeria' 6-max Seat #6 is the button
Seat 3: kdcl ($295.58 in chips)
Seat 6: scorpio04 ($93.26 in chips)
scorpio04: posts small blind $1
kdcl: posts big blind $3
*** HOLE CARDS ***
scorpio04: raises $3 to $6
kdcl: raises $3 to $9
scorpio04: calls $3
*** FLOP *** [3c 9d Kh]
kdcl: bets $3
scorpio04: calls $3
*** TURN *** [3c 9d Kh] [9c]
kdcl: bets $6
scorpio04: calls $6
*** RIVER *** [3c 9d Kh 9c] [6h]
kdcl: bets $6
scorpio04: calls $6
*** SHOW DOWN ***
kdcl: shows [7h 7c] (two pair, Nines and Sevens)
scorpio04: shows [Kc 7s] (two pair, Kings and Nines)
scorpio04 collected $47.50 from pot
*** SUMMARY ***
Total pot $48 | Rake $0.50
Board [3c 9d Kh 9c 6h]
Seat 3: kdcl (big blind) showed [7h 7c] and lost with two pair, Nines and Sevens
Seat 6: scorpio04 (button) (small blind) showed [Kc 7s] and won ($47.50) with two pair, Kings and Nines


PokerStars Hand #147397689480:  Hold'em Limit ($3/$6 USD) - 2016/01/20 19:32:27 ET
Table 'Aeria' 6-max Seat #6 is the button
Seat 3: kdcl ($259.58 in chips)
Seat 6: scorpio04 ($128.28 in chips)
scorpio04: posts small blind $1
kdcl: posts big blind $3
*** HOLE CARDS ***
scorpio04: raises $3 to $6
kdcl: raises $3 to $9
scorpio04: calls $3
*** FLOP *** [9d 2s Ac]
vovojc joins the table at seat #4
kdcl: bets $3
scorpio04: folds
Uncalled bet ($3) returned to kdcl
kdcl collected $17.64 from pot
*** SUMMARY ***
Total pot $18 | Rake $0.36
Board [9d 2s Ac]
Seat 3: kdcl (big blind) collected ($17.64)
Seat 6: scorpio04 (button) (small blind) folded on the Flop


PokerStars Hand #147397673419:  Hold'em Limit ($3/$6 USD) - 2016/01/20 19:32:02 ET
Table 'Aeria' 6-max Seat #3 is the button
Seat 3: kdcl ($271.58 in chips)
Seat 6: scorpio04 ($116.76 in chips)
kdcl: posts small blind $1
scorpio04: posts big blind $3
*** HOLE CARDS ***
kdcl: raises $3 to $6
scorpio04: calls $3
*** FLOP *** [Jc Kd Jd]
scorpio04: checks
kdcl: checks
*** TURN *** [Jc Kd Jd] [6s]
lelala joins the table at seat #5
scorpio04: checks
kdcl: bets $6
scorpio04: calls $6
*** RIVER *** [Jc Kd Jd 6s] [4d]
scorpio04: checks
kdcl: checks
*** SHOW DOWN ***
scorpio04: shows [Kc 2h] (two pair, Kings and Jacks)
kdcl: mucks hand
scorpio04 collected $23.52 from pot
*** SUMMARY ***
Total pot $24 | Rake $0.48
Board [Jc Kd Jd 6s 4d]
Seat 3: kdcl (button) (small blind) mucked
Seat 6: scorpio04 (big blind) showed [Kc 2h] and won ($23.52) with two pair, Kings and Jacks


PokerStars Hand #147401921254:  Hold'em Limit ($3/$6 USD) - 2016/01/20 21:49:21 ET
Table 'Aeria' 6-max Seat #6 is the button
Seat 5: SGthinh ($28.89 in chips)
Seat 6: scorpio04 ($103.57 in chips)
scorpio04: posts small blind $1
Johnliu: is sitting out
SGthinh: posts big blind $3
*** HOLE CARDS ***
scorpio04: raises $3 to $6
SGthinh: calls $3
*** FLOP *** [Kd Qs Ah]
SGthinh: checks
scorpio04: bets $3
iupeli leaves the table
SGthinh: folds
Uncalled bet ($3) returned to scorpio04
scorpio04 collected $11.76 from pot
scorpio04: doesn't show hand
*** SUMMARY ***
Total pot $12 | Rake $0.24
Board [Kd Qs Ah]
Seat 5: SGthinh (big blind) folded on the Flop
Seat 6: scorpio04 (button) (small blind) collected ($11.76)


PokerStars Hand #147401944670:  Hold'em Limit ($3/$6 USD) - 2016/01/20 21:50:15 ET
Table 'Aeria' 6-max Seat #6 is the button
Seat 5: SGthinh ($13.89 in chips)
Seat 6: scorpio04 ($117.97 in chips)
scorpio04: posts small blind $1
SGthinh: posts big blind $3
*** HOLE CARDS ***
scorpio04: raises $3 to $6
SGthinh: calls $3
*** FLOP *** [5s Kh 8c]
SGthinh: checks
scorpio04: bets $3
SGthinh: calls $3
*** TURN *** [5s Kh 8c] [Jc]
SGthinh: bets $4.89 and is all-in
scorpio04: folds
Uncalled bet ($4.89) returned to SGthinh
SGthinh collected $17.64 from pot
SGthinh: doesn't show hand
*** SUMMARY ***
Total pot $18 | Rake $0.36
Board [5s Kh 8c Jc]
Seat 5: SGthinh (big blind) collected ($17.64)
Seat 6: scorpio04 (button) (small blind) folded on the Turn


PokerStars Hand #147401935136:  Hold'em Limit ($3/$6 USD) - 2016/01/20 21:49:53 ET
Table 'Aeria' 6-max Seat #5 is the button
Seat 5: SGthinh ($22.89 in chips)
Seat 6: scorpio04 ($109.33 in chips)
SGthinh: posts small blind $1
scorpio04: posts big blind $3
*** HOLE CARDS ***
SGthinh: calls $2
scorpio04: raises $3 to $6
SGthinh: calls $3
*** FLOP *** [Jh 4h 4s]
scorpio04: bets $3
SGthinh: calls $3
*** TURN *** [Jh 4h 4s] [Qd]
scorpio04: bets $6
Johnliu leaves the table
SGthinh: folds
Uncalled bet ($6) returned to scorpio04
scorpio04 collected $17.64 from pot
scorpio04: doesn't show hand
*** SUMMARY ***
Total pot $18 | Rake $0.36
Board [Jh 4h 4s Qd]
Seat 5: SGthinh (button) (small blind) folded on the Turn
Seat 6: scorpio04 (big blind) collected ($17.64)


PokerStars Hand #147401952902:  Hold'em Limit ($3/$6 USD) - 2016/01/20 21:50:35 ET
Table 'Aeria' 6-max Seat #5 is the button
Seat 5: SGthinh ($22.53 in chips)
Seat 6: scorpio04 ($108.97 in chips)
SGthinh: posts small blind $1
scorpio04: posts big blind $3
*** HOLE CARDS ***
SGthinh: raises $3 to $6
scorpio04: calls $3
*** FLOP *** [4s 3h 6h]
scorpio04: checks
SGthinh: checks
*** TURN *** [4s 3h 6h] [6d]
scorpio04: bets $6
SGthinh: folds
Uncalled bet ($6) returned to scorpio04
scorpio04 collected $11.76 from pot
scorpio04: doesn't show hand
*** SUMMARY ***
Total pot $12 | Rake $0.24
Board [4s 3h 6h 6d]
Seat 5: SGthinh (button) (small blind) folded on the Turn
Seat 6: scorpio04 (big blind) collected ($11.76)


PokerStars Hand #147401960395:  Hold'em Limit ($3/$6 USD) - 2016/01/20 21:50:52 ET
Table 'Aeria' 6-max Seat #5 is the button
Seat 5: SGthinh ($17.53 in chips)
Seat 6: scorpio04 ($113.73 in chips)
SGthinh: posts small blind $1
scorpio04: posts big blind $3
*** HOLE CARDS ***
SGthinh: folds
Uncalled bet ($2) returned to scorpio04
scorpio04 collected $2 from pot
scorpio04: doesn't show hand
*** SUMMARY ***
Total pot $2 | Rake $0
Seat 5: SGthinh (button) (small blind) folded before Flop
Seat 6: scorpio04 (big blind) collected ($2)


PokerStars Hand #147401958222:  Hold'em Limit ($3/$6 USD) - 2016/01/20 21:50:47 ET
Table 'Aeria' 6-max Seat #6 is the button
Seat 5: SGthinh ($16.53 in chips)
Seat 6: scorpio04 ($114.73 in chips)
scorpio04: posts small blind $1
SGthinh: posts big blind $3
*** HOLE CARDS ***
scorpio04: folds
Uncalled bet ($2) returned to SGthinh
SGthinh collected $2 from pot
SGthinh: doesn't show hand
*** SUMMARY ***
Total pot $2 | Rake $0
Seat 5: SGthinh (big blind) collected ($2)
Seat 6: scorpio04 (button) (small blind) folded before Flop


PokerStars Hand #147401962316:  Hold'em Limit ($3/$6 USD) - 2016/01/20 21:50:57 ET
Table 'Aeria' 6-max Seat #6 is the button
Seat 5: SGthinh ($16.53 in chips)
Seat 6: scorpio04 ($114.73 in chips)
scorpio04: posts small blind $1
SGthinh: posts big blind $3
*** HOLE CARDS ***
scorpio04: folds
Uncalled bet ($2) returned to SGthinh
SGthinh collected $2 from pot
SGthinh: doesn't show hand
*** SUMMARY ***
Total pot $2 | Rake $0
Seat 5: SGthinh (big blind) collected ($2)
Seat 6: scorpio04 (button) (small blind) folded before Flop


PokerStars Hand #147401964198:  Hold'em Limit ($3/$6 USD) - 2016/01/20 21:51:01 ET
Table 'Aeria' 6-max Seat #5 is the button
Seat 5: SGthinh ($17.53 in chips)
Seat 6: scorpio04 ($113.73 in chips)
SGthinh: posts small blind $1
scorpio04: posts big blind $3
*** HOLE CARDS ***
SGthinh: raises $3 to $6
scorpio04: calls $3
*** FLOP *** [2c Jc 6h]
scorpio04: bets $3
SGthinh: calls $3
*** TURN *** [2c Jc 6h] [As]
scorpio04: bets $6
SGthinh: folds
Uncalled bet ($6) returned to scorpio04
scorpio04 collected $17.64 from pot
scorpio04: doesn't show hand
qu1cks1lv3r7 joins the table at seat #4
*** SUMMARY ***
Total pot $18 | Rake $0.36
Board [2c Jc 6h As]
Seat 5: SGthinh (button) (small blind) folded on the Turn
Seat 6: scorpio04 (big blind) collected ($17.64)


PokerStars Hand #147401977104:  Hold'em Limit ($3/$6 USD) - 2016/01/20 21:51:32 ET
Table 'Aeria' 6-max Seat #4 is the button
Seat 4: qu1cks1lv3r7 ($189 in chips)
Seat 6: scorpio04 ($133.30 in chips)
qu1cks1lv3r7: posts small blind $1
scorpio04: posts big blind $3
*** HOLE CARDS ***
qu1cks1lv3r7: raises $3 to $6
scorpio04: calls $3
*** FLOP *** [8h Ah Ks]
scorpio04: checks
qu1cks1lv3r7: bets $3
scorpio04: folds
Uncalled bet ($3) returned to qu1cks1lv3r7
qu1cks1lv3r7 collected $11.76 from pot
*** SUMMARY ***
Total pot $12 | Rake $0.24
Board [8h Ah Ks]
Seat 4: qu1cks1lv3r7 (button) (small blind) collected ($11.76)
Seat 6: scorpio04 (big blind) folded on the Flop


PokerStars Hand #147401984350:  Hold'em Limit ($3/$6 USD) - 2016/01/20 21:51:49 ET
Table 'Aeria' 6-max Seat #6 is the button
Seat 4: qu1cks1lv3r7 ($194.76 in chips)
Seat 6: scorpio04 ($127.30 in chips)
scorpio04: posts small blind $1
qu1cks1lv3r7: posts big blind $3
*** HOLE CARDS ***
scorpio04: raises $3 to $6
qu1cks1lv3r7: calls $3
*** FLOP *** [2s Js 8h]
qu1cks1lv3r7: checks
scorpio04: bets $3
qu1cks1lv3r7: raises $3 to $6
scorpio04: calls $3
*** TURN *** [2s Js 8h] [4c]
qu1cks1lv3r7: bets $6
scorpio04: calls $6
*** RIVER *** [2s Js 8h 4c] [7d]
qu1cks1lv3r7: checks
scorpio04: bets $6
qu1cks1lv3r7: folds
Uncalled bet ($6) returned to scorpio04
scorpio04 collected $35.50 from pot
scorpio04: doesn't show hand
*** SUMMARY ***
Total pot $36 | Rake $0.50
Board [2s Js 8h 4c 7d]
Seat 4: qu1cks1lv3r7 (big blind) folded on the River
Seat 6: scorpio04 (button) (small blind) collected ($35.50)


PokerStars Hand #147402007181:  Hold'em Limit ($3/$6 USD) - 2016/01/20 21:52:43 ET
Table 'Aeria' 6-max Seat #6 is the button
Seat 4: qu1cks1lv3r7 ($194.26 in chips)
Seat 6: scorpio04 ($126.80 in chips)
scorpio04: posts small blind $1
qu1cks1lv3r7: posts big blind $3
*** HOLE CARDS ***
scorpio04: raises $3 to $6
qu1cks1lv3r7: folds
Uncalled bet ($3) returned to scorpio04
scorpio04 collected $6 from pot
scorpio04: doesn't show hand
*** SUMMARY ***
Total pot $6 | Rake $0
Seat 4: qu1cks1lv3r7 (big blind) folded before Flop
Seat 6: scorpio04 (button) (small blind) collected ($6)


PokerStars Hand #147402011835:  Hold'em Limit ($3/$6 USD) - 2016/01/20 21:52:54 ET
Table 'Aeria' 6-max Seat #4 is the button
Seat 4: qu1cks1lv3r7 ($191.26 in chips)
Seat 6: scorpio04 ($129.80 in chips)
qu1cks1lv3r7: posts small blind $1
scorpio04: posts big blind $3
*** HOLE CARDS ***
qu1cks1lv3r7: folds
Uncalled bet ($2) returned to scorpio04
scorpio04 collected $2 from pot
scorpio04: doesn't show hand
*** SUMMARY ***
Total pot $2 | Rake $0
Seat 4: qu1cks1lv3r7 (button) (small blind) folded before Flop
Seat 6: scorpio04 (big blind) collected ($2)


PokerStars Hand #147402014169:  Hold'em Limit ($3/$6 USD) - 2016/01/20 21:53:00 ET
Table 'Aeria' 6-max Seat #6 is the button
Seat 4: qu1cks1lv3r7 ($190.26 in chips)
Seat 6: scorpio04 ($130.80 in chips)
scorpio04: posts small blind $1
qu1cks1lv3r7: posts big blind $3
*** HOLE CARDS ***
scorpio04: raises $3 to $6
qu1cks1lv3r7: calls $3
*** FLOP *** [Ah As Jh]
qu1cks1lv3r7: bets $3
scorpio04: folds
Uncalled bet ($3) returned to qu1cks1lv3r7
qu1cks1lv3r7 collected $11.76 from pot
*** SUMMARY ***
Total pot $12 | Rake $0.24
Board [Ah As Jh]
Seat 4: qu1cks1lv3r7 (big blind) collected ($11.76)
Seat 6: scorpio04 (button) (small blind) folded on the Flop


PokerStars Hand #147401997593:  Hold'em Limit ($3/$6 USD) - 2016/01/20 21:52:21 ET
Table 'Aeria' 6-max Seat #4 is the button
Seat 4: qu1cks1lv3r7 ($176.76 in chips)
Seat 6: scorpio04 ($144.80 in chips)
qu1cks1lv3r7: posts small blind $1
scorpio04: posts big blind $3
*** HOLE CARDS ***
qu1cks1lv3r7: raises $3 to $6
scorpio04: calls $3
*** FLOP *** [6c 5c 9d]
scorpio04: checks
qu1cks1lv3r7: checks
*** TURN *** [6c 5c 9d] [4d]
scorpio04: bets $6
qu1cks1lv3r7: calls $6
*** RIVER *** [6c 5c 9d 4d] [Kh]
scorpio04: checks
qu1cks1lv3r7: bets $6
SGthinh leaves the table
scorpio04: calls $6
*** SHOW DOWN ***
qu1cks1lv3r7: shows [Kc 5s] (two pair, Kings and Fives)
scorpio04: mucks hand
qu1cks1lv3r7 collected $35.50 from pot
*** SUMMARY ***
Total pot $36 | Rake $0.50
Board [6c 5c 9d 4d Kh]
Seat 4: qu1cks1lv3r7 (button) (small blind) showed [Kc 5s] and won ($35.50) with two pair, Kings and Fives
Seat 6: scorpio04 (big blind) mucked


PokerStars Hand #147402045800:  Hold'em Limit ($3/$6 USD) - 2016/01/20 21:54:15 ET
Table 'Aeria' 6-max Seat #4 is the button
Seat 4: qu1cks1lv3r7 ($148.02 in chips)
Seat 6: scorpio04 ($171.80 in chips)
qu1cks1lv3r7: posts small blind $1
scorpio04: posts big blind $3
*** HOLE CARDS ***
qu1cks1lv3r7: raises $3 to $6
scorpio04: raises $3 to $9
qu1cks1lv3r7: calls $3
*** FLOP *** [Jc Ah 9h]
scorpio04: bets $3
qu1cks1lv3r7: folds
Uncalled bet ($3) returned to scorpio04
scorpio04 collected $17.64 from pot
scorpio04: doesn't show hand
*** SUMMARY ***
Total pot $18 | Rake $0.36
Board [Jc Ah 9h]
Seat 4: qu1cks1lv3r7 (button) (small blind) folded on the Flop
Seat 6: scorpio04 (big blind) collected ($17.64)


PokerStars Hand #147402019827:  Hold'em Limit ($3/$6 USD) - 2016/01/20 21:53:13 ET
Table 'Aeria' 6-max Seat #4 is the button
Seat 4: qu1cks1lv3r7 ($196.02 in chips)
Seat 6: scorpio04 ($124.80 in chips)
qu1cks1lv3r7: posts small blind $1
scorpio04: posts big blind $3
*** HOLE CARDS ***
qu1cks1lv3r7: raises $3 to $6
scorpio04: calls $3
*** FLOP *** [4d Kd 3s]
scorpio04: checks
qu1cks1lv3r7: bets $3
scorpio04: calls $3
*** TURN *** [4d Kd 3s] [Ad]
scorpio04: checks
qu1cks1lv3r7: bets $6
scorpio04: calls $6
*** RIVER *** [4d Kd 3s Ad] [4c]
scorpio04: checks
qu1cks1lv3r7: bets $6
scorpio04: calls $6
*** SHOW DOWN ***
qu1cks1lv3r7: shows [8s 7s] (a pair of Fours)
scorpio04: shows [8h 3c] (two pair, Fours and Threes)
scorpio04 collected $41.50 from pot
*** SUMMARY ***
Total pot $42 | Rake $0.50
Board [4d Kd 3s Ad 4c]
Seat 4: qu1cks1lv3r7 (button) (small blind) showed [8s 7s] and lost with a pair of Fours
Seat 6: scorpio04 (big blind) showed [8h 3c] and won ($41.50) with two pair, Fours and Threes


PokerStars Hand #147402030802:  Hold'em Limit ($3/$6 USD) - 2016/01/20 21:53:39 ET
Table 'Aeria' 6-max Seat #6 is the button
Seat 4: qu1cks1lv3r7 ($175.02 in chips)
Seat 6: scorpio04 ($145.30 in chips)
scorpio04: posts small blind $1
qu1cks1lv3r7: posts big blind $3
*** HOLE CARDS ***
scorpio04: raises $3 to $6
qu1cks1lv3r7: calls $3
*** FLOP *** [Ac 9s Js]
qu1cks1lv3r7: checks
scorpio04: bets $3
qu1cks1lv3r7: calls $3
*** TURN *** [Ac 9s Js] [2h]
qu1cks1lv3r7: checks
scorpio04: bets $6
qu1cks1lv3r7: raises $6 to $12
scorpio04: calls $6
*** RIVER *** [Ac 9s Js 2h] [3s]
qu1cks1lv3r7: bets $6
scorpio04: raises $6 to $12
qu1cks1lv3r7: folds
Uncalled bet ($6) returned to scorpio04
scorpio04 collected $53.50 from pot
scorpio04: doesn't show hand
*** SUMMARY ***
Total pot $54 | Rake $0.50
Board [Ac 9s Js 2h 3s]
Seat 4: qu1cks1lv3r7 (big blind) folded on the River
Seat 6: scorpio04 (button) (small blind) collected ($53.50)


PokerStars Hand #147402050634:  Hold'em Limit ($3/$6 USD) - 2016/01/20 21:54:27 ET
Table 'Aeria' 6-max Seat #6 is the button
Seat 4: qu1cks1lv3r7 ($139.02 in chips)
Seat 6: scorpio04 ($180.44 in chips)
scorpio04: posts small blind $1
qu1cks1lv3r7: posts big blind $3
*** HOLE CARDS ***
scorpio04: raises $3 to $6
qu1cks1lv3r7: folds
Uncalled bet ($3) returned to scorpio04
scorpio04 collected $6 from pot
scorpio04: doesn't show hand
*** SUMMARY ***
Total pot $6 | Rake $0
Seat 4: qu1cks1lv3r7 (big blind) folded before Flop
Seat 6: scorpio04 (button) (small blind) collected ($6)


PokerStars Hand #147402053004:  Hold'em Limit ($3/$6 USD) - 2016/01/20 21:54:32 ET
Table 'Aeria' 6-max Seat #4 is the button
Seat 4: qu1cks1lv3r7 ($136.02 in chips)
Seat 6: scorpio04 ($183.44 in chips)
qu1cks1lv3r7: posts small blind $1
scorpio04: posts big blind $3
*** HOLE CARDS ***
qu1cks1lv3r7: raises $3 to $6
scorpio04: raises $3 to $9
qu1cks1lv3r7: calls $3
*** FLOP *** [8d 2h 3c]
scorpio04: bets $3
qu1cks1lv3r7: calls $3
*** TURN *** [8d 2h 3c] [Ks]
scorpio04: checks
qu1cks1lv3r7: bets $6
scorpio04: calls $6
*** RIVER *** [8d 2h 3c Ks] [4h]
scorpio04: checks
qu1cks1lv3r7: bets $6
scorpio04: calls $6
*** SHOW DOWN ***
qu1cks1lv3r7: shows [7h 6c] (high card King)
scorpio04: shows [Qc Tc] (high card King - Queen kicker)
scorpio04 collected $47.50 from pot
*** SUMMARY ***
Total pot $48 | Rake $0.50
Board [8d 2h 3c Ks 4h]
Seat 4: qu1cks1lv3r7 (button) (small blind) showed [7h 6c] and lost with high card King
Seat 6: scorpio04 (big blind) showed [Qc Tc] and won ($47.50) with high card King


PokerStars Hand #147402064032:  Hold'em Limit ($3/$6 USD) - 2016/01/20 21:54:59 ET
Table 'Aeria' 6-max Seat #6 is the button
Seat 4: qu1cks1lv3r7 ($112.02 in chips)
Seat 6: scorpio04 ($206.94 in chips)
scorpio04: posts small blind $1
qu1cks1lv3r7: posts big blind $3
*** HOLE CARDS ***
scorpio04: raises $3 to $6
qu1cks1lv3r7: raises $3 to $9
scorpio04: calls $3
*** FLOP *** [4c 9d 5d]
qu1cks1lv3r7: bets $3
scorpio04: calls $3
*** TURN *** [4c 9d 5d] [5c]
qu1cks1lv3r7: bets $6
scorpio04: raises $6 to $12
qu1cks1lv3r7: calls $6
*** RIVER *** [4c 9d 5d 5c] [Qd]
qu1cks1lv3r7: checks
scorpio04: bets $6
qu1cks1lv3r7: folds
Uncalled bet ($6) returned to scorpio04
scorpio04 collected $47.50 from pot
scorpio04: doesn't show hand
*** SUMMARY ***
Total pot $48 | Rake $0.50
Board [4c 9d 5d 5c Qd]
Seat 4: qu1cks1lv3r7 (big blind) folded on the River
Seat 6: scorpio04 (button) (small blind) collected ($47.50)


PokerStars Hand #147402087369:  Hold'em Limit ($3/$6 USD) - 2016/01/20 21:56:05 ET
Table 'Aeria' 6-max Seat #4 is the button
Seat 4: qu1cks1lv3r7 ($55.02 in chips)
Seat 6: scorpio04 ($262.44 in chips)
qu1cks1lv3r7: posts small blind $1
scorpio04: posts big blind $3
*** HOLE CARDS ***
qu1cks1lv3r7: raises $3 to $6
scorpio04: calls $3
*** FLOP *** [Qd Qc Ts]
scorpio04: checks
qu1cks1lv3r7: bets $3
scorpio04: calls $3
*** TURN *** [Qd Qc Ts] [3c]
scorpio04: checks
qu1cks1lv3r7: bets $6
scorpio04: calls $6
*** RIVER *** [Qd Qc Ts 3c] [Tc]
scorpio04: checks
qu1cks1lv3r7: checks
*** SHOW DOWN ***
scorpio04: shows [Jd As] (two pair, Queens and Tens)
qu1cks1lv3r7: shows [9d Ah] (two pair, Queens and Tens)
scorpio04 collected $14.75 from pot
qu1cks1lv3r7 collected $14.75 from pot
*** SUMMARY ***
Total pot $30 | Rake $0.50
Board [Qd Qc Ts 3c Tc]
Seat 4: qu1cks1lv3r7 (button) (small blind) showed [9d Ah] and won ($14.75) with two pair, Queens and Tens
Seat 6: scorpio04 (big blind) showed [Jd As] and won ($14.75) with two pair, Queens and Tens


PokerStars Hand #147402095273:  Hold'em Limit ($3/$6 USD) - 2016/01/20 21:56:28 ET
Table 'Aeria' 6-max Seat #6 is the button
Seat 4: qu1cks1lv3r7 ($54.77 in chips)
Seat 6: scorpio04 ($262.19 in chips)
scorpio04: posts small blind $1
qu1cks1lv3r7: posts big blind $3
*** HOLE CARDS ***
scorpio04: folds
Uncalled bet ($2) returned to qu1cks1lv3r7
qu1cks1lv3r7 collected $2 from pot
*** SUMMARY ***
Total pot $2 | Rake $0
Seat 4: qu1cks1lv3r7 (big blind) collected ($2)
Seat 6: scorpio04 (button) (small blind) folded before Flop


PokerStars Hand #147402074012:  Hold'em Limit ($3/$6 USD) - 2016/01/20 21:55:26 ET
Table 'Aeria' 6-max Seat #4 is the button
Seat 4: qu1cks1lv3r7 ($88.02 in chips)
Seat 6: scorpio04 ($230.44 in chips)
qu1cks1lv3r7: posts small blind $1
scorpio04: posts big blind $3
*** HOLE CARDS ***
qu1cks1lv3r7: raises $3 to $6
scorpio04: calls $3
*** FLOP *** [Ad Jc 7c]
scorpio04: checks
qu1cks1lv3r7: bets $3
scorpio04: calls $3
*** TURN *** [Ad Jc 7c] [7d]
scorpio04: checks
qu1cks1lv3r7: checks
*** RIVER *** [Ad Jc 7c 7d] [5d]
scorpio04: checks
qu1cks1lv3r7: bets $6
scorpio04: calls $6
*** SHOW DOWN ***
qu1cks1lv3r7: shows [9c Ts] (a pair of Sevens)
scorpio04: shows [Ks Td] (a pair of Sevens - Ace+King kicker)
scorpio04 collected $29.50 from pot
*** SUMMARY ***
Total pot $30 | Rake $0.50
Board [Ad Jc 7c 7d 5d]
Seat 4: qu1cks1lv3r7 (button) (small blind) showed [9c Ts] and lost with a pair of Sevens
Seat 6: scorpio04 (big blind) showed [Ks Td] and won ($29.50) with a pair of Sevens


PokerStars Hand #147402080388:  Hold'em Limit ($3/$6 USD) - 2016/01/20 21:55:45 ET
Table 'Aeria' 6-max Seat #6 is the button
Seat 4: qu1cks1lv3r7 ($73.02 in chips)
Seat 6: scorpio04 ($244.94 in chips)
scorpio04: posts small blind $1
qu1cks1lv3r7: posts big blind $3
*** HOLE CARDS ***
scorpio04: raises $3 to $6
qu1cks1lv3r7: calls $3
*** FLOP *** [Tc 9h 5c]
qu1cks1lv3r7: checks
scorpio04: bets $3
qu1cks1lv3r7: raises $3 to $6
scorpio04: calls $3
*** TURN *** [Tc 9h 5c] [9s]
qu1cks1lv3r7: bets $6
scorpio04: calls $6
*** RIVER *** [Tc 9h 5c 9s] [Kh]
qu1cks1lv3r7: checks
scorpio04: checks
*** SHOW DOWN ***
qu1cks1lv3r7: shows [5h 7s] (two pair, Nines and Fives)
scorpio04: shows [4s Th] (two pair, Tens and Nines)
scorpio04 collected $35.50 from pot
*** SUMMARY ***
Total pot $36 | Rake $0.50
Board [Tc 9h 5c 9s Kh]
Seat 4: qu1cks1lv3r7 (big blind) showed [5h 7s] and lost with two pair, Nines and Fives
Seat 6: scorpio04 (button) (small blind) showed [4s Th] and won ($35.50) with two pair, Tens and Nines


PokerStars Hand #147402112690:  Hold'em Limit ($3/$6 USD) - 2016/01/20 21:57:19 ET
Table 'Aeria' 6-max Seat #4 is the button
Seat 4: qu1cks1lv3r7 ($64.27 in chips)
Seat 6: scorpio04 ($251.69 in chips)
qu1cks1lv3r7: posts small blind $1
scorpio04: posts big blind $3
*** HOLE CARDS ***
qu1cks1lv3r7: raises $3 to $6
scorpio04: calls $3
*** FLOP *** [6h 4c 6c]
scorpio04: checks
qu1cks1lv3r7: bets $3
scorpio04: calls $3
*** TURN *** [6h 4c 6c] [9d]
scorpio04: checks
qu1cks1lv3r7: bets $6
scorpio04: calls $6
*** RIVER *** [6h 4c 6c 9d] [Ks]
scorpio04: checks
qu1cks1lv3r7: bets $6
scorpio04: calls $6
*** SHOW DOWN ***
qu1cks1lv3r7: shows [7d 5c] (a pair of Sixes)
scorpio04: shows [2h 2d] (two pair, Sixes and Deuces)
scorpio04 collected $41.50 from pot
*** SUMMARY ***
Total pot $42 | Rake $0.50
Board [6h 4c 6c 9d Ks]
Seat 4: qu1cks1lv3r7 (button) (small blind) showed [7d 5c] and lost with a pair of Sixes
Seat 6: scorpio04 (big blind) showed [2h 2d] and won ($41.50) with two pair, Sixes and Deuces


PokerStars Hand #147402096874:  Hold'em Limit ($3/$6 USD) - 2016/01/20 21:56:33 ET
Table 'Aeria' 6-max Seat #4 is the button
Seat 4: qu1cks1lv3r7 ($55.77 in chips)
Seat 6: scorpio04 ($261.19 in chips)
qu1cks1lv3r7: posts small blind $1
scorpio04: posts big blind $3
*** HOLE CARDS ***
qu1cks1lv3r7: raises $3 to $6
scorpio04: raises $3 to $9
qu1cks1lv3r7: calls $3
*** FLOP *** [Qs 2c Ac]
scorpio04: bets $3
qu1cks1lv3r7: raises $3 to $6
scorpio04: raises $3 to $9
qu1cks1lv3r7: folds
Uncalled bet ($3) returned to scorpio04
scorpio04 collected $29.50 from pot
scorpio04: doesn't show hand
*** SUMMARY ***
Total pot $30 | Rake $0.50
Board [Qs 2c Ac]
Seat 4: qu1cks1lv3r7 (button) (small blind) folded on the Flop
Seat 6: scorpio04 (big blind) collected ($29.50)


PokerStars Hand #147402102663:  Hold'em Limit ($3/$6 USD) - 2016/01/20 21:56:50 ET
Table 'Aeria' 6-max Seat #6 is the button
Seat 4: qu1cks1lv3r7 ($40.77 in chips)
Seat 6: scorpio04 ($275.69 in chips)
scorpio04: posts small blind $1
qu1cks1lv3r7: posts big blind $3
*** HOLE CARDS ***
scorpio04: raises $3 to $6
qu1cks1lv3r7: raises $3 to $9
scorpio04: calls $3
*** FLOP *** [9d 9s Qh]
qu1cks1lv3r7: bets $3
scorpio04: calls $3
*** TURN *** [9d 9s Qh] [As]
qu1cks1lv3r7: bets $6
scorpio04: calls $6
*** RIVER *** [9d 9s Qh As] [8h]
qu1cks1lv3r7: bets $6
scorpio04: calls $6
*** SHOW DOWN ***
qu1cks1lv3r7: shows [Kd Ad] (two pair, Aces and Nines)
scorpio04: mucks hand
qu1cks1lv3r7 collected $47.50 from pot
*** SUMMARY ***
Total pot $48 | Rake $0.50
Board [9d 9s Qh As 8h]
Seat 4: qu1cks1lv3r7 (big blind) showed [Kd Ad] and won ($47.50) with two pair, Aces and Nines
Seat 6: scorpio04 (button) (small blind) mucked


PokerStars Hand #147402110992:  Hold'em Limit ($3/$6 USD) - 2016/01/20 21:57:14 ET
Table 'Aeria' 6-max Seat #6 is the button
Seat 4: qu1cks1lv3r7 ($63.27 in chips)
Seat 6: scorpio04 ($252.69 in chips)
scorpio04: posts small blind $1
qu1cks1lv3r7: posts big blind $3
*** HOLE CARDS ***
scorpio04: folds
Uncalled bet ($2) returned to qu1cks1lv3r7
qu1cks1lv3r7 collected $2 from pot
*** SUMMARY ***
Total pot $2 | Rake $0
Seat 4: qu1cks1lv3r7 (big blind) collected ($2)
Seat 6: scorpio04 (button) (small blind) folded before Flop


PokerStars Hand #147402107746:  Hold'em Limit ($3/$6 USD) - 2016/01/20 21:57:04 ET
Table 'Aeria' 6-max Seat #4 is the button
Seat 4: qu1cks1lv3r7 ($64.27 in chips)
Seat 6: scorpio04 ($251.69 in chips)
qu1cks1lv3r7: posts small blind $1
scorpio04: posts big blind $3
*** HOLE CARDS ***
qu1cks1lv3r7: folds
Uncalled bet ($2) returned to scorpio04
scorpio04 collected $2 from pot
scorpio04: doesn't show hand
*** SUMMARY ***
Total pot $2 | Rake $0
Seat 4: qu1cks1lv3r7 (button) (small blind) folded before Flop
Seat 6: scorpio04 (big blind) collected ($2)


PokerStars Hand #147402119943:  Hold'em Limit ($3/$6 USD) - 2016/01/20 21:57:40 ET
Table 'Aeria' 6-max Seat #6 is the button
Seat 4: qu1cks1lv3r7 ($43.27 in chips)
Seat 6: scorpio04 ($272.19 in chips)
scorpio04: posts small blind $1
qu1cks1lv3r7: posts big blind $3
*** HOLE CARDS ***
scorpio04: raises $3 to $6
qu1cks1lv3r7: calls $3
*** FLOP *** [Td 4c 2d]
qu1cks1lv3r7: checks
scorpio04: bets $3
qu1cks1lv3r7: calls $3
*** TURN *** [Td 4c 2d] [8s]
qu1cks1lv3r7: checks
scorpio04: bets $6
qu1cks1lv3r7: calls $6
*** RIVER *** [Td 4c 2d 8s] [5c]
qu1cks1lv3r7: checks
scorpio04: bets $6
qu1cks1lv3r7: folds
Uncalled bet ($6) returned to scorpio04
scorpio04 collected $29.50 from pot
scorpio04: doesn't show hand
*** SUMMARY ***
Total pot $30 | Rake $0.50
Board [Td 4c 2d 8s 5c]
Seat 4: qu1cks1lv3r7 (big blind) folded on the River
Seat 6: scorpio04 (button) (small blind) collected ($29.50)


PokerStars Hand #147402127444:  Hold'em Limit ($3/$6 USD) - 2016/01/20 21:58:01 ET
Table 'Aeria' 6-max Seat #4 is the button
Seat 4: qu1cks1lv3r7 ($28.27 in chips)
Seat 6: scorpio04 ($286.69 in chips)
qu1cks1lv3r7: posts small blind $1
scorpio04: posts big blind $3
*** HOLE CARDS ***
qu1cks1lv3r7: raises $3 to $6
scorpio04: calls $3
*** FLOP *** [Ks 9d 3c]
scorpio04: checks
qu1cks1lv3r7: bets $3
scorpio04: calls $3
*** TURN *** [Ks 9d 3c] [Tc]
scorpio04: checks
qu1cks1lv3r7: bets $6
scorpio04: calls $6
*** RIVER *** [Ks 9d 3c Tc] [5h]
scorpio04: checks
qu1cks1lv3r7: bets $6
scorpio04: calls $6
*** SHOW DOWN ***
qu1cks1lv3r7: shows [Td Ac] (a pair of Tens)
scorpio04: mucks hand
qu1cks1lv3r7 collected $41.50 from pot
*** SUMMARY ***
Total pot $42 | Rake $0.50
Board [Ks 9d 3c Tc 5h]
Seat 4: qu1cks1lv3r7 (button) (small blind) showed [Td Ac] and won ($41.50) with a pair of Tens
Seat 6: scorpio04 (big blind) mucked


PokerStars Hand #147402148457:  Hold'em Limit ($3/$6 USD) - 2016/01/20 21:58:46 ET
Table 'Aeria' 6-max Seat #4 is the button
Seat 4: qu1cks1lv3r7 ($30.77 in chips)
Seat 6: scorpio04 ($283.19 in chips)
qu1cks1lv3r7: posts small blind $1
scorpio04: posts big blind $3
*** HOLE CARDS ***
qu1cks1lv3r7: raises $3 to $6
scorpio04: calls $3
*** FLOP *** [Kc Qs 6h]
scorpio04: checks
qu1cks1lv3r7: bets $3
scorpio04: calls $3
*** TURN *** [Kc Qs 6h] [6d]
scorpio04: checks
qu1cks1lv3r7: checks
*** RIVER *** [Kc Qs 6h 6d] [3c]
scorpio04: bets $6
qu1cks1lv3r7: folds
Uncalled bet ($6) returned to scorpio04
scorpio04 collected $17.64 from pot
scorpio04: doesn't show hand
*** SUMMARY ***
Total pot $18 | Rake $0.36
Board [Kc Qs 6h 6d 3c]
Seat 4: qu1cks1lv3r7 (button) (small blind) folded on the River
Seat 6: scorpio04 (big blind) collected ($17.64)


PokerStars Hand #147402153714:  Hold'em Limit ($3/$6 USD) - 2016/01/20 21:59:00 ET
Table 'Aeria' 6-max Seat #6 is the button
Seat 4: qu1cks1lv3r7 ($21.77 in chips)
Seat 6: scorpio04 ($291.83 in chips)
scorpio04: posts small blind $1
qu1cks1lv3r7: posts big blind $3
*** HOLE CARDS ***
scorpio04: raises $3 to $6
qu1cks1lv3r7: calls $3
*** FLOP *** [3s 2c Ad]
qu1cks1lv3r7: checks
scorpio04: bets $3
qu1cks1lv3r7: folds
Uncalled bet ($3) returned to scorpio04
scorpio04 collected $11.76 from pot
scorpio04: doesn't show hand
qu1cks1lv3r7 leaves the table
*** SUMMARY ***
Total pot $12 | Rake $0.24
Board [3s 2c Ad]
Seat 4: qu1cks1lv3r7 (big blind) folded on the Flop
Seat 6: scorpio04 (button) (small blind) collected ($11.76)


PokerStars Hand #147402142732:  Hold'em Limit ($3/$6 USD) - 2016/01/20 21:58:31 ET
Table 'Aeria' 6-max Seat #6 is the button
Seat 4: qu1cks1lv3r7 ($48.77 in chips)
Seat 6: scorpio04 ($265.69 in chips)
scorpio04: posts small blind $1
qu1cks1lv3r7: posts big blind $3
*** HOLE CARDS ***
scorpio04: raises $3 to $6
qu1cks1lv3r7: calls $3
*** FLOP *** [9h Th 2s]
qu1cks1lv3r7: checks
scorpio04: checks
*** TURN *** [9h Th 2s] [2d]
qu1cks1lv3r7: bets $6
scorpio04: calls $6
*** RIVER *** [9h Th 2s 2d] [As]
qu1cks1lv3r7: bets $6
scorpio04: calls $6
*** SHOW DOWN ***
qu1cks1lv3r7: shows [7s Jh] (a pair of Deuces)
scorpio04: shows [Kd 5d] (a pair of Deuces - Ace+King kicker)
scorpio04 collected $35.50 from pot
*** SUMMARY ***
Total pot $36 | Rake $0.50
Board [9h Th 2s 2d As]
Seat 4: qu1cks1lv3r7 (big blind) showed [7s Jh] and lost with a pair of Deuces
Seat 6: scorpio04 (button) (small blind) showed [Kd 5d] and won ($35.50) with a pair of Deuces


