PokerStars Hand #176310954540:  Hold'em Limit ($3/$6 USD) - 2017/09/30 11:19:00 ET
Table 'Aeria' 6-max Seat #1 is the button
Seat 1: Bitte1 ($120 in chips)
Seat 3: Ag3r0n ($72 in chips)
Bitte1: posts small blind $1
Ag3r0n: posts big blind $3
*** HOLE CARDS ***
Bitte1: calls $2
Ag3r0n: checks
*** FLOP *** [7s 9s 8s]
Ag3r0n: bets $3
Bitte1: calls $3
*** TURN *** [7s 9s 8s] [2c]
Ag3r0n: checks
Bitte1: checks
*** RIVER *** [7s 9s 8s 2c] [9c]
Ag3r0n: checks
Bitte1: checks
*** SHOW DOWN ***
Ag3r0n: shows [2d Ks] (two pair, Nines and Deuces)
Bitte1: shows [8h 3d] (two pair, Nines and Eights)
Bitte1 collected $11.76 from pot
*** SUMMARY ***
Total pot $12 | Rake $0.24
Board [7s 9s 8s 2c 9c]
Seat 1: Bitte1 (button) (small blind) showed [8h 3d] and won ($11.76) with two pair, Nines and Eights
Seat 3: Ag3r0n (big blind) showed [2d Ks] and lost with two pair, Nines and Deuces


PokerStars Hand #176310971999:  Hold'em Limit ($3/$6 USD) - 2017/09/30 11:19:29 ET
Table 'Aeria' 6-max Seat #1 is the button
Seat 1: Bitte1 ($122.76 in chips)
Seat 3: Ag3r0n ($75 in chips)
Bitte1: posts small blind $1
Ag3r0n: posts big blind $3
*** HOLE CARDS ***
Bitte1: raises $3 to $6
Ag3r0n: raises $3 to $9
Bitte1: raises $3 to $12
Betting is capped
Ag3r0n: calls $3
*** FLOP *** [8d 5d 8h]
Ag3r0n: checks
Bitte1: bets $3
Ag3r0n: calls $3
*** TURN *** [8d 5d 8h] [Kd]
Ag3r0n: checks
Bitte1: bets $6
Ag3r0n: raises $6 to $12
Bitte1: raises $6 to $18
Ag3r0n: raises $6 to $24
Betting is capped
Bitte1: calls $6
*** RIVER *** [8d 5d 8h Kd] [5c]
Ag3r0n: bets $6
Bitte1: calls $6
*** SHOW DOWN ***
Ag3r0n: shows [Kh Ks] (a full house, Kings full of Eights)
Bitte1: mucks hand
Ag3r0n collected $89.50 from pot
*** SUMMARY ***
Total pot $90 | Rake $0.50
Board [8d 5d 8h Kd 5c]
Seat 1: Bitte1 (button) (small blind) mucked
Seat 3: Ag3r0n (big blind) showed [Kh Ks] and won ($89.50) with a full house, Kings full of Eights


PokerStars Hand #176310966704:  Hold'em Limit ($3/$6 USD) - 2017/09/30 11:19:20 ET
Table 'Aeria' 6-max Seat #3 is the button
Seat 1: Bitte1 ($125.76 in chips)
Seat 3: Ag3r0n ($72 in chips)
Ag3r0n: posts small blind $1
Bitte1: posts big blind $3
*** HOLE CARDS ***
Ag3r0n: raises $3 to $6
Bitte1: folds
Uncalled bet ($3) returned to Ag3r0n
Ag3r0n collected $6 from pot
Ag3r0n: doesn't show hand
*** SUMMARY ***
Total pot $6 | Rake $0
Seat 1: Bitte1 (big blind) folded before Flop
Seat 3: Ag3r0n (button) (small blind) collected ($6)


PokerStars Hand #176311014036:  Hold'em Limit ($3/$6 USD) - 2017/09/30 11:20:37 ET
Table 'Aeria' 6-max Seat #3 is the button
Seat 1: Bitte1 ($67.76 in chips)
Seat 3: Ag3r0n ($129.14 in chips)
Ag3r0n: posts small blind $1
Bitte1: posts big blind $3
*** HOLE CARDS ***
Ag3r0n: raises $3 to $6
Bitte1: calls $3
*** FLOP *** [As 5s 7s]
Bitte1: checks
Ag3r0n: bets $3
Bitte1: calls $3
*** TURN *** [As 5s 7s] [5h]
Bitte1: checks
Ag3r0n: bets $6
Bitte1: calls $6
*** RIVER *** [As 5s 7s 5h] [Kh]
Bitte1: checks
Ag3r0n: checks
*** SHOW DOWN ***
Bitte1: shows [7c 4d] (two pair, Sevens and Fives)
Ag3r0n: shows [9c 7d] (two pair, Sevens and Fives)
Bitte1 collected $14.75 from pot
Ag3r0n collected $14.75 from pot
*** SUMMARY ***
Total pot $30 | Rake $0.50
Board [As 5s 7s 5h Kh]
Seat 1: Bitte1 (big blind) showed [7c 4d] and won ($14.75) with two pair, Sevens and Fives
Seat 3: Ag3r0n (button) (small blind) showed [9c 7d] and won ($14.75) with two pair, Sevens and Fives


PokerStars Hand #176311009363:  Hold'em Limit ($3/$6 USD) - 2017/09/30 11:20:30 ET
Table 'Aeria' 6-max Seat #1 is the button
Seat 1: Bitte1 ($68.76 in chips)
Seat 3: Ag3r0n ($128.14 in chips)
Bitte1: posts small blind $1
Ag3r0n: posts big blind $3
*** HOLE CARDS ***
Bitte1: folds
Uncalled bet ($2) returned to Ag3r0n
Ag3r0n collected $2 from pot
Ag3r0n: doesn't show hand
*** SUMMARY ***
Total pot $2 | Rake $0
Seat 1: Bitte1 (button) (small blind) folded before Flop
Seat 3: Ag3r0n (big blind) collected ($2)


PokerStars Hand #176310991672:  Hold'em Limit ($3/$6 USD) - 2017/09/30 11:20:01 ET
Table 'Aeria' 6-max Seat #3 is the button
Seat 1: Bitte1 ($77.76 in chips)
Seat 3: Ag3r0n ($119.50 in chips)
Ag3r0n: posts small blind $1
Bitte1: posts big blind $3
*** HOLE CARDS ***
Ag3r0n: raises $3 to $6
Bitte1: calls $3
*** FLOP *** [2h 4s 8d]
Bitte1: checks
Ag3r0n: bets $3
Bitte1: calls $3
*** TURN *** [2h 4s 8d] [Jd]
Bitte1: checks
Ag3r0n: bets $6
Bitte1: folds
Uncalled bet ($6) returned to Ag3r0n
Ag3r0n collected $17.64 from pot
Ag3r0n: doesn't show hand
*** SUMMARY ***
Total pot $18 | Rake $0.36
Board [2h 4s 8d Jd]
Seat 1: Bitte1 (big blind) folded on the Turn
Seat 3: Ag3r0n (button) (small blind) collected ($17.64)


PokerStars Hand #176311076539:  Hold'em Limit ($3/$6 USD) - 2017/09/30 11:22:19 ET
Table 'Aeria' 6-max Seat #3 is the button
Seat 1: Bitte1 ($41.51 in chips)
Seat 3: Ag3r0n ($154.03 in chips)
Ag3r0n: posts small blind $1
Bitte1: posts big blind $3
*** HOLE CARDS ***
Ag3r0n: folds
Uncalled bet ($2) returned to Bitte1
Bitte1 collected $2 from pot
Bitte1: doesn't show hand
*** SUMMARY ***
Total pot $2 | Rake $0
Seat 1: Bitte1 (big blind) collected ($2)
Seat 3: Ag3r0n (button) (small blind) folded before Flop


PokerStars Hand #176311068691:  Hold'em Limit ($3/$6 USD) - 2017/09/30 11:22:07 ET
Table 'Aeria' 6-max Seat #1 is the button
Seat 1: Bitte1 ($47.51 in chips)
Seat 3: Ag3r0n ($148.27 in chips)
Bitte1: posts small blind $1
Ag3r0n: posts big blind $3
*** HOLE CARDS ***
Bitte1: calls $2
Ag3r0n: raises $3 to $6
Bitte1: calls $3
*** FLOP *** [Qh Jh 6h]
Ag3r0n: bets $3
Bitte1: folds
Uncalled bet ($3) returned to Ag3r0n
Ag3r0n collected $11.76 from pot
Ag3r0n: doesn't show hand
*** SUMMARY ***
Total pot $12 | Rake $0.24
Board [Qh Jh 6h]
Seat 1: Bitte1 (button) (small blind) folded on the Flop
Seat 3: Ag3r0n (big blind) collected ($11.76)


PokerStars Hand #176311054731:  Hold'em Limit ($3/$6 USD) - 2017/09/30 11:21:43 ET
Table 'Aeria' 6-max Seat #3 is the button
Seat 1: Bitte1 ($68.51 in chips)
Seat 3: Ag3r0n ($127.77 in chips)
Ag3r0n: posts small blind $1
Bitte1: posts big blind $3
*** HOLE CARDS ***
Ag3r0n: raises $3 to $6
Bitte1: calls $3
*** FLOP *** [9h 5d Jc]
Bitte1: bets $3
Ag3r0n: calls $3
*** TURN *** [9h 5d Jc] [8s]
Bitte1: bets $6
Ag3r0n: calls $6
*** RIVER *** [9h 5d Jc 8s] [9s]
Bitte1: checks
Ag3r0n: bets $6
Bitte1: calls $6
*** SHOW DOWN ***
Ag3r0n: shows [Ad As] (two pair, Aces and Nines)
Bitte1: mucks hand
Ag3r0n collected $41.50 from pot
*** SUMMARY ***
Total pot $42 | Rake $0.50
Board [9h 5d Jc 8s 9s]
Seat 1: Bitte1 (big blind) mucked
Seat 3: Ag3r0n (button) (small blind) showed [Ad As] and won ($41.50) with two pair, Aces and Nines


PokerStars Hand #176311048678:  Hold'em Limit ($3/$6 USD) - 2017/09/30 11:21:34 ET
Table 'Aeria' 6-max Seat #1 is the button
Seat 1: Bitte1 ($71.51 in chips)
Seat 3: Ag3r0n ($124.89 in chips)
Bitte1: posts small blind $1
Ag3r0n: posts big blind $3
*** HOLE CARDS ***
Bitte1: calls $2
Ag3r0n: checks
*** FLOP *** [2d Kh 3h]
Ag3r0n: bets $3
Bitte1: folds
Uncalled bet ($3) returned to Ag3r0n
Ag3r0n collected $5.88 from pot
Ag3r0n: doesn't show hand
*** SUMMARY ***
Total pot $6 | Rake $0.12
Board [2d Kh 3h]
Seat 1: Bitte1 (button) (small blind) folded on the Flop
Seat 3: Ag3r0n (big blind) collected ($5.88)


PokerStars Hand #176311045936:  Hold'em Limit ($3/$6 USD) - 2017/09/30 11:21:29 ET
Table 'Aeria' 6-max Seat #3 is the button
Seat 1: Bitte1 ($70.51 in chips)
Seat 3: Ag3r0n ($125.89 in chips)
Ag3r0n: posts small blind $1
Bitte1: posts big blind $3
*** HOLE CARDS ***
Ag3r0n: folds
Uncalled bet ($2) returned to Bitte1
Bitte1 collected $2 from pot
Bitte1: doesn't show hand
*** SUMMARY ***
Total pot $2 | Rake $0
Seat 1: Bitte1 (big blind) collected ($2)
Seat 3: Ag3r0n (button) (small blind) folded before Flop


PokerStars Hand #176311039700:  Hold'em Limit ($3/$6 USD) - 2017/09/30 11:21:19 ET
Table 'Aeria' 6-max Seat #1 is the button
Seat 1: Bitte1 ($67.51 in chips)
Seat 3: Ag3r0n ($128.89 in chips)
Bitte1: posts small blind $1
Ag3r0n: posts big blind $3
*** HOLE CARDS ***
Bitte1: raises $3 to $6
Ag3r0n: folds
Uncalled bet ($3) returned to Bitte1
Bitte1 collected $6 from pot
Bitte1: doesn't show hand
*** SUMMARY ***
Total pot $6 | Rake $0
Seat 1: Bitte1 (button) (small blind) collected ($6)
Seat 3: Ag3r0n (big blind) folded before Flop


PokerStars Hand #176311087129:  Hold'em Limit ($3/$6 USD) - 2017/09/30 11:22:37 ET
Table 'Aeria' 6-max Seat #1 is the button
Seat 1: Bitte1 ($46.51 in chips)
Seat 3: Ag3r0n ($149.03 in chips)
Bitte1: posts small blind $1
Ag3r0n: posts big blind $3
*** HOLE CARDS ***
Bitte1: calls $2
Ag3r0n: checks
*** FLOP *** [Qh Th 8c]
Ag3r0n: checks
Bitte1: checks
*** TURN *** [Qh Th 8c] [Ks]
Ag3r0n: checks
Bitte1: checks
*** RIVER *** [Qh Th 8c Ks] [Qs]
Ag3r0n: bets $6
Bitte1: folds
Uncalled bet ($6) returned to Ag3r0n
Ag3r0n collected $5.88 from pot
Ag3r0n: doesn't show hand
*** SUMMARY ***
Total pot $6 | Rake $0.12
Board [Qh Th 8c Ks Qs]
Seat 1: Bitte1 (button) (small blind) folded on the River
Seat 3: Ag3r0n (big blind) collected ($5.88)


PokerStars Hand #176311084428:  Hold'em Limit ($3/$6 USD) - 2017/09/30 11:22:33 ET
Table 'Aeria' 6-max Seat #3 is the button
Seat 1: Bitte1 ($45.51 in chips)
Seat 3: Ag3r0n ($150.03 in chips)
Ag3r0n: posts small blind $1
Bitte1: posts big blind $3
*** HOLE CARDS ***
Ag3r0n: folds
Uncalled bet ($2) returned to Bitte1
Bitte1 collected $2 from pot
Bitte1: doesn't show hand
*** SUMMARY ***
Total pot $2 | Rake $0
Seat 1: Bitte1 (big blind) collected ($2)
Seat 3: Ag3r0n (button) (small blind) folded before Flop


PokerStars Hand #176311079489:  Hold'em Limit ($3/$6 USD) - 2017/09/30 11:22:24 ET
Table 'Aeria' 6-max Seat #1 is the button
Seat 1: Bitte1 ($42.51 in chips)
Seat 3: Ag3r0n ($153.03 in chips)
Bitte1: posts small blind $1
Ag3r0n: posts big blind $3
*** HOLE CARDS ***
Bitte1: raises $3 to $6
Ag3r0n: folds
Uncalled bet ($3) returned to Bitte1
Bitte1 collected $6 from pot
Bitte1: doesn't show hand
*** SUMMARY ***
Total pot $6 | Rake $0
Seat 1: Bitte1 (button) (small blind) collected ($6)
Seat 3: Ag3r0n (big blind) folded before Flop


PokerStars Hand #176311127996:  Hold'em Limit ($3/$6 USD) - 2017/09/30 11:23:44 ET
Table 'Aeria' 6-max Seat #3 is the button
Seat 1: Bitte1 ($75.65 in chips)
Seat 3: Ag3r0n ($118.91 in chips)
Ag3r0n: posts small blind $1
Bitte1: posts big blind $3
*** HOLE CARDS ***
Ag3r0n: raises $3 to $6
Bitte1: calls $3
*** FLOP *** [9c Td Kh]
Bitte1: checks
Ag3r0n: bets $3
Bitte1: calls $3
*** TURN *** [9c Td Kh] [3c]
Bitte1: checks
Ag3r0n: bets $6
Bitte1: calls $6
*** RIVER *** [9c Td Kh 3c] [2c]
Bitte1: bets $6
Ag3r0n: calls $6
*** SHOW DOWN ***
Bitte1: shows [8c 4c] (a flush, Nine high)
Ag3r0n: mucks hand
Bitte1 collected $41.50 from pot
*** SUMMARY ***
Total pot $42 | Rake $0.50
Board [9c Td Kh 3c 2c]
Seat 1: Bitte1 (big blind) showed [8c 4c] and won ($41.50) with a flush, Nine high
Seat 3: Ag3r0n (button) (small blind) mucked


PokerStars Hand #176311119605:  Hold'em Limit ($3/$6 USD) - 2017/09/30 11:23:30 ET
Table 'Aeria' 6-max Seat #1 is the button
Seat 1: Bitte1 ($67.01 in chips)
Seat 3: Ag3r0n ($127.91 in chips)
Bitte1: posts small blind $1
Ag3r0n: posts big blind $3
*** HOLE CARDS ***
Bitte1: raises $3 to $6
Ag3r0n: calls $3
*** FLOP *** [As 4s 6s]
Ag3r0n: bets $3
Bitte1: raises $3 to $6
Ag3r0n: folds
Uncalled bet ($3) returned to Bitte1
Bitte1 collected $17.64 from pot
Bitte1: doesn't show hand
*** SUMMARY ***
Total pot $18 | Rake $0.36
Board [As 4s 6s]
Seat 1: Bitte1 (button) (small blind) collected ($17.64)
Seat 3: Ag3r0n (big blind) folded on the Flop


PokerStars Hand #176311103702:  Hold'em Limit ($3/$6 USD) - 2017/09/30 11:23:04 ET
Table 'Aeria' 6-max Seat #3 is the button
Seat 1: Bitte1 ($43.51 in chips)
Seat 3: Ag3r0n ($151.91 in chips)
Ag3r0n: posts small blind $1
Bitte1: posts big blind $3
*** HOLE CARDS ***
Ag3r0n: raises $3 to $6
Bitte1: raises $3 to $9
Ag3r0n: calls $3
*** FLOP *** [Ad 4c 3s]
Bitte1: bets $3
Ag3r0n: calls $3
*** TURN *** [Ad 4c 3s] [Td]
Bitte1: bets $6
Ag3r0n: calls $6
*** RIVER *** [Ad 4c 3s Td] [6h]
Bitte1: bets $6
Ag3r0n: calls $6
*** SHOW DOWN ***
Bitte1: shows [As 7s] (a pair of Aces)
Ag3r0n: mucks hand
Bitte1 collected $47.50 from pot
*** SUMMARY ***
Total pot $48 | Rake $0.50
Board [Ad 4c 3s Td 6h]
Seat 1: Bitte1 (big blind) showed [As 7s] and won ($47.50) with a pair of Aces
Seat 3: Ag3r0n (button) (small blind) mucked


PokerStars Hand #176311182127:  Hold'em Limit ($3/$6 USD) - 2017/09/30 11:25:13 ET
Table 'Aeria' 6-max Seat #3 is the button
Seat 1: Bitte1 ($113.65 in chips)
Seat 3: Ag3r0n ($79.43 in chips)
Ag3r0n: posts small blind $1
Bitte1: posts big blind $3
*** HOLE CARDS ***
Ag3r0n: raises $3 to $6
Bitte1: folds
Uncalled bet ($3) returned to Ag3r0n
Ag3r0n collected $6 from pot
Ag3r0n: doesn't show hand
*** SUMMARY ***
Total pot $6 | Rake $0
Seat 1: Bitte1 (big blind) folded before Flop
Seat 3: Ag3r0n (button) (small blind) collected ($6)


PokerStars Hand #176311167060:  Hold'em Limit ($3/$6 USD) - 2017/09/30 11:24:48 ET
Table 'Aeria' 6-max Seat #1 is the button
Seat 1: Bitte1 ($81.15 in chips)
Seat 3: Ag3r0n ($112.43 in chips)
Bitte1: posts small blind $1
Ag3r0n: posts big blind $3
*** HOLE CARDS ***
Bitte1: raises $3 to $6
Ag3r0n: calls $3
*** FLOP *** [8d 3d Td]
Ag3r0n: checks
Bitte1: bets $3
Ag3r0n: calls $3
*** TURN *** [8d 3d Td] [Qc]
Ag3r0n: checks
Bitte1: bets $6
Ag3r0n: raises $6 to $12
Bitte1: raises $6 to $18
Ag3r0n: calls $6
*** RIVER *** [8d 3d Td Qc] [2h]
Ag3r0n: checks
Bitte1: bets $6
Ag3r0n: calls $6
*** SHOW DOWN ***
Bitte1: shows [7d 9d] (a flush, Ten high)
Ag3r0n: mucks hand
Bitte1 collected $65.50 from pot
*** SUMMARY ***
Total pot $66 | Rake $0.50
Board [8d 3d Td Qc 2h]
Seat 1: Bitte1 (button) (small blind) showed [7d 9d] and won ($65.50) with a flush, Ten high
Seat 3: Ag3r0n (big blind) mucked


PokerStars Hand #176311155328:  Hold'em Limit ($3/$6 USD) - 2017/09/30 11:24:29 ET
Table 'Aeria' 6-max Seat #3 is the button
Seat 1: Bitte1 ($84.15 in chips)
Seat 3: Ag3r0n ($109.43 in chips)
Ag3r0n: posts small blind $1
Bitte1: posts big blind $3
*** HOLE CARDS ***
Ag3r0n: raises $3 to $6
Bitte1: folds
Uncalled bet ($3) returned to Ag3r0n
Ag3r0n collected $6 from pot
Ag3r0n: doesn't show hand
*** SUMMARY ***
Total pot $6 | Rake $0
Seat 1: Bitte1 (big blind) folded before Flop
Seat 3: Ag3r0n (button) (small blind) collected ($6)


PokerStars Hand #176311141014:  Hold'em Limit ($3/$6 USD) - 2017/09/30 11:24:05 ET
Table 'Aeria' 6-max Seat #1 is the button
Seat 1: Bitte1 ($96.15 in chips)
Seat 3: Ag3r0n ($97.91 in chips)
Bitte1: posts small blind $1
Ag3r0n: posts big blind $3
*** HOLE CARDS ***
Bitte1: raises $3 to $6
Ag3r0n: calls $3
*** FLOP *** [Kh Qc 3s]
Ag3r0n: checks
Bitte1: bets $3
Ag3r0n: raises $3 to $6
Bitte1: calls $3
*** TURN *** [Kh Qc 3s] [Qh]
Ag3r0n: bets $6
Bitte1: folds
Uncalled bet ($6) returned to Ag3r0n
Ag3r0n collected $23.52 from pot
Ag3r0n: doesn't show hand
*** SUMMARY ***
Total pot $24 | Rake $0.48
Board [Kh Qc 3s Qh]
Seat 1: Bitte1 (button) (small blind) folded on the Turn
Seat 3: Ag3r0n (big blind) collected ($23.52)


PokerStars Hand #176311207327:  Hold'em Limit ($3/$6 USD) - 2017/09/30 11:25:54 ET
Table 'Aeria' 6-max Seat #1 is the button
Seat 1: Bitte1 ($114.53 in chips)
Seat 3: Ag3r0n ($78.43 in chips)
Bitte1: posts small blind $1
Ag3r0n: posts big blind $3
*** HOLE CARDS ***
Bitte1: calls $2
Ag3r0n: checks
*** FLOP *** [4d 5h Ad]
Ag3r0n: bets $3
Bitte1: raises $3 to $6
Ag3r0n: calls $3
*** TURN *** [4d 5h Ad] [Td]
Ag3r0n: checks
Bitte1: bets $6
Ag3r0n: calls $6
*** RIVER *** [4d 5h Ad Td] [Kc]
Ag3r0n: checks
Bitte1: bets $6
Ag3r0n: calls $6
*** SHOW DOWN ***
Bitte1: shows [Ac 6d] (a pair of Aces)
Ag3r0n: mucks hand
Bitte1 collected $41.50 from pot
*** SUMMARY ***
Total pot $42 | Rake $0.50
Board [4d 5h Ad Td Kc]
Seat 1: Bitte1 (button) (small blind) showed [Ac 6d] and won ($41.50) with a pair of Aces
Seat 3: Ag3r0n (big blind) mucked


PokerStars Hand #176311204375:  Hold'em Limit ($3/$6 USD) - 2017/09/30 11:25:49 ET
Table 'Aeria' 6-max Seat #3 is the button
Seat 1: Bitte1 ($113.53 in chips)
Seat 3: Ag3r0n ($79.43 in chips)
Ag3r0n: posts small blind $1
Bitte1: posts big blind $3
*** HOLE CARDS ***
Ag3r0n: folds
Uncalled bet ($2) returned to Bitte1
Bitte1 collected $2 from pot
Bitte1: doesn't show hand
*** SUMMARY ***
Total pot $2 | Rake $0
Seat 1: Bitte1 (big blind) collected ($2)
Seat 3: Ag3r0n (button) (small blind) folded before Flop


PokerStars Hand #176311187409:  Hold'em Limit ($3/$6 USD) - 2017/09/30 11:25:22 ET
Table 'Aeria' 6-max Seat #1 is the button
Seat 1: Bitte1 ($110.65 in chips)
Seat 3: Ag3r0n ($82.43 in chips)
Bitte1: posts small blind $1
Ag3r0n: posts big blind $3
*** HOLE CARDS ***
Bitte1: calls $2
Ag3r0n: checks
*** FLOP *** [Tc Kd 8c]
Ag3r0n: checks
Bitte1: checks
*** TURN *** [Tc Kd 8c] [6c]
Ag3r0n: checks
Bitte1: bets $6
Ag3r0n: folds
Uncalled bet ($6) returned to Bitte1
Bitte1 collected $5.88 from pot
Bitte1: doesn't show hand
*** SUMMARY ***
Total pot $6 | Rake $0.12
Board [Tc Kd 8c 6c]
Seat 1: Bitte1 (button) (small blind) collected ($5.88)
Seat 3: Ag3r0n (big blind) folded on the Turn


PokerStars Hand #176311244137:  Hold'em Limit ($3/$6 USD) - 2017/09/30 11:26:55 ET
Table 'Aeria' 6-max Seat #3 is the button
Seat 1: Bitte1 ($110.03 in chips)
Seat 3: Ag3r0n ($96.50 in chips)
Ag3r0n: posts small blind $1
Bitte1: posts big blind $3
*** HOLE CARDS ***
Ag3r0n: raises $3 to $6
Bitte1: calls $3
*** FLOP *** [7h Ks 7c]
Bitte1: checks
Ag3r0n: bets $3
Bitte1: folds
Uncalled bet ($3) returned to Ag3r0n
Ag3r0n collected $11.76 from pot
Ag3r0n: doesn't show hand
*** SUMMARY ***
Total pot $12 | Rake $0.24
Board [7h Ks 7c]
Seat 1: Bitte1 (big blind) folded on the Flop
Seat 3: Ag3r0n (button) (small blind) collected ($11.76)


PokerStars Hand #176311240988:  Hold'em Limit ($3/$6 USD) - 2017/09/30 11:26:49 ET
Table 'Aeria' 6-max Seat #1 is the button
Seat 1: Bitte1 ($111.03 in chips)
Seat 3: Ag3r0n ($95.50 in chips)
Bitte1: posts small blind $1
Ag3r0n: posts big blind $3
*** HOLE CARDS ***
Bitte1: folds
Uncalled bet ($2) returned to Ag3r0n
Ag3r0n collected $2 from pot
Ag3r0n: doesn't show hand
*** SUMMARY ***
Total pot $2 | Rake $0
Seat 1: Bitte1 (button) (small blind) folded before Flop
Seat 3: Ag3r0n (big blind) collected ($2)


PokerStars Hand #176311222985:  Hold'em Limit ($3/$6 USD) - 2017/09/30 11:26:20 ET
Table 'Aeria' 6-max Seat #3 is the button
Seat 1: Bitte1 ($135.03 in chips)
Seat 3: Ag3r0n ($72 in chips)
Ag3r0n: posts small blind $1
Bitte1: posts big blind $3
*** HOLE CARDS ***
Ag3r0n: raises $3 to $6
Bitte1: raises $3 to $9
Ag3r0n: calls $3
*** FLOP *** [9s 4s 2c]
Bitte1: checks
Ag3r0n: bets $3
Bitte1: calls $3
*** TURN *** [9s 4s 2c] [8h]
Bitte1: checks
Ag3r0n: bets $6
Bitte1: calls $6
*** RIVER *** [9s 4s 2c 8h] [9c]
Bitte1: checks
Ag3r0n: bets $6
Bitte1: calls $6
*** SHOW DOWN ***
Ag3r0n: shows [As Ah] (two pair, Aces and Nines)
Bitte1: mucks hand
Ag3r0n collected $47.50 from pot
*** SUMMARY ***
Total pot $48 | Rake $0.50
Board [9s 4s 2c 8h 9c]
Seat 1: Bitte1 (big blind) mucked
Seat 3: Ag3r0n (button) (small blind) showed [As Ah] and won ($47.50) with two pair, Aces and Nines


PokerStars Hand #176311259696:  Hold'em Limit ($3/$6 USD) - 2017/09/30 11:27:20 ET
Table 'Aeria' 6-max Seat #1 is the button
Seat 1: Bitte1 ($104.03 in chips)
Seat 3: Ag3r0n ($102.26 in chips)
Bitte1: posts small blind $1
Ag3r0n: posts big blind $3
*** HOLE CARDS ***
Bitte1: calls $2
Ag3r0n: raises $3 to $6
Bitte1: calls $3
*** FLOP *** [6h 2c 2d]
Ag3r0n: bets $3
Bitte1: raises $3 to $6
Ag3r0n: calls $3
*** TURN *** [6h 2c 2d] [Th]
Ag3r0n: bets $6
Bitte1: raises $6 to $12
Ag3r0n: calls $6
*** RIVER *** [6h 2c 2d Th] [3s]
Ag3r0n: checks
Bitte1: bets $6
Ag3r0n: calls $6
*** SHOW DOWN ***
Bitte1: shows [2s 6s] (a full house, Deuces full of Sixes)
Ag3r0n: mucks hand
Bitte1 collected $59.50 from pot
*** SUMMARY ***
Total pot $60 | Rake $0.50
Board [6h 2c 2d Th 3s]
Seat 1: Bitte1 (button) (small blind) showed [2s 6s] and won ($59.50) with a full house, Deuces full of Sixes
Seat 3: Ag3r0n (big blind) mucked


PokerStars Hand #176311317215:  Hold'em Limit ($3/$6 USD) - 2017/09/30 11:28:55 ET
Table 'Aeria' 6-max Seat #1 is the button
Seat 1: Bitte1 ($131.53 in chips)
Seat 3: Ag3r0n ($74.02 in chips)
Bitte1: posts small blind $1
Ag3r0n: posts big blind $3
*** HOLE CARDS ***
Bitte1: calls $2
Ag3r0n: raises $3 to $6
Bitte1: calls $3
*** FLOP *** [4d 8d 3h]
Ag3r0n: bets $3
Bitte1: calls $3
*** TURN *** [4d 8d 3h] [7h]
Ag3r0n: checks
Bitte1: checks
*** RIVER *** [4d 8d 3h 7h] [Kh]
Ag3r0n: checks
Bitte1: bets $6
Ag3r0n: folds
Uncalled bet ($6) returned to Bitte1
Bitte1 collected $17.64 from pot
Bitte1: doesn't show hand
*** SUMMARY ***
Total pot $18 | Rake $0.36
Board [4d 8d 3h 7h Kh]
Seat 1: Bitte1 (button) (small blind) collected ($17.64)
Seat 3: Ag3r0n (big blind) folded on the River


PokerStars Hand #176311313452:  Hold'em Limit ($3/$6 USD) - 2017/09/30 11:28:49 ET
Table 'Aeria' 6-max Seat #3 is the button
Seat 1: Bitte1 ($130.53 in chips)
Seat 3: Ag3r0n ($75.02 in chips)
Ag3r0n: posts small blind $1
Bitte1: posts big blind $3
*** HOLE CARDS ***
Ag3r0n: folds
Uncalled bet ($2) returned to Bitte1
Bitte1 collected $2 from pot
Bitte1: doesn't show hand
*** SUMMARY ***
Total pot $2 | Rake $0
Seat 1: Bitte1 (big blind) collected ($2)
Seat 3: Ag3r0n (button) (small blind) folded before Flop


PokerStars Hand #176311306403:  Hold'em Limit ($3/$6 USD) - 2017/09/30 11:28:38 ET
Table 'Aeria' 6-max Seat #1 is the button
Seat 1: Bitte1 ($127.53 in chips)
Seat 3: Ag3r0n ($78.02 in chips)
Bitte1: posts small blind $1
Ag3r0n: posts big blind $3
*** HOLE CARDS ***
Bitte1: raises $3 to $6
Ag3r0n: folds
Uncalled bet ($3) returned to Bitte1
Bitte1 collected $6 from pot
Bitte1: doesn't show hand
*** SUMMARY ***
Total pot $6 | Rake $0
Seat 1: Bitte1 (button) (small blind) collected ($6)
Seat 3: Ag3r0n (big blind) folded before Flop


PokerStars Hand #176311303661:  Hold'em Limit ($3/$6 USD) - 2017/09/30 11:28:33 ET
Table 'Aeria' 6-max Seat #3 is the button
Seat 1: Bitte1 ($126.53 in chips)
Seat 3: Ag3r0n ($79.02 in chips)
Ag3r0n: posts small blind $1
Bitte1: posts big blind $3
*** HOLE CARDS ***
Ag3r0n: folds
Uncalled bet ($2) returned to Bitte1
Bitte1 collected $2 from pot
Bitte1: doesn't show hand
*** SUMMARY ***
Total pot $2 | Rake $0
Seat 1: Bitte1 (big blind) collected ($2)
Seat 3: Ag3r0n (button) (small blind) folded before Flop


PokerStars Hand #176311300488:  Hold'em Limit ($3/$6 USD) - 2017/09/30 11:28:28 ET
Table 'Aeria' 6-max Seat #1 is the button
Seat 1: Bitte1 ($127.53 in chips)
Seat 3: Ag3r0n ($78.02 in chips)
Bitte1: posts small blind $1
Ag3r0n: posts big blind $3
*** HOLE CARDS ***
Bitte1: folds
Uncalled bet ($2) returned to Ag3r0n
Ag3r0n collected $2 from pot
Ag3r0n: doesn't show hand
*** SUMMARY ***
Total pot $2 | Rake $0
Seat 1: Bitte1 (button) (small blind) folded before Flop
Seat 3: Ag3r0n (big blind) collected ($2)


PokerStars Hand #176311292297:  Hold'em Limit ($3/$6 USD) - 2017/09/30 11:28:15 ET
Table 'Aeria' 6-max Seat #3 is the button
Seat 1: Bitte1 ($133.53 in chips)
Seat 3: Ag3r0n ($72.26 in chips)
Ag3r0n: posts small blind $1
Bitte1: posts big blind $3
*** HOLE CARDS ***
Ag3r0n: raises $3 to $6
Bitte1: calls $3
*** FLOP *** [3c Jc 3d]
Bitte1: checks
Ag3r0n: bets $3
Bitte1: folds
Uncalled bet ($3) returned to Ag3r0n
Ag3r0n collected $11.76 from pot
Ag3r0n: doesn't show hand
*** SUMMARY ***
Total pot $12 | Rake $0.24
Board [3c Jc 3d]
Seat 1: Bitte1 (big blind) folded on the Flop
Seat 3: Ag3r0n (button) (small blind) collected ($11.76)


PokerStars Hand #176311360309:  Hold'em Limit ($3/$6 USD) - 2017/09/30 11:30:07 ET
Table 'Aeria' 6-max Seat #3 is the button
Seat 1: Bitte1 ($126.17 in chips)
Seat 3: Ag3r0n ($85.64 in chips)
Ag3r0n: posts small blind $1
Bitte1: posts big blind $3
*** HOLE CARDS ***
Ag3r0n: raises $3 to $6
Bitte1: calls $3
*** FLOP *** [9d 8c 3s]
Bitte1: bets $3
Ag3r0n: calls $3
*** TURN *** [9d 8c 3s] [3d]
Bitte1: bets $6
Ag3r0n: folds
Uncalled bet ($6) returned to Bitte1
Bitte1 collected $17.64 from pot
vestimokrec joins the table at seat #2
Bitte1: doesn't show hand
*** SUMMARY ***
Total pot $18 | Rake $0.36
Board [9d 8c 3s 3d]
Seat 1: Bitte1 (big blind) collected ($17.64)
Seat 3: Ag3r0n (button) (small blind) folded on the Turn


PokerStars Hand #176311357339:  Hold'em Limit ($3/$6 USD) - 2017/09/30 11:30:02 ET
Table 'Aeria' 6-max Seat #1 is the button
Seat 1: Bitte1 ($127.17 in chips)
Seat 3: Ag3r0n ($84.64 in chips)
Bitte1: posts small blind $1
Ag3r0n: posts big blind $3
*** HOLE CARDS ***
Bitte1: folds
Uncalled bet ($2) returned to Ag3r0n
Ag3r0n collected $2 from pot
Ag3r0n: doesn't show hand
*** SUMMARY ***
Total pot $2 | Rake $0
Seat 1: Bitte1 (button) (small blind) folded before Flop
Seat 3: Ag3r0n (big blind) collected ($2)


PokerStars Hand #176311345337:  Hold'em Limit ($3/$6 USD) - 2017/09/30 11:29:42 ET
Table 'Aeria' 6-max Seat #3 is the button
Seat 1: Bitte1 ($136.17 in chips)
Seat 3: Ag3r0n ($76 in chips)
Ag3r0n: posts small blind $1
Bitte1: posts big blind $3
*** HOLE CARDS ***
Ag3r0n: raises $3 to $6
Bitte1: calls $3
*** FLOP *** [7h Jc 5d]
Bitte1: checks
Ag3r0n: bets $3
Bitte1: calls $3
*** TURN *** [7h Jc 5d] [3d]
Bitte1: checks
Ag3r0n: checks
*** RIVER *** [7h Jc 5d 3d] [9d]
Bitte1: checks
Ag3r0n: checks
*** SHOW DOWN ***
Bitte1: shows [Qd 8h] (high card Queen)
Ag3r0n: shows [4s 3s] (a pair of Threes)
Ag3r0n collected $17.64 from pot
*** SUMMARY ***
Total pot $18 | Rake $0.36
Board [7h Jc 5d 3d 9d]
Seat 1: Bitte1 (big blind) showed [Qd 8h] and lost with high card Queen
Seat 3: Ag3r0n (button) (small blind) showed [4s 3s] and won ($17.64) with a pair of Threes


PokerStars Hand #176311340846:  Hold'em Limit ($3/$6 USD) - 2017/09/30 11:29:35 ET
Table 'Aeria' 6-max Seat #1 is the button
Seat 1: Bitte1 ($137.17 in chips)
Seat 3: Ag3r0n ($75 in chips)
Bitte1: posts small blind $1
Ag3r0n: posts big blind $3
*** HOLE CARDS ***
Bitte1: folds
Uncalled bet ($2) returned to Ag3r0n
Ag3r0n collected $2 from pot
Ag3r0n: doesn't show hand
*** SUMMARY ***
Total pot $2 | Rake $0
Seat 1: Bitte1 (button) (small blind) folded before Flop
Seat 3: Ag3r0n (big blind) collected ($2)


PokerStars Hand #176311336255:  Hold'em Limit ($3/$6 USD) - 2017/09/30 11:29:27 ET
Table 'Aeria' 6-max Seat #3 is the button
Seat 1: Bitte1 ($140.17 in chips)
Seat 3: Ag3r0n ($72 in chips)
Ag3r0n: posts small blind $1
Bitte1: posts big blind $3
*** HOLE CARDS ***
Ag3r0n: raises $3 to $6
Bitte1: folds
Uncalled bet ($3) returned to Ag3r0n
Ag3r0n collected $6 from pot
Ag3r0n: doesn't show hand
*** SUMMARY ***
Total pot $6 | Rake $0
Seat 1: Bitte1 (big blind) folded before Flop
Seat 3: Ag3r0n (button) (small blind) collected ($6)


PokerStars Hand #176311439095:  Hold'em Limit ($3/$6 USD) - 2017/09/30 11:32:17 ET
Table 'Aeria' 6-max Seat #2 is the button
Seat 1: Bitte1 ($147.95 in chips)
Seat 2: vestimokrec ($104.86 in chips)
vestimokrec: posts small blind $1
Bitte1: posts big blind $3
*** HOLE CARDS ***
vestimokrec: raises $3 to $6
Bitte1: folds
Uncalled bet ($3) returned to vestimokrec
vestimokrec collected $6 from pot
vestimokrec: doesn't show hand
*** SUMMARY ***
Total pot $6 | Rake $0
Seat 1: Bitte1 (big blind) folded before Flop
Seat 2: vestimokrec (button) (small blind) collected ($6)


PokerStars Hand #176311422450:  Hold'em Limit ($3/$6 USD) - 2017/09/30 11:31:49 ET
Table 'Aeria' 6-max Seat #1 is the button
Seat 1: Bitte1 ($121.45 in chips)
Seat 2: vestimokrec ($131.86 in chips)
Bitte1: posts small blind $1
vestimokrec: posts big blind $3
*** HOLE CARDS ***
Bitte1: raises $3 to $6
vestimokrec: calls $3
*** FLOP *** [8h 2d Jc]
vestimokrec: checks
Bitte1: bets $3
vestimokrec: raises $3 to $6
Bitte1: raises $3 to $9
vestimokrec: calls $3
*** TURN *** [8h 2d Jc] [3c]
vestimokrec: checks
Bitte1: bets $6
vestimokrec: calls $6
*** RIVER *** [8h 2d Jc 3c] [Js]
vestimokrec: checks
Bitte1: bets $6
vestimokrec: calls $6
*** SHOW DOWN ***
Bitte1: shows [As Jd] (three of a kind, Jacks)
vestimokrec: mucks hand
Bitte1 collected $53.50 from pot
*** SUMMARY ***
Total pot $54 | Rake $0.50
Board [8h 2d Jc 3c Js]
Seat 1: Bitte1 (button) (small blind) showed [As Jd] and won ($53.50) with three of a kind, Jacks
Seat 2: vestimokrec (big blind) mucked


PokerStars Hand #176311413775:  Hold'em Limit ($3/$6 USD) - 2017/09/30 11:31:35 ET
Table 'Aeria' 6-max Seat #2 is the button
Seat 1: Bitte1 ($127.45 in chips)
Seat 2: vestimokrec ($126.10 in chips)
vestimokrec: posts small blind $1
Bitte1: posts big blind $3
*** HOLE CARDS ***
vestimokrec: raises $3 to $6
Bitte1: calls $3
*** FLOP *** [3s Th 3c]
Bitte1: checks
vestimokrec: bets $3
Bitte1: folds
Uncalled bet ($3) returned to vestimokrec
vestimokrec collected $11.76 from pot
vestimokrec: doesn't show hand
*** SUMMARY ***
Total pot $12 | Rake $0.24
Board [3s Th 3c]
Seat 1: Bitte1 (big blind) folded on the Flop
Seat 2: vestimokrec (button) (small blind) collected ($11.76)


PokerStars Hand #176311410666:  Hold'em Limit ($3/$6 USD) - 2017/09/30 11:31:30 ET
Table 'Aeria' 6-max Seat #1 is the button
Seat 1: Bitte1 ($128.45 in chips)
Seat 2: vestimokrec ($125.10 in chips)
Bitte1: posts small blind $1
vestimokrec: posts big blind $3
*** HOLE CARDS ***
Ag3r0n leaves the table
Bitte1: folds
Uncalled bet ($2) returned to vestimokrec
vestimokrec collected $2 from pot
vestimokrec: doesn't show hand
*** SUMMARY ***
Total pot $2 | Rake $0
Seat 1: Bitte1 (button) (small blind) folded before Flop
Seat 2: vestimokrec (big blind) collected ($2)


PokerStars Hand #176311398112:  Hold'em Limit ($3/$6 USD) - 2017/09/30 11:31:09 ET
Table 'Aeria' 6-max Seat #2 is the button
Seat 1: Bitte1 ($119.81 in chips)
Seat 2: vestimokrec ($134.10 in chips)
vestimokrec: posts small blind $1
Ag3r0n: is sitting out
Bitte1: posts big blind $3
*** HOLE CARDS ***
vestimokrec: raises $3 to $6
Bitte1: raises $3 to $9
vestimokrec: calls $3
*** FLOP *** [7s 7c Qs]
Bitte1: bets $3
vestimokrec: folds
Uncalled bet ($3) returned to Bitte1
Bitte1 collected $17.64 from pot
Bitte1: doesn't show hand
*** SUMMARY ***
Total pot $18 | Rake $0.36
Board [7s 7c Qs]
Seat 1: Bitte1 (big blind) collected ($17.64)
Seat 2: vestimokrec (button) (small blind) folded on the Flop


PokerStars Hand #176311456980:  Hold'em Limit ($3/$6 USD) - 2017/09/30 11:32:46 ET
Table 'Aeria' 6-max Seat #2 is the button
Seat 1: Bitte1 ($141.95 in chips)
Seat 2: vestimokrec ($110.74 in chips)
vestimokrec: posts small blind $1
Bitte1: posts big blind $3
*** HOLE CARDS ***
vestimokrec: raises $3 to $6
Bitte1: calls $3
*** FLOP *** [Qs Kh 5d]
Bitte1: checks
vestimokrec: bets $3
Bitte1: calls $3
*** TURN *** [Qs Kh 5d] [4s]
Bitte1: checks
vestimokrec: checks
*** RIVER *** [Qs Kh 5d 4s] [Jc]
Bitte1: checks
vestimokrec: checks
*** SHOW DOWN ***
Bitte1: shows [2c As] (high card Ace)
vestimokrec: shows [5h 7h] (a pair of Fives)
vestimokrec collected $17.64 from pot
*** SUMMARY ***
Total pot $18 | Rake $0.36
Board [Qs Kh 5d 4s Jc]
Seat 1: Bitte1 (big blind) showed [2c As] and lost with high card Ace
Seat 2: vestimokrec (button) (small blind) showed [5h 7h] and won ($17.64) with a pair of Fives


PokerStars Hand #176311444876:  Hold'em Limit ($3/$6 USD) - 2017/09/30 11:32:26 ET
Table 'Aeria' 6-max Seat #1 is the button
Seat 1: Bitte1 ($144.95 in chips)
Seat 2: vestimokrec ($107.86 in chips)
Bitte1: posts small blind $1
vestimokrec: posts big blind $3
*** HOLE CARDS ***
Bitte1: calls $2
vestimokrec: checks
*** FLOP *** [3c 6h 5h]
vestimokrec: checks
Bitte1: checks
*** TURN *** [3c 6h 5h] [Js]
vestimokrec: bets $6
Bitte1: folds
Uncalled bet ($6) returned to vestimokrec
vestimokrec collected $5.88 from pot
vestimokrec: doesn't show hand
*** SUMMARY ***
Total pot $6 | Rake $0.12
Board [3c 6h 5h Js]
Seat 1: Bitte1 (button) (small blind) folded on the Turn
Seat 2: vestimokrec (big blind) collected ($5.88)


PokerStars Hand #176311475971:  Hold'em Limit ($3/$6 USD) - 2017/09/30 11:33:18 ET
Table 'Aeria' 6-max Seat #1 is the button
Seat 1: Bitte1 ($132.95 in chips)
Seat 2: vestimokrec ($119.38 in chips)
Bitte1: posts small blind $1
vestimokrec: posts big blind $3
*** HOLE CARDS ***
Bitte1: raises $3 to $6
vestimokrec: raises $3 to $9
Bitte1: raises $3 to $12
Betting is capped
vestimokrec: calls $3
*** FLOP *** [9h 9c 8h]
vestimokrec: checks
Bitte1: bets $3
vestimokrec: calls $3
*** TURN *** [9h 9c 8h] [2d]
vestimokrec: checks
Bitte1: bets $6
vestimokrec: folds
Uncalled bet ($6) returned to Bitte1
Bitte1 collected $29.50 from pot
Bitte1: doesn't show hand
*** SUMMARY ***
Total pot $30 | Rake $0.50
Board [9h 9c 8h 2d]
Seat 1: Bitte1 (button) (small blind) collected ($29.50)
Seat 2: vestimokrec (big blind) folded on the Turn


PokerStars Hand #176311492191:  Hold'em Limit ($3/$6 USD) - 2017/09/30 11:33:44 ET
Table 'Aeria' 6-max Seat #2 is the button
Seat 1: Bitte1 ($147.45 in chips)
Seat 2: vestimokrec ($104.38 in chips)
vestimokrec: posts small blind $1
Bitte1: posts big blind $3
*** HOLE CARDS ***
vestimokrec: raises $3 to $6
Bitte1: folds
Uncalled bet ($3) returned to vestimokrec
vestimokrec collected $6 from pot
vestimokrec: doesn't show hand
*** SUMMARY ***
Total pot $6 | Rake $0
Seat 1: Bitte1 (big blind) folded before Flop
Seat 2: vestimokrec (button) (small blind) collected ($6)


PokerStars Hand #176311498265:  Hold'em Limit ($3/$6 USD) - 2017/09/30 11:33:54 ET
Table 'Aeria' 6-max Seat #1 is the button
Seat 1: Bitte1 ($144.45 in chips)
Seat 2: vestimokrec ($107.38 in chips)
Bitte1: posts small blind $1
vestimokrec: posts big blind $3
*** HOLE CARDS ***
Bitte1: calls $2
vestimokrec: raises $3 to $6
Bitte1: calls $3
*** FLOP *** [9s 9d Th]
vestimokrec: bets $3
Bitte1: folds
Uncalled bet ($3) returned to vestimokrec
vestimokrec collected $11.76 from pot
vestimokrec: doesn't show hand
*** SUMMARY ***
Total pot $12 | Rake $0.24
Board [9s 9d Th]
Seat 1: Bitte1 (button) (small blind) folded on the Flop
Seat 2: vestimokrec (big blind) collected ($11.76)


PokerStars Hand #176311506106:  Hold'em Limit ($3/$6 USD) - 2017/09/30 11:34:07 ET
Table 'Aeria' 6-max Seat #2 is the button
Seat 1: Bitte1 ($138.45 in chips)
Seat 2: vestimokrec ($113.14 in chips)
vestimokrec: posts small blind $1
Bitte1: posts big blind $3
*** HOLE CARDS ***
vestimokrec: raises $3 to $6
Bitte1: calls $3
*** FLOP *** [Qh 5c 5s]
Bitte1: bets $3
vestimokrec: calls $3
*** TURN *** [Qh 5c 5s] [6s]
Bitte1: bets $6
vestimokrec: folds
Uncalled bet ($6) returned to Bitte1
Bitte1 collected $17.64 from pot
Bitte1: doesn't show hand
*** SUMMARY ***
Total pot $18 | Rake $0.36
Board [Qh 5c 5s 6s]
Seat 1: Bitte1 (big blind) collected ($17.64)
Seat 2: vestimokrec (button) (small blind) folded on the Turn


PokerStars Hand #176311524987:  Hold'em Limit ($3/$6 USD) - 2017/09/30 11:34:38 ET
Table 'Aeria' 6-max Seat #1 is the button
Seat 1: Bitte1 ($147.09 in chips)
Seat 2: vestimokrec ($104.14 in chips)
Bitte1: posts small blind $1
vestimokrec: posts big blind $3
*** HOLE CARDS ***
Bitte1: raises $3 to $6
vestimokrec: calls $3
*** FLOP *** [3h Th 2s]
vestimokrec: checks
Bitte1: bets $3
vestimokrec: folds
Uncalled bet ($3) returned to Bitte1
Bitte1 collected $11.76 from pot
Bitte1: doesn't show hand
*** SUMMARY ***
Total pot $12 | Rake $0.24
Board [3h Th 2s]
Seat 1: Bitte1 (button) (small blind) collected ($11.76)
Seat 2: vestimokrec (big blind) folded on the Flop


PokerStars Hand #176311531432:  Hold'em Limit ($3/$6 USD) - 2017/09/30 11:34:49 ET
Table 'Aeria' 6-max Seat #2 is the button
Seat 1: Bitte1 ($152.85 in chips)
Seat 2: vestimokrec ($98.14 in chips)
vestimokrec: posts small blind $1
Bitte1: posts big blind $3
*** HOLE CARDS ***
vestimokrec: raises $3 to $6
Bitte1: calls $3
*** FLOP *** [Kc 5s 3s]
Bitte1: bets $3
vestimokrec: calls $3
*** TURN *** [Kc 5s 3s] [9h]
Bitte1: bets $6
vestimokrec: calls $6
*** RIVER *** [Kc 5s 3s 9h] [Kh]
Bitte1: bets $6
vestimokrec: calls $6
*** SHOW DOWN ***
Bitte1: shows [2h 4s] (a pair of Kings)
vestimokrec: shows [3h Td] (two pair, Kings and Threes)
vestimokrec collected $41.50 from pot
BcomeSomeone joins the table at seat #5
*** SUMMARY ***
Total pot $42 | Rake $0.50
Board [Kc 5s 3s 9h Kh]
Seat 1: Bitte1 (big blind) showed [2h 4s] and lost with a pair of Kings
Seat 2: vestimokrec (button) (small blind) showed [3h Td] and won ($41.50) with two pair, Kings and Threes


PokerStars Hand #176311546925:  Hold'em Limit ($3/$6 USD) - 2017/09/30 11:35:14 ET
Table 'Aeria' 6-max Seat #1 is the button
Seat 1: Bitte1 ($131.85 in chips)
Seat 2: vestimokrec ($118.64 in chips)
Bitte1: posts small blind $1
vestimokrec: posts big blind $3
*** HOLE CARDS ***
Bitte1: raises $3 to $6
vestimokrec: calls $3
*** FLOP *** [3c Ah Ts]
vestimokrec: checks
Bitte1: checks
*** TURN *** [3c Ah Ts] [4c]
vestimokrec: bets $6
Bitte1: calls $6
*** RIVER *** [3c Ah Ts 4c] [9s]
vestimokrec: bets $6
Bitte1: folds
Uncalled bet ($6) returned to vestimokrec
vestimokrec collected $23.52 from pot
vestimokrec: doesn't show hand
*** SUMMARY ***
Total pot $24 | Rake $0.48
Board [3c Ah Ts 4c 9s]
Seat 1: Bitte1 (button) (small blind) folded on the River
Seat 2: vestimokrec (big blind) collected ($23.52)


