PokerStars Hand #167983074574:  Hold'em Limit ($3/$6 USD) - 2017/03/23 3:11:57 ET
Table 'Aesculapia' 6-max Seat #3 is the button
Seat 3: habari786 ($92.50 in chips)
Seat 4: NoVebra ($72 in chips)
habari786: posts small blind $1
NoVebra: posts big blind $3
*** HOLE CARDS ***
habari786: folds
Uncalled bet ($2) returned to NoVebra
NoVebra collected $2 from pot
NoVebra: doesn't show hand
*** SUMMARY ***
Total pot $2 | Rake $0
Seat 3: habari786 (button) (small blind) folded before Flop
Seat 4: NoVebra (big blind) collected ($2)


PokerStars Hand #167983065416:  Hold'em Limit ($3/$6 USD) - 2017/03/23 3:11:21 ET
Table 'Aesculapia' 6-max Seat #4 is the button
Seat 3: habari786 ($60 in chips)
Seat 4: NoVebra ($72 in chips)
NoVebra: posts small blind $1
VolkovDmitri: is sitting out
habari786: posts big blind $3
*** HOLE CARDS ***
NoVebra: raises $3 to $6
habari786: raises $3 to $9
VolkovDmitri leaves the table
NoVebra: calls $3
*** FLOP *** [6h Qc 9s]
habari786: bets $3
NoVebra: raises $3 to $6
habari786: calls $3
*** TURN *** [6h Qc 9s] [Ad]
habari786: checks
NoVebra: checks
*** RIVER *** [6h Qc 9s Ad] [5h]
ChaseMeIfUC joins the table at seat #1
habari786: bets $6
NoVebra: raises $6 to $12
habari786: raises $6 to $18
NoVebra: calls $6
*** SHOW DOWN ***
habari786: shows [As Qh] (two pair, Aces and Queens)
NoVebra: mucks hand
habari786 collected $65.50 from pot
*** SUMMARY ***
Total pot $66 | Rake $0.50
Board [6h Qc 9s Ad 5h]
Seat 3: habari786 (big blind) showed [As Qh] and won ($65.50) with two pair, Aces and Queens
Seat 4: NoVebra (button) (small blind) mucked


