PokerStars Hand #146323928904:  Hold'em Limit ($3/$6 USD) - 2016/01/02 8:37:58 ET
Table 'Aesculapia' 2-max Seat #1 is the button
Seat 1: VolkovDmitri ($120 in chips)
Seat 2: _fayzulllo_ ($74.88 in chips)
VolkovDmitri: posts small blind $1
_fayzulllo_: posts big blind $3
*** HOLE CARDS ***
VolkovDmitri: raises $3 to $6
_fayzulllo_: folds
Uncalled bet ($3) returned to VolkovDmitri
VolkovDmitri collected $6 from pot
VolkovDmitri: doesn't show hand
*** SUMMARY ***
Total pot $6 | Rake $0
Seat 1: VolkovDmitri (button) (small blind) collected ($6)
Seat 2: _fayzulllo_ (big blind) folded before Flop


PokerStars Hand #146324000743:  Hold'em Limit ($3/$6 USD) - 2016/01/02 8:39:26 ET
Table 'Aesculapia' 2-max Seat #2 is the button
Seat 1: VolkovDmitri ($125.76 in chips)
Seat 2: _fayzulllo_ ($68.76 in chips)
_fayzulllo_: posts small blind $1
VolkovDmitri: posts big blind $3
*** HOLE CARDS ***
_fayzulllo_: folds
Uncalled bet ($2) returned to VolkovDmitri
VolkovDmitri collected $2 from pot
VolkovDmitri: doesn't show hand
*** SUMMARY ***
Total pot $2 | Rake $0
Seat 1: VolkovDmitri (big blind) collected ($2)
Seat 2: _fayzulllo_ (button) (small blind) folded before Flop


PokerStars Hand #146323984920:  Hold'em Limit ($3/$6 USD) - 2016/01/02 8:39:07 ET
Table 'Aesculapia' 2-max Seat #1 is the button
Seat 1: VolkovDmitri ($120 in chips)
Seat 2: _fayzulllo_ ($74.76 in chips)
VolkovDmitri: posts small blind $1
_fayzulllo_: posts big blind $3
*** HOLE CARDS ***
VolkovDmitri: raises $3 to $6
_fayzulllo_: calls $3
*** FLOP *** [Ad 2h Ah]
_fayzulllo_: checks
VolkovDmitri: bets $3
_fayzulllo_: folds
Uncalled bet ($3) returned to VolkovDmitri
VolkovDmitri collected $11.76 from pot
VolkovDmitri: doesn't show hand
*** SUMMARY ***
Total pot $12 | Rake $0.24
Board [Ad 2h Ah]
Seat 1: VolkovDmitri (button) (small blind) collected ($11.76)
Seat 2: _fayzulllo_ (big blind) folded on the Flop


PokerStars Hand #146323941972:  Hold'em Limit ($3/$6 USD) - 2016/01/02 8:38:14 ET
Table 'Aesculapia' 2-max Seat #2 is the button
Seat 1: VolkovDmitri ($123 in chips)
Seat 2: _fayzulllo_ ($71.88 in chips)
_fayzulllo_: posts small blind $1
VolkovDmitri: posts big blind $3
*** HOLE CARDS ***
_fayzulllo_: calls $2
VolkovDmitri: checks
*** FLOP *** [Ks 5s Qs]
VolkovDmitri: checks
_fayzulllo_: checks
*** TURN *** [Ks 5s Qs] [8h]
VolkovDmitri: checks
_fayzulllo_: checks
*** RIVER *** [Ks 5s Qs 8h] [2s]
VolkovDmitri: checks
_fayzulllo_: checks
*** SHOW DOWN ***
VolkovDmitri: shows [3d 4h] (high card King)
_fayzulllo_: shows [3c 9c] (high card King - Queen+Nine kicker)
_fayzulllo_ collected $5.88 from pot
*** SUMMARY ***
Total pot $6 | Rake $0.12
Board [Ks 5s Qs 8h 2s]
Seat 1: VolkovDmitri (big blind) showed [3d 4h] and lost with high card King
Seat 2: _fayzulllo_ (button) (small blind) showed [3c 9c] and won ($5.88) with high card King


PokerStars Hand #146324046046:  Hold'em Limit ($3/$6 USD) - 2016/01/02 8:40:22 ET
Table 'Aesculapia' 2-max Seat #2 is the button
Seat 1: VolkovDmitri ($120 in chips)
Seat 2: _fayzulllo_ ($94.26 in chips)
_fayzulllo_: posts small blind $1
VolkovDmitri: posts big blind $3
*** HOLE CARDS ***
_fayzulllo_: folds
Uncalled bet ($2) returned to VolkovDmitri
VolkovDmitri collected $2 from pot
VolkovDmitri: doesn't show hand
*** SUMMARY ***
Total pot $2 | Rake $0
Seat 1: VolkovDmitri (big blind) collected ($2)
Seat 2: _fayzulllo_ (button) (small blind) folded before Flop


PokerStars Hand #146324006380:  Hold'em Limit ($3/$6 USD) - 2016/01/02 8:39:33 ET
Table 'Aesculapia' 2-max Seat #1 is the button
Seat 1: VolkovDmitri ($126.76 in chips)
Seat 2: _fayzulllo_ ($67.76 in chips)
VolkovDmitri: posts small blind $1
_fayzulllo_: posts big blind $3
*** HOLE CARDS ***
VolkovDmitri: raises $3 to $6
_fayzulllo_: calls $3
*** FLOP *** [Qd 9c Jd]
_fayzulllo_: checks
VolkovDmitri: bets $3
_fayzulllo_: calls $3
*** TURN *** [Qd 9c Jd] [Qc]
_fayzulllo_: checks
VolkovDmitri: bets $6
_fayzulllo_: calls $6
*** RIVER *** [Qd 9c Jd Qc] [Ad]
_fayzulllo_: checks
VolkovDmitri: bets $6
_fayzulllo_: raises $6 to $12
VolkovDmitri: calls $6
*** SHOW DOWN ***
_fayzulllo_: shows [Ah As] (a full house, Aces full of Queens)
VolkovDmitri: mucks hand
_fayzulllo_ collected $53.50 from pot
*** SUMMARY ***
Total pot $54 | Rake $0.50
Board [Qd 9c Jd Qc Ad]
Seat 1: VolkovDmitri (button) (small blind) mucked
Seat 2: _fayzulllo_ (big blind) showed [Ah As] and won ($53.50) with a full house, Aces full of Queens


PokerStars Hand #146324056330:  Hold'em Limit ($3/$6 USD) - 2016/01/02 8:40:35 ET
Table 'Aesculapia' 2-max Seat #1 is the button
Seat 1: VolkovDmitri ($121 in chips)
Seat 2: _fayzulllo_ ($93.26 in chips)
VolkovDmitri: posts small blind $1
_fayzulllo_: posts big blind $3
*** HOLE CARDS ***
VolkovDmitri: raises $3 to $6
_fayzulllo_: calls $3
*** FLOP *** [Ah 8c 6c]
_fayzulllo_: checks
VolkovDmitri: bets $3
_fayzulllo_: calls $3
*** TURN *** [Ah 8c 6c] [4c]
_fayzulllo_: checks
VolkovDmitri: bets $6
_fayzulllo_: calls $6
*** RIVER *** [Ah 8c 6c 4c] [2h]
_fayzulllo_: checks
VolkovDmitri: bets $6
_fayzulllo_: folds
Uncalled bet ($6) returned to VolkovDmitri
VolkovDmitri collected $29.50 from pot
VolkovDmitri: doesn't show hand
*** SUMMARY ***
Total pot $30 | Rake $0.50
Board [Ah 8c 6c 4c 2h]
Seat 1: VolkovDmitri (button) (small blind) collected ($29.50)
Seat 2: _fayzulllo_ (big blind) folded on the River


PokerStars Hand #146324120211:  Hold'em Limit ($3/$6 USD) - 2016/01/02 8:41:54 ET
Table 'Aesculapia' 2-max Seat #1 is the button
Seat 1: VolkovDmitri ($144.14 in chips)
Seat 2: _fayzulllo_ ($69.26 in chips)
VolkovDmitri: posts small blind $1
_fayzulllo_: posts big blind $3
*** HOLE CARDS ***
VolkovDmitri: raises $3 to $6
_fayzulllo_: calls $3
*** FLOP *** [5c 7d 4d]
_fayzulllo_: checks
VolkovDmitri: bets $3
_fayzulllo_: calls $3
*** TURN *** [5c 7d 4d] [Tc]
_fayzulllo_: checks
VolkovDmitri: bets $6
_fayzulllo_: calls $6
*** RIVER *** [5c 7d 4d Tc] [4h]
_fayzulllo_: checks
VolkovDmitri: checks
*** SHOW DOWN ***
_fayzulllo_: shows [2s Ac] (a pair of Fours)
VolkovDmitri: shows [6s 5h] (two pair, Fives and Fours)
VolkovDmitri collected $29.50 from pot
*** SUMMARY ***
Total pot $30 | Rake $0.50
Board [5c 7d 4d Tc 4h]
Seat 1: VolkovDmitri (button) (small blind) showed [6s 5h] and won ($29.50) with two pair, Fives and Fours
Seat 2: _fayzulllo_ (big blind) showed [2s Ac] and lost with a pair of Fours


PokerStars Hand #146324094631:  Hold'em Limit ($3/$6 USD) - 2016/01/02 8:41:22 ET
Table 'Aesculapia' 2-max Seat #2 is the button
Seat 1: VolkovDmitri ($135.50 in chips)
Seat 2: _fayzulllo_ ($78.26 in chips)
_fayzulllo_: posts small blind $1
VolkovDmitri: posts big blind $3
*** HOLE CARDS ***
_fayzulllo_: raises $3 to $6
VolkovDmitri: calls $3
*** FLOP *** [Js 9s 9d]
VolkovDmitri: checks
_fayzulllo_: bets $3
VolkovDmitri: raises $3 to $6
_fayzulllo_: folds
Uncalled bet ($3) returned to VolkovDmitri
VolkovDmitri collected $17.64 from pot
VolkovDmitri: doesn't show hand
*** SUMMARY ***
Total pot $18 | Rake $0.36
Board [Js 9s 9d]
Seat 1: VolkovDmitri (big blind) collected ($17.64)
Seat 2: _fayzulllo_ (button) (small blind) folded on the Flop


PokerStars Hand #146324182714:  Hold'em Limit ($3/$6 USD) - 2016/01/02 8:43:07 ET
Table 'Aesculapia' 2-max Seat #1 is the button
Seat 1: VolkovDmitri ($152.64 in chips)
Seat 2: _fayzulllo_ ($60.02 in chips)
VolkovDmitri: posts small blind $1
_fayzulllo_: posts big blind $3
*** HOLE CARDS ***
VolkovDmitri: raises $3 to $6
_fayzulllo_: calls $3
*** FLOP *** [5c 4d 7c]
_fayzulllo_: checks
VolkovDmitri: checks
*** TURN *** [5c 4d 7c] [8h]
_fayzulllo_: bets $6
VolkovDmitri: folds
Uncalled bet ($6) returned to _fayzulllo_
_fayzulllo_ collected $11.76 from pot
_fayzulllo_: doesn't show hand
*** SUMMARY ***
Total pot $12 | Rake $0.24
Board [5c 4d 7c 8h]
Seat 1: VolkovDmitri (button) (small blind) folded on the Turn
Seat 2: _fayzulllo_ (big blind) collected ($11.76)


PokerStars Hand #146324177884:  Hold'em Limit ($3/$6 USD) - 2016/01/02 8:43:01 ET
Table 'Aesculapia' 2-max Seat #2 is the button
Seat 1: VolkovDmitri ($151.64 in chips)
Seat 2: _fayzulllo_ ($61.02 in chips)
_fayzulllo_: posts small blind $1
VolkovDmitri: posts big blind $3
*** HOLE CARDS ***
_fayzulllo_: folds
Uncalled bet ($2) returned to VolkovDmitri
VolkovDmitri collected $2 from pot
VolkovDmitri: doesn't show hand
*** SUMMARY ***
Total pot $2 | Rake $0
Seat 1: VolkovDmitri (big blind) collected ($2)
Seat 2: _fayzulllo_ (button) (small blind) folded before Flop


PokerStars Hand #146324172442:  Hold'em Limit ($3/$6 USD) - 2016/01/02 8:42:54 ET
Table 'Aesculapia' 2-max Seat #1 is the button
Seat 1: VolkovDmitri ($152.64 in chips)
Seat 2: _fayzulllo_ ($60.02 in chips)
VolkovDmitri: posts small blind $1
_fayzulllo_: posts big blind $3
*** HOLE CARDS ***
VolkovDmitri: folds
Uncalled bet ($2) returned to _fayzulllo_
_fayzulllo_ collected $2 from pot
_fayzulllo_: doesn't show hand
*** SUMMARY ***
Total pot $2 | Rake $0
Seat 1: VolkovDmitri (button) (small blind) folded before Flop
Seat 2: _fayzulllo_ (big blind) collected ($2)


PokerStars Hand #146324148444:  Hold'em Limit ($3/$6 USD) - 2016/01/02 8:42:26 ET
Table 'Aesculapia' 2-max Seat #2 is the button
Seat 1: VolkovDmitri ($158.64 in chips)
Seat 2: _fayzulllo_ ($54.26 in chips)
_fayzulllo_: posts small blind $1
VolkovDmitri: posts big blind $3
*** HOLE CARDS ***
_fayzulllo_: raises $3 to $6
VolkovDmitri: calls $3
*** FLOP *** [4s 8s Kd]
VolkovDmitri: checks
_fayzulllo_: bets $3
VolkovDmitri: folds
Uncalled bet ($3) returned to _fayzulllo_
_fayzulllo_ collected $11.76 from pot
_fayzulllo_: doesn't show hand
*** SUMMARY ***
Total pot $12 | Rake $0.24
Board [4s 8s Kd]
Seat 1: VolkovDmitri (big blind) folded on the Flop
Seat 2: _fayzulllo_ (button) (small blind) collected ($11.76)


PokerStars Hand #146324209539:  Hold'em Limit ($3/$6 USD) - 2016/01/02 8:43:38 ET
Table 'Aesculapia' 2-max Seat #2 is the button
Seat 1: VolkovDmitri ($146.64 in chips)
Seat 2: _fayzulllo_ ($65.78 in chips)
_fayzulllo_: posts small blind $1
VolkovDmitri: posts big blind $3
*** HOLE CARDS ***
_fayzulllo_: calls $2
VolkovDmitri: raises $3 to $6
_fayzulllo_: calls $3
*** FLOP *** [6c 4s 2h]
VolkovDmitri: checks
_fayzulllo_: bets $3
VolkovDmitri: calls $3
*** TURN *** [6c 4s 2h] [7h]
VolkovDmitri: checks
_fayzulllo_: checks
*** RIVER *** [6c 4s 2h 7h] [8s]
VolkovDmitri: checks
_fayzulllo_: bets $6
VolkovDmitri: folds
Uncalled bet ($6) returned to _fayzulllo_
_fayzulllo_ collected $17.64 from pot
_fayzulllo_: doesn't show hand
*** SUMMARY ***
Total pot $18 | Rake $0.36
Board [6c 4s 2h 7h 8s]
Seat 1: VolkovDmitri (big blind) folded on the River
Seat 2: _fayzulllo_ (button) (small blind) collected ($17.64)


PokerStars Hand #146324272989:  Hold'em Limit ($3/$6 USD) - 2016/01/02 8:44:52 ET
Table 'Aesculapia' 2-max Seat #1 is the button
Seat 1: VolkovDmitri ($137.64 in chips)
Seat 2: _fayzulllo_ ($74.42 in chips)
VolkovDmitri: posts small blind $1
_fayzulllo_: posts big blind $3
*** HOLE CARDS ***
VolkovDmitri: raises $3 to $6
_fayzulllo_: calls $3
*** FLOP *** [Ac Tc 3d]
_fayzulllo_: checks
VolkovDmitri: bets $3
_fayzulllo_: folds
Uncalled bet ($3) returned to VolkovDmitri
VolkovDmitri collected $11.76 from pot
VolkovDmitri: doesn't show hand
*** SUMMARY ***
Total pot $12 | Rake $0.24
Board [Ac Tc 3d]
Seat 1: VolkovDmitri (button) (small blind) collected ($11.76)
Seat 2: _fayzulllo_ (big blind) folded on the Flop


PokerStars Hand #146324265728:  Hold'em Limit ($3/$6 USD) - 2016/01/02 8:44:44 ET
Table 'Aesculapia' 2-max Seat #2 is the button
Seat 1: VolkovDmitri ($136.64 in chips)
Seat 2: _fayzulllo_ ($75.42 in chips)
_fayzulllo_: posts small blind $1
VolkovDmitri: posts big blind $3
*** HOLE CARDS ***
_fayzulllo_: folds
Uncalled bet ($2) returned to VolkovDmitri
VolkovDmitri collected $2 from pot
VolkovDmitri: doesn't show hand
*** SUMMARY ***
Total pot $2 | Rake $0
Seat 1: VolkovDmitri (big blind) collected ($2)
Seat 2: _fayzulllo_ (button) (small blind) folded before Flop


PokerStars Hand #146324261399:  Hold'em Limit ($3/$6 USD) - 2016/01/02 8:44:39 ET
Table 'Aesculapia' 2-max Seat #1 is the button
Seat 1: VolkovDmitri ($137.64 in chips)
Seat 2: _fayzulllo_ ($74.42 in chips)
VolkovDmitri: posts small blind $1
_fayzulllo_: posts big blind $3
*** HOLE CARDS ***
VolkovDmitri: folds
Uncalled bet ($2) returned to _fayzulllo_
_fayzulllo_ collected $2 from pot
_fayzulllo_: doesn't show hand
*** SUMMARY ***
Total pot $2 | Rake $0
Seat 1: VolkovDmitri (button) (small blind) folded before Flop
Seat 2: _fayzulllo_ (big blind) collected ($2)


PokerStars Hand #146324289199:  Hold'em Limit ($3/$6 USD) - 2016/01/02 8:45:12 ET
Table 'Aesculapia' 2-max Seat #2 is the button
Seat 1: VolkovDmitri ($143.40 in chips)
Seat 2: _fayzulllo_ ($68.42 in chips)
_fayzulllo_: posts small blind $1
VolkovDmitri: posts big blind $3
*** HOLE CARDS ***
_fayzulllo_: calls $2
VolkovDmitri: raises $3 to $6
_fayzulllo_: raises $3 to $9
VolkovDmitri: calls $3
*** FLOP *** [3h Qd 5c]
VolkovDmitri: bets $3
_fayzulllo_: calls $3
*** TURN *** [3h Qd 5c] [3s]
VolkovDmitri: checks
_fayzulllo_: checks
*** RIVER *** [3h Qd 5c 3s] [4h]
VolkovDmitri: checks
_fayzulllo_: bets $6
VolkovDmitri: calls $6
*** SHOW DOWN ***
_fayzulllo_: shows [Jc As] (a pair of Threes)
VolkovDmitri: shows [Ad 4d] (two pair, Fours and Threes)
VolkovDmitri collected $35.50 from pot
*** SUMMARY ***
Total pot $36 | Rake $0.50
Board [3h Qd 5c 3s 4h]
Seat 1: VolkovDmitri (big blind) showed [Ad 4d] and won ($35.50) with two pair, Fours and Threes
Seat 2: _fayzulllo_ (button) (small blind) showed [Jc As] and lost with a pair of Threes


PokerStars Hand #146324383383:  Hold'em Limit ($3/$6 USD) - 2016/01/02 8:47:02 ET
Table 'Aesculapia' 2-max Seat #2 is the button
Seat 1: VolkovDmitri ($166.66 in chips)
Seat 2: _fayzulllo_ ($44.42 in chips)
_fayzulllo_: posts small blind $1
VolkovDmitri: posts big blind $3
*** HOLE CARDS ***
_fayzulllo_: raises $3 to $6
VolkovDmitri: calls $3
*** FLOP *** [4s Js 3s]
VolkovDmitri: checks
_fayzulllo_: bets $3
VolkovDmitri: folds
Uncalled bet ($3) returned to _fayzulllo_
_fayzulllo_ collected $11.76 from pot
_fayzulllo_: doesn't show hand
*** SUMMARY ***
Total pot $12 | Rake $0.24
Board [4s Js 3s]
Seat 1: VolkovDmitri (big blind) folded on the Flop
Seat 2: _fayzulllo_ (button) (small blind) collected ($11.76)


PokerStars Hand #146324353109:  Hold'em Limit ($3/$6 USD) - 2016/01/02 8:46:27 ET
Table 'Aesculapia' 2-max Seat #1 is the button
Seat 1: VolkovDmitri ($160.90 in chips)
Seat 2: _fayzulllo_ ($50.42 in chips)
VolkovDmitri: posts small blind $1
_fayzulllo_: posts big blind $3
*** HOLE CARDS ***
VolkovDmitri: raises $3 to $6
_fayzulllo_: calls $3
*** FLOP *** [5s Jh Js]
_fayzulllo_: checks
VolkovDmitri: bets $3
_fayzulllo_: folds
Uncalled bet ($3) returned to VolkovDmitri
VolkovDmitri collected $11.76 from pot
VolkovDmitri: doesn't show hand
*** SUMMARY ***
Total pot $12 | Rake $0.24
Board [5s Jh Js]
Seat 1: VolkovDmitri (button) (small blind) collected ($11.76)
Seat 2: _fayzulllo_ (big blind) folded on the Flop


PokerStars Hand #146324411878:  Hold'em Limit ($3/$6 USD) - 2016/01/02 8:47:25 ET
Table 'Aesculapia' 2-max Seat #1 is the button
Seat 1: VolkovDmitri ($160.66 in chips)
Seat 2: _fayzulllo_ ($50.18 in chips)
VolkovDmitri: posts small blind $1
_fayzulllo_: posts big blind $3
*** HOLE CARDS ***
VolkovDmitri: raises $3 to $6
_fayzulllo_: raises $3 to $9
VolkovDmitri: calls $3
*** FLOP *** [3c 4h 8d]
_fayzulllo_: bets $3
VolkovDmitri: calls $3
*** TURN *** [3c 4h 8d] [6h]
_fayzulllo_: checks
VolkovDmitri: checks
*** RIVER *** [3c 4h 8d 6h] [9s]
_fayzulllo_: bets $6
VolkovDmitri: folds
Uncalled bet ($6) returned to _fayzulllo_
_fayzulllo_ collected $23.52 from pot
_fayzulllo_: doesn't show hand
*** SUMMARY ***
Total pot $24 | Rake $0.48
Board [3c 4h 8d 6h 9s]
Seat 1: VolkovDmitri (button) (small blind) folded on the River
Seat 2: _fayzulllo_ (big blind) collected ($23.52)


PokerStars Hand #146324475848:  Hold'em Limit ($3/$6 USD) - 2016/01/02 8:48:36 ET
Table 'Aesculapia' 2-max Seat #2 is the button
Seat 1: VolkovDmitri ($148.66 in chips)
Seat 2: _fayzulllo_ ($61.70 in chips)
_fayzulllo_: posts small blind $1
VolkovDmitri: posts big blind $3
*** HOLE CARDS ***
_fayzulllo_: calls $2
VolkovDmitri: raises $3 to $6
_fayzulllo_: calls $3
*** FLOP *** [Qh 8d 5h]
VolkovDmitri: checks
_fayzulllo_: checks
*** TURN *** [Qh 8d 5h] [7s]
VolkovDmitri: checks
_fayzulllo_: bets $6
VolkovDmitri: folds
Uncalled bet ($6) returned to _fayzulllo_
_fayzulllo_ collected $11.76 from pot
_fayzulllo_: doesn't show hand
*** SUMMARY ***
Total pot $12 | Rake $0.24
Board [Qh 8d 5h 7s]
Seat 1: VolkovDmitri (big blind) folded on the Turn
Seat 2: _fayzulllo_ (button) (small blind) collected ($11.76)


PokerStars Hand #146324534581:  Hold'em Limit ($3/$6 USD) - 2016/01/02 8:49:45 ET
Table 'Aesculapia' 2-max Seat #1 is the button
Seat 1: VolkovDmitri ($142.66 in chips)
Seat 2: _fayzulllo_ ($67.46 in chips)
VolkovDmitri: posts small blind $1
_fayzulllo_: posts big blind $3
*** HOLE CARDS ***
VolkovDmitri: raises $3 to $6
_fayzulllo_: calls $3
*** FLOP *** [Td 4d 9s]
_fayzulllo_: checks
VolkovDmitri: bets $3
_fayzulllo_: calls $3
*** TURN *** [Td 4d 9s] [Qs]
_fayzulllo_: checks
VolkovDmitri: bets $6
_fayzulllo_: calls $6
*** RIVER *** [Td 4d 9s Qs] [9c]
_fayzulllo_: checks
VolkovDmitri: checks
*** SHOW DOWN ***
_fayzulllo_: shows [5s 3s] (a pair of Nines)
VolkovDmitri: shows [4s 2s] (two pair, Nines and Fours)
VolkovDmitri collected $29.50 from pot
*** SUMMARY ***
Total pot $30 | Rake $0.50
Board [Td 4d 9s Qs 9c]
Seat 1: VolkovDmitri (button) (small blind) showed [4s 2s] and won ($29.50) with two pair, Nines and Fours
Seat 2: _fayzulllo_ (big blind) showed [5s 3s] and lost with a pair of Nines


PokerStars Hand #146324575500:  Hold'em Limit ($3/$6 USD) - 2016/01/02 8:50:34 ET
Table 'Aesculapia' 2-max Seat #2 is the button
Seat 1: VolkovDmitri ($157.16 in chips)
Seat 2: _fayzulllo_ ($52.46 in chips)
_fayzulllo_: posts small blind $1
VolkovDmitri: posts big blind $3
*** HOLE CARDS ***
_fayzulllo_: raises $3 to $6
VolkovDmitri: calls $3
*** FLOP *** [Ks 3c 6c]
VolkovDmitri: checks
_fayzulllo_: bets $3
VolkovDmitri: raises $3 to $6
_fayzulllo_: calls $3
*** TURN *** [Ks 3c 6c] [7d]
VolkovDmitri: bets $6
_fayzulllo_: calls $6
*** RIVER *** [Ks 3c 6c 7d] [Kc]
VolkovDmitri: bets $6
_fayzulllo_: calls $6
*** SHOW DOWN ***
VolkovDmitri: shows [8c 7s] (two pair, Kings and Sevens)
_fayzulllo_: mucks hand
VolkovDmitri collected $47.50 from pot
*** SUMMARY ***
Total pot $48 | Rake $0.50
Board [Ks 3c 6c 7d Kc]
Seat 1: VolkovDmitri (big blind) showed [8c 7s] and won ($47.50) with two pair, Kings and Sevens
Seat 2: _fayzulllo_ (button) (small blind) mucked


PokerStars Hand #146324610442:  Hold'em Limit ($3/$6 USD) - 2016/01/02 8:51:14 ET
Table 'Aesculapia' 2-max Seat #1 is the button
Seat 1: VolkovDmitri ($180.66 in chips)
Seat 2: _fayzulllo_ ($28.46 in chips)
VolkovDmitri: posts small blind $1
_fayzulllo_: posts big blind $3
*** HOLE CARDS ***
VolkovDmitri: raises $3 to $6
_fayzulllo_: calls $3
*** FLOP *** [4d 3h Tc]
_fayzulllo_: checks
VolkovDmitri: bets $3
_fayzulllo_: calls $3
*** TURN *** [4d 3h Tc] [Kd]
_fayzulllo_: checks
VolkovDmitri: checks
*** RIVER *** [4d 3h Tc Kd] [9d]
_fayzulllo_: bets $6
VolkovDmitri: calls $6
*** SHOW DOWN ***
_fayzulllo_: shows [Jc 5c] (high card King)
VolkovDmitri: shows [As Js] (high card Ace)
VolkovDmitri collected $29.50 from pot
*** SUMMARY ***
Total pot $30 | Rake $0.50
Board [4d 3h Tc Kd 9d]
Seat 1: VolkovDmitri (button) (small blind) showed [As Js] and won ($29.50) with high card Ace
Seat 2: _fayzulllo_ (big blind) showed [Jc 5c] and lost with high card King


PokerStars Hand #146324632672:  Hold'em Limit ($3/$6 USD) - 2016/01/02 8:51:41 ET
Table 'Aesculapia' 2-max Seat #2 is the button
Seat 1: VolkovDmitri ($195.16 in chips)
Seat 2: _fayzulllo_ ($13.46 in chips)
_fayzulllo_: posts small blind $1
VolkovDmitri: posts big blind $3
*** HOLE CARDS ***
_fayzulllo_: calls $2
VolkovDmitri: raises $3 to $6
_fayzulllo_: raises $3 to $9
VolkovDmitri: calls $3
*** FLOP *** [6d 6h 5h]
VolkovDmitri: bets $3
_fayzulllo_: raises $1.46 to $4.46 and is all-in
VolkovDmitri: calls $1.46
*** TURN *** [6d 6h 5h] [3d]
*** RIVER *** [6d 6h 5h 3d] [Js]
*** SHOW DOWN ***
VolkovDmitri: shows [7h 8d] (a pair of Sixes)
_fayzulllo_: shows [Td As] (a pair of Sixes - Ace kicker)
_fayzulllo_ collected $26.42 from pot
*** SUMMARY ***
Total pot $26.92 | Rake $0.50
Board [6d 6h 5h 3d Js]
Seat 1: VolkovDmitri (big blind) showed [7h 8d] and lost with a pair of Sixes
Seat 2: _fayzulllo_ (button) (small blind) showed [Td As] and won ($26.42) with a pair of Sixes


PokerStars Hand #146324656048:  Hold'em Limit ($3/$6 USD) - 2016/01/02 8:52:09 ET
Table 'Aesculapia' 2-max Seat #1 is the button
Seat 1: VolkovDmitri ($181.70 in chips)
Seat 2: _fayzulllo_ ($26.42 in chips)
VolkovDmitri: posts small blind $1
_fayzulllo_: posts big blind $3
*** HOLE CARDS ***
VolkovDmitri: raises $3 to $6
_fayzulllo_: calls $3
*** FLOP *** [6s Kd 4d]
_fayzulllo_: checks
VolkovDmitri: bets $3
_fayzulllo_: calls $3
*** TURN *** [6s Kd 4d] [4c]
_fayzulllo_: checks
VolkovDmitri: bets $6
_fayzulllo_: raises $6 to $12
VolkovDmitri: raises $6 to $18
_fayzulllo_: calls $5.42 and is all-in
Uncalled bet ($0.58) returned to VolkovDmitri
*** RIVER *** [6s Kd 4d 4c] [2h]
*** SHOW DOWN ***
_fayzulllo_: shows [9h 6h] (two pair, Sixes and Fours)
VolkovDmitri: shows [Ks 5d] (two pair, Kings and Fours)
VolkovDmitri collected $52.34 from pot
*** SUMMARY ***
Total pot $52.84 | Rake $0.50
Board [6s Kd 4d 4c 2h]
Seat 1: VolkovDmitri (button) (small blind) showed [Ks 5d] and won ($52.34) with two pair, Kings and Fours
Seat 2: _fayzulllo_ (big blind) showed [9h 6h] and lost with two pair, Sixes and Fours


