PokerStars Hand #158317525225:  Hold'em Limit ($3/$6 USD) - 2016/09/08 4:43:17 ET
Table 'Aesculapia' 10-max Seat #5 is the button
Seat 5: LifeisagameX ($84 in chips)
Seat 6: xcgxcg2005 ($122.76 in chips)
LifeisagameX: posts small blind $1
xcgxcg2005: posts big blind $3
*** HOLE CARDS ***
LifeisagameX: raises $3 to $6
xcgxcg2005: raises $3 to $9
LifeisagameX: calls $3
*** FLOP *** [2h Ad 2s]
xcgxcg2005: bets $3
LifeisagameX: calls $3
*** TURN *** [2h Ad 2s] [Ac]
xcgxcg2005: bets $6
LifeisagameX: folds
Uncalled bet ($6) returned to xcgxcg2005
xcgxcg2005 collected $23.52 from pot
xcgxcg2005: doesn't show hand
*** SUMMARY ***
Total pot $24 | Rake $0.48
Board [2h Ad 2s Ac]
Seat 5: LifeisagameX (button) (small blind) folded on the Turn
Seat 6: xcgxcg2005 (big blind) collected ($23.52)


PokerStars Hand #158317531854:  Hold'em Limit ($3/$6 USD) - 2016/09/08 4:43:38 ET
Table 'Aesculapia' 10-max Seat #6 is the button
Seat 5: LifeisagameX ($84 in chips)
Seat 6: xcgxcg2005 ($134.28 in chips)
xcgxcg2005: posts small blind $1
LifeisagameX: posts big blind $3
*** HOLE CARDS ***
xcgxcg2005: raises $3 to $6
LifeisagameX: calls $3
*** FLOP *** [3h 3d 6s]
LifeisagameX: checks
xcgxcg2005: bets $3
LifeisagameX: calls $3
*** TURN *** [3h 3d 6s] [Ah]
LifeisagameX: checks
xcgxcg2005: bets $6
LifeisagameX: folds
Uncalled bet ($6) returned to xcgxcg2005
xcgxcg2005 collected $17.64 from pot
xcgxcg2005: doesn't show hand
*** SUMMARY ***
Total pot $18 | Rake $0.36
Board [3h 3d 6s Ah]
Seat 5: LifeisagameX (big blind) folded on the Turn
Seat 6: xcgxcg2005 (button) (small blind) collected ($17.64)


PokerStars Hand #158317514388:  Hold'em Limit ($3/$6 USD) - 2016/09/08 4:42:44 ET
Table 'Aesculapia' 10-max Seat #5 is the button
Seat 5: LifeisagameX ($84 in chips)
Seat 6: xcgxcg2005 ($120 in chips)
LifeisagameX: posts small blind $1
xcgxcg2005: posts big blind $3
*** HOLE CARDS ***
LifeisagameX: raises $3 to $6
xcgxcg2005: folds
Uncalled bet ($3) returned to LifeisagameX
LifeisagameX collected $6 from pot
LifeisagameX: doesn't show hand
*** SUMMARY ***
Total pot $6 | Rake $0
Seat 5: LifeisagameX (button) (small blind) collected ($6)
Seat 6: xcgxcg2005 (big blind) folded before Flop


PokerStars Hand #158317518817:  Hold'em Limit ($3/$6 USD) - 2016/09/08 4:42:57 ET
Table 'Aesculapia' 10-max Seat #6 is the button
Seat 5: LifeisagameX ($87 in chips)
Seat 6: xcgxcg2005 ($117 in chips)
xcgxcg2005: posts small blind $1
LifeisagameX: posts big blind $3
*** HOLE CARDS ***
xcgxcg2005: raises $3 to $6
LifeisagameX: calls $3
*** FLOP *** [9h 9c 8h]
LifeisagameX: checks
xcgxcg2005: bets $3
LifeisagameX: folds
Uncalled bet ($3) returned to xcgxcg2005
xcgxcg2005 collected $11.76 from pot
xcgxcg2005: doesn't show hand
*** SUMMARY ***
Total pot $12 | Rake $0.24
Board [9h 9c 8h]
Seat 5: LifeisagameX (big blind) folded on the Flop
Seat 6: xcgxcg2005 (button) (small blind) collected ($11.76)


PokerStars Hand #158317549786:  Hold'em Limit ($3/$6 USD) - 2016/09/08 4:44:33 ET
Table 'Aesculapia' 10-max Seat #5 is the button
Seat 5: LifeisagameX ($84 in chips)
Seat 6: xcgxcg2005 ($142.92 in chips)
LifeisagameX: posts small blind $1
xcgxcg2005: posts big blind $3
*** HOLE CARDS ***
LifeisagameX: raises $3 to $6
xcgxcg2005: raises $3 to $9
LifeisagameX: calls $3
*** FLOP *** [Kc 3h 8s]
xcgxcg2005: bets $3
LifeisagameX: calls $3
*** TURN *** [Kc 3h 8s] [4h]
xcgxcg2005: bets $6
LifeisagameX: folds
Uncalled bet ($6) returned to xcgxcg2005
xcgxcg2005 collected $23.52 from pot
xcgxcg2005: doesn't show hand
*** SUMMARY ***
Total pot $24 | Rake $0.48
Board [Kc 3h 8s 4h]
Seat 5: LifeisagameX (button) (small blind) folded on the Turn
Seat 6: xcgxcg2005 (big blind) collected ($23.52)


PokerStars Hand #158317556349:  Hold'em Limit ($3/$6 USD) - 2016/09/08 4:44:53 ET
Table 'Aesculapia' 10-max Seat #6 is the button
Seat 5: LifeisagameX ($84 in chips)
Seat 6: xcgxcg2005 ($154.44 in chips)
xcgxcg2005: posts small blind $1
LifeisagameX: posts big blind $3
*** HOLE CARDS ***
xcgxcg2005: raises $3 to $6
LifeisagameX: calls $3
*** FLOP *** [Jh 8h Ac]
LifeisagameX: checks
xcgxcg2005: bets $3
LifeisagameX: folds
Uncalled bet ($3) returned to xcgxcg2005
xcgxcg2005 collected $11.76 from pot
xcgxcg2005: doesn't show hand
*** SUMMARY ***
Total pot $12 | Rake $0.24
Board [Jh 8h Ac]
Seat 5: LifeisagameX (big blind) folded on the Flop
Seat 6: xcgxcg2005 (button) (small blind) collected ($11.76)


PokerStars Hand #158317570615:  Hold'em Limit ($3/$6 USD) - 2016/09/08 4:45:37 ET
Table 'Aesculapia' 10-max Seat #5 is the button
Seat 5: LifeisagameX ($84 in chips)
Seat 6: xcgxcg2005 ($160.20 in chips)
LifeisagameX: posts small blind $1
xcgxcg2005: posts big blind $3
*** HOLE CARDS ***
LifeisagameX: raises $3 to $6
xcgxcg2005: raises $3 to $9
LifeisagameX: calls $3
*** FLOP *** [8s 6s 9c]
xcgxcg2005: checks
LifeisagameX: checks
*** TURN *** [8s 6s 9c] [7c]
xcgxcg2005: bets $6
LifeisagameX: folds
Uncalled bet ($6) returned to xcgxcg2005
xcgxcg2005 collected $17.64 from pot
xcgxcg2005: doesn't show hand
*** SUMMARY ***
Total pot $18 | Rake $0.36
Board [8s 6s 9c 7c]
Seat 5: LifeisagameX (button) (small blind) folded on the Turn
Seat 6: xcgxcg2005 (big blind) collected ($17.64)


PokerStars Hand #158317579414:  Hold'em Limit ($3/$6 USD) - 2016/09/08 4:46:04 ET
Table 'Aesculapia' 10-max Seat #6 is the button
Seat 5: LifeisagameX ($84 in chips)
Seat 6: xcgxcg2005 ($168.84 in chips)
xcgxcg2005: posts small blind $1
LifeisagameX: posts big blind $3
*** HOLE CARDS ***
xcgxcg2005: raises $3 to $6
LifeisagameX: calls $3
*** FLOP *** [As 9s 7s]
LifeisagameX: checks
xcgxcg2005: bets $3
LifeisagameX: raises $3 to $6
xcgxcg2005: calls $3
*** TURN *** [As 9s 7s] [Th]
LifeisagameX: bets $6
xcgxcg2005: folds
Uncalled bet ($6) returned to LifeisagameX
LifeisagameX collected $23.52 from pot
LifeisagameX: doesn't show hand
*** SUMMARY ***
Total pot $24 | Rake $0.48
Board [As 9s 7s Th]
Seat 5: LifeisagameX (big blind) collected ($23.52)
Seat 6: xcgxcg2005 (button) (small blind) folded on the Turn


PokerStars Hand #158317600310:  Hold'em Limit ($3/$6 USD) - 2016/09/08 4:47:09 ET
Table 'Aesculapia' 10-max Seat #5 is the button
Seat 5: LifeisagameX ($119.50 in chips)
Seat 6: xcgxcg2005 ($132.36 in chips)
LifeisagameX: posts small blind $1
xcgxcg2005: posts big blind $3
*** HOLE CARDS ***
LifeisagameX: raises $3 to $6
xcgxcg2005: folds
Uncalled bet ($3) returned to LifeisagameX
LifeisagameX collected $6 from pot
LifeisagameX: doesn't show hand
*** SUMMARY ***
Total pot $6 | Rake $0
Seat 5: LifeisagameX (button) (small blind) collected ($6)
Seat 6: xcgxcg2005 (big blind) folded before Flop


PokerStars Hand #158317592110:  Hold'em Limit ($3/$6 USD) - 2016/09/08 4:46:43 ET
Table 'Aesculapia' 10-max Seat #6 is the button
Seat 5: LifeisagameX ($84 in chips)
Seat 6: xcgxcg2005 ($168.36 in chips)
xcgxcg2005: posts small blind $1
LifeisagameX: posts big blind $3
*** HOLE CARDS ***
xcgxcg2005: raises $3 to $6
LifeisagameX: calls $3
*** FLOP *** [Qd 6c 5c]
LifeisagameX: checks
xcgxcg2005: bets $3
LifeisagameX: raises $3 to $6
xcgxcg2005: calls $3
*** TURN *** [Qd 6c 5c] [3c]
LifeisagameX: bets $6
xcgxcg2005: raises $6 to $12
LifeisagameX: raises $6 to $18
xcgxcg2005: calls $6
*** RIVER *** [Qd 6c 5c 3c] [4d]
LifeisagameX: bets $6
xcgxcg2005: calls $6
*** SHOW DOWN ***
LifeisagameX: shows [4c Jc] (a flush, Jack high)
xcgxcg2005: mucks hand
LifeisagameX collected $71.50 from pot
*** SUMMARY ***
Total pot $72 | Rake $0.50
Board [Qd 6c 5c 3c 4d]
Seat 5: LifeisagameX (big blind) showed [4c Jc] and won ($71.50) with a flush, Jack high
Seat 6: xcgxcg2005 (button) (small blind) mucked


PokerStars Hand #158317602281:  Hold'em Limit ($3/$6 USD) - 2016/09/08 4:47:15 ET
Table 'Aesculapia' 10-max Seat #6 is the button
Seat 5: LifeisagameX ($122.50 in chips)
Seat 6: xcgxcg2005 ($129.36 in chips)
xcgxcg2005: posts small blind $1
LifeisagameX: posts big blind $3
*** HOLE CARDS ***
xcgxcg2005: folds
Uncalled bet ($2) returned to LifeisagameX
LifeisagameX collected $2 from pot
LifeisagameX: doesn't show hand
*** SUMMARY ***
Total pot $2 | Rake $0
Seat 5: LifeisagameX (big blind) collected ($2)
Seat 6: xcgxcg2005 (button) (small blind) folded before Flop


PokerStars Hand #158317608493:  Hold'em Limit ($3/$6 USD) - 2016/09/08 4:47:34 ET
Table 'Aesculapia' 10-max Seat #6 is the button
Seat 5: LifeisagameX ($114.50 in chips)
Seat 6: xcgxcg2005 ($137 in chips)
xcgxcg2005: posts small blind $1
LifeisagameX: posts big blind $3
*** HOLE CARDS ***
xcgxcg2005: folds
Uncalled bet ($2) returned to LifeisagameX
LifeisagameX collected $2 from pot
LifeisagameX: doesn't show hand
*** SUMMARY ***
Total pot $2 | Rake $0
Seat 5: LifeisagameX (big blind) collected ($2)
Seat 6: xcgxcg2005 (button) (small blind) folded before Flop


PokerStars Hand #158317604530:  Hold'em Limit ($3/$6 USD) - 2016/09/08 4:47:22 ET
Table 'Aesculapia' 10-max Seat #5 is the button
Seat 5: LifeisagameX ($123.50 in chips)
Seat 6: xcgxcg2005 ($128.36 in chips)
LifeisagameX: posts small blind $1
xcgxcg2005: posts big blind $3
*** HOLE CARDS ***
LifeisagameX: raises $3 to $6
xcgxcg2005: raises $3 to $9
LifeisagameX: calls $3
*** FLOP *** [5d Qs 7h]
xcgxcg2005: bets $3
LifeisagameX: folds
Uncalled bet ($3) returned to xcgxcg2005
xcgxcg2005 collected $17.64 from pot
xcgxcg2005: doesn't show hand
*** SUMMARY ***
Total pot $18 | Rake $0.36
Board [5d Qs 7h]
Seat 5: LifeisagameX (button) (small blind) folded on the Flop
Seat 6: xcgxcg2005 (big blind) collected ($17.64)


PokerStars Hand #158317586027:  Hold'em Limit ($3/$6 USD) - 2016/09/08 4:46:25 ET
Table 'Aesculapia' 10-max Seat #5 is the button
Seat 5: LifeisagameX ($95.52 in chips)
Seat 6: xcgxcg2005 ($156.84 in chips)
LifeisagameX: posts small blind $1
xcgxcg2005: posts big blind $3
*** HOLE CARDS ***
LifeisagameX: raises $3 to $6
xcgxcg2005: raises $3 to $9
LifeisagameX: calls $3
*** FLOP *** [9h 8s Ad]
xcgxcg2005: bets $3
LifeisagameX: calls $3
*** TURN *** [9h 8s Ad] [Qc]
xcgxcg2005: checks
LifeisagameX: checks
*** RIVER *** [9h 8s Ad Qc] [6d]
xcgxcg2005: checks
LifeisagameX: checks
*** SHOW DOWN ***
xcgxcg2005: shows [Th Kc] (high card Ace)
LifeisagameX: mucks hand
xcgxcg2005 collected $23.52 from pot
*** SUMMARY ***
Total pot $24 | Rake $0.48
Board [9h 8s Ad Qc 6d]
Seat 5: LifeisagameX (button) (small blind) mucked
Seat 6: xcgxcg2005 (big blind) showed [Th Kc] and won ($23.52) with high card Ace


PokerStars Hand #158317623389:  Hold'em Limit ($3/$6 USD) - 2016/09/08 4:48:19 ET
Table 'Aesculapia' 10-max Seat #5 is the button
Seat 5: LifeisagameX ($103.50 in chips)
Seat 6: xcgxcg2005 ($147.52 in chips)
LifeisagameX: posts small blind $1
xcgxcg2005: posts big blind $3
*** HOLE CARDS ***
LifeisagameX: raises $3 to $6
xcgxcg2005: raises $3 to $9
LifeisagameX: folds
Uncalled bet ($3) returned to xcgxcg2005
xcgxcg2005 collected $12 from pot
xcgxcg2005: doesn't show hand
*** SUMMARY ***
Total pot $12 | Rake $0
Seat 5: LifeisagameX (button) (small blind) folded before Flop
Seat 6: xcgxcg2005 (big blind) collected ($12)


PokerStars Hand #158317610171:  Hold'em Limit ($3/$6 USD) - 2016/09/08 4:47:39 ET
Table 'Aesculapia' 10-max Seat #5 is the button
Seat 5: LifeisagameX ($115.50 in chips)
Seat 6: xcgxcg2005 ($136 in chips)
LifeisagameX: posts small blind $1
xcgxcg2005: posts big blind $3
*** HOLE CARDS ***
LifeisagameX: raises $3 to $6
xcgxcg2005: calls $3
*** FLOP *** [Th Qd Td]
xcgxcg2005: checks
LifeisagameX: checks
*** TURN *** [Th Qd Td] [8h]
xcgxcg2005: checks
LifeisagameX: checks
*** RIVER *** [Th Qd Td 8h] [3d]
xcgxcg2005: checks
LifeisagameX: checks
*** SHOW DOWN ***
xcgxcg2005: shows [Kc 4h] (a pair of Tens)
LifeisagameX: mucks hand
xcgxcg2005 collected $11.76 from pot
*** SUMMARY ***
Total pot $12 | Rake $0.24
Board [Th Qd Td 8h 3d]
Seat 5: LifeisagameX (button) (small blind) mucked
Seat 6: xcgxcg2005 (big blind) showed [Kc 4h] and won ($11.76) with a pair of Tens


PokerStars Hand #158317618827:  Hold'em Limit ($3/$6 USD) - 2016/09/08 4:48:05 ET
Table 'Aesculapia' 10-max Seat #6 is the button
Seat 5: LifeisagameX ($109.50 in chips)
Seat 6: xcgxcg2005 ($141.76 in chips)
xcgxcg2005: posts small blind $1
LifeisagameX: posts big blind $3
*** HOLE CARDS ***
xcgxcg2005: raises $3 to $6
LifeisagameX: calls $3
*** FLOP *** [4d Kd 4s]
LifeisagameX: checks
xcgxcg2005: bets $3
LifeisagameX: folds
Uncalled bet ($3) returned to xcgxcg2005
xcgxcg2005 collected $11.76 from pot
xcgxcg2005: doesn't show hand
*** SUMMARY ***
Total pot $12 | Rake $0.24
Board [4d Kd 4s]
Seat 5: LifeisagameX (big blind) folded on the Flop
Seat 6: xcgxcg2005 (button) (small blind) collected ($11.76)


PokerStars Hand #158317643935:  Hold'em Limit ($3/$6 USD) - 2016/09/08 4:49:22 ET
Table 'Aesculapia' 10-max Seat #5 is the button
Seat 5: LifeisagameX ($88 in chips)
Seat 6: xcgxcg2005 ($163.80 in chips)
LifeisagameX: posts small blind $1
xcgxcg2005: posts big blind $3
*** HOLE CARDS ***
LifeisagameX: raises $3 to $6
xcgxcg2005: raises $3 to $9
LifeisagameX: calls $3
*** FLOP *** [3s Th Kh]
xcgxcg2005: bets $3
LifeisagameX: folds
Uncalled bet ($3) returned to xcgxcg2005
xcgxcg2005 collected $17.64 from pot
xcgxcg2005: doesn't show hand
*** SUMMARY ***
Total pot $18 | Rake $0.36
Board [3s Th Kh]
Seat 5: LifeisagameX (button) (small blind) folded on the Flop
Seat 6: xcgxcg2005 (big blind) collected ($17.64)


PokerStars Hand #158317627050:  Hold'em Limit ($3/$6 USD) - 2016/09/08 4:48:30 ET
Table 'Aesculapia' 10-max Seat #6 is the button
Seat 5: LifeisagameX ($97.50 in chips)
Seat 6: xcgxcg2005 ($153.52 in chips)
xcgxcg2005: posts small blind $1
LifeisagameX: posts big blind $3
*** HOLE CARDS ***
xcgxcg2005: raises $3 to $6
LifeisagameX: calls $3
*** FLOP *** [2d 6d Ks]
LifeisagameX: checks
xcgxcg2005: bets $3
LifeisagameX: folds
Uncalled bet ($3) returned to xcgxcg2005
xcgxcg2005 collected $11.76 from pot
xcgxcg2005: doesn't show hand
*** SUMMARY ***
Total pot $12 | Rake $0.24
Board [2d 6d Ks]
Seat 5: LifeisagameX (big blind) folded on the Flop
Seat 6: xcgxcg2005 (button) (small blind) collected ($11.76)


PokerStars Hand #158317631698:  Hold'em Limit ($3/$6 USD) - 2016/09/08 4:48:44 ET
Table 'Aesculapia' 10-max Seat #5 is the button
Seat 5: LifeisagameX ($91.50 in chips)
Seat 6: xcgxcg2005 ($159.28 in chips)
LifeisagameX: posts small blind $1
xcgxcg2005: posts big blind $3
*** HOLE CARDS ***
LifeisagameX: raises $3 to $6
xcgxcg2005: folds
Uncalled bet ($3) returned to LifeisagameX
LifeisagameX collected $6 from pot
LifeisagameX: doesn't show hand
*** SUMMARY ***
Total pot $6 | Rake $0
Seat 5: LifeisagameX (button) (small blind) collected ($6)
Seat 6: xcgxcg2005 (big blind) folded before Flop


PokerStars Hand #158317633932:  Hold'em Limit ($3/$6 USD) - 2016/09/08 4:48:51 ET
Table 'Aesculapia' 10-max Seat #6 is the button
Seat 5: LifeisagameX ($94.50 in chips)
Seat 6: xcgxcg2005 ($156.28 in chips)
xcgxcg2005: posts small blind $1
LifeisagameX: posts big blind $3
*** HOLE CARDS ***
xcgxcg2005: raises $3 to $6
LifeisagameX: calls $3
*** FLOP *** [5c 3c Tc]
LifeisagameX: checks
xcgxcg2005: checks
*** TURN *** [5c 3c Tc] [3h]
LifeisagameX: checks
xcgxcg2005: checks
*** RIVER *** [5c 3c Tc 3h] [Ks]
LifeisagameX: bets $6
xcgxcg2005: calls $6
*** SHOW DOWN ***
LifeisagameX: shows [8h 7d] (a pair of Threes)
xcgxcg2005: shows [8s Jd] (a pair of Threes - King+Jack kicker)
xcgxcg2005 collected $23.52 from pot
*** SUMMARY ***
Total pot $24 | Rake $0.48
Board [5c 3c Tc 3h Ks]
Seat 5: LifeisagameX (big blind) showed [8h 7d] and lost with a pair of Threes
Seat 6: xcgxcg2005 (button) (small blind) showed [8s Jd] and won ($23.52) with a pair of Threes


PokerStars Hand #158317639545:  Hold'em Limit ($3/$6 USD) - 2016/09/08 4:49:08 ET
Table 'Aesculapia' 10-max Seat #5 is the button
Seat 5: LifeisagameX ($84 in chips)
Seat 6: xcgxcg2005 ($167.80 in chips)
LifeisagameX: posts small blind $1
xcgxcg2005: posts big blind $3
*** HOLE CARDS ***
LifeisagameX: raises $3 to $6
xcgxcg2005: folds
Uncalled bet ($3) returned to LifeisagameX
LifeisagameX collected $6 from pot
LifeisagameX: doesn't show hand
*** SUMMARY ***
Total pot $6 | Rake $0
Seat 5: LifeisagameX (button) (small blind) collected ($6)
Seat 6: xcgxcg2005 (big blind) folded before Flop


PokerStars Hand #158317641994:  Hold'em Limit ($3/$6 USD) - 2016/09/08 4:49:16 ET
Table 'Aesculapia' 10-max Seat #6 is the button
Seat 5: LifeisagameX ($87 in chips)
Seat 6: xcgxcg2005 ($164.80 in chips)
xcgxcg2005: posts small blind $1
LifeisagameX: posts big blind $3
*** HOLE CARDS ***
xcgxcg2005: folds
Uncalled bet ($2) returned to LifeisagameX
LifeisagameX collected $2 from pot
LifeisagameX: doesn't show hand
*** SUMMARY ***
Total pot $2 | Rake $0
Seat 5: LifeisagameX (big blind) collected ($2)
Seat 6: xcgxcg2005 (button) (small blind) folded before Flop


PokerStars Hand #158317662560:  Hold'em Limit ($3/$6 USD) - 2016/09/08 4:50:19 ET
Table 'Aesculapia' 10-max Seat #6 is the button
Seat 5: LifeisagameX ($92.64 in chips)
Seat 6: xcgxcg2005 ($177.94 in chips)
xcgxcg2005: posts small blind $1
LifeisagameX: posts big blind $3
*** HOLE CARDS ***
xcgxcg2005: folds
Uncalled bet ($2) returned to LifeisagameX
LifeisagameX collected $2 from pot
LifeisagameX: doesn't show hand
*** SUMMARY ***
Total pot $2 | Rake $0
Seat 5: LifeisagameX (big blind) collected ($2)
Seat 6: xcgxcg2005 (button) (small blind) folded before Flop


PokerStars Hand #158317648000:  Hold'em Limit ($3/$6 USD) - 2016/09/08 4:49:34 ET
Table 'Aesculapia' 10-max Seat #6 is the button
Seat 5: LifeisagameX ($84 in chips)
Seat 6: xcgxcg2005 ($172.44 in chips)
xcgxcg2005: posts small blind $1
LifeisagameX: posts big blind $3
*** HOLE CARDS ***
xcgxcg2005: raises $3 to $6
LifeisagameX: calls $3
*** FLOP *** [3c Qd 9c]
LifeisagameX: checks
xcgxcg2005: bets $3
LifeisagameX: calls $3
*** TURN *** [3c Qd 9c] [Jd]
LifeisagameX: checks
xcgxcg2005: bets $6
LifeisagameX: calls $6
*** RIVER *** [3c Qd 9c Jd] [Tc]
LifeisagameX: checks
xcgxcg2005: checks
*** SHOW DOWN ***
LifeisagameX: shows [6d 6c] (a pair of Sixes)
xcgxcg2005: shows [Qc Qs] (three of a kind, Queens)
xcgxcg2005 collected $29.50 from pot
*** SUMMARY ***
Total pot $30 | Rake $0.50
Board [3c Qd 9c Jd Tc]
Seat 5: LifeisagameX (big blind) showed [6d 6c] and lost with a pair of Sixes
Seat 6: xcgxcg2005 (button) (small blind) showed [Qc Qs] and won ($29.50) with three of a kind, Queens


PokerStars Hand #158317656355:  Hold'em Limit ($3/$6 USD) - 2016/09/08 4:50:00 ET
Table 'Aesculapia' 10-max Seat #5 is the button
Seat 5: LifeisagameX ($84 in chips)
Seat 6: xcgxcg2005 ($186.94 in chips)
LifeisagameX: posts small blind $1
xcgxcg2005: posts big blind $3
*** HOLE CARDS ***
LifeisagameX: raises $3 to $6
xcgxcg2005: calls $3
*** FLOP *** [8c Qh Ah]
xcgxcg2005: checks
LifeisagameX: bets $3
xcgxcg2005: calls $3
*** TURN *** [8c Qh Ah] [3c]
xcgxcg2005: checks
LifeisagameX: bets $6
xcgxcg2005: folds
Uncalled bet ($6) returned to LifeisagameX
LifeisagameX collected $17.64 from pot
LifeisagameX: doesn't show hand
*** SUMMARY ***
Total pot $18 | Rake $0.36
Board [8c Qh Ah 3c]
Seat 5: LifeisagameX (button) (small blind) collected ($17.64)
Seat 6: xcgxcg2005 (big blind) folded on the Turn


PokerStars Hand #158317664236:  Hold'em Limit ($3/$6 USD) - 2016/09/08 4:50:24 ET
Table 'Aesculapia' 10-max Seat #5 is the button
Seat 5: LifeisagameX ($93.64 in chips)
Seat 6: xcgxcg2005 ($176.94 in chips)
LifeisagameX: posts small blind $1
xcgxcg2005: posts big blind $3
*** HOLE CARDS ***
LifeisagameX: raises $3 to $6
xcgxcg2005: raises $3 to $9
LifeisagameX: calls $3
*** FLOP *** [4d Kd 4s]
xcgxcg2005: bets $3
LifeisagameX: calls $3
*** TURN *** [4d Kd 4s] [7h]
xcgxcg2005: bets $6
LifeisagameX: raises $6 to $12
xcgxcg2005: calls $6
*** RIVER *** [4d Kd 4s 7h] [Ts]
xcgxcg2005: checks
LifeisagameX: bets $6
xcgxcg2005: calls $6
*** SHOW DOWN ***
LifeisagameX: shows [6s 3s] (a pair of Fours)
xcgxcg2005: shows [5h 7c] (two pair, Sevens and Fours)
xcgxcg2005 collected $59.50 from pot
*** SUMMARY ***
Total pot $60 | Rake $0.50
Board [4d Kd 4s 7h Ts]
Seat 5: LifeisagameX (button) (small blind) showed [6s 3s] and lost with a pair of Fours
Seat 6: xcgxcg2005 (big blind) showed [5h 7c] and won ($59.50) with two pair, Sevens and Fours


PokerStars Hand #158317683667:  Hold'em Limit ($3/$6 USD) - 2016/09/08 4:51:23 ET
Table 'Aesculapia' 10-max Seat #5 is the button
Seat 5: LifeisagameX ($84 in chips)
Seat 6: xcgxcg2005 ($223.94 in chips)
LifeisagameX: posts small blind $1
xcgxcg2005: posts big blind $3
*** HOLE CARDS ***
LifeisagameX: raises $3 to $6
xcgxcg2005: folds
Uncalled bet ($3) returned to LifeisagameX
LifeisagameX collected $6 from pot
LifeisagameX: doesn't show hand
*** SUMMARY ***
Total pot $6 | Rake $0
Seat 5: LifeisagameX (button) (small blind) collected ($6)
Seat 6: xcgxcg2005 (big blind) folded before Flop


PokerStars Hand #158317675277:  Hold'em Limit ($3/$6 USD) - 2016/09/08 4:50:57 ET
Table 'Aesculapia' 10-max Seat #6 is the button
Seat 5: LifeisagameX ($84 in chips)
Seat 6: xcgxcg2005 ($206.44 in chips)
xcgxcg2005: posts small blind $1
LifeisagameX: posts big blind $3
*** HOLE CARDS ***
xcgxcg2005: raises $3 to $6
LifeisagameX: calls $3
*** FLOP *** [2h 4c 7s]
LifeisagameX: checks
xcgxcg2005: bets $3
LifeisagameX: raises $3 to $6
xcgxcg2005: calls $3
*** TURN *** [2h 4c 7s] [3c]
LifeisagameX: checks
xcgxcg2005: bets $6
LifeisagameX: calls $6
*** RIVER *** [2h 4c 7s 3c] [9c]
LifeisagameX: checks
xcgxcg2005: checks
*** SHOW DOWN ***
LifeisagameX: shows [2d Ks] (a pair of Deuces)
xcgxcg2005: shows [Kc 3h] (a pair of Threes)
xcgxcg2005 collected $35.50 from pot
*** SUMMARY ***
Total pot $36 | Rake $0.50
Board [2h 4c 7s 3c 9c]
Seat 5: LifeisagameX (big blind) showed [2d Ks] and lost with a pair of Deuces
Seat 6: xcgxcg2005 (button) (small blind) showed [Kc 3h] and won ($35.50) with a pair of Threes


PokerStars Hand #158317686141:  Hold'em Limit ($3/$6 USD) - 2016/09/08 4:51:30 ET
Table 'Aesculapia' 10-max Seat #6 is the button
Seat 5: LifeisagameX ($87 in chips)
Seat 6: xcgxcg2005 ($220.94 in chips)
xcgxcg2005: posts small blind $1
LifeisagameX: posts big blind $3
*** HOLE CARDS ***
xcgxcg2005: folds
Uncalled bet ($2) returned to LifeisagameX
LifeisagameX collected $2 from pot
LifeisagameX: doesn't show hand
*** SUMMARY ***
Total pot $2 | Rake $0
Seat 5: LifeisagameX (big blind) collected ($2)
Seat 6: xcgxcg2005 (button) (small blind) folded before Flop


PokerStars Hand #158317688010:  Hold'em Limit ($3/$6 USD) - 2016/09/08 4:51:36 ET
Table 'Aesculapia' 10-max Seat #5 is the button
Seat 5: LifeisagameX ($88 in chips)
Seat 6: xcgxcg2005 ($219.94 in chips)
LifeisagameX: posts small blind $1
xcgxcg2005: posts big blind $3
*** HOLE CARDS ***
LifeisagameX: raises $3 to $6
xcgxcg2005: raises $3 to $9
LifeisagameX: calls $3
*** FLOP *** [Td 3d 6h]
xcgxcg2005: bets $3
LifeisagameX: calls $3
*** TURN *** [Td 3d 6h] [Qc]
xcgxcg2005: bets $6
LifeisagameX: folds
Uncalled bet ($6) returned to xcgxcg2005
xcgxcg2005 collected $23.52 from pot
xcgxcg2005: doesn't show hand
*** SUMMARY ***
Total pot $24 | Rake $0.48
Board [Td 3d 6h Qc]
Seat 5: LifeisagameX (button) (small blind) folded on the Turn
Seat 6: xcgxcg2005 (big blind) collected ($23.52)


PokerStars Hand #158317695976:  Hold'em Limit ($3/$6 USD) - 2016/09/08 4:52:00 ET
Table 'Aesculapia' 10-max Seat #6 is the button
Seat 5: LifeisagameX ($84 in chips)
Seat 6: xcgxcg2005 ($231.46 in chips)
xcgxcg2005: posts small blind $1
LifeisagameX: posts big blind $3
*** HOLE CARDS ***
xcgxcg2005: raises $3 to $6
LifeisagameX: calls $3
*** FLOP *** [5h 7d Ac]
LifeisagameX: checks
xcgxcg2005: bets $3
LifeisagameX: calls $3
*** TURN *** [5h 7d Ac] [Ad]
LifeisagameX: checks
xcgxcg2005: bets $6
LifeisagameX: calls $6
*** RIVER *** [5h 7d Ac Ad] [4h]
LifeisagameX: checks
xcgxcg2005: bets $6
LifeisagameX: folds
Uncalled bet ($6) returned to xcgxcg2005
xcgxcg2005 collected $29.50 from pot
xcgxcg2005: doesn't show hand
*** SUMMARY ***
Total pot $30 | Rake $0.50
Board [5h 7d Ac Ad 4h]
Seat 5: LifeisagameX (big blind) folded on the River
Seat 6: xcgxcg2005 (button) (small blind) collected ($29.50)


PokerStars Hand #158317719629:  Hold'em Limit ($3/$6 USD) - 2016/09/08 4:53:13 ET
Table 'Aesculapia' 10-max Seat #6 is the button
Seat 5: LifeisagameX ($104.50 in chips)
Seat 6: xcgxcg2005 ($224.96 in chips)
xcgxcg2005: posts small blind $1
LifeisagameX: posts big blind $3
*** HOLE CARDS ***
xcgxcg2005: folds
Uncalled bet ($2) returned to LifeisagameX
LifeisagameX collected $2 from pot
LifeisagameX: doesn't show hand
*** SUMMARY ***
Total pot $2 | Rake $0
Seat 5: LifeisagameX (big blind) collected ($2)
Seat 6: xcgxcg2005 (button) (small blind) folded before Flop


PokerStars Hand #158317703703:  Hold'em Limit ($3/$6 USD) - 2016/09/08 4:52:24 ET
Table 'Aesculapia' 10-max Seat #5 is the button
Seat 5: LifeisagameX ($84 in chips)
Seat 6: xcgxcg2005 ($245.96 in chips)
LifeisagameX: posts small blind $1
xcgxcg2005: posts big blind $3
*** HOLE CARDS ***
LifeisagameX: raises $3 to $6
xcgxcg2005: raises $3 to $9
LifeisagameX: calls $3
*** FLOP *** [7c 4s 6c]
xcgxcg2005: bets $3
LifeisagameX: raises $3 to $6
xcgxcg2005: calls $3
*** TURN *** [7c 4s 6c] [5d]
xcgxcg2005: checks
LifeisagameX: bets $6
xcgxcg2005: calls $6
*** RIVER *** [7c 4s 6c 5d] [Td]
xcgxcg2005: checks
LifeisagameX: bets $6
xcgxcg2005: folds
Uncalled bet ($6) returned to LifeisagameX
LifeisagameX collected $41.50 from pot
LifeisagameX: doesn't show hand
*** SUMMARY ***
Total pot $42 | Rake $0.50
Board [7c 4s 6c 5d Td]
Seat 5: LifeisagameX (button) (small blind) collected ($41.50)
Seat 6: xcgxcg2005 (big blind) folded on the River


PokerStars Hand #158317721365:  Hold'em Limit ($3/$6 USD) - 2016/09/08 4:53:18 ET
Table 'Aesculapia' 10-max Seat #5 is the button
Seat 5: LifeisagameX ($105.50 in chips)
Seat 6: xcgxcg2005 ($223.96 in chips)
LifeisagameX: posts small blind $1
xcgxcg2005: posts big blind $3
*** HOLE CARDS ***
LifeisagameX: raises $3 to $6
xcgxcg2005: raises $3 to $9
LifeisagameX: calls $3
*** FLOP *** [7d 2d 4d]
xcgxcg2005: bets $3
LifeisagameX: calls $3
*** TURN *** [7d 2d 4d] [4s]
xcgxcg2005: bets $6
LifeisagameX: raises $6 to $12
xcgxcg2005: calls $6
*** RIVER *** [7d 2d 4d 4s] [9c]
xcgxcg2005: checks
LifeisagameX: bets $6
xcgxcg2005: calls $6
*** SHOW DOWN ***
LifeisagameX: shows [Td 8s] (a pair of Fours)
xcgxcg2005: shows [Kc Tc] (a pair of Fours - King kicker)
xcgxcg2005 collected $59.50 from pot
*** SUMMARY ***
Total pot $60 | Rake $0.50
Board [7d 2d 4d 4s 9c]
Seat 5: LifeisagameX (button) (small blind) showed [Td 8s] and lost with a pair of Fours
Seat 6: xcgxcg2005 (big blind) showed [Kc Tc] and won ($59.50) with a pair of Fours


PokerStars Hand #158317750706:  Hold'em Limit ($3/$6 USD) - 2016/09/08 4:54:17 ET
Table 'Aesculapia' 10-max Seat #6 is the button
Seat 5: LifeisagameX ($87 in chips)
Seat 6: xcgxcg2005 ($270.96 in chips)
xcgxcg2005: posts small blind $1
LifeisagameX: posts big blind $3
*** HOLE CARDS ***
xcgxcg2005: folds
Uncalled bet ($2) returned to LifeisagameX
LifeisagameX collected $2 from pot
LifeisagameX: doesn't show hand
*** SUMMARY ***
Total pot $2 | Rake $0
Seat 5: LifeisagameX (big blind) collected ($2)
Seat 6: xcgxcg2005 (button) (small blind) folded before Flop


PokerStars Hand #158317747494:  Hold'em Limit ($3/$6 USD) - 2016/09/08 4:54:07 ET
Table 'Aesculapia' 10-max Seat #5 is the button
Seat 5: LifeisagameX ($84 in chips)
Seat 6: xcgxcg2005 ($273.96 in chips)
LifeisagameX: posts small blind $1
xcgxcg2005: posts big blind $3
*** HOLE CARDS ***
LifeisagameX: raises $3 to $6
xcgxcg2005: folds
Uncalled bet ($3) returned to LifeisagameX
LifeisagameX collected $6 from pot
LifeisagameX: doesn't show hand
*** SUMMARY ***
Total pot $6 | Rake $0
Seat 5: LifeisagameX (button) (small blind) collected ($6)
Seat 6: xcgxcg2005 (big blind) folded before Flop


PokerStars Hand #158317727958:  Hold'em Limit ($3/$6 USD) - 2016/09/08 4:53:38 ET
Table 'Aesculapia' 10-max Seat #6 is the button
Seat 5: LifeisagameX ($84 in chips)
Seat 6: xcgxcg2005 ($253.46 in chips)
xcgxcg2005: posts small blind $1
LifeisagameX: posts big blind $3
*** HOLE CARDS ***
xcgxcg2005: raises $3 to $6
LifeisagameX: calls $3
*** FLOP *** [Qd Ks 4d]
LifeisagameX: checks
xcgxcg2005: bets $3
LifeisagameX: calls $3
*** TURN *** [Qd Ks 4d] [As]
LifeisagameX: checks
xcgxcg2005: bets $6
LifeisagameX: calls $6
*** RIVER *** [Qd Ks 4d As] [7s]
LifeisagameX: checks
xcgxcg2005: bets $6
LifeisagameX: calls $6
*** SHOW DOWN ***
xcgxcg2005: shows [Ah 6c] (a pair of Aces)
LifeisagameX: mucks hand
xcgxcg2005 collected $41.50 from pot
*** SUMMARY ***
Total pot $42 | Rake $0.50
Board [Qd Ks 4d As 7s]
Seat 5: LifeisagameX (big blind) mucked
Seat 6: xcgxcg2005 (button) (small blind) showed [Ah 6c] and won ($41.50) with a pair of Aces


PokerStars Hand #158317752399:  Hold'em Limit ($3/$6 USD) - 2016/09/08 4:54:22 ET
Table 'Aesculapia' 10-max Seat #5 is the button
Seat 5: LifeisagameX ($88 in chips)
Seat 6: xcgxcg2005 ($269.96 in chips)
LifeisagameX: posts small blind $1
xcgxcg2005: posts big blind $3
*** HOLE CARDS ***
LifeisagameX: raises $3 to $6
xcgxcg2005: raises $3 to $9
LifeisagameX: calls $3
*** FLOP *** [4d Tc 9c]
xcgxcg2005: bets $3
LifeisagameX: calls $3
*** TURN *** [4d Tc 9c] [4c]
xcgxcg2005: bets $6
LifeisagameX: folds
Uncalled bet ($6) returned to xcgxcg2005
xcgxcg2005 collected $23.52 from pot
xcgxcg2005: doesn't show hand
*** SUMMARY ***
Total pot $24 | Rake $0.48
Board [4d Tc 9c 4c]
Seat 5: LifeisagameX (button) (small blind) folded on the Turn
Seat 6: xcgxcg2005 (big blind) collected ($23.52)


PokerStars Hand #158317764114:  Hold'em Limit ($3/$6 USD) - 2016/09/08 4:54:57 ET
Table 'Aesculapia' 10-max Seat #6 is the button
Seat 5: LifeisagameX ($84 in chips)
Seat 6: xcgxcg2005 ($281.48 in chips)
xcgxcg2005: posts small blind $1
LifeisagameX: posts big blind $3
*** HOLE CARDS ***
xcgxcg2005: raises $3 to $6
LifeisagameX: folds
Uncalled bet ($3) returned to xcgxcg2005
xcgxcg2005 collected $6 from pot
xcgxcg2005: doesn't show hand
*** SUMMARY ***
Total pot $6 | Rake $0
Seat 5: LifeisagameX (big blind) folded before Flop
Seat 6: xcgxcg2005 (button) (small blind) collected ($6)


PokerStars Hand #158317767466:  Hold'em Limit ($3/$6 USD) - 2016/09/08 4:55:08 ET
Table 'Aesculapia' 10-max Seat #5 is the button
Seat 5: LifeisagameX ($84 in chips)
Seat 6: xcgxcg2005 ($284.48 in chips)
LifeisagameX: posts small blind $1
xcgxcg2005: posts big blind $3
*** HOLE CARDS ***
LifeisagameX: raises $3 to $6
xcgxcg2005: raises $3 to $9
LifeisagameX: calls $3
*** FLOP *** [Th Ac 2h]
xcgxcg2005: bets $3
LifeisagameX: calls $3
*** TURN *** [Th Ac 2h] [8d]
xcgxcg2005: checks
LifeisagameX: bets $6
xcgxcg2005: calls $6
*** RIVER *** [Th Ac 2h 8d] [Kc]
xcgxcg2005: checks
LifeisagameX: bets $6
xcgxcg2005: calls $6
*** SHOW DOWN ***
LifeisagameX: shows [9h 3h] (high card Ace)
xcgxcg2005: shows [8s Js] (a pair of Eights)
xcgxcg2005 collected $47.50 from pot
*** SUMMARY ***
Total pot $48 | Rake $0.50
Board [Th Ac 2h 8d Kc]
Seat 5: LifeisagameX (button) (small blind) showed [9h 3h] and lost with high card Ace
Seat 6: xcgxcg2005 (big blind) showed [8s Js] and won ($47.50) with a pair of Eights


PokerStars Hand #158317784017:  Hold'em Limit ($3/$6 USD) - 2016/09/08 4:56:03 ET
Table 'Aesculapia' 10-max Seat #6 is the button
Seat 5: LifeisagameX ($84 in chips)
Seat 6: xcgxcg2005 ($307.98 in chips)
xcgxcg2005: posts small blind $1
LifeisagameX: posts big blind $3
*** HOLE CARDS ***
xcgxcg2005: raises $3 to $6
LifeisagameX: calls $3
*** FLOP *** [9h 4d Jd]
LifeisagameX: checks
xcgxcg2005: bets $3
LifeisagameX: calls $3
*** TURN *** [9h 4d Jd] [Js]
LifeisagameX: checks
xcgxcg2005: bets $6
LifeisagameX: calls $6
*** RIVER *** [9h 4d Jd Js] [7d]
LifeisagameX: checks
xcgxcg2005: checks
*** SHOW DOWN ***
LifeisagameX: shows [8d As] (a pair of Jacks)
xcgxcg2005: mucks hand
LifeisagameX collected $29.50 from pot
*** SUMMARY ***
Total pot $30 | Rake $0.50
Board [9h 4d Jd Js 7d]
Seat 5: LifeisagameX (big blind) showed [8d As] and won ($29.50) with a pair of Jacks
Seat 6: xcgxcg2005 (button) (small blind) mucked


PokerStars Hand #158317820665:  Hold'em Limit ($3/$6 USD) - 2016/09/08 4:58:06 ET
Table 'Aesculapia' 10-max Seat #6 is the button
Seat 5: LifeisagameX ($114.02 in chips)
Seat 6: xcgxcg2005 ($276.98 in chips)
xcgxcg2005: posts small blind $1
LifeisagameX: posts big blind $3
*** HOLE CARDS ***
xcgxcg2005: raises $3 to $6
LifeisagameX: calls $3
*** FLOP *** [Ad 6s Qd]
LifeisagameX: checks
xcgxcg2005: bets $3
LifeisagameX: folds
Uncalled bet ($3) returned to xcgxcg2005
xcgxcg2005 collected $11.76 from pot
xcgxcg2005: doesn't show hand
*** SUMMARY ***
Total pot $12 | Rake $0.24
Board [Ad 6s Qd]
Seat 5: LifeisagameX (big blind) folded on the Flop
Seat 6: xcgxcg2005 (button) (small blind) collected ($11.76)


PokerStars Hand #158317818098:  Hold'em Limit ($3/$6 USD) - 2016/09/08 4:57:57 ET
Table 'Aesculapia' 10-max Seat #5 is the button
Seat 5: LifeisagameX ($111.02 in chips)
Seat 6: xcgxcg2005 ($279.98 in chips)
LifeisagameX: posts small blind $1
xcgxcg2005: posts big blind $3
*** HOLE CARDS ***
LifeisagameX: raises $3 to $6
xcgxcg2005: folds
Uncalled bet ($3) returned to LifeisagameX
LifeisagameX collected $6 from pot
LifeisagameX: doesn't show hand
*** SUMMARY ***
Total pot $6 | Rake $0
Seat 5: LifeisagameX (button) (small blind) collected ($6)
Seat 6: xcgxcg2005 (big blind) folded before Flop


PokerStars Hand #158317816740:  Hold'em Limit ($3/$6 USD) - 2016/09/08 4:57:53 ET
Table 'Aesculapia' 10-max Seat #6 is the button
Seat 5: LifeisagameX ($110.02 in chips)
Seat 6: xcgxcg2005 ($280.98 in chips)
xcgxcg2005: posts small blind $1
LifeisagameX: posts big blind $3
*** HOLE CARDS ***
xcgxcg2005: folds
Uncalled bet ($2) returned to LifeisagameX
LifeisagameX collected $2 from pot
LifeisagameX: doesn't show hand
*** SUMMARY ***
Total pot $2 | Rake $0
Seat 5: LifeisagameX (big blind) collected ($2)
Seat 6: xcgxcg2005 (button) (small blind) folded before Flop


PokerStars Hand #158317803583:  Hold'em Limit ($3/$6 USD) - 2016/09/08 4:57:09 ET
Table 'Aesculapia' 10-max Seat #5 is the button
Seat 5: LifeisagameX ($98.50 in chips)
Seat 6: xcgxcg2005 ($292.98 in chips)
LifeisagameX: posts small blind $1
xcgxcg2005: posts big blind $3
*** HOLE CARDS ***
LifeisagameX: raises $3 to $6
xcgxcg2005: raises $3 to $9
LifeisagameX: calls $3
*** FLOP *** [4s Th 4c]
xcgxcg2005: bets $3
LifeisagameX: calls $3
*** TURN *** [4s Th 4c] [Kc]
xcgxcg2005: checks
LifeisagameX: checks
*** RIVER *** [4s Th 4c Kc] [Tc]
xcgxcg2005: checks
LifeisagameX: checks
*** SHOW DOWN ***
xcgxcg2005: shows [9d Qd] (two pair, Tens and Fours)
LifeisagameX: shows [9s As] (two pair, Tens and Fours - Ace kicker)
LifeisagameX collected $23.52 from pot
*** SUMMARY ***
Total pot $24 | Rake $0.48
Board [4s Th 4c Kc Tc]
Seat 5: LifeisagameX (button) (small blind) showed [9s As] and won ($23.52) with two pair, Tens and Fours
Seat 6: xcgxcg2005 (big blind) showed [9d Qd] and lost with two pair, Tens and Fours


PokerStars Hand #158317836130:  Hold'em Limit ($3/$6 USD) - 2016/09/08 4:58:57 ET
Table 'Aesculapia' 10-max Seat #6 is the button
Seat 5: LifeisagameX ($140.52 in chips)
Seat 6: xcgxcg2005 ($249.74 in chips)
xcgxcg2005: posts small blind $1
LifeisagameX: posts big blind $3
*** HOLE CARDS ***
xcgxcg2005: raises $3 to $6
LifeisagameX: raises $3 to $9
xcgxcg2005: raises $3 to $12
Betting is capped
LifeisagameX: calls $3
*** FLOP *** [9h 8c Jd]
LifeisagameX: checks
xcgxcg2005: checks
*** TURN *** [9h 8c Jd] [Ks]
LifeisagameX: bets $6
xcgxcg2005: raises $6 to $12
LifeisagameX: folds
Uncalled bet ($6) returned to xcgxcg2005
xcgxcg2005 collected $35.50 from pot
xcgxcg2005: doesn't show hand
*** SUMMARY ***
Total pot $36 | Rake $0.50
Board [9h 8c Jd Ks]
Seat 5: LifeisagameX (big blind) folded on the Turn
Seat 6: xcgxcg2005 (button) (small blind) collected ($35.50)


PokerStars Hand #158317827717:  Hold'em Limit ($3/$6 USD) - 2016/09/08 4:58:29 ET
Table 'Aesculapia' 10-max Seat #5 is the button
Seat 5: LifeisagameX ($108.02 in chips)
Seat 6: xcgxcg2005 ($282.74 in chips)
LifeisagameX: posts small blind $1
xcgxcg2005: posts big blind $3
*** HOLE CARDS ***
LifeisagameX: raises $3 to $6
xcgxcg2005: calls $3
*** FLOP *** [Jh 4d Js]
xcgxcg2005: checks
LifeisagameX: bets $3
xcgxcg2005: calls $3
*** TURN *** [Jh 4d Js] [2h]
xcgxcg2005: checks
LifeisagameX: bets $6
xcgxcg2005: raises $6 to $12
LifeisagameX: raises $6 to $18
xcgxcg2005: calls $6
*** RIVER *** [Jh 4d Js 2h] [Ah]
xcgxcg2005: checks
LifeisagameX: bets $6
xcgxcg2005: calls $6
*** SHOW DOWN ***
LifeisagameX: shows [Jc Jd] (four of a kind, Jacks)
xcgxcg2005: mucks hand
LifeisagameX collected $65.50 from pot
*** SUMMARY ***
Total pot $66 | Rake $0.50
Board [Jh 4d Js 2h Ah]
Seat 5: LifeisagameX (button) (small blind) showed [Jc Jd] and won ($65.50) with four of a kind, Jacks
Seat 6: xcgxcg2005 (big blind) mucked


PokerStars Hand #158317842695:  Hold'em Limit ($3/$6 USD) - 2016/09/08 4:59:19 ET
Table 'Aesculapia' 10-max Seat #5 is the button
Seat 5: LifeisagameX ($122.52 in chips)
Seat 6: xcgxcg2005 ($267.24 in chips)
LifeisagameX: posts small blind $1
xcgxcg2005: posts big blind $3
*** HOLE CARDS ***
LifeisagameX: raises $3 to $6
xcgxcg2005: raises $3 to $9
LifeisagameX: calls $3
*** FLOP *** [5c 6c 5h]
xcgxcg2005: bets $3
LifeisagameX: raises $3 to $6
xcgxcg2005: raises $3 to $9
LifeisagameX: calls $3
*** TURN *** [5c 6c 5h] [2s]
xcgxcg2005: bets $6
LifeisagameX: raises $6 to $12
xcgxcg2005: calls $6
*** RIVER *** [5c 6c 5h 2s] [Js]
xcgxcg2005: checks
LifeisagameX: bets $6
xcgxcg2005: calls $6
*** SHOW DOWN ***
LifeisagameX: shows [5s 8s] (three of a kind, Fives)
xcgxcg2005: mucks hand
LifeisagameX collected $71.50 from pot
*** SUMMARY ***
Total pot $72 | Rake $0.50
Board [5c 6c 5h 2s Js]
Seat 5: LifeisagameX (button) (small blind) showed [5s 8s] and won ($71.50) with three of a kind, Fives
Seat 6: xcgxcg2005 (big blind) mucked


PokerStars Hand #158317859029:  Hold'em Limit ($3/$6 USD) - 2016/09/08 5:00:11 ET
Table 'Aesculapia' 10-max Seat #6 is the button
Seat 5: LifeisagameX ($158.02 in chips)
Seat 6: xcgxcg2005 ($231.24 in chips)
xcgxcg2005: posts small blind $1
LifeisagameX: posts big blind $3
*** HOLE CARDS ***
xcgxcg2005: raises $3 to $6
LifeisagameX: raises $3 to $9
xcgxcg2005: raises $3 to $12
Betting is capped
LifeisagameX: calls $3
*** FLOP *** [7c Jh Qh]
LifeisagameX: checks
xcgxcg2005: bets $3
LifeisagameX: calls $3
*** TURN *** [7c Jh Qh] [Ad]
LifeisagameX: checks
xcgxcg2005: bets $6
LifeisagameX: raises $6 to $12
xcgxcg2005: raises $6 to $18
LifeisagameX: calls $6
*** RIVER *** [7c Jh Qh Ad] [5h]
LifeisagameX: checks
xcgxcg2005: bets $6
LifeisagameX: calls $6
*** SHOW DOWN ***
xcgxcg2005: shows [Jc Jd] (three of a kind, Jacks)
LifeisagameX: mucks hand
xcgxcg2005 collected $77.50 from pot
*** SUMMARY ***
Total pot $78 | Rake $0.50
Board [7c Jh Qh Ad 5h]
Seat 5: LifeisagameX (big blind) mucked
Seat 6: xcgxcg2005 (button) (small blind) showed [Jc Jd] and won ($77.50) with three of a kind, Jacks


PokerStars Hand #158317892856:  Hold'em Limit ($3/$6 USD) - 2016/09/08 5:01:57 ET
Table 'Aesculapia' 10-max Seat #5 is the button
Seat 5: LifeisagameX ($125.78 in chips)
Seat 6: xcgxcg2005 ($262.74 in chips)
LifeisagameX: posts small blind $1
xcgxcg2005: posts big blind $3
*** HOLE CARDS ***
LifeisagameX: raises $3 to $6
xcgxcg2005: raises $3 to $9
LifeisagameX: calls $3
*** FLOP *** [3s 6s Qc]
xcgxcg2005: bets $3
LifeisagameX: calls $3
*** TURN *** [3s 6s Qc] [4s]
xcgxcg2005: bets $6
LifeisagameX: raises $6 to $12
xcgxcg2005: raises $6 to $18
LifeisagameX: calls $6
*** RIVER *** [3s 6s Qc 4s] [4c]
xcgxcg2005: bets $6
LifeisagameX: folds
Uncalled bet ($6) returned to xcgxcg2005
xcgxcg2005 collected $59.50 from pot
xcgxcg2005: doesn't show hand
*** SUMMARY ***
Total pot $60 | Rake $0.50
Board [3s 6s Qc 4s 4c]
Seat 5: LifeisagameX (button) (small blind) folded on the River
Seat 6: xcgxcg2005 (big blind) collected ($59.50)


PokerStars Hand #158317891020:  Hold'em Limit ($3/$6 USD) - 2016/09/08 5:01:52 ET
Table 'Aesculapia' 10-max Seat #6 is the button
Seat 5: LifeisagameX ($124.78 in chips)
Seat 6: xcgxcg2005 ($263.74 in chips)
xcgxcg2005: posts small blind $1
LifeisagameX: posts big blind $3
*** HOLE CARDS ***
xcgxcg2005: folds
Uncalled bet ($2) returned to LifeisagameX
LifeisagameX collected $2 from pot
LifeisagameX: doesn't show hand
*** SUMMARY ***
Total pot $2 | Rake $0
Seat 5: LifeisagameX (big blind) collected ($2)
Seat 6: xcgxcg2005 (button) (small blind) folded before Flop


PokerStars Hand #158317877117:  Hold'em Limit ($3/$6 USD) - 2016/09/08 5:01:09 ET
Table 'Aesculapia' 10-max Seat #5 is the button
Seat 5: LifeisagameX ($119.02 in chips)
Seat 6: xcgxcg2005 ($269.74 in chips)
LifeisagameX: posts small blind $1
xcgxcg2005: posts big blind $3
*** HOLE CARDS ***
LifeisagameX: raises $3 to $6
xcgxcg2005: calls $3
*** FLOP *** [As Kh 3s]
xcgxcg2005: checks
LifeisagameX: checks
*** TURN *** [As Kh 3s] [8h]
xcgxcg2005: checks
LifeisagameX: checks
*** RIVER *** [As Kh 3s 8h] [Ts]
xcgxcg2005: checks
LifeisagameX: checks
*** SHOW DOWN ***
xcgxcg2005: shows [5s 9h] (high card Ace)
LifeisagameX: shows [2h Qs] (high card Ace - King+Queen kicker)
LifeisagameX collected $11.76 from pot
*** SUMMARY ***
Total pot $12 | Rake $0.24
Board [As Kh 3s 8h Ts]
Seat 5: LifeisagameX (button) (small blind) showed [2h Qs] and won ($11.76) with high card Ace
Seat 6: xcgxcg2005 (big blind) showed [5s 9h] and lost with high card Ace


PokerStars Hand #158317915784:  Hold'em Limit ($3/$6 USD) - 2016/09/08 5:03:06 ET
Table 'Aesculapia' 10-max Seat #6 is the button
Seat 5: LifeisagameX ($99.78 in chips)
Seat 6: xcgxcg2005 ($288.24 in chips)
xcgxcg2005: posts small blind $1
LifeisagameX: posts big blind $3
*** HOLE CARDS ***
xcgxcg2005: raises $3 to $6
LifeisagameX: calls $3
*** FLOP *** [As 4h 6h]
LifeisagameX: checks
xcgxcg2005: bets $3
LifeisagameX: raises $3 to $6
xcgxcg2005: raises $3 to $9
LifeisagameX: calls $3
*** TURN *** [As 4h 6h] [Kh]
LifeisagameX: checks
xcgxcg2005: checks
*** RIVER *** [As 4h 6h Kh] [Jc]
LifeisagameX: bets $6
xcgxcg2005: folds
Uncalled bet ($6) returned to LifeisagameX
LifeisagameX collected $29.50 from pot
LifeisagameX: doesn't show hand
*** SUMMARY ***
Total pot $30 | Rake $0.50
Board [As 4h 6h Kh Jc]
Seat 5: LifeisagameX (big blind) collected ($29.50)
Seat 6: xcgxcg2005 (button) (small blind) folded on the River


PokerStars Hand #158317908241:  Hold'em Limit ($3/$6 USD) - 2016/09/08 5:02:44 ET
Table 'Aesculapia' 10-max Seat #6 is the button
Seat 5: LifeisagameX ($95.78 in chips)
Seat 6: xcgxcg2005 ($292.24 in chips)
xcgxcg2005: posts small blind $1
LifeisagameX: posts big blind $3
*** HOLE CARDS ***
xcgxcg2005: folds
Uncalled bet ($2) returned to LifeisagameX
LifeisagameX collected $2 from pot
LifeisagameX: doesn't show hand
*** SUMMARY ***
Total pot $2 | Rake $0
Seat 5: LifeisagameX (big blind) collected ($2)
Seat 6: xcgxcg2005 (button) (small blind) folded before Flop


PokerStars Hand #158317909944:  Hold'em Limit ($3/$6 USD) - 2016/09/08 5:02:49 ET
Table 'Aesculapia' 10-max Seat #5 is the button
Seat 5: LifeisagameX ($96.78 in chips)
Seat 6: xcgxcg2005 ($291.24 in chips)
LifeisagameX: posts small blind $1
xcgxcg2005: posts big blind $3
*** HOLE CARDS ***
LifeisagameX: raises $3 to $6
xcgxcg2005: folds
Uncalled bet ($3) returned to LifeisagameX
LifeisagameX collected $6 from pot
LifeisagameX: doesn't show hand
*** SUMMARY ***
Total pot $6 | Rake $0
Seat 5: LifeisagameX (button) (small blind) collected ($6)
Seat 6: xcgxcg2005 (big blind) folded before Flop


PokerStars Hand #158317927075:  Hold'em Limit ($3/$6 USD) - 2016/09/08 5:03:40 ET
Table 'Aesculapia' 10-max Seat #5 is the button
Seat 5: LifeisagameX ($114.28 in chips)
Seat 6: xcgxcg2005 ($273.24 in chips)
LifeisagameX: posts small blind $1
xcgxcg2005: posts big blind $3
*** HOLE CARDS ***
LifeisagameX: raises $3 to $6
xcgxcg2005: folds
Uncalled bet ($3) returned to LifeisagameX
LifeisagameX collected $6 from pot
LifeisagameX: doesn't show hand
*** SUMMARY ***
Total pot $6 | Rake $0
Seat 5: LifeisagameX (button) (small blind) collected ($6)
Seat 6: xcgxcg2005 (big blind) folded before Flop


PokerStars Hand #158317928850:  Hold'em Limit ($3/$6 USD) - 2016/09/08 5:03:45 ET
Table 'Aesculapia' 10-max Seat #6 is the button
Seat 5: LifeisagameX ($117.28 in chips)
Seat 6: xcgxcg2005 ($270.24 in chips)
xcgxcg2005: posts small blind $1
LifeisagameX: posts big blind $3
*** HOLE CARDS ***
xcgxcg2005: raises $3 to $6
LifeisagameX: calls $3
*** FLOP *** [3d 4s 3s]
LifeisagameX: checks
xcgxcg2005: bets $3
LifeisagameX: raises $3 to $6
xcgxcg2005: calls $3
*** TURN *** [3d 4s 3s] [2h]
LifeisagameX: bets $6
xcgxcg2005: calls $6
*** RIVER *** [3d 4s 3s 2h] [5s]
CherepovD joins the table at seat #4
LifeisagameX: checks
xcgxcg2005: checks
*** SHOW DOWN ***
LifeisagameX: shows [3h 8h] (three of a kind, Threes)
xcgxcg2005: mucks hand
LifeisagameX collected $35.50 from pot
*** SUMMARY ***
Total pot $36 | Rake $0.50
Board [3d 4s 3s 2h 5s]
Seat 5: LifeisagameX (big blind) showed [3h 8h] and won ($35.50) with three of a kind, Threes
Seat 6: xcgxcg2005 (button) (small blind) mucked


PokerStars Hand #158317952089:  Hold'em Limit ($3/$6 USD) - 2016/09/08 5:04:55 ET
Table 'Aesculapia' 10-max Seat #4 is the button
Seat 4: CherepovD ($29.75 in chips)
Seat 5: LifeisagameX ($134.53 in chips)
CherepovD: posts small blind $1
LifeisagameX: posts big blind $3
*** HOLE CARDS ***
CherepovD: calls $2
LifeisagameX: checks
*** FLOP *** [Kh Ac Jh]
LifeisagameX: checks
CherepovD: bets $3
LifeisagameX: folds
Uncalled bet ($3) returned to CherepovD
CherepovD collected $5.88 from pot
*** SUMMARY ***
Total pot $6 | Rake $0.12
Board [Kh Ac Jh]
Seat 4: CherepovD (button) (small blind) collected ($5.88)
Seat 5: LifeisagameX (big blind) folded on the Flop


PokerStars Hand #158317944109:  Hold'em Limit ($3/$6 USD) - 2016/09/08 5:04:31 ET
Table 'Aesculapia' 10-max Seat #5 is the button
Seat 4: CherepovD ($30 in chips)
Seat 5: LifeisagameX ($134.78 in chips)
LifeisagameX: posts small blind $1
xcgxcg2005 leaves the table
CherepovD: posts big blind $3
*** HOLE CARDS ***
LifeisagameX: raises $3 to $6
CherepovD: raises $3 to $9
LifeisagameX: calls $3
*** FLOP *** [Kc 6c 7s]
CherepovD: bets $3
LifeisagameX: calls $3
*** TURN *** [Kc 6c 7s] [6s]
CherepovD: bets $6
LifeisagameX: raises $6 to $12
CherepovD: raises $6 to $18 and is all-in
LifeisagameX: calls $6
*** RIVER *** [Kc 6c 7s 6s] [5c]
*** SHOW DOWN ***
CherepovD: shows [Ac Ad] (two pair, Aces and Sixes)
LifeisagameX: shows [As Ah] (two pair, Aces and Sixes)
CherepovD collected $29.75 from pot
LifeisagameX collected $29.75 from pot
*** SUMMARY ***
Total pot $60 | Rake $0.50
Board [Kc 6c 7s 6s 5c]
Seat 4: CherepovD (big blind) showed [Ac Ad] and won ($29.75) with two pair, Aces and Sixes
Seat 5: LifeisagameX (button) (small blind) showed [As Ah] and won ($29.75) with two pair, Aces and Sixes


PokerStars Hand #158317966187:  Hold'em Limit ($3/$6 USD) - 2016/09/08 5:05:35 ET
Table 'Aesculapia' 10-max Seat #4 is the button
Seat 4: CherepovD ($26.63 in chips)
Seat 5: LifeisagameX ($137.29 in chips)
CherepovD: posts small blind $1
LifeisagameX: posts big blind $3
*** HOLE CARDS ***
CherepovD: folds
Uncalled bet ($2) returned to LifeisagameX
LifeisagameX collected $2 from pot
LifeisagameX: doesn't show hand
*** SUMMARY ***
Total pot $2 | Rake $0
Seat 4: CherepovD (button) (small blind) folded before Flop
Seat 5: LifeisagameX (big blind) collected ($2)


PokerStars Hand #158317960081:  Hold'em Limit ($3/$6 USD) - 2016/09/08 5:05:17 ET
Table 'Aesculapia' 10-max Seat #5 is the button
Seat 4: CherepovD ($32.63 in chips)
Seat 5: LifeisagameX ($131.53 in chips)
LifeisagameX: posts small blind $1
CherepovD: posts big blind $3
*** HOLE CARDS ***
LifeisagameX: raises $3 to $6
CherepovD: calls $3
*** FLOP *** [6c 9h 8s]
CherepovD: checks
LifeisagameX: checks
*** TURN *** [6c 9h 8s] [7c]
CherepovD: checks
LifeisagameX: bets $6
CherepovD: folds [4h]
Uncalled bet ($6) returned to LifeisagameX
LifeisagameX collected $11.76 from pot
LifeisagameX: doesn't show hand
*** SUMMARY ***
Total pot $12 | Rake $0.24
Board [6c 9h 8s 7c]
Seat 4: CherepovD (big blind) folded on the Turn
Seat 5: LifeisagameX (button) (small blind) collected ($11.76)


PokerStars Hand #158317983826:  Hold'em Limit ($3/$6 USD) - 2016/09/08 5:06:27 ET
Table 'Aesculapia' 10-max Seat #5 is the button
Seat 4: CherepovD ($44.76 in chips)
Seat 5: LifeisagameX ($118.66 in chips)
LifeisagameX: posts small blind $1
CherepovD: posts big blind $3
*** HOLE CARDS ***
LifeisagameX: raises $3 to $6
CherepovD: folds
Uncalled bet ($3) returned to LifeisagameX
LifeisagameX collected $6 from pot
LifeisagameX: doesn't show hand
*** SUMMARY ***
Total pot $6 | Rake $0
Seat 4: CherepovD (big blind) folded before Flop
Seat 5: LifeisagameX (button) (small blind) collected ($6)


PokerStars Hand #158317970634:  Hold'em Limit ($3/$6 USD) - 2016/09/08 5:05:49 ET
Table 'Aesculapia' 10-max Seat #4 is the button
Seat 4: CherepovD ($22.63 in chips)
Seat 5: LifeisagameX ($141.29 in chips)
CherepovD: posts small blind $1
LifeisagameX: posts big blind $3
*** HOLE CARDS ***
CherepovD: raises $3 to $6
LifeisagameX: calls $3
*** FLOP *** [4d 5d Qc]
LifeisagameX: checks
CherepovD: bets $3
LifeisagameX: raises $3 to $6
CherepovD: raises $3 to $9
LifeisagameX: calls $3
*** TURN *** [4d 5d Qc] [9c]
LifeisagameX: checks
CherepovD: bets $6
LifeisagameX: calls $6
*** RIVER *** [4d 5d Qc 9c] [8c]
LifeisagameX: checks
CherepovD: bets $1.63 and is all-in
LifeisagameX: calls $1.63
*** SHOW DOWN ***
CherepovD: shows [2h Qd] (a pair of Queens)
LifeisagameX: shows [5c Jd] (a pair of Fives)
CherepovD collected $44.76 from pot
*** SUMMARY ***
Total pot $45.26 | Rake $0.50
Board [4d 5d Qc 9c 8c]
Seat 4: CherepovD (button) (small blind) showed [2h Qd] and won ($44.76) with a pair of Queens
Seat 5: LifeisagameX (big blind) showed [5c Jd] and lost with a pair of Fives


PokerStars Hand #158317967882:  Hold'em Limit ($3/$6 USD) - 2016/09/08 5:05:40 ET
Table 'Aesculapia' 10-max Seat #5 is the button
Seat 4: CherepovD ($25.63 in chips)
Seat 5: LifeisagameX ($138.29 in chips)
LifeisagameX: posts small blind $1
CherepovD: posts big blind $3
*** HOLE CARDS ***
LifeisagameX: raises $3 to $6
CherepovD: folds
Uncalled bet ($3) returned to LifeisagameX
LifeisagameX collected $6 from pot
LifeisagameX: doesn't show hand
*** SUMMARY ***
Total pot $6 | Rake $0
Seat 4: CherepovD (big blind) folded before Flop
Seat 5: LifeisagameX (button) (small blind) collected ($6)


PokerStars Hand #158317990390:  Hold'em Limit ($3/$6 USD) - 2016/09/08 5:06:46 ET
Table 'Aesculapia' 10-max Seat #5 is the button
Seat 4: CherepovD ($40.76 in chips)
Seat 5: LifeisagameX ($122.66 in chips)
LifeisagameX: posts small blind $1
CherepovD: posts big blind $3
*** HOLE CARDS ***
LifeisagameX: raises $3 to $6
CherepovD: calls $3
*** FLOP *** [2c Ks 9h]
CherepovD: checks
LifeisagameX: bets $3
CherepovD: calls $3
*** TURN *** [2c Ks 9h] [8d]
CherepovD: checks
LifeisagameX: bets $6
CherepovD: folds
Uncalled bet ($6) returned to LifeisagameX
LifeisagameX collected $17.64 from pot
LifeisagameX: doesn't show hand
*** SUMMARY ***
Total pot $18 | Rake $0.36
Board [2c Ks 9h 8d]
Seat 4: CherepovD (big blind) folded on the Turn
Seat 5: LifeisagameX (button) (small blind) collected ($17.64)


PokerStars Hand #158317987585:  Hold'em Limit ($3/$6 USD) - 2016/09/08 5:06:38 ET
Table 'Aesculapia' 10-max Seat #4 is the button
Seat 4: CherepovD ($41.76 in chips)
Seat 5: LifeisagameX ($121.66 in chips)
CherepovD: posts small blind $1
LifeisagameX: posts big blind $3
*** HOLE CARDS ***
CherepovD: folds
Uncalled bet ($2) returned to LifeisagameX
LifeisagameX collected $2 from pot
LifeisagameX: doesn't show hand
*** SUMMARY ***
Total pot $2 | Rake $0
Seat 4: CherepovD (button) (small blind) folded before Flop
Seat 5: LifeisagameX (big blind) collected ($2)


PokerStars Hand #158318021896:  Hold'em Limit ($3/$6 USD) - 2016/09/08 5:08:16 ET
Table 'Aesculapia' 10-max Seat #5 is the button
Seat 4: CherepovD ($31.51 in chips)
Seat 5: LifeisagameX ($131.05 in chips)
LifeisagameX: posts small blind $1
CherepovD: posts big blind $3
*** HOLE CARDS ***
LifeisagameX: raises $3 to $6
CherepovD: calls $3
*** FLOP *** [2s 2d Qc]
CherepovD: checks
LifeisagameX: checks
*** TURN *** [2s 2d Qc] [5d]
CherepovD: checks
LifeisagameX: bets $6
CherepovD: folds
Uncalled bet ($6) returned to LifeisagameX
LifeisagameX collected $11.76 from pot
LifeisagameX: doesn't show hand
*** SUMMARY ***
Total pot $12 | Rake $0.24
Board [2s 2d Qc 5d]
Seat 4: CherepovD (big blind) folded on the Turn
Seat 5: LifeisagameX (button) (small blind) collected ($11.76)


PokerStars Hand #158318002535:  Hold'em Limit ($3/$6 USD) - 2016/09/08 5:07:20 ET
Table 'Aesculapia' 10-max Seat #4 is the button
Seat 4: CherepovD ($31.76 in chips)
Seat 5: LifeisagameX ($131.30 in chips)
CherepovD: posts small blind $1
LifeisagameX: posts big blind $3
*** HOLE CARDS ***
CherepovD: raises $3 to $6
LifeisagameX: calls $3
*** FLOP *** [3h 9d 8s]
LifeisagameX: checks
CherepovD: bets $3
LifeisagameX: calls $3
*** TURN *** [3h 9d 8s] [Qc]
LifeisagameX: checks
CherepovD: checks
*** RIVER *** [3h 9d 8s Qc] [Ts]
LifeisagameX: bets $6
CherepovD: raises $6 to $12
LifeisagameX: calls $6
*** SHOW DOWN ***
CherepovD: shows [7d Js] (a straight, Eight to Queen)
LifeisagameX: shows [Jh Td] (a straight, Eight to Queen)
LifeisagameX collected $20.75 from pot
CherepovD collected $20.75 from pot
*** SUMMARY ***
Total pot $42 | Rake $0.50
Board [3h 9d 8s Qc Ts]
Seat 4: CherepovD (button) (small blind) showed [7d Js] and won ($20.75) with a straight, Eight to Queen
Seat 5: LifeisagameX (big blind) showed [Jh Td] and won ($20.75) with a straight, Eight to Queen


PokerStars Hand #158318046207:  Hold'em Limit ($3/$6 USD) - 2016/09/08 5:09:26 ET
Table 'Aesculapia' 10-max Seat #5 is the button
Seat 4: CherepovD ($31.27 in chips)
Seat 5: LifeisagameX ($130.81 in chips)
LifeisagameX: posts small blind $1
CherepovD: posts big blind $3
*** HOLE CARDS ***
LifeisagameX: raises $3 to $6
CherepovD: folds
Uncalled bet ($3) returned to LifeisagameX
LifeisagameX collected $6 from pot
LifeisagameX: doesn't show hand
*** SUMMARY ***
Total pot $6 | Rake $0
Seat 4: CherepovD (big blind) folded before Flop
Seat 5: LifeisagameX (button) (small blind) collected ($6)


PokerStars Hand #158318031157:  Hold'em Limit ($3/$6 USD) - 2016/09/08 5:08:42 ET
Table 'Aesculapia' 10-max Seat #4 is the button
Seat 4: CherepovD ($25.51 in chips)
Seat 5: LifeisagameX ($136.81 in chips)
CherepovD: posts small blind $1
LifeisagameX: posts big blind $3
*** HOLE CARDS ***
CherepovD: raises $3 to $6
LifeisagameX: calls $3
*** FLOP *** [5d 7d Kd]
LifeisagameX: checks
CherepovD: checks
*** TURN *** [5d 7d Kd] [9d]
LifeisagameX: checks
CherepovD: checks
*** RIVER *** [5d 7d Kd 9d] [Qc]
LifeisagameX: checks
CherepovD: bets $6
LifeisagameX: folds
Uncalled bet ($6) returned to CherepovD
CherepovD collected $11.76 from pot
*** SUMMARY ***
Total pot $12 | Rake $0.24
Board [5d 7d Kd 9d Qc]
Seat 4: CherepovD (button) (small blind) collected ($11.76)
Seat 5: LifeisagameX (big blind) folded on the River


PokerStars Hand #158318054031:  Hold'em Limit ($3/$6 USD) - 2016/09/08 5:09:48 ET
Table 'Aesculapia' 10-max Seat #5 is the button
Seat 4: CherepovD ($22.27 in chips)
Seat 5: LifeisagameX ($139.57 in chips)
LifeisagameX: posts small blind $1
CherepovD: posts big blind $3
*** HOLE CARDS ***
LifeisagameX: raises $3 to $6
CherepovD: calls $3
*** FLOP *** [6h 3d Qs]
CherepovD: checks
LifeisagameX: bets $3
CherepovD: calls $3
*** TURN *** [6h 3d Qs] [6d]
CherepovD: checks
LifeisagameX: checks
*** RIVER *** [6h 3d Qs 6d] [9c]
CherepovD: bets $6
LifeisagameX: folds
Uncalled bet ($6) returned to CherepovD
CherepovD collected $17.64 from pot
*** SUMMARY ***
Total pot $18 | Rake $0.36
Board [6h 3d Qs 6d 9c]
Seat 4: CherepovD (big blind) collected ($17.64)
Seat 5: LifeisagameX (button) (small blind) folded on the River


PokerStars Hand #158318048630:  Hold'em Limit ($3/$6 USD) - 2016/09/08 5:09:33 ET
Table 'Aesculapia' 10-max Seat #4 is the button
Seat 4: CherepovD ($28.27 in chips)
Seat 5: LifeisagameX ($133.81 in chips)
CherepovD: posts small blind $1
LifeisagameX: posts big blind $3
*** HOLE CARDS ***
CherepovD: raises $3 to $6
LifeisagameX: calls $3
*** FLOP *** [9s 5c 2s]
LifeisagameX: checks
CherepovD: checks
*** TURN *** [9s 5c 2s] [Jc]
LifeisagameX: bets $6
CherepovD: folds
Uncalled bet ($6) returned to LifeisagameX
LifeisagameX collected $11.76 from pot
LifeisagameX: doesn't show hand
*** SUMMARY ***
Total pot $12 | Rake $0.24
Board [9s 5c 2s Jc]
Seat 4: CherepovD (button) (small blind) folded on the Turn
Seat 5: LifeisagameX (big blind) collected ($11.76)


PokerStars Hand #158318089792:  Hold'em Limit ($3/$6 USD) - 2016/09/08 5:11:30 ET
Table 'Aesculapia' 10-max Seat #4 is the button
Seat 4: CherepovD ($87.67 in chips)
Seat 5: LifeisagameX ($133.45 in chips)
CherepovD: posts small blind $1
LifeisagameX: posts big blind $3
*** HOLE CARDS ***
CherepovD: calls $2
LifeisagameX: checks
*** FLOP *** [7c 2s 7h]
LifeisagameX: bets $3
CherepovD: folds
Uncalled bet ($3) returned to LifeisagameX
LifeisagameX collected $5.88 from pot
LifeisagameX: doesn't show hand
*** SUMMARY ***
Total pot $6 | Rake $0.12
Board [7c 2s 7h]
Seat 4: CherepovD (button) (small blind) folded on the Flop
Seat 5: LifeisagameX (big blind) collected ($5.88)


PokerStars Hand #158318086602:  Hold'em Limit ($3/$6 USD) - 2016/09/08 5:11:21 ET
Table 'Aesculapia' 10-max Seat #5 is the button
Seat 4: CherepovD ($90.67 in chips)
Seat 5: LifeisagameX ($130.45 in chips)
LifeisagameX: posts small blind $1
CherepovD: posts big blind $3
*** HOLE CARDS ***
LifeisagameX: raises $3 to $6
CherepovD: folds
Uncalled bet ($3) returned to LifeisagameX
LifeisagameX collected $6 from pot
LifeisagameX: doesn't show hand
*** SUMMARY ***
Total pot $6 | Rake $0
Seat 4: CherepovD (big blind) folded before Flop
Seat 5: LifeisagameX (button) (small blind) collected ($6)


PokerStars Hand #158318080074:  Hold'em Limit ($3/$6 USD) - 2016/09/08 5:11:02 ET
Table 'Aesculapia' 10-max Seat #4 is the button
Seat 4: CherepovD ($93.67 in chips)
Seat 5: LifeisagameX ($127.57 in chips)
CherepovD: posts small blind $1
LifeisagameX: posts big blind $3
*** HOLE CARDS ***
CherepovD: calls $2
LifeisagameX: checks
*** FLOP *** [3d 8s 9d]
LifeisagameX: bets $3
CherepovD: folds
Uncalled bet ($3) returned to LifeisagameX
LifeisagameX collected $5.88 from pot
LifeisagameX: doesn't show hand
*** SUMMARY ***
Total pot $6 | Rake $0.12
Board [3d 8s 9d]
Seat 4: CherepovD (button) (small blind) folded on the Flop
Seat 5: LifeisagameX (big blind) collected ($5.88)


PokerStars Hand #158318075691:  Hold'em Limit ($3/$6 USD) - 2016/09/08 5:10:50 ET
Table 'Aesculapia' 10-max Seat #5 is the button
Seat 4: CherepovD ($96.67 in chips)
Seat 5: LifeisagameX ($124.57 in chips)
LifeisagameX: posts small blind $1
CherepovD: posts big blind $3
*** HOLE CARDS ***
LifeisagameX: raises $3 to $6
CherepovD: folds
Uncalled bet ($3) returned to LifeisagameX
LifeisagameX collected $6 from pot
LifeisagameX: doesn't show hand
*** SUMMARY ***
Total pot $6 | Rake $0
Seat 4: CherepovD (big blind) folded before Flop
Seat 5: LifeisagameX (button) (small blind) collected ($6)


PokerStars Hand #158318063942:  Hold'em Limit ($3/$6 USD) - 2016/09/08 5:10:16 ET
Table 'Aesculapia' 10-max Seat #4 is the button
Seat 4: CherepovD ($90.91 in chips)
Seat 5: LifeisagameX ($130.57 in chips)
CherepovD: posts small blind $1
LifeisagameX: posts big blind $3
*** HOLE CARDS ***
CherepovD: calls $2
LifeisagameX: raises $3 to $6
CherepovD: calls $3
*** FLOP *** [4d Qd 4s]
LifeisagameX: checks
CherepovD: checks
*** TURN *** [4d Qd 4s] [Ad]
LifeisagameX: checks
CherepovD: bets $6
LifeisagameX: folds
Uncalled bet ($6) returned to CherepovD
CherepovD collected $11.76 from pot
*** SUMMARY ***
Total pot $12 | Rake $0.24
Board [4d Qd 4s Ad]
Seat 4: CherepovD (button) (small blind) collected ($11.76)
Seat 5: LifeisagameX (big blind) folded on the Turn


PokerStars Hand #158318103235:  Hold'em Limit ($3/$6 USD) - 2016/09/08 5:12:09 ET
Table 'Aesculapia' 10-max Seat #4 is the button
Seat 4: CherepovD ($75.67 in chips)
Seat 5: LifeisagameX ($144.97 in chips)
CherepovD: posts small blind $1
LifeisagameX: posts big blind $3
*** HOLE CARDS ***
CherepovD: folds
Uncalled bet ($2) returned to LifeisagameX
LifeisagameX collected $2 from pot
LifeisagameX: doesn't show hand
*** SUMMARY ***
Total pot $2 | Rake $0
Seat 4: CherepovD (button) (small blind) folded before Flop
Seat 5: LifeisagameX (big blind) collected ($2)


PokerStars Hand #158318094927:  Hold'em Limit ($3/$6 USD) - 2016/09/08 5:11:45 ET
Table 'Aesculapia' 10-max Seat #5 is the button
Seat 4: CherepovD ($84.67 in chips)
Seat 5: LifeisagameX ($136.33 in chips)
LifeisagameX: posts small blind $1
CherepovD: posts big blind $3
*** HOLE CARDS ***
LifeisagameX: raises $3 to $6
CherepovD: calls $3
*** FLOP *** [As Kd 5s]
CherepovD: bets $3
LifeisagameX: raises $3 to $6
CherepovD: folds
Uncalled bet ($3) returned to LifeisagameX
LifeisagameX collected $17.64 from pot
LifeisagameX: doesn't show hand
*** SUMMARY ***
Total pot $18 | Rake $0.36
Board [As Kd 5s]
Seat 4: CherepovD (big blind) folded on the Flop
Seat 5: LifeisagameX (button) (small blind) collected ($17.64)


PokerStars Hand #158318104931:  Hold'em Limit ($3/$6 USD) - 2016/09/08 5:12:14 ET
Table 'Aesculapia' 10-max Seat #5 is the button
Seat 4: CherepovD ($74.67 in chips)
Seat 5: LifeisagameX ($145.97 in chips)
LifeisagameX: posts small blind $1
CherepovD: posts big blind $3
*** HOLE CARDS ***
LifeisagameX: raises $3 to $6
CherepovD: calls $3
*** FLOP *** [7c Kh Jc]
CherepovD: checks
LifeisagameX: bets $3
CherepovD: folds
Uncalled bet ($3) returned to LifeisagameX
LifeisagameX collected $11.76 from pot
LifeisagameX: doesn't show hand
*** SUMMARY ***
Total pot $12 | Rake $0.24
Board [7c Kh Jc]
Seat 4: CherepovD (big blind) folded on the Flop
Seat 5: LifeisagameX (button) (small blind) collected ($11.76)


PokerStars Hand #158318110212:  Hold'em Limit ($3/$6 USD) - 2016/09/08 5:12:29 ET
Table 'Aesculapia' 10-max Seat #4 is the button
Seat 4: CherepovD ($68.67 in chips)
Seat 5: LifeisagameX ($151.73 in chips)
CherepovD: posts small blind $1
LifeisagameX: posts big blind $3
*** HOLE CARDS ***
CherepovD: raises $3 to $6
LifeisagameX: calls $3
*** FLOP *** [2d Td 6h]
LifeisagameX: checks
CherepovD: checks
*** TURN *** [2d Td 6h] [Qc]
LifeisagameX: bets $6
CherepovD: calls $6
*** RIVER *** [2d Td 6h Qc] [6d]
LifeisagameX: bets $6
CherepovD: raises $6 to $12
LifeisagameX: calls $6
*** SHOW DOWN ***
CherepovD: shows [9h 8d] (a pair of Sixes)
LifeisagameX: shows [7h Th] (two pair, Tens and Sixes)
LifeisagameX collected $47.50 from pot
*** SUMMARY ***
Total pot $48 | Rake $0.50
Board [2d Td 6h Qc 6d]
Seat 4: CherepovD (button) (small blind) showed [9h 8d] and lost with a pair of Sixes
Seat 5: LifeisagameX (big blind) showed [7h Th] and won ($47.50) with two pair, Tens and Sixes


PokerStars Hand #158318119842:  Hold'em Limit ($3/$6 USD) - 2016/09/08 5:12:56 ET
Table 'Aesculapia' 10-max Seat #5 is the button
Seat 4: CherepovD ($44.67 in chips)
Seat 5: LifeisagameX ($175.23 in chips)
LifeisagameX: posts small blind $1
CherepovD: posts big blind $3
*** HOLE CARDS ***
LifeisagameX: raises $3 to $6
CherepovD: calls $3
*** FLOP *** [6s Tc Ad]
CherepovD: checks
LifeisagameX: bets $3
CherepovD: calls $3
*** TURN *** [6s Tc Ad] [Kc]
CherepovD: checks
LifeisagameX: bets $6
CherepovD: folds
Uncalled bet ($6) returned to LifeisagameX
LifeisagameX collected $17.64 from pot
LifeisagameX: doesn't show hand
*** SUMMARY ***
Total pot $18 | Rake $0.36
Board [6s Tc Ad Kc]
Seat 4: CherepovD (big blind) folded on the Turn
Seat 5: LifeisagameX (button) (small blind) collected ($17.64)


PokerStars Hand #158318140878:  Hold'em Limit ($3/$6 USD) - 2016/09/08 5:13:56 ET
Table 'Aesculapia' 10-max Seat #5 is the button
Seat 4: CherepovD ($53.17 in chips)
Seat 5: LifeisagameX ($165.87 in chips)
LifeisagameX: posts small blind $1
CherepovD: posts big blind $3
*** HOLE CARDS ***
LifeisagameX: raises $3 to $6
CherepovD: folds
Uncalled bet ($3) returned to LifeisagameX
LifeisagameX collected $6 from pot
LifeisagameX: doesn't show hand
*** SUMMARY ***
Total pot $6 | Rake $0
Seat 4: CherepovD (big blind) folded before Flop
Seat 5: LifeisagameX (button) (small blind) collected ($6)


PokerStars Hand #158318126593:  Hold'em Limit ($3/$6 USD) - 2016/09/08 5:13:15 ET
Table 'Aesculapia' 10-max Seat #4 is the button
Seat 4: CherepovD ($35.67 in chips)
Seat 5: LifeisagameX ($183.87 in chips)
CherepovD: posts small blind $1
LifeisagameX: posts big blind $3
*** HOLE CARDS ***
CherepovD: raises $3 to $6
LifeisagameX: calls $3
*** FLOP *** [Qc Jd Tc]
LifeisagameX: checks
CherepovD: checks
*** TURN *** [Qc Jd Tc] [Ad]
LifeisagameX: bets $6
CherepovD: calls $6
*** RIVER *** [Qc Jd Tc Ad] [2s]
LifeisagameX: bets $6
CherepovD: calls $6
*** SHOW DOWN ***
LifeisagameX: shows [Jc 9h] (a pair of Jacks)
CherepovD: shows [3h As] (a pair of Aces)
CherepovD collected $35.50 from pot
*** SUMMARY ***
Total pot $36 | Rake $0.50
Board [Qc Jd Tc Ad 2s]
Seat 4: CherepovD (button) (small blind) showed [3h As] and won ($35.50) with a pair of Aces
Seat 5: LifeisagameX (big blind) showed [Jc 9h] and lost with a pair of Jacks


