PokerStars Hand #169344678525:  Hold'em Limit ($3/$6 USD) - 2017/04/21 7:10:01 ET
Table 'Aeternitas' 6-max Seat #3 is the button
Seat 2: muugiii944 ($140.19 in chips)
Seat 3: Great_Kang ($120 in chips)
Great_Kang: posts small blind $1
krossguard: is sitting out
muugiii944: posts big blind $3
*** HOLE CARDS ***
Great_Kang: raises $3 to $6
muugiii944: calls $3
*** FLOP *** [3s 4s 8c]
muugiii944: checks
Great_Kang: bets $3
muugiii944: calls $3
*** TURN *** [3s 4s 8c] [2s]
muugiii944: checks
Great_Kang: bets $6
muugiii944: calls $6
*** RIVER *** [3s 4s 8c 2s] [5c]
muugiii944: bets $6
Great_Kang: folds
Uncalled bet ($6) returned to muugiii944
muugiii944 collected $29.50 from pot
muugiii944: doesn't show hand
*** SUMMARY ***
Total pot $30 | Rake $0.50
Board [3s 4s 8c 2s 5c]
Seat 2: muugiii944 (big blind) collected ($29.50)
Seat 3: Great_Kang (button) (small blind) folded on the River


PokerStars Hand #169344689004:  Hold'em Limit ($3/$6 USD) - 2017/04/21 7:10:24 ET
Table 'Aeternitas' 6-max Seat #2 is the button
Seat 2: muugiii944 ($154.69 in chips)
Seat 3: Great_Kang ($120 in chips)
muugiii944: posts small blind $1
Great_Kang: posts big blind $3
*** HOLE CARDS ***
krossguard leaves the table
muugiii944: calls $2
Great_Kang: checks
*** FLOP *** [2h Ah Kc]
Great_Kang: checks
muugiii944: bets $3
Great_Kang: calls $3
*** TURN *** [2h Ah Kc] [9s]
Great_Kang: checks
muugiii944: bets $6
Great_Kang: folds
Uncalled bet ($6) returned to muugiii944
muugiii944 collected $11.76 from pot
muugiii944: doesn't show hand
*** SUMMARY ***
Total pot $12 | Rake $0.24
Board [2h Ah Kc 9s]
Seat 2: muugiii944 (button) (small blind) collected ($11.76)
Seat 3: Great_Kang (big blind) folded on the Turn


