PokerStars Hand #172852612695:  Hold'em Limit ($3/$6 USD) - 2017/07/10 12:17:48 ET
Table 'Aeternitas' 6-max Seat #4 is the button
Seat 4: kusznak ($263.58 in chips)
Seat 6: B_loJkl ($176.99 in chips)
kusznak: posts small blind $1
Samace10: is sitting out
Samace10 leaves the table
B_loJkl: posts big blind $3
*** HOLE CARDS ***
kusznak: raises $3 to $6
denn69 joins the table at seat #2
B_loJkl: calls $3
*** FLOP *** [3h 4c Qc]
B_loJkl: checks
kusznak: bets $3
B_loJkl: raises $3 to $6
kusznak: folds
Uncalled bet ($3) returned to B_loJkl
B_loJkl collected $17.64 from pot
B_loJkl: doesn't show hand
*** SUMMARY ***
Total pot $18 | Rake $0.36
Board [3h 4c Qc]
Seat 4: kusznak (button) (small blind) folded on the Flop
Seat 6: B_loJkl (big blind) collected ($17.64)


PokerStars Hand #172852673180:  Hold'em Limit ($3/$6 USD) - 2017/07/10 12:19:21 ET
Table 'Aeternitas' 6-max Seat #4 is the button
Seat 2: denn69 ($116.10 in chips)
Seat 4: kusznak ($283.14 in chips)
kusznak: posts small blind $1
denn69: posts big blind $3
*** HOLE CARDS ***
B_loJkl joins the table at seat #3
kusznak: raises $3 to $6
denn69: raises $3 to $9
kusznak: calls $3
*** FLOP *** [Jh 2h 8c]
denn69: bets $3
kusznak: calls $3
*** TURN *** [Jh 2h 8c] [2c]
denn69: bets $6
kusznak: folds
Uncalled bet ($6) returned to denn69
denn69 collected $23.52 from pot
denn69: doesn't show hand
*** SUMMARY ***
Total pot $24 | Rake $0.48
Board [Jh 2h 8c 2c]
Seat 2: denn69 (big blind) collected ($23.52)
Seat 4: kusznak (button) (small blind) folded on the Turn


PokerStars Hand #172855258884:  Hold'em Limit ($3/$6 USD) - 2017/07/10 13:22:47 ET
Table 'Aeternitas' 6-max Seat #4 is the button
Seat 4: kusznak ($450.51 in chips)
Seat 5: B_loJkl ($164.53 in chips)
kusznak: posts small blind $1
B_loJkl: posts big blind $3
*** HOLE CARDS ***
kusznak: raises $3 to $6
B_loJkl: calls $3
*** FLOP *** [5c 7h 9c]
B_loJkl: checks
kusznak: checks
*** TURN *** [5c 7h 9c] [Th]
B_loJkl: bets $6
kusznak: folds
Uncalled bet ($6) returned to B_loJkl
B_loJkl collected $11.76 from pot
B_loJkl: doesn't show hand
*** SUMMARY ***
Total pot $12 | Rake $0.24
Board [5c 7h 9c Th]
Seat 4: kusznak (button) (small blind) folded on the Turn
Seat 5: B_loJkl (big blind) collected ($11.76)


PokerStars Hand #172855244192:  Hold'em Limit ($3/$6 USD) - 2017/07/10 13:22:27 ET
Table 'Aeternitas' 6-max Seat #5 is the button
Seat 4: kusznak ($441.87 in chips)
Seat 5: B_loJkl ($173.53 in chips)
B_loJkl: posts small blind $1
kusznak: posts big blind $3
*** HOLE CARDS ***
denn69 leaves the table
B_loJkl: raises $3 to $6
kusznak: calls $3
*** FLOP *** [6c 8h Th]
kusznak: checks
B_loJkl: bets $3
kusznak: raises $3 to $6
B_loJkl: folds
Uncalled bet ($3) returned to kusznak
kusznak collected $17.64 from pot
kusznak: doesn't show hand
*** SUMMARY ***
Total pot $18 | Rake $0.36
Board [6c 8h Th]
Seat 4: kusznak (big blind) collected ($17.64)
Seat 5: B_loJkl (button) (small blind) folded on the Flop


