PokerStars Hand #147137590441:  Hold'em Limit ($3/$6 USD) - 2016/01/16 10:46:02 ET
Table 'Aeternitas II' 2-max Seat #1 is the button
Seat 1: Allegro75 ($73 in chips)
Seat 2: Alex119387 ($239 in chips)
Allegro75: posts small blind $1
Alex119387: posts big blind $3
*** HOLE CARDS ***
Allegro75: raises $3 to $6
Alex119387: calls $3
*** FLOP *** [8d 2d 8s]
Alex119387: checks
Allegro75: bets $3
Alex119387: raises $3 to $6
Allegro75: calls $3
*** TURN *** [8d 2d 8s] [5s]
Alex119387: bets $6
Allegro75: calls $6
*** RIVER *** [8d 2d 8s 5s] [9d]
Alex119387: bets $6
Allegro75: calls $6
*** SHOW DOWN ***
Alex119387: shows [Ad 9c] (two pair, Nines and Eights)
Allegro75: mucks hand
Alex119387 collected $47.50 from pot
*** SUMMARY ***
Total pot $48 | Rake $0.50
Board [8d 2d 8s 5s 9d]
Seat 1: Allegro75 (button) (small blind) mucked
Seat 2: Alex119387 (big blind) showed [Ad 9c] and won ($47.50) with two pair, Nines and Eights


PokerStars Hand #147137640518:  Hold'em Limit ($3/$6 USD) - 2016/01/16 10:46:56 ET
Table 'Aeternitas II' 2-max Seat #2 is the button
Seat 1: Allegro75 ($77.76 in chips)
Seat 2: Alex119387 ($262.26 in chips)
Alex119387: posts small blind $1
Allegro75: posts big blind $3
*** HOLE CARDS ***
Alex119387: calls $2
Allegro75: checks
*** FLOP *** [3h Td 9h]
Allegro75: checks
Alex119387: bets $3
Allegro75: folds
Uncalled bet ($3) returned to Alex119387
Alex119387 collected $5.88 from pot
Alex119387: doesn't show hand
*** SUMMARY ***
Total pot $6 | Rake $0.12
Board [3h Td 9h]
Seat 1: Allegro75 (big blind) folded on the Flop
Seat 2: Alex119387 (button) (small blind) collected ($5.88)


PokerStars Hand #147137633441:  Hold'em Limit ($3/$6 USD) - 2016/01/16 10:46:49 ET
Table 'Aeternitas II' 2-max Seat #1 is the button
Seat 1: Allegro75 ($72 in chips)
Seat 2: Alex119387 ($268.26 in chips)
Allegro75: posts small blind $1
Alex119387: posts big blind $3
*** HOLE CARDS ***
Allegro75: raises $3 to $6
Alex119387: calls $3
*** FLOP *** [2c Kd 8h]
Alex119387: checks
Allegro75: bets $3
Alex119387: folds
Uncalled bet ($3) returned to Allegro75
Allegro75 collected $11.76 from pot
Allegro75: doesn't show hand
*** SUMMARY ***
Total pot $12 | Rake $0.24
Board [2c Kd 8h]
Seat 1: Allegro75 (button) (small blind) collected ($11.76)
Seat 2: Alex119387 (big blind) folded on the Flop


PokerStars Hand #147137617045:  Hold'em Limit ($3/$6 USD) - 2016/01/16 10:46:31 ET
Table 'Aeternitas II' 2-max Seat #2 is the button
Seat 1: Allegro75 ($72 in chips)
Seat 2: Alex119387 ($262.50 in chips)
Alex119387: posts small blind $1
Allegro75: posts big blind $3
*** HOLE CARDS ***
Alex119387: raises $3 to $6
Allegro75: calls $3
*** FLOP *** [7d 6s Kd]
Allegro75: checks
Alex119387: bets $3
Allegro75: folds
Uncalled bet ($3) returned to Alex119387
Alex119387 collected $11.76 from pot
Alex119387: doesn't show hand
*** SUMMARY ***
Total pot $12 | Rake $0.24
Board [7d 6s Kd]
Seat 1: Allegro75 (big blind) folded on the Flop
Seat 2: Alex119387 (button) (small blind) collected ($11.76)


PokerStars Hand #147137721477:  Hold'em Limit ($3/$6 USD) - 2016/01/16 10:48:25 ET
Table 'Aeternitas II' 2-max Seat #2 is the button
Seat 1: Allegro75 ($74.02 in chips)
Seat 2: Alex119387 ($264.04 in chips)
Alex119387: posts small blind $1
Allegro75: posts big blind $3
*** HOLE CARDS ***
Alex119387: calls $2
Allegro75: raises $3 to $6
Alex119387: calls $3
*** FLOP *** [4h 7h Th]
Allegro75: bets $3
Alex119387: folds
Uncalled bet ($3) returned to Allegro75
Allegro75 collected $11.76 from pot
Allegro75: doesn't show hand
*** SUMMARY ***
Total pot $12 | Rake $0.24
Board [4h 7h Th]
Seat 1: Allegro75 (big blind) collected ($11.76)
Seat 2: Alex119387 (button) (small blind) folded on the Flop


PokerStars Hand #147137715136:  Hold'em Limit ($3/$6 USD) - 2016/01/16 10:48:18 ET
Table 'Aeternitas II' 2-max Seat #1 is the button
Seat 1: Allegro75 ($83.02 in chips)
Seat 2: Alex119387 ($255.40 in chips)
Allegro75: posts small blind $1
Alex119387: posts big blind $3
*** HOLE CARDS ***
Allegro75: raises $3 to $6
Alex119387: raises $3 to $9
Allegro75: calls $3
*** FLOP *** [Th Kh 7d]
Alex119387: bets $3
Allegro75: folds
Uncalled bet ($3) returned to Alex119387
Alex119387 collected $17.64 from pot
Alex119387: doesn't show hand
*** SUMMARY ***
Total pot $18 | Rake $0.36
Board [Th Kh 7d]
Seat 1: Allegro75 (button) (small blind) folded on the Flop
Seat 2: Alex119387 (big blind) collected ($17.64)


PokerStars Hand #147137711332:  Hold'em Limit ($3/$6 USD) - 2016/01/16 10:48:14 ET
Table 'Aeternitas II' 2-max Seat #2 is the button
Seat 1: Allegro75 ($82.02 in chips)
Seat 2: Alex119387 ($256.40 in chips)
Alex119387: posts small blind $1
Allegro75: posts big blind $3
*** HOLE CARDS ***
Alex119387: folds
Uncalled bet ($2) returned to Allegro75
Allegro75 collected $2 from pot
Allegro75: doesn't show hand
*** SUMMARY ***
Total pot $2 | Rake $0
Seat 1: Allegro75 (big blind) collected ($2)
Seat 2: Alex119387 (button) (small blind) folded before Flop


PokerStars Hand #147137707183:  Hold'em Limit ($3/$6 USD) - 2016/01/16 10:48:09 ET
Table 'Aeternitas II' 2-max Seat #1 is the button
Seat 1: Allegro75 ($79.02 in chips)
Seat 2: Alex119387 ($259.40 in chips)
Allegro75: posts small blind $1
Alex119387: posts big blind $3
*** HOLE CARDS ***
Allegro75: raises $3 to $6
Alex119387: folds
Uncalled bet ($3) returned to Allegro75
Allegro75 collected $6 from pot
Allegro75: doesn't show hand
*** SUMMARY ***
Total pot $6 | Rake $0
Seat 1: Allegro75 (button) (small blind) collected ($6)
Seat 2: Alex119387 (big blind) folded before Flop


PokerStars Hand #147137700802:  Hold'em Limit ($3/$6 USD) - 2016/01/16 10:48:02 ET
Table 'Aeternitas II' 2-max Seat #2 is the button
Seat 1: Allegro75 ($85.02 in chips)
Seat 2: Alex119387 ($253.64 in chips)
Alex119387: posts small blind $1
Allegro75: posts big blind $3
*** HOLE CARDS ***
Alex119387: raises $3 to $6
Allegro75: calls $3
*** FLOP *** [Ah 8d 3s]
Allegro75: checks
Alex119387: bets $3
Allegro75: folds
Uncalled bet ($3) returned to Alex119387
Alex119387 collected $11.76 from pot
Alex119387: doesn't show hand
*** SUMMARY ***
Total pot $12 | Rake $0.24
Board [Ah 8d 3s]
Seat 1: Allegro75 (big blind) folded on the Flop
Seat 2: Alex119387 (button) (small blind) collected ($11.76)


PokerStars Hand #147137690702:  Hold'em Limit ($3/$6 USD) - 2016/01/16 10:47:51 ET
Table 'Aeternitas II' 2-max Seat #1 is the button
Seat 1: Allegro75 ($103.02 in chips)
Seat 2: Alex119387 ($236.14 in chips)
Allegro75: posts small blind $1
Alex119387: posts big blind $3
*** HOLE CARDS ***
Allegro75: raises $3 to $6
Alex119387: raises $3 to $9
Allegro75: calls $3
*** FLOP *** [5c 8s 2d]
Alex119387: bets $3
Allegro75: raises $3 to $6
Alex119387: raises $3 to $9
Allegro75: calls $3
*** TURN *** [5c 8s 2d] [2s]
Alex119387: bets $6
Allegro75: folds
Uncalled bet ($6) returned to Alex119387
Alex119387 collected $35.50 from pot
Alex119387: doesn't show hand
*** SUMMARY ***
Total pot $36 | Rake $0.50
Board [5c 8s 2d 2s]
Seat 1: Allegro75 (button) (small blind) folded on the Turn
Seat 2: Alex119387 (big blind) collected ($35.50)


PokerStars Hand #147137687066:  Hold'em Limit ($3/$6 USD) - 2016/01/16 10:47:47 ET
Table 'Aeternitas II' 2-max Seat #2 is the button
Seat 1: Allegro75 ($102.02 in chips)
Seat 2: Alex119387 ($237.14 in chips)
Alex119387: posts small blind $1
Allegro75: posts big blind $3
*** HOLE CARDS ***
Alex119387: folds
Uncalled bet ($2) returned to Allegro75
Allegro75 collected $2 from pot
Allegro75: doesn't show hand
*** SUMMARY ***
Total pot $2 | Rake $0
Seat 1: Allegro75 (big blind) collected ($2)
Seat 2: Alex119387 (button) (small blind) folded before Flop


PokerStars Hand #147137680388:  Hold'em Limit ($3/$6 USD) - 2016/01/16 10:47:40 ET
Table 'Aeternitas II' 2-max Seat #1 is the button
Seat 1: Allegro75 ($96.26 in chips)
Seat 2: Alex119387 ($243.14 in chips)
Allegro75: posts small blind $1
Alex119387: posts big blind $3
*** HOLE CARDS ***
Allegro75: raises $3 to $6
Alex119387: calls $3
*** FLOP *** [8c 8h 7h]
Alex119387: checks
Allegro75: bets $3
Alex119387: folds
Uncalled bet ($3) returned to Allegro75
Allegro75 collected $11.76 from pot
Allegro75: doesn't show hand
*** SUMMARY ***
Total pot $12 | Rake $0.24
Board [8c 8h 7h]
Seat 1: Allegro75 (button) (small blind) collected ($11.76)
Seat 2: Alex119387 (big blind) folded on the Flop


PokerStars Hand #147137676562:  Hold'em Limit ($3/$6 USD) - 2016/01/16 10:47:36 ET
Table 'Aeternitas II' 2-max Seat #2 is the button
Seat 1: Allegro75 ($95.26 in chips)
Seat 2: Alex119387 ($244.14 in chips)
Alex119387: posts small blind $1
Allegro75: posts big blind $3
*** HOLE CARDS ***
Alex119387: folds
Uncalled bet ($2) returned to Allegro75
Allegro75 collected $2 from pot
Allegro75: doesn't show hand
*** SUMMARY ***
Total pot $2 | Rake $0
Seat 1: Allegro75 (big blind) collected ($2)
Seat 2: Alex119387 (button) (small blind) folded before Flop


PokerStars Hand #147137660400:  Hold'em Limit ($3/$6 USD) - 2016/01/16 10:47:18 ET
Table 'Aeternitas II' 2-max Seat #1 is the button
Seat 1: Allegro75 ($74.76 in chips)
Seat 2: Alex119387 ($265.14 in chips)
Allegro75: posts small blind $1
Alex119387: posts big blind $3
*** HOLE CARDS ***
Allegro75: raises $3 to $6
Alex119387: calls $3
*** FLOP *** [Ts Qh Kc]
Alex119387: checks
Allegro75: bets $3
Alex119387: calls $3
*** TURN *** [Ts Qh Kc] [7s]
Alex119387: bets $6
Allegro75: raises $6 to $12
Alex119387: calls $6
*** RIVER *** [Ts Qh Kc 7s] [2d]
Alex119387: checks
Allegro75: bets $6
Alex119387: folds
Uncalled bet ($6) returned to Allegro75
Allegro75 collected $41.50 from pot
Allegro75: doesn't show hand
*** SUMMARY ***
Total pot $42 | Rake $0.50
Board [Ts Qh Kc 7s 2d]
Seat 1: Allegro75 (button) (small blind) collected ($41.50)
Seat 2: Alex119387 (big blind) folded on the River


PokerStars Hand #147137759675:  Hold'em Limit ($3/$6 USD) - 2016/01/16 10:49:06 ET
Table 'Aeternitas II' 2-max Seat #2 is the button
Seat 1: Allegro75 ($125.26 in chips)
Seat 2: Alex119387 ($212.68 in chips)
Alex119387: posts small blind $1
Allegro75: posts big blind $3
*** HOLE CARDS ***
Alex119387: raises $3 to $6
Allegro75: raises $3 to $9
Alex119387: calls $3
*** FLOP *** [8c 7h 3h]
Allegro75: bets $3
Alex119387: calls $3
*** TURN *** [8c 7h 3h] [2h]
Allegro75: checks
Alex119387: bets $6
Allegro75: calls $6
*** RIVER *** [8c 7h 3h 2h] [As]
Allegro75: bets $6
Alex119387: raises $6 to $12
Allegro75: calls $6
*** SHOW DOWN ***
Alex119387: shows [9s 5s] (high card Ace)
Allegro75: shows [Qd Ad] (a pair of Aces)
Allegro75 collected $59.50 from pot
*** SUMMARY ***
Total pot $60 | Rake $0.50
Board [8c 7h 3h 2h As]
Seat 1: Allegro75 (big blind) showed [Qd Ad] and won ($59.50) with a pair of Aces
Seat 2: Alex119387 (button) (small blind) showed [9s 5s] and lost with high card Ace


PokerStars Hand #147137744331:  Hold'em Limit ($3/$6 USD) - 2016/01/16 10:48:49 ET
Table 'Aeternitas II' 2-max Seat #1 is the button
Seat 1: Allegro75 ($77.76 in chips)
Seat 2: Alex119387 ($260.68 in chips)
Allegro75: posts small blind $1
Alex119387: posts big blind $3
*** HOLE CARDS ***
Allegro75: raises $3 to $6
Alex119387: raises $3 to $9
Allegro75: calls $3
*** FLOP *** [Jh 9h As]
Alex119387: bets $3
Allegro75: raises $3 to $6
Alex119387: raises $3 to $9
Allegro75: calls $3
*** TURN *** [Jh 9h As] [8h]
Alex119387: bets $6
Allegro75: raises $6 to $12
Alex119387: calls $6
*** RIVER *** [Jh 9h As 8h] [Tc]
Alex119387: checks
Allegro75: bets $6
Alex119387: raises $6 to $12
Allegro75: raises $6 to $18
Alex119387: calls $6
*** SHOW DOWN ***
Allegro75: shows [6h Ah] (a flush, Ace high)
Alex119387: mucks hand
Allegro75 collected $95.50 from pot
*** SUMMARY ***
Total pot $96 | Rake $0.50
Board [Jh 9h As 8h Tc]
Seat 1: Allegro75 (button) (small blind) showed [6h Ah] and won ($95.50) with a flush, Ace high
Seat 2: Alex119387 (big blind) mucked


PokerStars Hand #147137737897:  Hold'em Limit ($3/$6 USD) - 2016/01/16 10:48:43 ET
Table 'Aeternitas II' 2-max Seat #2 is the button
Seat 1: Allegro75 ($72 in chips)
Seat 2: Alex119387 ($266.68 in chips)
Alex119387: posts small blind $1
Allegro75: posts big blind $3
*** HOLE CARDS ***
Alex119387: calls $2
Allegro75: raises $3 to $6
Alex119387: calls $3
*** FLOP *** [Ad Th 2d]
Allegro75: bets $3
Alex119387: folds
Uncalled bet ($3) returned to Allegro75
Allegro75 collected $11.76 from pot
Allegro75: doesn't show hand
*** SUMMARY ***
Total pot $12 | Rake $0.24
Board [Ad Th 2d]
Seat 1: Allegro75 (big blind) collected ($11.76)
Seat 2: Alex119387 (button) (small blind) folded on the Flop


PokerStars Hand #147137729439:  Hold'em Limit ($3/$6 USD) - 2016/01/16 10:48:34 ET
Table 'Aeternitas II' 2-max Seat #1 is the button
Seat 1: Allegro75 ($79.78 in chips)
Seat 2: Alex119387 ($258.04 in chips)
Allegro75: posts small blind $1
Alex119387: posts big blind $3
*** HOLE CARDS ***
Allegro75: raises $3 to $6
Alex119387: calls $3
*** FLOP *** [2s 8c Js]
Alex119387: checks
Allegro75: bets $3
Alex119387: raises $3 to $6
Allegro75: folds
Uncalled bet ($3) returned to Alex119387
Alex119387 collected $17.64 from pot
Alex119387: doesn't show hand
*** SUMMARY ***
Total pot $18 | Rake $0.36
Board [2s 8c Js]
Seat 1: Allegro75 (button) (small blind) folded on the Flop
Seat 2: Alex119387 (big blind) collected ($17.64)


PokerStars Hand #147137797205:  Hold'em Limit ($3/$6 USD) - 2016/01/16 10:49:47 ET
Table 'Aeternitas II' 2-max Seat #2 is the button
Seat 1: Allegro75 ($157.76 in chips)
Seat 2: Alex119387 ($179.68 in chips)
Alex119387: posts small blind $1
Allegro75: posts big blind $3
*** HOLE CARDS ***
Alex119387: raises $3 to $6
Allegro75: folds
Uncalled bet ($3) returned to Alex119387
Alex119387 collected $6 from pot
Alex119387: doesn't show hand
*** SUMMARY ***
Total pot $6 | Rake $0
Seat 1: Allegro75 (big blind) folded before Flop
Seat 2: Alex119387 (button) (small blind) collected ($6)


PokerStars Hand #147137780902:  Hold'em Limit ($3/$6 USD) - 2016/01/16 10:49:29 ET
Table 'Aeternitas II' 2-max Seat #1 is the button
Seat 1: Allegro75 ($154.76 in chips)
Seat 2: Alex119387 ($182.68 in chips)
Allegro75: posts small blind $1
Alex119387: posts big blind $3
*** HOLE CARDS ***
Allegro75: raises $3 to $6
Alex119387: folds
Uncalled bet ($3) returned to Allegro75
Allegro75 collected $6 from pot
Allegro75: doesn't show hand
*** SUMMARY ***
Total pot $6 | Rake $0
Seat 1: Allegro75 (button) (small blind) collected ($6)
Seat 2: Alex119387 (big blind) folded before Flop


PokerStars Hand #147137856702:  Hold'em Limit ($3/$6 USD) - 2016/01/16 10:50:52 ET
Table 'Aeternitas II' 2-max Seat #2 is the button
Seat 1: Allegro75 ($181.26 in chips)
Seat 2: Alex119387 ($155.68 in chips)
Alex119387: posts small blind $1
Allegro75: posts big blind $3
*** HOLE CARDS ***
Alex119387: raises $3 to $6
Allegro75: raises $3 to $9
Alex119387: calls $3
*** FLOP *** [Th 8s Ah]
Allegro75: bets $3
Alex119387: folds
Uncalled bet ($3) returned to Allegro75
Allegro75 collected $17.64 from pot
Allegro75: doesn't show hand
*** SUMMARY ***
Total pot $18 | Rake $0.36
Board [Th 8s Ah]
Seat 1: Allegro75 (big blind) collected ($17.64)
Seat 2: Alex119387 (button) (small blind) folded on the Flop


PokerStars Hand #147137817049:  Hold'em Limit ($3/$6 USD) - 2016/01/16 10:50:09 ET
Table 'Aeternitas II' 2-max Seat #1 is the button
Seat 1: Allegro75 ($154.76 in chips)
Seat 2: Alex119387 ($182.68 in chips)
Allegro75: posts small blind $1
Alex119387: posts big blind $3
*** HOLE CARDS ***
Allegro75: raises $3 to $6
Alex119387: raises $3 to $9
Allegro75: raises $3 to $12
Betting is capped
Alex119387: calls $3
*** FLOP *** [8h 7s 7d]
Alex119387: checks
Allegro75: bets $3
Alex119387: calls $3
*** TURN *** [8h 7s 7d] [Kc]
Alex119387: checks
Allegro75: bets $6
Alex119387: calls $6
*** RIVER *** [8h 7s 7d Kc] [7c]
Alex119387: checks
Allegro75: bets $6
Alex119387: calls $6
*** SHOW DOWN ***
Allegro75: shows [Kd Jd] (a full house, Sevens full of Kings)
Alex119387: mucks hand
Allegro75 collected $53.50 from pot
*** SUMMARY ***
Total pot $54 | Rake $0.50
Board [8h 7s 7d Kc 7c]
Seat 1: Allegro75 (button) (small blind) showed [Kd Jd] and won ($53.50) with a full house, Sevens full of Kings
Seat 2: Alex119387 (big blind) mucked


PokerStars Hand #147137926151:  Hold'em Limit ($3/$6 USD) - 2016/01/16 10:52:08 ET
Table 'Aeternitas II' 2-max Seat #1 is the button
Seat 1: Allegro75 ($195.41 in chips)
Seat 2: Alex119387 ($140.43 in chips)
Allegro75: posts small blind $1
Alex119387: posts big blind $3
*** HOLE CARDS ***
Allegro75: raises $3 to $6
Alex119387: calls $3
*** FLOP *** [Kh 2c 9h]
Alex119387: checks
Allegro75: bets $3
Alex119387: folds
Uncalled bet ($3) returned to Allegro75
Allegro75 collected $11.76 from pot
Allegro75: doesn't show hand
*** SUMMARY ***
Total pot $12 | Rake $0.24
Board [Kh 2c 9h]
Seat 1: Allegro75 (button) (small blind) collected ($11.76)
Seat 2: Alex119387 (big blind) folded on the Flop


PokerStars Hand #147137899523:  Hold'em Limit ($3/$6 USD) - 2016/01/16 10:51:39 ET
Table 'Aeternitas II' 2-max Seat #2 is the button
Seat 1: Allegro75 ($195.66 in chips)
Seat 2: Alex119387 ($140.68 in chips)
Alex119387: posts small blind $1
Allegro75: posts big blind $3
*** HOLE CARDS ***
Alex119387: raises $3 to $6
Allegro75: calls $3
*** FLOP *** [6s Jh 7c]
Allegro75: checks
Alex119387: bets $3
Allegro75: raises $3 to $6
Alex119387: calls $3
*** TURN *** [6s Jh 7c] [6h]
Allegro75: bets $6
Alex119387: raises $6 to $12
Allegro75: calls $6
*** RIVER *** [6s Jh 7c 6h] [Ks]
Allegro75: checks
Alex119387: bets $6
Allegro75: calls $6
*** SHOW DOWN ***
Alex119387: shows [Jd Qs] (two pair, Jacks and Sixes)
Allegro75: shows [Js Th] (two pair, Jacks and Sixes)
Allegro75 collected $29.75 from pot
Alex119387 collected $29.75 from pot
*** SUMMARY ***
Total pot $60 | Rake $0.50
Board [6s Jh 7c 6h Ks]
Seat 1: Allegro75 (big blind) showed [Js Th] and won ($29.75) with two pair, Jacks and Sixes
Seat 2: Alex119387 (button) (small blind) showed [Jd Qs] and won ($29.75) with two pair, Jacks and Sixes


PokerStars Hand #147137871035:  Hold'em Limit ($3/$6 USD) - 2016/01/16 10:51:08 ET
Table 'Aeternitas II' 2-max Seat #1 is the button
Seat 1: Allegro75 ($189.90 in chips)
Seat 2: Alex119387 ($146.68 in chips)
Allegro75: posts small blind $1
Alex119387: posts big blind $3
*** HOLE CARDS ***
Allegro75: raises $3 to $6
Alex119387: calls $3
*** FLOP *** [Ts 7s 9h]
Alex119387: checks
Allegro75: bets $3
Alex119387: folds
Uncalled bet ($3) returned to Allegro75
Allegro75 collected $11.76 from pot
Allegro75: doesn't show hand
*** SUMMARY ***
Total pot $12 | Rake $0.24
Board [Ts 7s 9h]
Seat 1: Allegro75 (button) (small blind) collected ($11.76)
Seat 2: Alex119387 (big blind) folded on the Flop


PokerStars Hand #147137954082:  Hold'em Limit ($3/$6 USD) - 2016/01/16 10:52:38 ET
Table 'Aeternitas II' 2-max Seat #1 is the button
Seat 1: Allegro75 ($202.17 in chips)
Seat 2: Alex119387 ($133.43 in chips)
Allegro75: posts small blind $1
Alex119387: posts big blind $3
*** HOLE CARDS ***
Allegro75: raises $3 to $6
Alex119387: raises $3 to $9
Allegro75: calls $3
*** FLOP *** [3s 9s As]
Alex119387: bets $3
Allegro75: calls $3
*** TURN *** [3s 9s As] [Kc]
Alex119387: bets $6
Allegro75: calls $6
*** RIVER *** [3s 9s As Kc] [4s]
Alex119387: checks
Allegro75: bets $6
Alex119387: calls $6
*** SHOW DOWN ***
Allegro75: shows [Ks 2h] (a flush, Ace high)
Alex119387: mucks hand
Allegro75 collected $47.50 from pot
*** SUMMARY ***
Total pot $48 | Rake $0.50
Board [3s 9s As Kc 4s]
Seat 1: Allegro75 (button) (small blind) showed [Ks 2h] and won ($47.50) with a flush, Ace high
Seat 2: Alex119387 (big blind) mucked


PokerStars Hand #147137950043:  Hold'em Limit ($3/$6 USD) - 2016/01/16 10:52:34 ET
Table 'Aeternitas II' 2-max Seat #2 is the button
Seat 1: Allegro75 ($201.17 in chips)
Seat 2: Alex119387 ($134.43 in chips)
Alex119387: posts small blind $1
Allegro75: posts big blind $3
*** HOLE CARDS ***
Alex119387: folds
Uncalled bet ($2) returned to Allegro75
Allegro75 collected $2 from pot
Allegro75: doesn't show hand
*** SUMMARY ***
Total pot $2 | Rake $0
Seat 1: Allegro75 (big blind) collected ($2)
Seat 2: Alex119387 (button) (small blind) folded before Flop


PokerStars Hand #147138039864:  Hold'em Limit ($3/$6 USD) - 2016/01/16 10:54:12 ET
Table 'Aeternitas II' 2-max Seat #2 is the button
Seat 1: Allegro75 ($201.67 in chips)
Seat 2: Alex119387 ($132.47 in chips)
Alex119387: posts small blind $1
Allegro75: posts big blind $3
*** HOLE CARDS ***
Alex119387: calls $2
Allegro75: checks
*** FLOP *** [6s 6d 9h]
Allegro75: checks
Alex119387: checks
*** TURN *** [6s 6d 9h] [Th]
Allegro75: checks
Alex119387: checks
*** RIVER *** [6s 6d 9h Th] [Kd]
Allegro75: checks
Alex119387: checks
*** SHOW DOWN ***
Allegro75: shows [2d 5c] (a pair of Sixes)
Alex119387: shows [Qh 4h] (a pair of Sixes - King+Queen kicker)
Alex119387 collected $5.88 from pot
*** SUMMARY ***
Total pot $6 | Rake $0.12
Board [6s 6d 9h Th Kd]
Seat 1: Allegro75 (big blind) showed [2d 5c] and lost with a pair of Sixes
Seat 2: Alex119387 (button) (small blind) showed [Qh 4h] and won ($5.88) with a pair of Sixes


PokerStars Hand #147138014234:  Hold'em Limit ($3/$6 USD) - 2016/01/16 10:53:44 ET
Table 'Aeternitas II' 2-max Seat #1 is the button
Seat 1: Allegro75 ($213.67 in chips)
Seat 2: Alex119387 ($120.95 in chips)
Allegro75: posts small blind $1
Alex119387: posts big blind $3
*** HOLE CARDS ***
Allegro75: raises $3 to $6
Alex119387: calls $3
*** FLOP *** [6s 4d 6d]
Alex119387: checks
Allegro75: bets $3
Alex119387: raises $3 to $6
Allegro75: calls $3
*** TURN *** [6s 4d 6d] [Kc]
Alex119387: checks
Allegro75: checks
*** RIVER *** [6s 4d 6d Kc] [2s]
Alex119387: bets $6
Allegro75: folds
Uncalled bet ($6) returned to Alex119387
Alex119387 collected $23.52 from pot
Alex119387: doesn't show hand
*** SUMMARY ***
Total pot $24 | Rake $0.48
Board [6s 4d 6d Kc 2s]
Seat 1: Allegro75 (button) (small blind) folded on the River
Seat 2: Alex119387 (big blind) collected ($23.52)


PokerStars Hand #147137978073:  Hold'em Limit ($3/$6 USD) - 2016/01/16 10:53:04 ET
Table 'Aeternitas II' 2-max Seat #2 is the button
Seat 1: Allegro75 ($225.67 in chips)
Seat 2: Alex119387 ($109.43 in chips)
Alex119387: posts small blind $1
Allegro75: posts big blind $3
*** HOLE CARDS ***
Alex119387: raises $3 to $6
Allegro75: raises $3 to $9
Alex119387: calls $3
*** FLOP *** [9c Jh Ks]
Allegro75: bets $3
Alex119387: raises $3 to $6
Allegro75: folds
Uncalled bet ($3) returned to Alex119387
Alex119387 collected $23.52 from pot
Alex119387: doesn't show hand
*** SUMMARY ***
Total pot $24 | Rake $0.48
Board [9c Jh Ks]
Seat 1: Allegro75 (big blind) folded on the Flop
Seat 2: Alex119387 (button) (small blind) collected ($23.52)


PokerStars Hand #147138092103:  Hold'em Limit ($3/$6 USD) - 2016/01/16 10:55:10 ET
Table 'Aeternitas II' 2-max Seat #2 is the button
Seat 1: Allegro75 ($216.19 in chips)
Seat 2: Alex119387 ($117.35 in chips)
Alex119387: posts small blind $1
Allegro75: posts big blind $3
*** HOLE CARDS ***
Alex119387: folds
Uncalled bet ($2) returned to Allegro75
Allegro75 collected $2 from pot
Allegro75: doesn't show hand
*** SUMMARY ***
Total pot $2 | Rake $0
Seat 1: Allegro75 (big blind) collected ($2)
Seat 2: Alex119387 (button) (small blind) folded before Flop


PokerStars Hand #147138087781:  Hold'em Limit ($3/$6 USD) - 2016/01/16 10:55:05 ET
Table 'Aeternitas II' 2-max Seat #1 is the button
Seat 1: Allegro75 ($213.19 in chips)
Seat 2: Alex119387 ($120.35 in chips)
Allegro75: posts small blind $1
Alex119387: posts big blind $3
*** HOLE CARDS ***
Allegro75: raises $3 to $6
Alex119387: folds
Uncalled bet ($3) returned to Allegro75
Allegro75 collected $6 from pot
Allegro75: doesn't show hand
*** SUMMARY ***
Total pot $6 | Rake $0
Seat 1: Allegro75 (button) (small blind) collected ($6)
Seat 2: Alex119387 (big blind) folded before Flop


PokerStars Hand #147138068770:  Hold'em Limit ($3/$6 USD) - 2016/01/16 10:54:44 ET
Table 'Aeternitas II' 2-max Seat #2 is the button
Seat 1: Allegro75 ($201.67 in chips)
Seat 2: Alex119387 ($132.35 in chips)
Alex119387: posts small blind $1
Allegro75: posts big blind $3
*** HOLE CARDS ***
Alex119387: calls $2
Allegro75: raises $3 to $6
Alex119387: calls $3
*** FLOP *** [3s 6h 5h]
Allegro75: bets $3
Alex119387: raises $3 to $6
Allegro75: calls $3
*** TURN *** [3s 6h 5h] [7d]
Allegro75: bets $6
Alex119387: folds
Uncalled bet ($6) returned to Allegro75
Allegro75 collected $23.52 from pot
Allegro75: doesn't show hand
*** SUMMARY ***
Total pot $24 | Rake $0.48
Board [3s 6h 5h 7d]
Seat 1: Allegro75 (big blind) collected ($23.52)
Seat 2: Alex119387 (button) (small blind) folded on the Turn


PokerStars Hand #147138054612:  Hold'em Limit ($3/$6 USD) - 2016/01/16 10:54:28 ET
Table 'Aeternitas II' 2-max Seat #1 is the button
Seat 1: Allegro75 ($198.67 in chips)
Seat 2: Alex119387 ($135.35 in chips)
Allegro75: posts small blind $1
Alex119387: posts big blind $3
*** HOLE CARDS ***
Allegro75: raises $3 to $6
Alex119387: folds
Uncalled bet ($3) returned to Allegro75
Allegro75 collected $6 from pot
Allegro75: doesn't show hand
*** SUMMARY ***
Total pot $6 | Rake $0
Seat 1: Allegro75 (button) (small blind) collected ($6)
Seat 2: Alex119387 (big blind) folded before Flop


PokerStars Hand #147138111515:  Hold'em Limit ($3/$6 USD) - 2016/01/16 10:55:38 ET
Table 'Aeternitas II' 2-max Seat #2 is the button
Seat 1: Allegro75 ($205.19 in chips)
Seat 2: Alex119387 ($127.87 in chips)
Alex119387: posts small blind $1
Allegro75: posts big blind $3
*** HOLE CARDS ***
Alex119387: calls $2
Allegro75: raises $3 to $6
Alex119387: calls $3
*** FLOP *** [Ks 8d 6d]
Allegro75: bets $3
Alex119387: raises $3 to $6
Allegro75: calls $3
*** TURN *** [Ks 8d 6d] [Td]
Allegro75: bets $6
Alex119387: calls $6
*** RIVER *** [Ks 8d 6d Td] [8c]
Allegro75: checks
Alex119387: checks
*** SHOW DOWN ***
Allegro75: shows [Ah Th] (two pair, Tens and Eights)
Alex119387: mucks hand
Allegro75 collected $35.50 from pot
*** SUMMARY ***
Total pot $36 | Rake $0.50
Board [Ks 8d 6d Td 8c]
Seat 1: Allegro75 (big blind) showed [Ah Th] and won ($35.50) with two pair, Tens and Eights
Seat 2: Alex119387 (button) (small blind) mucked


PokerStars Hand #147138095033:  Hold'em Limit ($3/$6 USD) - 2016/01/16 10:55:15 ET
Table 'Aeternitas II' 2-max Seat #1 is the button
Seat 1: Allegro75 ($217.19 in chips)
Seat 2: Alex119387 ($116.35 in chips)
Allegro75: posts small blind $1
Alex119387: posts big blind $3
*** HOLE CARDS ***
Allegro75: raises $3 to $6
Alex119387: raises $3 to $9
Allegro75: calls $3
*** FLOP *** [Qs 8s 9h]
Alex119387: bets $3
Allegro75: calls $3
*** TURN *** [Qs 8s 9h] [3c]
Alex119387: checks
Allegro75: checks
*** RIVER *** [Qs 8s 9h 3c] [Ts]
Alex119387: bets $6
Allegro75: folds
Uncalled bet ($6) returned to Alex119387
Alex119387 collected $23.52 from pot
Alex119387: doesn't show hand
*** SUMMARY ***
Total pot $24 | Rake $0.48
Board [Qs 8s 9h 3c Ts]
Seat 1: Allegro75 (button) (small blind) folded on the River
Seat 2: Alex119387 (big blind) collected ($23.52)


PokerStars Hand #147138177124:  Hold'em Limit ($3/$6 USD) - 2016/01/16 10:57:11 ET
Table 'Aeternitas II' 2-max Seat #1 is the button
Seat 1: Allegro75 ($228.19 in chips)
Seat 2: Alex119387 ($103.39 in chips)
Allegro75: posts small blind $1
Alex119387: posts big blind $3
*** HOLE CARDS ***
Allegro75: raises $3 to $6
Alex119387: folds
Uncalled bet ($3) returned to Allegro75
Allegro75 collected $6 from pot
Allegro75: doesn't show hand
*** SUMMARY ***
Total pot $6 | Rake $0
Seat 1: Allegro75 (button) (small blind) collected ($6)
Seat 2: Alex119387 (big blind) folded before Flop


PokerStars Hand #147138162436:  Hold'em Limit ($3/$6 USD) - 2016/01/16 10:56:50 ET
Table 'Aeternitas II' 2-max Seat #2 is the button
Seat 1: Allegro75 ($210.69 in chips)
Seat 2: Alex119387 ($121.39 in chips)
Alex119387: posts small blind $1
Allegro75: posts big blind $3
*** HOLE CARDS ***
Alex119387: raises $3 to $6
Allegro75: calls $3
*** FLOP *** [3h 2c As]
Allegro75: checks
Alex119387: checks
*** TURN *** [3h 2c As] [3d]
Allegro75: bets $6
Alex119387: calls $6
*** RIVER *** [3h 2c As 3d] [Kd]
Allegro75: bets $6
Alex119387: calls $6
*** SHOW DOWN ***
Allegro75: shows [Ah 6c] (two pair, Aces and Threes)
Alex119387: mucks hand
Allegro75 collected $35.50 from pot
*** SUMMARY ***
Total pot $36 | Rake $0.50
Board [3h 2c As 3d Kd]
Seat 1: Allegro75 (big blind) showed [Ah 6c] and won ($35.50) with two pair, Aces and Threes
Seat 2: Alex119387 (button) (small blind) mucked


PokerStars Hand #147138125910:  Hold'em Limit ($3/$6 USD) - 2016/01/16 10:55:58 ET
Table 'Aeternitas II' 2-max Seat #1 is the button
Seat 1: Allegro75 ($222.69 in chips)
Seat 2: Alex119387 ($109.87 in chips)
Allegro75: posts small blind $1
Alex119387: posts big blind $3
*** HOLE CARDS ***
Allegro75: raises $3 to $6
Alex119387: raises $3 to $9
Allegro75: calls $3
*** FLOP *** [5d 9s 9c]
Alex119387: bets $3
Allegro75: calls $3
*** TURN *** [5d 9s 9c] [3c]
Alex119387: bets $6
Allegro75: folds
Uncalled bet ($6) returned to Alex119387
Alex119387 collected $23.52 from pot
Alex119387: doesn't show hand
*** SUMMARY ***
Total pot $24 | Rake $0.48
Board [5d 9s 9c 3c]
Seat 1: Allegro75 (button) (small blind) folded on the Turn
Seat 2: Alex119387 (big blind) collected ($23.52)


PokerStars Hand #147138189904:  Hold'em Limit ($3/$6 USD) - 2016/01/16 10:57:29 ET
Table 'Aeternitas II' 2-max Seat #2 is the button
Seat 1: Allegro75 ($231.19 in chips)
Seat 2: Alex119387 ($100.39 in chips)
Alex119387: posts small blind $1
Allegro75: posts big blind $3
*** HOLE CARDS ***
Alex119387: raises $3 to $6
Allegro75: calls $3
*** FLOP *** [5d Js 2c]
Allegro75: checks
Alex119387: bets $3
Allegro75: calls $3
*** TURN *** [5d Js 2c] [6s]
Allegro75: bets $6
Alex119387: raises $6 to $12
Allegro75: raises $6 to $18
Alex119387: calls $6
*** RIVER *** [5d Js 2c 6s] [Qs]
Allegro75: bets $6
Alex119387: calls $6
*** SHOW DOWN ***
Allegro75: shows [4s 8s] (a flush, Queen high)
Alex119387: mucks hand
Allegro75 collected $65.50 from pot
*** SUMMARY ***
Total pot $66 | Rake $0.50
Board [5d Js 2c 6s Qs]
Seat 1: Allegro75 (big blind) showed [4s 8s] and won ($65.50) with a flush, Queen high
Seat 2: Alex119387 (button) (small blind) mucked


PokerStars Hand #147140186834:  Hold'em Limit ($3/$6 USD) - 2016/01/16 11:32:43 ET
Table 'Aeternitas II' 2-max Seat #1 is the button
Seat 1: Allegro75 ($263.69 in chips)
Seat 2: Alex119387 ($230 in chips)
Allegro75: posts small blind $1
Alex119387: posts big blind $3
*** HOLE CARDS ***
Allegro75: raises $3 to $6
Alex119387: raises $3 to $9
Allegro75: calls $3
*** FLOP *** [8h 8c 3c]
Alex119387: bets $3
Allegro75: calls $3
*** TURN *** [8h 8c 3c] [7d]
Alex119387: bets $6
Allegro75: raises $6 to $12
Alex119387: calls $6
*** RIVER *** [8h 8c 3c 7d] [Kh]
Alex119387: checks
Allegro75: checks
*** SHOW DOWN ***
Alex119387: shows [Qc Qh] (two pair, Queens and Eights)
Allegro75: mucks hand
Alex119387 collected $47.50 from pot
*** SUMMARY ***
Total pot $48 | Rake $0.50
Board [8h 8c 3c 7d Kh]
Seat 1: Allegro75 (button) (small blind) mucked
Seat 2: Alex119387 (big blind) showed [Qc Qh] and won ($47.50) with two pair, Queens and Eights


PokerStars Hand #147145366231:  Hold'em Limit ($3/$6 USD) - 2016/01/16 13:04:34 ET
Table 'Aeternitas II' 2-max Seat #2 is the button
Seat 1: Allegro75 ($225.69 in chips)
Seat 2: _fayzulllo_ ($85.50 in chips)
_fayzulllo_: posts small blind $1
Allegro75: posts big blind $3
*** HOLE CARDS ***
_fayzulllo_: folds
Uncalled bet ($2) returned to Allegro75
Allegro75 collected $2 from pot
Allegro75: doesn't show hand
*** SUMMARY ***
Total pot $2 | Rake $0
Seat 1: Allegro75 (big blind) collected ($2)
Seat 2: _fayzulllo_ (button) (small blind) folded before Flop


PokerStars Hand #147145318823:  Hold'em Limit ($3/$6 USD) - 2016/01/16 13:03:47 ET
Table 'Aeternitas II' 2-max Seat #1 is the button
Seat 1: Allegro75 ($240.69 in chips)
Seat 2: _fayzulllo_ ($71 in chips)
Allegro75: posts small blind $1
_fayzulllo_: posts big blind $3
*** HOLE CARDS ***
Allegro75: raises $3 to $6
_fayzulllo_: calls $3
*** FLOP *** [4s 5c 7s]
_fayzulllo_: bets $3
Allegro75: calls $3
*** TURN *** [4s 5c 7s] [2d]
_fayzulllo_: checks
Allegro75: bets $6
_fayzulllo_: calls $6
*** RIVER *** [4s 5c 7s 2d] [8h]
_fayzulllo_: checks
Allegro75: checks
*** SHOW DOWN ***
_fayzulllo_: shows [Js 5s] (a pair of Fives)
Allegro75: mucks hand
_fayzulllo_ collected $29.50 from pot
*** SUMMARY ***
Total pot $30 | Rake $0.50
Board [4s 5c 7s 2d 8h]
Seat 1: Allegro75 (button) (small blind) mucked
Seat 2: _fayzulllo_ (big blind) showed [Js 5s] and won ($29.50) with a pair of Fives


PokerStars Hand #147145429572:  Hold'em Limit ($3/$6 USD) - 2016/01/16 13:05:33 ET
Table 'Aeternitas II' 2-max Seat #2 is the button
Seat 1: Allegro75 ($244.19 in chips)
Seat 2: _fayzulllo_ ($66.50 in chips)
_fayzulllo_: posts small blind $1
Allegro75: posts big blind $3
*** HOLE CARDS ***
_fayzulllo_: folds
Uncalled bet ($2) returned to Allegro75
Allegro75 collected $2 from pot
Allegro75: doesn't show hand
*** SUMMARY ***
Total pot $2 | Rake $0
Seat 1: Allegro75 (big blind) collected ($2)
Seat 2: _fayzulllo_ (button) (small blind) folded before Flop


PokerStars Hand #147145374868:  Hold'em Limit ($3/$6 USD) - 2016/01/16 13:04:42 ET
Table 'Aeternitas II' 2-max Seat #1 is the button
Seat 1: Allegro75 ($226.69 in chips)
Seat 2: _fayzulllo_ ($84.50 in chips)
Allegro75: posts small blind $1
_fayzulllo_: posts big blind $3
*** HOLE CARDS ***
Allegro75: raises $3 to $6
_fayzulllo_: calls $3
*** FLOP *** [7s Jh Td]
_fayzulllo_: checks
Allegro75: bets $3
_fayzulllo_: raises $3 to $6
Allegro75: calls $3
*** TURN *** [7s Jh Td] [Kd]
_fayzulllo_: checks
Allegro75: checks
*** RIVER *** [7s Jh Td Kd] [7d]
_fayzulllo_: bets $6
Allegro75: calls $6
*** SHOW DOWN ***
_fayzulllo_: shows [9s 2c] (a pair of Sevens)
Allegro75: shows [Qh 5c] (a pair of Sevens - King+Queen kicker)
Allegro75 collected $35.50 from pot
*** SUMMARY ***
Total pot $36 | Rake $0.50
Board [7s Jh Td Kd 7d]
Seat 1: Allegro75 (button) (small blind) showed [Qh 5c] and won ($35.50) with a pair of Sevens
Seat 2: _fayzulllo_ (big blind) showed [9s 2c] and lost with a pair of Sevens


PokerStars Hand #147145474788:  Hold'em Limit ($3/$6 USD) - 2016/01/16 13:06:15 ET
Table 'Aeternitas II' 2-max Seat #2 is the button
Seat 1: Allegro75 ($218.19 in chips)
Seat 2: _fayzulllo_ ($92 in chips)
_fayzulllo_: posts small blind $1
Allegro75: posts big blind $3
*** HOLE CARDS ***
_fayzulllo_: calls $2
Allegro75: checks
*** FLOP *** [6h 4h Jh]
Allegro75: checks
_fayzulllo_: checks
*** TURN *** [6h 4h Jh] [Qs]
Allegro75: checks
_fayzulllo_: bets $6
Allegro75: folds
Uncalled bet ($6) returned to _fayzulllo_
_fayzulllo_ collected $5.88 from pot
_fayzulllo_: doesn't show hand
*** SUMMARY ***
Total pot $6 | Rake $0.12
Board [6h 4h Jh Qs]
Seat 1: Allegro75 (big blind) folded on the Turn
Seat 2: _fayzulllo_ (button) (small blind) collected ($5.88)


PokerStars Hand #147145436353:  Hold'em Limit ($3/$6 USD) - 2016/01/16 13:05:39 ET
Table 'Aeternitas II' 2-max Seat #1 is the button
Seat 1: Allegro75 ($245.19 in chips)
Seat 2: _fayzulllo_ ($65.50 in chips)
Allegro75: posts small blind $1
_fayzulllo_: posts big blind $3
*** HOLE CARDS ***
Allegro75: raises $3 to $6
_fayzulllo_: calls $3
*** FLOP *** [5h 3s 6h]
_fayzulllo_: checks
Allegro75: bets $3
_fayzulllo_: calls $3
*** TURN *** [5h 3s 6h] [8c]
_fayzulllo_: checks
Allegro75: bets $6
_fayzulllo_: raises $6 to $12
Allegro75: calls $6
*** RIVER *** [5h 3s 6h 8c] [Td]
_fayzulllo_: bets $6
Allegro75: calls $6
*** SHOW DOWN ***
_fayzulllo_: shows [9c 7d] (a straight, Six to Ten)
Allegro75: mucks hand
_fayzulllo_ collected $53.50 from pot
*** SUMMARY ***
Total pot $54 | Rake $0.50
Board [5h 3s 6h 8c Td]
Seat 1: Allegro75 (button) (small blind) mucked
Seat 2: _fayzulllo_ (big blind) showed [9c 7d] and won ($53.50) with a straight, Six to Ten


PokerStars Hand #147145522399:  Hold'em Limit ($3/$6 USD) - 2016/01/16 13:07:00 ET
Table 'Aeternitas II' 2-max Seat #2 is the button
Seat 1: Allegro75 ($200.19 in chips)
Seat 2: _fayzulllo_ ($109.38 in chips)
_fayzulllo_: posts small blind $1
Allegro75: posts big blind $3
*** HOLE CARDS ***
_fayzulllo_: raises $3 to $6
Allegro75: calls $3
*** FLOP *** [Th 4d 7d]
Allegro75: checks
_fayzulllo_: checks
*** TURN *** [Th 4d 7d] [Qh]
Allegro75: bets $6
_fayzulllo_: calls $6
*** RIVER *** [Th 4d 7d Qh] [3c]
Allegro75: bets $6
_fayzulllo_: calls $6
*** SHOW DOWN ***
Allegro75: shows [8h 2h] (high card Queen)
_fayzulllo_: shows [9h 9d] (a pair of Nines)
_fayzulllo_ collected $35.50 from pot
*** SUMMARY ***
Total pot $36 | Rake $0.50
Board [Th 4d 7d Qh 3c]
Seat 1: Allegro75 (big blind) showed [8h 2h] and lost with high card Queen
Seat 2: _fayzulllo_ (button) (small blind) showed [9h 9d] and won ($35.50) with a pair of Nines


PokerStars Hand #147145499697:  Hold'em Limit ($3/$6 USD) - 2016/01/16 13:06:38 ET
Table 'Aeternitas II' 2-max Seat #1 is the button
Seat 1: Allegro75 ($215.19 in chips)
Seat 2: _fayzulllo_ ($94.88 in chips)
Allegro75: posts small blind $1
_fayzulllo_: posts big blind $3
*** HOLE CARDS ***
Allegro75: raises $3 to $6
_fayzulllo_: calls $3
*** FLOP *** [Kc 5s 7c]
_fayzulllo_: checks
Allegro75: bets $3
_fayzulllo_: calls $3
*** TURN *** [Kc 5s 7c] [Kh]
_fayzulllo_: checks
Allegro75: bets $6
_fayzulllo_: calls $6
*** RIVER *** [Kc 5s 7c Kh] [2h]
_fayzulllo_: checks
Allegro75: checks
*** SHOW DOWN ***
_fayzulllo_: shows [Qd 5d] (two pair, Kings and Fives)
Allegro75: mucks hand
_fayzulllo_ collected $29.50 from pot
*** SUMMARY ***
Total pot $30 | Rake $0.50
Board [Kc 5s 7c Kh 2h]
Seat 1: Allegro75 (button) (small blind) mucked
Seat 2: _fayzulllo_ (big blind) showed [Qd 5d] and won ($29.50) with two pair, Kings and Fives


PokerStars Hand #147145592512:  Hold'em Limit ($3/$6 USD) - 2016/01/16 13:08:05 ET
Table 'Aeternitas II' 2-max Seat #2 is the button
Seat 1: Allegro75 ($185.19 in chips)
Seat 2: _fayzulllo_ ($123.88 in chips)
_fayzulllo_: posts small blind $1
Allegro75: posts big blind $3
*** HOLE CARDS ***
_fayzulllo_: raises $3 to $6
Allegro75: folds
Uncalled bet ($3) returned to _fayzulllo_
_fayzulllo_ collected $6 from pot
_fayzulllo_: doesn't show hand
*** SUMMARY ***
Total pot $6 | Rake $0
Seat 1: Allegro75 (big blind) folded before Flop
Seat 2: _fayzulllo_ (button) (small blind) collected ($6)


PokerStars Hand #147145578459:  Hold'em Limit ($3/$6 USD) - 2016/01/16 13:07:52 ET
Table 'Aeternitas II' 2-max Seat #1 is the button
Seat 1: Allegro75 ($182.19 in chips)
Seat 2: _fayzulllo_ ($126.88 in chips)
Allegro75: posts small blind $1
_fayzulllo_: posts big blind $3
*** HOLE CARDS ***
Allegro75: raises $3 to $6
_fayzulllo_: folds
Uncalled bet ($3) returned to Allegro75
Allegro75 collected $6 from pot
Allegro75: doesn't show hand
*** SUMMARY ***
Total pot $6 | Rake $0
Seat 1: Allegro75 (button) (small blind) collected ($6)
Seat 2: _fayzulllo_ (big blind) folded before Flop


PokerStars Hand #147145617132:  Hold'em Limit ($3/$6 USD) - 2016/01/16 13:08:28 ET
Table 'Aeternitas II' 2-max Seat #1 is the button
Seat 1: Allegro75 ($182.19 in chips)
Seat 2: _fayzulllo_ ($126.88 in chips)
Allegro75: posts small blind $1
_fayzulllo_: posts big blind $3
*** HOLE CARDS ***
Allegro75: raises $3 to $6
_fayzulllo_: calls $3
*** FLOP *** [Kd 6d 4d]
_fayzulllo_: checks
Allegro75: bets $3
_fayzulllo_: calls $3
*** TURN *** [Kd 6d 4d] [Ac]
_fayzulllo_: checks
Allegro75: bets $6
_fayzulllo_: raises $6 to $12
Allegro75: folds
Uncalled bet ($6) returned to _fayzulllo_
_fayzulllo_ collected $29.50 from pot
_fayzulllo_: doesn't show hand
*** SUMMARY ***
Total pot $30 | Rake $0.50
Board [Kd 6d 4d Ac]
Seat 1: Allegro75 (button) (small blind) folded on the Turn
Seat 2: _fayzulllo_ (big blind) collected ($29.50)


PokerStars Hand #147145652709:  Hold'em Limit ($3/$6 USD) - 2016/01/16 13:09:01 ET
Table 'Aeternitas II' 2-max Seat #2 is the button
Seat 1: Allegro75 ($167.19 in chips)
Seat 2: _fayzulllo_ ($141.38 in chips)
_fayzulllo_: posts small blind $1
Allegro75: posts big blind $3
*** HOLE CARDS ***
_fayzulllo_: calls $2
Allegro75: checks
*** FLOP *** [5s Qc Td]
Allegro75: bets $3
_fayzulllo_: calls $3
*** TURN *** [5s Qc Td] [4s]
Allegro75: checks
_fayzulllo_: checks
*** RIVER *** [5s Qc Td 4s] [8h]
Allegro75: bets $6
_fayzulllo_: raises $6 to $12
Allegro75: raises $6 to $18
_fayzulllo_: calls $6
*** SHOW DOWN ***
Allegro75: shows [8s 4c] (two pair, Eights and Fours)
_fayzulllo_: mucks hand
Allegro75 collected $47.50 from pot
*** SUMMARY ***
Total pot $48 | Rake $0.50
Board [5s Qc Td 4s 8h]
Seat 1: Allegro75 (big blind) showed [8s 4c] and won ($47.50) with two pair, Eights and Fours
Seat 2: _fayzulllo_ (button) (small blind) mucked


PokerStars Hand #147145679069:  Hold'em Limit ($3/$6 USD) - 2016/01/16 13:09:25 ET
Table 'Aeternitas II' 2-max Seat #1 is the button
Seat 1: Allegro75 ($190.69 in chips)
Seat 2: _fayzulllo_ ($117.38 in chips)
Allegro75: posts small blind $1
_fayzulllo_: posts big blind $3
*** HOLE CARDS ***
Allegro75: raises $3 to $6
_fayzulllo_: folds
Uncalled bet ($3) returned to Allegro75
Allegro75 collected $6 from pot
Allegro75: doesn't show hand
*** SUMMARY ***
Total pot $6 | Rake $0
Seat 1: Allegro75 (button) (small blind) collected ($6)
Seat 2: _fayzulllo_ (big blind) folded before Flop


PokerStars Hand #147145690342:  Hold'em Limit ($3/$6 USD) - 2016/01/16 13:09:36 ET
Table 'Aeternitas II' 2-max Seat #2 is the button
Seat 1: Allegro75 ($193.69 in chips)
Seat 2: _fayzulllo_ ($114.38 in chips)
_fayzulllo_: posts small blind $1
Allegro75: posts big blind $3
*** HOLE CARDS ***
_fayzulllo_: calls $2
Allegro75: checks
*** FLOP *** [Ad Qd Td]
Allegro75: checks
_fayzulllo_: checks
*** TURN *** [Ad Qd Td] [6h]
Allegro75: checks
_fayzulllo_: checks
*** RIVER *** [Ad Qd Td 6h] [5h]
Allegro75: checks
_fayzulllo_: checks
*** SHOW DOWN ***
Allegro75: shows [7c 2s] (high card Ace)
_fayzulllo_: shows [4s 4h] (a pair of Fours)
_fayzulllo_ collected $5.88 from pot
*** SUMMARY ***
Total pot $6 | Rake $0.12
Board [Ad Qd Td 6h 5h]
Seat 1: Allegro75 (big blind) showed [7c 2s] and lost with high card Ace
Seat 2: _fayzulllo_ (button) (small blind) showed [4s 4h] and won ($5.88) with a pair of Fours


PokerStars Hand #147145713602:  Hold'em Limit ($3/$6 USD) - 2016/01/16 13:09:58 ET
Table 'Aeternitas II' 2-max Seat #1 is the button
Seat 1: Allegro75 ($190.69 in chips)
Seat 2: _fayzulllo_ ($117.26 in chips)
Allegro75: posts small blind $1
_fayzulllo_: posts big blind $3
*** HOLE CARDS ***
Allegro75 said, "C  MP"
Allegro75: raises $3 to $6
_fayzulllo_: calls $3
*** FLOP *** [8c Ts 7c]
_fayzulllo_: bets $3
Allegro75: folds
Uncalled bet ($3) returned to _fayzulllo_
_fayzulllo_ collected $11.76 from pot
_fayzulllo_: doesn't show hand
*** SUMMARY ***
Total pot $12 | Rake $0.24
Board [8c Ts 7c]
Seat 1: Allegro75 (button) (small blind) folded on the Flop
Seat 2: _fayzulllo_ (big blind) collected ($11.76)


PokerStars Hand #147145747091:  Hold'em Limit ($3/$6 USD) - 2016/01/16 13:10:29 ET
Table 'Aeternitas II' 2-max Seat #2 is the button
Seat 1: Allegro75 ($184.69 in chips)
Seat 2: _fayzulllo_ ($123.02 in chips)
_fayzulllo_: posts small blind $1
Allegro75: posts big blind $3
*** HOLE CARDS ***
_fayzulllo_: folds
Uncalled bet ($2) returned to Allegro75
Allegro75 collected $2 from pot
Allegro75: doesn't show hand
*** SUMMARY ***
Total pot $2 | Rake $0
Seat 1: Allegro75 (big blind) collected ($2)
Seat 2: _fayzulllo_ (button) (small blind) folded before Flop


PokerStars Hand #147145754802:  Hold'em Limit ($3/$6 USD) - 2016/01/16 13:10:37 ET
Table 'Aeternitas II' 2-max Seat #1 is the button
Seat 1: Allegro75 ($185.69 in chips)
Seat 2: _fayzulllo_ ($122.02 in chips)
Allegro75: posts small blind $1
_fayzulllo_: posts big blind $3
*** HOLE CARDS ***
Allegro75: raises $3 to $6
_fayzulllo_: calls $3
*** FLOP *** [9s 2d Td]
_fayzulllo_: checks
Allegro75: bets $3
_fayzulllo_: folds
Uncalled bet ($3) returned to Allegro75
Allegro75 collected $11.76 from pot
Allegro75: doesn't show hand
*** SUMMARY ***
Total pot $12 | Rake $0.24
Board [9s 2d Td]
Seat 1: Allegro75 (button) (small blind) collected ($11.76)
Seat 2: _fayzulllo_ (big blind) folded on the Flop


PokerStars Hand #147145766806:  Hold'em Limit ($3/$6 USD) - 2016/01/16 13:10:48 ET
Table 'Aeternitas II' 2-max Seat #2 is the button
Seat 1: Allegro75 ($191.45 in chips)
Seat 2: _fayzulllo_ ($116.02 in chips)
_fayzulllo_: posts small blind $1
Allegro75: posts big blind $3
*** HOLE CARDS ***
_fayzulllo_: raises $3 to $6
Allegro75: calls $3
*** FLOP *** [Qc 6h 5c]
Allegro75: checks
_fayzulllo_: checks
*** TURN *** [Qc 6h 5c] [5d]
Allegro75: checks
_fayzulllo_: bets $6
Allegro75: calls $6
*** RIVER *** [Qc 6h 5c 5d] [3h]
Allegro75: checks
_fayzulllo_: bets $6
Allegro75: calls $6
*** SHOW DOWN ***
_fayzulllo_: shows [Qs Jd] (two pair, Queens and Fives)
Allegro75: mucks hand
_fayzulllo_ collected $35.50 from pot
*** SUMMARY ***
Total pot $36 | Rake $0.50
Board [Qc 6h 5c 5d 3h]
Seat 1: Allegro75 (big blind) mucked
Seat 2: _fayzulllo_ (button) (small blind) showed [Qs Jd] and won ($35.50) with two pair, Queens and Fives


PokerStars Hand #147145794718:  Hold'em Limit ($3/$6 USD) - 2016/01/16 13:11:14 ET
Table 'Aeternitas II' 2-max Seat #1 is the button
Seat 1: Allegro75 ($173.45 in chips)
Seat 2: _fayzulllo_ ($133.52 in chips)
Allegro75: posts small blind $1
_fayzulllo_: posts big blind $3
*** HOLE CARDS ***
Allegro75: raises $3 to $6
_fayzulllo_: calls $3
*** FLOP *** [Kh Th Ah]
_fayzulllo_: checks
Allegro75: bets $3
_fayzulllo_: calls $3
*** TURN *** [Kh Th Ah] [7c]
_fayzulllo_: checks
Allegro75: bets $6
_fayzulllo_: folds
Uncalled bet ($6) returned to Allegro75
Allegro75 collected $17.64 from pot
Allegro75: doesn't show hand
*** SUMMARY ***
Total pot $18 | Rake $0.36
Board [Kh Th Ah 7c]
Seat 1: Allegro75 (button) (small blind) collected ($17.64)
Seat 2: _fayzulllo_ (big blind) folded on the Turn


PokerStars Hand #147145820770:  Hold'em Limit ($3/$6 USD) - 2016/01/16 13:11:39 ET
Table 'Aeternitas II' 2-max Seat #2 is the button
Seat 1: Allegro75 ($182.09 in chips)
Seat 2: _fayzulllo_ ($124.52 in chips)
_fayzulllo_: posts small blind $1
Allegro75: posts big blind $3
*** HOLE CARDS ***
_fayzulllo_: raises $3 to $6
Allegro75: folds
Uncalled bet ($3) returned to _fayzulllo_
_fayzulllo_ collected $6 from pot
_fayzulllo_: doesn't show hand
*** SUMMARY ***
Total pot $6 | Rake $0
Seat 1: Allegro75 (big blind) folded before Flop
Seat 2: _fayzulllo_ (button) (small blind) collected ($6)


PokerStars Hand #147145847909:  Hold'em Limit ($3/$6 USD) - 2016/01/16 13:12:05 ET
Table 'Aeternitas II' 2-max Seat #2 is the button
Seat 1: Allegro75 ($164.09 in chips)
Seat 2: _fayzulllo_ ($142.02 in chips)
_fayzulllo_: posts small blind $1
Allegro75: posts big blind $3
*** HOLE CARDS ***
_fayzulllo_: folds
Uncalled bet ($2) returned to Allegro75
Allegro75 collected $2 from pot
Allegro75: doesn't show hand
*** SUMMARY ***
Total pot $2 | Rake $0
Seat 1: Allegro75 (big blind) collected ($2)
Seat 2: _fayzulllo_ (button) (small blind) folded before Flop


PokerStars Hand #147145827984:  Hold'em Limit ($3/$6 USD) - 2016/01/16 13:11:46 ET
Table 'Aeternitas II' 2-max Seat #1 is the button
Seat 1: Allegro75 ($179.09 in chips)
Seat 2: _fayzulllo_ ($127.52 in chips)
Allegro75: posts small blind $1
_fayzulllo_: posts big blind $3
*** HOLE CARDS ***
Allegro75: raises $3 to $6
_fayzulllo_: calls $3
*** FLOP *** [6s 4h Tc]
_fayzulllo_: checks
Allegro75: bets $3
_fayzulllo_: calls $3
*** TURN *** [6s 4h Tc] [Ks]
_fayzulllo_: checks
Allegro75: bets $6
_fayzulllo_: raises $6 to $12
Allegro75: folds
Uncalled bet ($6) returned to _fayzulllo_
_fayzulllo_ collected $29.50 from pot
_fayzulllo_: doesn't show hand
*** SUMMARY ***
Total pot $30 | Rake $0.50
Board [6s 4h Tc Ks]
Seat 1: Allegro75 (button) (small blind) folded on the Turn
Seat 2: _fayzulllo_ (big blind) collected ($29.50)


PokerStars Hand #147145853817:  Hold'em Limit ($3/$6 USD) - 2016/01/16 13:12:10 ET
Table 'Aeternitas II' 2-max Seat #1 is the button
Seat 1: Allegro75 ($165.09 in chips)
Seat 2: _fayzulllo_ ($141.02 in chips)
Allegro75: posts small blind $1
_fayzulllo_: posts big blind $3
*** HOLE CARDS ***
Allegro75: raises $3 to $6
_fayzulllo_: raises $3 to $9
Allegro75: calls $3
*** FLOP *** [3s 5s 5c]
_fayzulllo_: bets $3
Allegro75: calls $3
*** TURN *** [3s 5s 5c] [Jh]
_fayzulllo_: checks
Allegro75: checks
*** RIVER *** [3s 5s 5c Jh] [2h]
_fayzulllo_ is disconnected
_fayzulllo_ is connected
_fayzulllo_: bets $6
Allegro75: folds
Uncalled bet ($6) returned to _fayzulllo_
_fayzulllo_ collected $23.52 from pot
_fayzulllo_: doesn't show hand
*** SUMMARY ***
Total pot $24 | Rake $0.48
Board [3s 5s 5c Jh 2h]
Seat 1: Allegro75 (button) (small blind) folded on the River
Seat 2: _fayzulllo_ (big blind) collected ($23.52)


PokerStars Hand #147145931275:  Hold'em Limit ($3/$6 USD) - 2016/01/16 13:13:25 ET
Table 'Aeternitas II' 2-max Seat #2 is the button
Seat 1: Allegro75 ($153.09 in chips)
Seat 2: _fayzulllo_ ($152.54 in chips)
_fayzulllo_: posts small blind $1
Allegro75: posts big blind $3
*** HOLE CARDS ***
_fayzulllo_: calls $2
Allegro75: checks
*** FLOP *** [As 2c 4h]
Allegro75: bets $3
_fayzulllo_: calls $3
*** TURN *** [As 2c 4h] [3c]
Allegro75: checks
_fayzulllo_: checks
*** RIVER *** [As 2c 4h 3c] [9d]
Allegro75: checks
_fayzulllo_: bets $6
Allegro75: folds
Uncalled bet ($6) returned to _fayzulllo_
_fayzulllo_ collected $11.76 from pot
*** SUMMARY ***
Total pot $12 | Rake $0.24
Board [As 2c 4h 3c 9d]
Seat 1: Allegro75 (big blind) folded on the River
Seat 2: _fayzulllo_ (button) (small blind) collected ($11.76)


