PokerStars Hand #162161264289:  Hold'em Limit ($3/$6 USD) - 2016/11/29 17:14:28 ET
Table 'Aethusa' 6-max Seat #5 is the button
Seat 1: DorofeI1986 ($93 in chips)
Seat 5: GoliafUa ($146.50 in chips)
GoliafUa: posts small blind $1
DorofeI1986: posts big blind $3
*** HOLE CARDS ***
GoliafUa: raises $3 to $6
DorofeI1986: raises $3 to $9
GoliafUa: calls $3
*** FLOP *** [Qc 7c 4s]
DorofeI1986: bets $3
GoliafUa: calls $3
*** TURN *** [Qc 7c 4s] [Ac]
DorofeI1986: bets $6
GoliafUa: calls $6
*** RIVER *** [Qc 7c 4s Ac] [8c]
DorofeI1986: bets $6
GoliafUa: raises $6 to $12
DorofeI1986: calls $6
*** SHOW DOWN ***
GoliafUa: shows [Kc 3h] (a flush, Ace high)
DorofeI1986: mucks hand
GoliafUa collected $59.50 from pot
*** SUMMARY ***
Total pot $60 | Rake $0.50
Board [Qc 7c 4s Ac 8c]
Seat 1: DorofeI1986 (big blind) mucked
Seat 5: GoliafUa (button) (small blind) showed [Kc 3h] and won ($59.50) with a flush, Ace high


PokerStars Hand #162161241506:  Hold'em Limit ($3/$6 USD) - 2016/11/29 17:14:02 ET
Table 'Aethusa' 6-max Seat #1 is the button
Seat 1: DorofeI1986 ($120 in chips)
Seat 5: GoliafUa ($120 in chips)
DorofeI1986: posts small blind $1
GRAILKO joins the table at seat #2
GoliafUa: posts big blind $3
*** HOLE CARDS ***
DorofeI1986: raises $3 to $6
GoliafUa: calls $3
*** FLOP *** [6h 4h Th]
GoliafUa: checks
DorofeI1986: bets $3
GoliafUa: raises $3 to $6
DorofeI1986: raises $3 to $9
GoliafUa: calls $3
*** TURN *** [6h 4h Th] [3s]
GoliafUa: checks
DorofeI1986: bets $6
GoliafUa: calls $6
*** RIVER *** [6h 4h Th 3s] [8s]
GoliafUa: checks
DorofeI1986: bets $6
GoliafUa: calls $6
*** SHOW DOWN ***
DorofeI1986: shows [Qh Jc] (high card Queen)
GoliafUa: shows [6c Qc] (a pair of Sixes)
GoliafUa collected $53.50 from pot
*** SUMMARY ***
Total pot $54 | Rake $0.50
Board [6h 4h Th 3s 8s]
Seat 1: DorofeI1986 (button) (small blind) showed [Qh Jc] and lost with high card Queen
Seat 5: GoliafUa (big blind) showed [6c Qc] and won ($53.50) with a pair of Sixes


PokerStars Hand #162161451781:  Hold'em Limit ($3/$6 USD) - 2016/11/29 17:18:00 ET
Table 'Aethusa' 6-max Seat #2 is the button
Seat 1: DorofeI1986 ($97.14 in chips)
Seat 2: GRAILKO ($164.10 in chips)
GRAILKO: posts small blind $1
GoliafUa: is sitting out
DorofeI1986: posts big blind $3
*** HOLE CARDS ***
ToDaFelt joins the table at seat #3
GRAILKO: raises $3 to $6
DorofeI1986: calls $3
*** FLOP *** [Ac 8c 3c]
DorofeI1986: checks
GRAILKO: bets $3
DorofeI1986: folds
Uncalled bet ($3) returned to GRAILKO
GRAILKO collected $11.76 from pot
GRAILKO: doesn't show hand
*** SUMMARY ***
Total pot $12 | Rake $0.24
Board [Ac 8c 3c]
Seat 1: DorofeI1986 (big blind) folded on the Flop
Seat 2: GRAILKO (button) (small blind) collected ($11.76)


PokerStars Hand #162161471209:  Hold'em Limit ($3/$6 USD) - 2016/11/29 17:18:22 ET
Table 'Aethusa' 6-max Seat #1 is the button
Seat 1: DorofeI1986 ($91.14 in chips)
Seat 2: GRAILKO ($169.86 in chips)
DorofeI1986: posts small blind $1
GRAILKO: posts big blind $3
*** HOLE CARDS ***
DorofeI1986: raises $3 to $6
GRAILKO: folds
Uncalled bet ($3) returned to DorofeI1986
DorofeI1986 collected $6 from pot
DorofeI1986: doesn't show hand
*** SUMMARY ***
Total pot $6 | Rake $0
Seat 1: DorofeI1986 (button) (small blind) collected ($6)
Seat 2: GRAILKO (big blind) folded before Flop


