PokerStars Hand #154182121099:  Hold'em Limit ($3/$6 USD) - 2016/06/02 9:22:19 ET
Table 'Aethra II' 6-max Seat #6 is the button
Seat 5: Tryptamean ($194.34 in chips)
Seat 6: beng_51 ($215.43 in chips)
beng_51: posts small blind $1
HAL9QQQ: is sitting out
tomte999: is sitting out
Tryptamean: posts big blind $3
*** HOLE CARDS ***
beng_51: folds
Uncalled bet ($2) returned to Tryptamean
HAL9QQQ leaves the table
Tryptamean collected $2 from pot
Tryptamean: doesn't show hand
*** SUMMARY ***
Total pot $2 | Rake $0
Seat 5: Tryptamean (big blind) collected ($2)
Seat 6: beng_51 (button) (small blind) folded before Flop


PokerStars Hand #154183244833:  Hold'em Limit ($3/$6 USD) - 2016/06/02 9:54:33 ET
Table 'Aethra II' 6-max Seat #5 is the button
Seat 2: lanås ($40.50 in chips)
Seat 5: Tryptamean ($195.34 in chips)
Hadart joins the table at seat #6
Tryptamean: posts small blind $1
lanås: posts big blind $3
*** HOLE CARDS ***
Tryptamean: raises $3 to $6
lanås: calls $3
*** FLOP *** [7s 2h Ks]
lanås: checks
Fess7791 joins the table at seat #3
Tryptamean: bets $3
lanås: raises $3 to $6
Tryptamean: calls $3
*** TURN *** [7s 2h Ks] [5c]
lanås: bets $6
Tryptamean: calls $6
*** RIVER *** [7s 2h Ks 5c] [Ad]
lanås: bets $6
Tryptamean: calls $6
*** SHOW DOWN ***
lanås: shows [2d 5s] (two pair, Fives and Deuces)
Tryptamean: mucks hand
lanås collected $47.50 from pot
*** SUMMARY ***
Total pot $48 | Rake $0.50
Board [7s 2h Ks 5c Ad]
Seat 2: lanås (big blind) showed [2d 5s] and won ($47.50) with two pair, Fives and Deuces
Seat 5: Tryptamean (button) (small blind) mucked


