PokerStars Hand #171807800500:  Hold'em Limit ($3/$6 USD) - 2017/06/15 12:29:55 ET
Table 'Aethra' 6-max Seat #2 is the button
Seat 2: poropot ($328.47 in chips)
Seat 6: masterblstr8 ($125.14 in chips)
poropot: posts small blind $1
Hannibal2211: is sitting out
masterblstr8: posts big blind $3
*** HOLE CARDS ***
Anchig leaves the table
poropot: calls $2
Hannibal2211 leaves the table
masterblstr8: checks
*** FLOP *** [Td 9s 4d]
Krazy90 joins the table at seat #3
masterblstr8: checks
Krazy90 leaves the table
poropot: checks
*** TURN *** [Td 9s 4d] [3s]
masterblstr8: bets $6
poropot: calls $6
*** RIVER *** [Td 9s 4d 3s] [6h]
masterblstr8: bets $6
poropot: calls $6
*** SHOW DOWN ***
masterblstr8: shows [3d 7s] (a pair of Threes)
poropot: shows [6s 8s] (a pair of Sixes)
poropot collected $29.50 from pot
*** SUMMARY ***
Total pot $30 | Rake $0.50
Board [Td 9s 4d 3s 6h]
Seat 2: poropot (button) (small blind) showed [6s 8s] and won ($29.50) with a pair of Sixes
Seat 6: masterblstr8 (big blind) showed [3d 7s] and lost with a pair of Threes


