PokerStars Hand #165272934610:  Hold'em Limit ($3/$6 USD) - 2017/01/27 19:24:22 ET
Table 'Aetolia' 6-max Seat #2 is the button
Seat 2: Viktorija253 ($83.44 in chips)
Seat 4: AzureCaper ($72 in chips)
Viktorija253: posts small blind $1
AzureCaper: posts big blind $3
*** HOLE CARDS ***
Viktorija253: folds
Uncalled bet ($2) returned to AzureCaper
AzureCaper collected $2 from pot
AzureCaper: doesn't show hand
*** SUMMARY ***
Total pot $2 | Rake $0
Seat 2: Viktorija253 (button) (small blind) folded before Flop
Seat 4: AzureCaper (big blind) collected ($2)


PokerStars Hand #165272931232:  Hold'em Limit ($3/$6 USD) - 2017/01/27 19:24:17 ET
Table 'Aetolia' 6-max Seat #4 is the button
Seat 2: Viktorija253 ($82.44 in chips)
Seat 4: AzureCaper ($73 in chips)
AzureCaper: posts small blind $1
Viktorija253: posts big blind $3
*** HOLE CARDS ***
AzureCaper: folds
Uncalled bet ($2) returned to Viktorija253
Viktorija253 collected $2 from pot
Viktorija253: doesn't show hand
*** SUMMARY ***
Total pot $2 | Rake $0
Seat 2: Viktorija253 (big blind) collected ($2)
Seat 4: AzureCaper (button) (small blind) folded before Flop


PokerStars Hand #165272924512:  Hold'em Limit ($3/$6 USD) - 2017/01/27 19:24:07 ET
Table 'Aetolia' 6-max Seat #2 is the button
Seat 2: Viktorija253 ($83.44 in chips)
Seat 4: AzureCaper ($72 in chips)
Viktorija253: posts small blind $1
AzureCaper: posts big blind $3
*** HOLE CARDS ***
Viktorija253: folds
Uncalled bet ($2) returned to AzureCaper
AzureCaper collected $2 from pot
AzureCaper: doesn't show hand
*** SUMMARY ***
Total pot $2 | Rake $0
Seat 2: Viktorija253 (button) (small blind) folded before Flop
Seat 4: AzureCaper (big blind) collected ($2)


PokerStars Hand #165272966294:  Hold'em Limit ($3/$6 USD) - 2017/01/27 19:25:09 ET
Table 'Aetolia' 6-max Seat #2 is the button
Seat 2: Viktorija253 ($53.44 in chips)
Seat 4: AzureCaper ($101.26 in chips)
Viktorija253: posts small blind $1
AzureCaper: posts big blind $3
*** HOLE CARDS ***
Viktorija253: calls $2
AzureCaper: checks
*** FLOP *** [4s 7d 6h]
AzureCaper: checks
Viktorija253: bets $3
AzureCaper: folds
Uncalled bet ($3) returned to Viktorija253
Viktorija253 collected $5.88 from pot
Viktorija253: doesn't show hand
*** SUMMARY ***
Total pot $6 | Rake $0.12
Board [4s 7d 6h]
Seat 2: Viktorija253 (button) (small blind) collected ($5.88)
Seat 4: AzureCaper (big blind) folded on the Flop


PokerStars Hand #165272958564:  Hold'em Limit ($3/$6 USD) - 2017/01/27 19:24:57 ET
Table 'Aetolia' 6-max Seat #4 is the button
Seat 2: Viktorija253 ($59.44 in chips)
Seat 4: AzureCaper ($95.50 in chips)
AzureCaper: posts small blind $1
Viktorija253: posts big blind $3
*** HOLE CARDS ***
AzureCaper: raises $3 to $6
Viktorija253: calls $3
*** FLOP *** [9c Jc Ks]
Viktorija253: checks
AzureCaper: bets $3
Viktorija253: folds
Uncalled bet ($3) returned to AzureCaper
AzureCaper collected $11.76 from pot
AzureCaper: doesn't show hand
*** SUMMARY ***
Total pot $12 | Rake $0.24
Board [9c Jc Ks]
Seat 2: Viktorija253 (big blind) folded on the Flop
Seat 4: AzureCaper (button) (small blind) collected ($11.76)


PokerStars Hand #165272941993:  Hold'em Limit ($3/$6 USD) - 2017/01/27 19:24:33 ET
Table 'Aetolia' 6-max Seat #2 is the button
Seat 2: Viktorija253 ($83.44 in chips)
Seat 4: AzureCaper ($72 in chips)
Viktorija253: posts small blind $1
AzureCaper: posts big blind $3
*** HOLE CARDS ***
Viktorija253: raises $3 to $6
AzureCaper: calls $3
*** FLOP *** [4c Th Ac]
AzureCaper: checks
Viktorija253: bets $3
AzureCaper: raises $3 to $6
Viktorija253: calls $3
*** TURN *** [4c Th Ac] [Tc]
AzureCaper: bets $6
Viktorija253: calls $6
*** RIVER *** [4c Th Ac Tc] [Kd]
AzureCaper: bets $6
Viktorija253: calls $6
*** SHOW DOWN ***
AzureCaper: shows [Jd Qc] (a straight, Ten to Ace)
Viktorija253: mucks hand
AzureCaper collected $47.50 from pot
*** SUMMARY ***
Total pot $48 | Rake $0.50
Board [4c Th Ac Tc Kd]
Seat 2: Viktorija253 (button) (small blind) mucked
Seat 4: AzureCaper (big blind) showed [Jd Qc] and won ($47.50) with a straight, Ten to Ace


PokerStars Hand #165272938115:  Hold'em Limit ($3/$6 USD) - 2017/01/27 19:24:27 ET
Table 'Aetolia' 6-max Seat #4 is the button
Seat 2: Viktorija253 ($82.44 in chips)
Seat 4: AzureCaper ($73 in chips)
AzureCaper: posts small blind $1
Viktorija253: posts big blind $3
*** HOLE CARDS ***
AzureCaper: folds
Uncalled bet ($2) returned to Viktorija253
Viktorija253 collected $2 from pot
Viktorija253: doesn't show hand
*** SUMMARY ***
Total pot $2 | Rake $0
Seat 2: Viktorija253 (big blind) collected ($2)
Seat 4: AzureCaper (button) (small blind) folded before Flop


PokerStars Hand #165272992165:  Hold'em Limit ($3/$6 USD) - 2017/01/27 19:25:47 ET
Table 'Aetolia' 6-max Seat #2 is the button
Seat 2: Viktorija253 ($41.32 in chips)
Seat 4: AzureCaper ($112.76 in chips)
Viktorija253: posts small blind $1
AzureCaper: posts big blind $3
*** HOLE CARDS ***
nashmed99 joins the table at seat #5
Viktorija253: calls $2
AzureCaper: checks
*** FLOP *** [Qh 3c Qd]
AzureCaper: checks
Viktorija253: checks
*** TURN *** [Qh 3c Qd] [9c]
AzureCaper: bets $6
Viktorija253: calls $6
*** RIVER *** [Qh 3c Qd 9c] [5h]
AzureCaper: bets $6
Viktorija253: raises $6 to $12
AzureCaper: folds
Uncalled bet ($6) returned to Viktorija253
Viktorija253 collected $29.50 from pot
Viktorija253: doesn't show hand
*** SUMMARY ***
Total pot $30 | Rake $0.50
Board [Qh 3c Qd 9c 5h]
Seat 2: Viktorija253 (button) (small blind) collected ($29.50)
Seat 4: AzureCaper (big blind) folded on the River


PokerStars Hand #165272974856:  Hold'em Limit ($3/$6 USD) - 2017/01/27 19:25:22 ET
Table 'Aetolia' 6-max Seat #4 is the button
Seat 2: Viktorija253 ($56.32 in chips)
Seat 4: AzureCaper ($98.26 in chips)
AzureCaper: posts small blind $1
Viktorija253: posts big blind $3
*** HOLE CARDS ***
AzureCaper: raises $3 to $6
Viktorija253: calls $3
*** FLOP *** [Ts Jh 7d]
Viktorija253: checks
AzureCaper: bets $3
Viktorija253: calls $3
*** TURN *** [Ts Jh 7d] [6c]
Viktorija253: checks
AzureCaper: bets $6
Viktorija253: calls $6
*** RIVER *** [Ts Jh 7d 6c] [2d]
Viktorija253: checks
AzureCaper: bets $6
Viktorija253: folds
Uncalled bet ($6) returned to AzureCaper
AzureCaper collected $29.50 from pot
AzureCaper: doesn't show hand
*** SUMMARY ***
Total pot $30 | Rake $0.50
Board [Ts Jh 7d 6c 2d]
Seat 2: Viktorija253 (big blind) folded on the River
Seat 4: AzureCaper (button) (small blind) collected ($29.50)


PokerStars Hand #165277696855:  Hold'em Limit ($3/$6 USD) - 2017/01/27 21:48:24 ET
Table 'Aetolia' 6-max Seat #3 is the button
Seat 3: Chessnok ($397.92 in chips)
Seat 6: nevwon ($78.56 in chips)
AzureCaper will be allowed to play after the button
Chessnok: posts small blind $1
nevwon: posts big blind $3
*** HOLE CARDS ***
Chessnok: raises $3 to $6
nevwon: raises $3 to $9
Chessnok: calls $3
*** FLOP *** [3c 2c 5d]
nevwon: bets $3
Chessnok: calls $3
*** TURN *** [3c 2c 5d] [8d]
nevwon: bets $6
Chessnok: calls $6
*** RIVER *** [3c 2c 5d 8d] [4d]
nevwon: bets $6
Chessnok: calls $6
*** SHOW DOWN ***
nevwon: shows [Qh As] (a straight, Ace to Five)
Chessnok: mucks hand
nevwon collected $47.50 from pot
*** SUMMARY ***
Total pot $48 | Rake $0.50
Board [3c 2c 5d 8d 4d]
Seat 3: Chessnok (button) (small blind) mucked
Seat 6: nevwon (big blind) showed [Qh As] and won ($47.50) with a straight, Ace to Five


PokerStars Hand #165277819199:  Hold'em Limit ($3/$6 USD) - 2017/01/27 21:53:03 ET
Table 'Aetolia' 6-max Seat #6 is the button
Seat 3: Chessnok ($363.99 in chips)
Seat 6: nevwon ($91.59 in chips)
nevwon: posts small blind $1
Chessnok: posts big blind $3
*** HOLE CARDS ***
nevwon: calls $2
Chessnok: checks
*** FLOP *** [8s Ah 5d]
Chessnok: bets $3
nevwon: folds
Uncalled bet ($3) returned to Chessnok
Chessnok collected $5.88 from pot
Chessnok: doesn't show hand
*** SUMMARY ***
Total pot $6 | Rake $0.12
Board [8s Ah 5d]
Seat 3: Chessnok (big blind) collected ($5.88)
Seat 6: nevwon (button) (small blind) folded on the Flop


PokerStars Hand #165277825582:  Hold'em Limit ($3/$6 USD) - 2017/01/27 21:53:17 ET
Table 'Aetolia' 6-max Seat #3 is the button
Seat 3: Chessnok ($366.87 in chips)
Seat 6: nevwon ($88.59 in chips)
Chessnok: posts small blind $1
nevwon: posts big blind $3
*** HOLE CARDS ***
Chessnok: raises $3 to $6
nevwon: calls $3
*** FLOP *** [Jd 9c 5c]
nevwon: checks
Chessnok: bets $3
nevwon: calls $3
*** TURN *** [Jd 9c 5c] [7s]
nevwon: checks
Chessnok: bets $6
nevwon: folds
Uncalled bet ($6) returned to Chessnok
Chessnok collected $17.64 from pot
Chessnok: doesn't show hand
*** SUMMARY ***
Total pot $18 | Rake $0.36
Board [Jd 9c 5c 7s]
Seat 3: Chessnok (button) (small blind) collected ($17.64)
Seat 6: nevwon (big blind) folded on the Turn


PokerStars Hand #165277846978:  Hold'em Limit ($3/$6 USD) - 2017/01/27 21:54:06 ET
Table 'Aetolia' 6-max Seat #3 is the button
Seat 3: Chessnok ($383.03 in chips)
Seat 6: nevwon ($71.59 in chips)
Chessnok: posts small blind $1
nevwon: posts big blind $3
*** HOLE CARDS ***
Chessnok: raises $3 to $6
nevwon: folds
Uncalled bet ($3) returned to Chessnok
Chessnok collected $6 from pot
Chessnok: doesn't show hand
*** SUMMARY ***
Total pot $6 | Rake $0
Seat 3: Chessnok (button) (small blind) collected ($6)
Seat 6: nevwon (big blind) folded before Flop


PokerStars Hand #165277843984:  Hold'em Limit ($3/$6 USD) - 2017/01/27 21:54:00 ET
Table 'Aetolia' 6-max Seat #6 is the button
Seat 3: Chessnok ($386.03 in chips)
Seat 6: nevwon ($68.59 in chips)
nevwon: posts small blind $1
Chessnok: posts big blind $3
*** HOLE CARDS ***
nevwon: raises $3 to $6
Chessnok: folds
Uncalled bet ($3) returned to nevwon
nevwon collected $6 from pot
nevwon: doesn't show hand
*** SUMMARY ***
Total pot $6 | Rake $0
Seat 3: Chessnok (big blind) folded before Flop
Seat 6: nevwon (button) (small blind) collected ($6)


PokerStars Hand #165277841432:  Hold'em Limit ($3/$6 USD) - 2017/01/27 21:53:54 ET
Table 'Aetolia' 6-max Seat #3 is the button
Seat 3: Chessnok ($387.03 in chips)
Seat 6: nevwon ($67.59 in chips)
Chessnok: posts small blind $1
nevwon: posts big blind $3
*** HOLE CARDS ***
Chessnok: folds
Uncalled bet ($2) returned to nevwon
nevwon collected $2 from pot
nevwon: doesn't show hand
*** SUMMARY ***
Total pot $2 | Rake $0
Seat 3: Chessnok (button) (small blind) folded before Flop
Seat 6: nevwon (big blind) collected ($2)


PokerStars Hand #165277834031:  Hold'em Limit ($3/$6 USD) - 2017/01/27 21:53:37 ET
Table 'Aetolia' 6-max Seat #6 is the button
Seat 3: Chessnok ($375.51 in chips)
Seat 6: nevwon ($79.59 in chips)
nevwon: posts small blind $1
Chessnok: posts big blind $3
*** HOLE CARDS ***
nevwon: raises $3 to $6
Chessnok: calls $3
*** FLOP *** [Td Ts Jd]
Chessnok: checks
nevwon: bets $3
Chessnok: raises $3 to $6
nevwon: calls $3
*** TURN *** [Td Ts Jd] [6d]
Chessnok: bets $6
nevwon: folds
Uncalled bet ($6) returned to Chessnok
Chessnok collected $23.52 from pot
Chessnok: doesn't show hand
*** SUMMARY ***
Total pot $24 | Rake $0.48
Board [Td Ts Jd 6d]
Seat 3: Chessnok (big blind) collected ($23.52)
Seat 6: nevwon (button) (small blind) folded on the Turn


PokerStars Hand #165277851164:  Hold'em Limit ($3/$6 USD) - 2017/01/27 21:54:16 ET
Table 'Aetolia' 6-max Seat #6 is the button
Seat 3: Chessnok ($386.03 in chips)
Seat 6: nevwon ($68.59 in chips)
nevwon: posts small blind $1
Chessnok: posts big blind $3
*** HOLE CARDS ***
nevwon: raises $3 to $6
Chessnok: raises $3 to $9
nevwon: calls $3
*** FLOP *** [Th Ah Kd]
Chessnok: bets $3
nevwon: calls $3
*** TURN *** [Th Ah Kd] [8d]
Chessnok: bets $6
nevwon: calls $6
*** RIVER *** [Th Ah Kd 8d] [Qd]
Chessnok: bets $6
nevwon: calls $6
*** SHOW DOWN ***
Chessnok: shows [Kc Qh] (two pair, Kings and Queens)
nevwon: mucks hand
Chessnok collected $47.50 from pot
*** SUMMARY ***
Total pot $48 | Rake $0.50
Board [Th Ah Kd 8d Qd]
Seat 3: Chessnok (big blind) showed [Kc Qh] and won ($47.50) with two pair, Kings and Queens
Seat 6: nevwon (button) (small blind) mucked


PokerStars Hand #165277871303:  Hold'em Limit ($3/$6 USD) - 2017/01/27 21:55:03 ET
Table 'Aetolia' 6-max Seat #3 is the button
Seat 3: Chessnok ($394.53 in chips)
Seat 6: nevwon ($59.11 in chips)
Chessnok: posts small blind $1
nevwon: posts big blind $3
*** HOLE CARDS ***
Chessnok: folds
Uncalled bet ($2) returned to nevwon
nevwon collected $2 from pot
nevwon: doesn't show hand
*** SUMMARY ***
Total pot $2 | Rake $0
Seat 3: Chessnok (button) (small blind) folded before Flop
Seat 6: nevwon (big blind) collected ($2)


PokerStars Hand #165277867581:  Hold'em Limit ($3/$6 USD) - 2017/01/27 21:54:55 ET
Table 'Aetolia' 6-max Seat #6 is the button
Seat 3: Chessnok ($397.53 in chips)
Seat 6: nevwon ($56.11 in chips)
nevwon: posts small blind $1
Chessnok: posts big blind $3
*** HOLE CARDS ***
nevwon: raises $3 to $6
Chessnok: folds
Uncalled bet ($3) returned to nevwon
nevwon collected $6 from pot
nevwon: doesn't show hand
*** SUMMARY ***
Total pot $6 | Rake $0
Seat 3: Chessnok (big blind) folded before Flop
Seat 6: nevwon (button) (small blind) collected ($6)


PokerStars Hand #165277861013:  Hold'em Limit ($3/$6 USD) - 2017/01/27 21:54:39 ET
Table 'Aetolia' 6-max Seat #3 is the button
Seat 3: Chessnok ($409.53 in chips)
Seat 6: nevwon ($44.59 in chips)
Chessnok: posts small blind $1
nevwon: posts big blind $3
*** HOLE CARDS ***
Chessnok: raises $3 to $6
nevwon: raises $3 to $9
Chessnok: calls $3
*** FLOP *** [Qc 9d 9s]
nevwon: bets $3
Chessnok: calls $3
*** TURN *** [Qc 9d 9s] [2c]
nevwon: bets $6
Chessnok: folds
Uncalled bet ($6) returned to nevwon
nevwon collected $23.52 from pot
nevwon: doesn't show hand
*** SUMMARY ***
Total pot $24 | Rake $0.48
Board [Qc 9d 9s 2c]
Seat 3: Chessnok (button) (small blind) folded on the Turn
Seat 6: nevwon (big blind) collected ($23.52)


PokerStars Hand #165277874003:  Hold'em Limit ($3/$6 USD) - 2017/01/27 21:55:09 ET
Table 'Aetolia' 6-max Seat #6 is the button
Seat 3: Chessnok ($393.53 in chips)
Seat 6: nevwon ($60.11 in chips)
nevwon: posts small blind $1
Chessnok: posts big blind $3
*** HOLE CARDS ***
nevwon: raises $3 to $6
Chessnok: raises $3 to $9
nevwon: raises $3 to $12
Betting is capped
Chessnok: calls $3
*** FLOP *** [Ad 8h 4h]
Chessnok: checks
nevwon: bets $3
Chessnok: raises $3 to $6
nevwon: raises $3 to $9
Chessnok: raises $3 to $12
Betting is capped
nevwon: calls $3
*** TURN *** [Ad 8h 4h] [5c]
Chessnok: bets $6
nevwon: calls $6
*** RIVER *** [Ad 8h 4h 5c] [7s]
Chessnok: bets $6
nevwon: calls $6
*** SHOW DOWN ***
Chessnok: shows [8s 8d] (three of a kind, Eights)
nevwon: mucks hand
Chessnok collected $71.50 from pot
*** SUMMARY ***
Total pot $72 | Rake $0.50
Board [Ad 8h 4h 5c 7s]
Seat 3: Chessnok (big blind) showed [8s 8d] and won ($71.50) with three of a kind, Eights
Seat 6: nevwon (button) (small blind) mucked


PokerStars Hand #165277901291:  Hold'em Limit ($3/$6 USD) - 2017/01/27 21:56:23 ET
Table 'Aetolia' 6-max Seat #3 is the button
Seat 3: Chessnok ($444.53 in chips)
Seat 6: nevwon ($8.11 in chips)
Chessnok: posts small blind $1
nevwon: posts big blind $3
*** HOLE CARDS ***
Chessnok: raises $3 to $6
nevwon: raises $2.11 to $8.11 and is all-in
Chessnok: calls $2.11
*** FLOP *** [Jh Ad Js]
*** TURN *** [Jh Ad Js] [5s]
*** RIVER *** [Jh Ad Js 5s] [2d]
*** SHOW DOWN ***
nevwon: shows [9d 9h] (two pair, Jacks and Nines)
Chessnok: shows [5c 8h] (two pair, Jacks and Fives)
nevwon collected $15.90 from pot
*** SUMMARY ***
Total pot $16.22 | Rake $0.32
Board [Jh Ad Js 5s 2d]
Seat 3: Chessnok (button) (small blind) showed [5c 8h] and lost with two pair, Jacks and Fives
Seat 6: nevwon (big blind) showed [9d 9h] and won ($15.90) with two pair, Jacks and Nines


PokerStars Hand #165277885733:  Hold'em Limit ($3/$6 USD) - 2017/01/27 21:55:41 ET
Table 'Aetolia' 6-max Seat #6 is the button
Seat 3: Chessnok ($428.03 in chips)
Seat 6: nevwon ($25.11 in chips)
nevwon: posts small blind $1
Chessnok: posts big blind $3
*** HOLE CARDS ***
nevwon: folds
Uncalled bet ($2) returned to Chessnok
Chessnok collected $2 from pot
Chessnok: doesn't show hand
*** SUMMARY ***
Total pot $2 | Rake $0
Seat 3: Chessnok (big blind) collected ($2)
Seat 6: nevwon (button) (small blind) folded before Flop


PokerStars Hand #165277884133:  Hold'em Limit ($3/$6 USD) - 2017/01/27 21:55:37 ET
Table 'Aetolia' 6-max Seat #3 is the button
Seat 3: Chessnok ($429.03 in chips)
Seat 6: nevwon ($24.11 in chips)
Chessnok: posts small blind $1
nevwon: posts big blind $3
*** HOLE CARDS ***
Chessnok: folds
Uncalled bet ($2) returned to nevwon
nevwon collected $2 from pot
nevwon: doesn't show hand
*** SUMMARY ***
Total pot $2 | Rake $0
Seat 3: Chessnok (button) (small blind) folded before Flop
Seat 6: nevwon (big blind) collected ($2)


PokerStars Hand #165277898576:  Hold'em Limit ($3/$6 USD) - 2017/01/27 21:56:16 ET
Table 'Aetolia' 6-max Seat #6 is the button
Seat 3: Chessnok ($443.53 in chips)
Seat 6: nevwon ($9.11 in chips)
nevwon: posts small blind $1
Chessnok: posts big blind $3
*** HOLE CARDS ***
nevwon: folds
Uncalled bet ($2) returned to Chessnok
Chessnok collected $2 from pot
Chessnok: doesn't show hand
*** SUMMARY ***
Total pot $2 | Rake $0
Seat 3: Chessnok (big blind) collected ($2)
Seat 6: nevwon (button) (small blind) folded before Flop


PokerStars Hand #165277887982:  Hold'em Limit ($3/$6 USD) - 2017/01/27 21:55:47 ET
Table 'Aetolia' 6-max Seat #3 is the button
Seat 3: Chessnok ($429.03 in chips)
Seat 6: nevwon ($24.11 in chips)
Chessnok: posts small blind $1
nevwon: posts big blind $3
*** HOLE CARDS ***
Chessnok: raises $3 to $6
nevwon: calls $3
*** FLOP *** [6h 5s Jc]
nevwon: checks
Chessnok: bets $3
nevwon: calls $3
*** TURN *** [6h 5s Jc] [7h]
nevwon: checks
Chessnok: bets $6
nevwon: calls $6
*** RIVER *** [6h 5s Jc 7h] [Qd]
nevwon: checks
Chessnok: bets $6
nevwon: folds
Uncalled bet ($6) returned to Chessnok
Chessnok collected $29.50 from pot
Chessnok: doesn't show hand
*** SUMMARY ***
Total pot $30 | Rake $0.50
Board [6h 5s Jc 7h Qd]
Seat 3: Chessnok (button) (small blind) collected ($29.50)
Seat 6: nevwon (big blind) folded on the River


PokerStars Hand #165277922163:  Hold'em Limit ($3/$6 USD) - 2017/01/27 21:57:19 ET
Table 'Aetolia' 6-max Seat #3 is the button
Seat 3: Chessnok ($428.52 in chips)
Seat 6: nevwon ($23.32 in chips)
Chessnok: posts small blind $1
nevwon: posts big blind $3
*** HOLE CARDS ***
Chessnok: folds
Uncalled bet ($2) returned to nevwon
nevwon collected $2 from pot
nevwon: doesn't show hand
*** SUMMARY ***
Total pot $2 | Rake $0
Seat 3: Chessnok (button) (small blind) folded before Flop
Seat 6: nevwon (big blind) collected ($2)


PokerStars Hand #165277919908:  Hold'em Limit ($3/$6 USD) - 2017/01/27 21:57:13 ET
Table 'Aetolia' 6-max Seat #6 is the button
Seat 3: Chessnok ($427.52 in chips)
Seat 6: nevwon ($24.32 in chips)
nevwon: posts small blind $1
Chessnok: posts big blind $3
*** HOLE CARDS ***
nevwon: folds
Uncalled bet ($2) returned to Chessnok
Chessnok collected $2 from pot
Chessnok: doesn't show hand
*** SUMMARY ***
Total pot $2 | Rake $0
Seat 3: Chessnok (big blind) collected ($2)
Seat 6: nevwon (button) (small blind) folded before Flop


PokerStars Hand #165277918040:  Hold'em Limit ($3/$6 USD) - 2017/01/27 21:57:08 ET
Table 'Aetolia' 6-max Seat #3 is the button
Seat 3: Chessnok ($428.52 in chips)
Seat 6: nevwon ($23.32 in chips)
Chessnok: posts small blind $1
nevwon: posts big blind $3
*** HOLE CARDS ***
Chessnok: folds
Uncalled bet ($2) returned to nevwon
nevwon collected $2 from pot
nevwon: doesn't show hand
*** SUMMARY ***
Total pot $2 | Rake $0
Seat 3: Chessnok (button) (small blind) folded before Flop
Seat 6: nevwon (big blind) collected ($2)


PokerStars Hand #165277911575:  Hold'em Limit ($3/$6 USD) - 2017/01/27 21:56:50 ET
Table 'Aetolia' 6-max Seat #6 is the button
Seat 3: Chessnok ($440.42 in chips)
Seat 6: nevwon ($11.90 in chips)
nevwon: posts small blind $1
Chessnok: posts big blind $3
*** HOLE CARDS ***
nevwon: raises $3 to $6
Chessnok: raises $3 to $9
nevwon: raises $2.90 to $11.90 and is all-in
Betting is capped
Chessnok: calls $2.90
*** FLOP *** [4h Qc Tc]
*** TURN *** [4h Qc Tc] [Qh]
*** RIVER *** [4h Qc Tc Qh] [5h]
*** SHOW DOWN ***
Chessnok: shows [8d Jd] (a pair of Queens)
nevwon: shows [Kh 6c] (a pair of Queens - King kicker)
nevwon collected $23.32 from pot
*** SUMMARY ***
Total pot $23.80 | Rake $0.48
Board [4h Qc Tc Qh 5h]
Seat 3: Chessnok (big blind) showed [8d Jd] and lost with a pair of Queens
Seat 6: nevwon (button) (small blind) showed [Kh 6c] and won ($23.32) with a pair of Queens


PokerStars Hand #165277908985:  Hold'em Limit ($3/$6 USD) - 2017/01/27 21:56:44 ET
Table 'Aetolia' 6-max Seat #3 is the button
Seat 3: Chessnok ($437.42 in chips)
Seat 6: nevwon ($14.90 in chips)
Chessnok: posts small blind $1
nevwon: posts big blind $3
*** HOLE CARDS ***
Chessnok: raises $3 to $6
nevwon: folds
Uncalled bet ($3) returned to Chessnok
Chessnok collected $6 from pot
Chessnok: doesn't show hand
*** SUMMARY ***
Total pot $6 | Rake $0
Seat 3: Chessnok (button) (small blind) collected ($6)
Seat 6: nevwon (big blind) folded before Flop


PokerStars Hand #165277906486:  Hold'em Limit ($3/$6 USD) - 2017/01/27 21:56:37 ET
Table 'Aetolia' 6-max Seat #6 is the button
Seat 3: Chessnok ($436.42 in chips)
Seat 6: nevwon ($15.90 in chips)
nevwon: posts small blind $1
Chessnok: posts big blind $3
*** HOLE CARDS ***
nevwon: folds
Uncalled bet ($2) returned to Chessnok
Chessnok collected $2 from pot
Chessnok: doesn't show hand
*** SUMMARY ***
Total pot $2 | Rake $0
Seat 3: Chessnok (big blind) collected ($2)
Seat 6: nevwon (button) (small blind) folded before Flop


PokerStars Hand #165277933939:  Hold'em Limit ($3/$6 USD) - 2017/01/27 21:57:50 ET
Table 'Aetolia' 6-max Seat #3 is the button
Seat 3: Chessnok ($427.27 in chips)
Seat 6: nevwon ($24.07 in chips)
Chessnok: posts small blind $1
nevwon: posts big blind $3
*** HOLE CARDS ***
Chessnok: raises $3 to $6
nevwon: raises $3 to $9
Chessnok: calls $3
*** FLOP *** [Jc 3s 7h]
nevwon: bets $3
Chessnok: calls $3
*** TURN *** [Jc 3s 7h] [6c]
nevwon: bets $6
Chessnok: raises $6 to $12
nevwon: raises $0.07 to $12.07 and is all-in
Chessnok: calls $0.07
*** RIVER *** [Jc 3s 7h 6c] [3c]
*** SHOW DOWN ***
nevwon: shows [Qd Js] (two pair, Jacks and Threes)
Chessnok: shows [5s 4d] (a straight, Three to Seven)
Chessnok collected $47.64 from pot
*** SUMMARY ***
Total pot $48.14 | Rake $0.50
Board [Jc 3s 7h 6c 3c]
Seat 3: Chessnok (button) (small blind) showed [5s 4d] and won ($47.64) with a straight, Three to Seven
Seat 6: nevwon (big blind) showed [Qd Js] and lost with two pair, Jacks and Threes


PokerStars Hand #165277923802:  Hold'em Limit ($3/$6 USD) - 2017/01/27 21:57:23 ET
Table 'Aetolia' 6-max Seat #6 is the button
Seat 3: Chessnok ($427.52 in chips)
Seat 6: nevwon ($24.32 in chips)
nevwon: posts small blind $1
Chessnok: posts big blind $3
*** HOLE CARDS ***
nevwon: raises $3 to $6
Chessnok: raises $3 to $9
nevwon: raises $3 to $12
Betting is capped
Chessnok: calls $3
*** FLOP *** [Js 8h 2s]
Chessnok: checks
nevwon: bets $3
Chessnok: calls $3
*** TURN *** [Js 8h 2s] [Th]
Chessnok: checks
nevwon: bets $6
Chessnok: calls $6
*** RIVER *** [Js 8h 2s Th] [6d]
Chessnok: checks
nevwon: bets $3.32 and is all-in
Chessnok: calls $3.32
*** SHOW DOWN ***
nevwon: shows [Qs Ah] (high card Ace)
Chessnok: shows [As Qh] (high card Ace)
Chessnok collected $24.07 from pot
nevwon collected $24.07 from pot
*** SUMMARY ***
Total pot $48.64 | Rake $0.50
Board [Js 8h 2s Th 6d]
Seat 3: Chessnok (big blind) showed [As Qh] and won ($24.07) with high card Ace
Seat 6: nevwon (button) (small blind) showed [Qs Ah] and won ($24.07) with high card Ace


