PokerStars Hand #150525914779:  Hold'em Limit ($3/$6 USD) - 2016/03/18 2:07:47 ET
Table 'Agamemnon' 6-max Seat #4 is the button
Seat 3: Bassie830 ($138.07 in chips)
Seat 4: Agrotait ($175.10 in chips)
Agrotait: posts small blind $1
Bassie830: posts big blind $3
*** HOLE CARDS ***
Agrotait: raises $3 to $6
Bassie830: calls $3
*** FLOP *** [Kd Kc Ah]
Bassie830: checks
Agrotait: bets $3
Bassie830: calls $3
*** TURN *** [Kd Kc Ah] [Qc]
Bassie830: checks
Agrotait: checks
*** RIVER *** [Kd Kc Ah Qc] [8h]
Bassie830: bets $6
Agrotait: folds
Uncalled bet ($6) returned to Bassie830
Bassie830 collected $17.64 from pot
Bassie830: doesn't show hand
*** SUMMARY ***
Total pot $18 | Rake $0.36
Board [Kd Kc Ah Qc 8h]
Seat 3: Bassie830 (big blind) collected ($17.64)
Seat 4: Agrotait (button) (small blind) folded on the River


PokerStars Hand #150525927338:  Hold'em Limit ($3/$6 USD) - 2016/03/18 2:08:39 ET
Table 'Agamemnon' 6-max Seat #4 is the button
Seat 3: Bassie830 ($164.21 in chips)
Seat 4: Agrotait ($148.10 in chips)
Agrotait: posts small blind $1
Bassie830: posts big blind $3
*** HOLE CARDS ***
Agrotait: raises $3 to $6
Bassie830: calls $3
*** FLOP *** [2d Th 9d]
Bassie830: checks
Agrotait: bets $3
Bassie830: calls $3
*** TURN *** [2d Th 9d] [Tc]
Bassie830: checks
Agrotait: bets $6
Bassie830: folds
Uncalled bet ($6) returned to Agrotait
Agrotait collected $17.64 from pot
Agrotait: doesn't show hand
*** SUMMARY ***
Total pot $18 | Rake $0.36
Board [2d Th 9d Tc]
Seat 3: Bassie830 (big blind) folded on the Turn
Seat 4: Agrotait (button) (small blind) collected ($17.64)


PokerStars Hand #150525918616:  Hold'em Limit ($3/$6 USD) - 2016/03/18 2:08:03 ET
Table 'Agamemnon' 6-max Seat #3 is the button
Seat 3: Bassie830 ($146.71 in chips)
Seat 4: Agrotait ($166.10 in chips)
Bassie830: posts small blind $1
Agrotait: posts big blind $3
*** HOLE CARDS ***
Bassie830: raises $3 to $6
Agrotait: calls $3
*** FLOP *** [Ah 7s 5c]
Agrotait: checks
Bassie830: bets $3
Agrotait: raises $3 to $6
Bassie830: calls $3
*** TURN *** [Ah 7s 5c] [Ks]
Agrotait: bets $6
Bassie830: calls $6
*** RIVER *** [Ah 7s 5c Ks] [8s]
Agrotait: checks
Bassie830: bets $6
Agrotait: folds
Uncalled bet ($6) returned to Bassie830
Bassie830 collected $35.50 from pot
Bassie830: doesn't show hand
*** SUMMARY ***
Total pot $36 | Rake $0.50
Board [Ah 7s 5c Ks 8s]
Seat 3: Bassie830 (button) (small blind) collected ($35.50)
Seat 4: Agrotait (big blind) folded on the River


PokerStars Hand #150525950487:  Hold'em Limit ($3/$6 USD) - 2016/03/18 2:10:14 ET
Table 'Agamemnon' 6-max Seat #3 is the button
Seat 3: Bassie830 ($166.23 in chips)
Seat 4: Agrotait ($144.24 in chips)
Bassie830: posts small blind $1
Agrotait: posts big blind $3
*** HOLE CARDS ***
Bassie830: raises $3 to $6
Agrotait: folds
Uncalled bet ($3) returned to Bassie830
Bassie830 collected $6 from pot
Bassie830: doesn't show hand
*** SUMMARY ***
Total pot $6 | Rake $0
Seat 3: Bassie830 (button) (small blind) collected ($6)
Seat 4: Agrotait (big blind) folded before Flop


PokerStars Hand #150525946156:  Hold'em Limit ($3/$6 USD) - 2016/03/18 2:09:56 ET
Table 'Agamemnon' 6-max Seat #4 is the button
Seat 3: Bassie830 ($157.59 in chips)
Seat 4: Agrotait ($153.24 in chips)
Agrotait: posts small blind $1
Bassie830: posts big blind $3
*** HOLE CARDS ***
Agrotait: raises $3 to $6
Bassie830: calls $3
*** FLOP *** [Jc 9c Ts]
Bassie830: checks
Agrotait: bets $3
Bassie830: calls $3
*** TURN *** [Jc 9c Ts] [Ac]
Bassie830: checks
Agrotait: checks
*** RIVER *** [Jc 9c Ts Ac] [5h]
Bassie830: bets $6
Agrotait: folds
Uncalled bet ($6) returned to Bassie830
Bassie830 collected $17.64 from pot
Bassie830: doesn't show hand
zizonmusang leaves the table
*** SUMMARY ***
Total pot $18 | Rake $0.36
Board [Jc 9c Ts Ac 5h]
Seat 3: Bassie830 (big blind) collected ($17.64)
Seat 4: Agrotait (button) (small blind) folded on the River


PokerStars Hand #150525943507:  Hold'em Limit ($3/$6 USD) - 2016/03/18 2:09:45 ET
Table 'Agamemnon' 6-max Seat #3 is the button
Seat 3: Bassie830 ($154.71 in chips)
Seat 4: Agrotait ($156.24 in chips)
Bassie830: posts small blind $1
Agrotait: posts big blind $3
*** HOLE CARDS ***
Bassie830: calls $2
Agrotait: checks
*** FLOP *** [2h 4d Kc]
Agrotait: checks
Bassie830: bets $3
Agrotait: folds
Uncalled bet ($3) returned to Bassie830
Bassie830 collected $5.88 from pot
Bassie830: doesn't show hand
*** SUMMARY ***
Total pot $6 | Rake $0.12
Board [2h 4d Kc]
Seat 3: Bassie830 (button) (small blind) collected ($5.88)
Seat 4: Agrotait (big blind) folded on the Flop


PokerStars Hand #150525938245:  Hold'em Limit ($3/$6 USD) - 2016/03/18 2:09:23 ET
Table 'Agamemnon' 6-max Seat #4 is the button
Seat 3: Bassie830 ($154.96 in chips)
Seat 4: Agrotait ($156.49 in chips)
Agrotait: posts small blind $1
Bassie830: posts big blind $3
*** HOLE CARDS ***
Agrotait: raises $3 to $6
Bassie830: calls $3
*** FLOP *** [2s 3c 4d]
Bassie830: checks
Agrotait: bets $3
Bassie830: calls $3
*** TURN *** [2s 3c 4d] [5s]
Bassie830: checks
Agrotait: bets $6
Bassie830: raises $6 to $12
Agrotait: calls $6
*** RIVER *** [2s 3c 4d 5s] [5d]
Bassie830: bets $6
Agrotait: calls $6
*** SHOW DOWN ***
Bassie830: shows [Ac 4s] (a straight, Ace to Five)
Agrotait: shows [8c Ah] (a straight, Ace to Five)
Bassie830 collected $26.75 from pot
Agrotait collected $26.75 from pot
*** SUMMARY ***
Total pot $54 | Rake $0.50
Board [2s 3c 4d 5s 5d]
Seat 3: Bassie830 (big blind) showed [Ac 4s] and won ($26.75) with a straight, Ace to Five
Seat 4: Agrotait (button) (small blind) showed [8c Ah] and won ($26.75) with a straight, Ace to Five


PokerStars Hand #150525960837:  Hold'em Limit ($3/$6 USD) - 2016/03/18 2:10:56 ET
Table 'Agamemnon' 6-max Seat #3 is the button
Seat 3: Bassie830 ($154.23 in chips)
Seat 4: Agrotait ($155.74 in chips)
Bassie830: posts small blind $1
Agrotait: posts big blind $3
*** HOLE CARDS ***
Bassie830: raises $3 to $6
Agrotait: raises $3 to $9
Bassie830: calls $3
*** FLOP *** [8s 2h 7s]
Agrotait: bets $3
Bassie830: calls $3
*** TURN *** [8s 2h 7s] [As]
Agrotait: bets $6
Bassie830: calls $6
*** RIVER *** [8s 2h 7s As] [4h]
Agrotait: bets $6
Bassie830: calls $6
*** SHOW DOWN ***
Agrotait: shows [8c Qc] (a pair of Eights)
Bassie830: mucks hand
Agrotait collected $47.50 from pot
*** SUMMARY ***
Total pot $48 | Rake $0.50
Board [8s 2h 7s As 4h]
Seat 3: Bassie830 (button) (small blind) mucked
Seat 4: Agrotait (big blind) showed [8c Qc] and won ($47.50) with a pair of Eights


PokerStars Hand #150525959451:  Hold'em Limit ($3/$6 USD) - 2016/03/18 2:10:50 ET
Table 'Agamemnon' 6-max Seat #4 is the button
Seat 3: Bassie830 ($153.23 in chips)
Seat 4: Agrotait ($156.74 in chips)
Agrotait: posts small blind $1
Bassie830: posts big blind $3
*** HOLE CARDS ***
Agrotait: folds
Uncalled bet ($2) returned to Bassie830
Bassie830 collected $2 from pot
Bassie830: doesn't show hand
*** SUMMARY ***
Total pot $2 | Rake $0
Seat 3: Bassie830 (big blind) collected ($2)
Seat 4: Agrotait (button) (small blind) folded before Flop


PokerStars Hand #150525958231:  Hold'em Limit ($3/$6 USD) - 2016/03/18 2:10:45 ET
Table 'Agamemnon' 6-max Seat #3 is the button
Seat 3: Bassie830 ($154.23 in chips)
Seat 4: Agrotait ($155.74 in chips)
Bassie830: posts small blind $1
Agrotait: posts big blind $3
*** HOLE CARDS ***
Bassie830: folds
Uncalled bet ($2) returned to Agrotait
Agrotait collected $2 from pot
Agrotait: doesn't show hand
*** SUMMARY ***
Total pot $2 | Rake $0
Seat 3: Bassie830 (button) (small blind) folded before Flop
Seat 4: Agrotait (big blind) collected ($2)


PokerStars Hand #150525952395:  Hold'em Limit ($3/$6 USD) - 2016/03/18 2:10:22 ET
Table 'Agamemnon' 6-max Seat #4 is the button
Seat 3: Bassie830 ($169.23 in chips)
Seat 4: Agrotait ($141.24 in chips)
Agrotait: posts small blind $1
Bassie830: posts big blind $3
*** HOLE CARDS ***
Agrotait: raises $3 to $6
Bassie830: calls $3
*** FLOP *** [Js As 6c]
Bassie830: checks
Agrotait: bets $3
Bassie830: calls $3
*** TURN *** [Js As 6c] [Qh]
Bassie830: checks
Agrotait: bets $6
Bassie830: calls $6
*** RIVER *** [Js As 6c Qh] [3h]
Bassie830: checks
Agrotait: bets $6
Bassie830: folds
Uncalled bet ($6) returned to Agrotait
Agrotait collected $29.50 from pot
Agrotait: doesn't show hand
*** SUMMARY ***
Total pot $30 | Rake $0.50
Board [Js As 6c Qh 3h]
Seat 3: Bassie830 (big blind) folded on the River
Seat 4: Agrotait (button) (small blind) collected ($29.50)


PokerStars Hand #150525972039:  Hold'em Limit ($3/$6 USD) - 2016/03/18 2:11:41 ET
Table 'Agamemnon' 6-max Seat #3 is the button
Seat 3: Bassie830 ($115.23 in chips)
Seat 4: Agrotait ($193.74 in chips)
Bassie830: posts small blind $1
Agrotait: posts big blind $3
*** HOLE CARDS ***
Bassie830: raises $3 to $6
Agrotait: calls $3
*** FLOP *** [7h 7c Tc]
Agrotait: checks
Bassie830: bets $3
Agrotait: calls $3
*** TURN *** [7h 7c Tc] [Jh]
Agrotait: checks
Bassie830: bets $6
Agrotait: raises $6 to $12
Bassie830: calls $6
*** RIVER *** [7h 7c Tc Jh] [8c]
Agrotait: bets $6
Bassie830: calls $6
*** SHOW DOWN ***
Agrotait: shows [9h Jd] (a straight, Seven to Jack)
Bassie830: mucks hand
Agrotait collected $53.50 from pot
*** SUMMARY ***
Total pot $54 | Rake $0.50
Board [7h 7c Tc Jh 8c]
Seat 3: Bassie830 (button) (small blind) mucked
Seat 4: Agrotait (big blind) showed [9h Jd] and won ($53.50) with a straight, Seven to Jack


PokerStars Hand #150525965606:  Hold'em Limit ($3/$6 USD) - 2016/03/18 2:11:15 ET
Table 'Agamemnon' 6-max Seat #4 is the button
Seat 3: Bassie830 ($130.23 in chips)
Seat 4: Agrotait ($179.24 in chips)
Agrotait: posts small blind $1
Bassie830: posts big blind $3
*** HOLE CARDS ***
Agrotait: raises $3 to $6
Bassie830: calls $3
*** FLOP *** [2s 7h Kd]
Bassie830: checks
Agrotait: bets $3
Bassie830: calls $3
*** TURN *** [2s 7h Kd] [Ts]
Bassie830: checks
Agrotait: checks
*** RIVER *** [2s 7h Kd Ts] [Th]
Bassie830: bets $6
Agrotait: calls $6
*** SHOW DOWN ***
Bassie830: shows [Qs Js] (a pair of Tens)
Agrotait: shows [5s 5c] (two pair, Tens and Fives)
Agrotait collected $29.50 from pot
*** SUMMARY ***
Total pot $30 | Rake $0.50
Board [2s 7h Kd Ts Th]
Seat 3: Bassie830 (big blind) showed [Qs Js] and lost with a pair of Tens
Seat 4: Agrotait (button) (small blind) showed [5s 5c] and won ($29.50) with two pair, Tens and Fives


PokerStars Hand #150525990355:  Hold'em Limit ($3/$6 USD) - 2016/03/18 2:12:55 ET
Table 'Agamemnon' 6-max Seat #3 is the button
Seat 3: Bassie830 ($99.75 in chips)
Seat 4: Agrotait ($208.24 in chips)
Bassie830: posts small blind $1
Agrotait: posts big blind $3
*** HOLE CARDS ***
Bassie830: folds
Uncalled bet ($2) returned to Agrotait
Agrotait collected $2 from pot
Agrotait: doesn't show hand
*** SUMMARY ***
Total pot $2 | Rake $0
Seat 3: Bassie830 (button) (small blind) folded before Flop
Seat 4: Agrotait (big blind) collected ($2)


PokerStars Hand #150525983704:  Hold'em Limit ($3/$6 USD) - 2016/03/18 2:12:28 ET
Table 'Agamemnon' 6-max Seat #4 is the button
Seat 3: Bassie830 ($88.23 in chips)
Seat 4: Agrotait ($220.24 in chips)
Agrotait: posts small blind $1
Bassie830: posts big blind $3
*** HOLE CARDS ***
Agrotait: raises $3 to $6
Bassie830: raises $3 to $9
Agrotait: calls $3
*** FLOP *** [9s 5d 6h]
Bassie830: bets $3
Agrotait: calls $3
*** TURN *** [9s 5d 6h] [8h]
Bassie830: bets $6
Agrotait: folds
Uncalled bet ($6) returned to Bassie830
Bassie830 collected $23.52 from pot
Bassie830: doesn't show hand
*** SUMMARY ***
Total pot $24 | Rake $0.48
Board [9s 5d 6h 8h]
Seat 3: Bassie830 (big blind) collected ($23.52)
Seat 4: Agrotait (button) (small blind) folded on the Turn


PokerStars Hand #150525991651:  Hold'em Limit ($3/$6 USD) - 2016/03/18 2:13:00 ET
Table 'Agamemnon' 6-max Seat #4 is the button
Seat 3: Bassie830 ($98.75 in chips)
Seat 4: Agrotait ($209.24 in chips)
Agrotait: posts small blind $1
Bassie830: posts big blind $3
*** HOLE CARDS ***
Agrotait: folds
Uncalled bet ($2) returned to Bassie830
Bassie830 collected $2 from pot
Bassie830: doesn't show hand
*** SUMMARY ***
Total pot $2 | Rake $0
Seat 3: Bassie830 (big blind) collected ($2)
Seat 4: Agrotait (button) (small blind) folded before Flop


PokerStars Hand #150526000747:  Hold'em Limit ($3/$6 USD) - 2016/03/18 2:13:36 ET
Table 'Agamemnon' 6-max Seat #4 is the button
Seat 3: Bassie830 ($111.27 in chips)
Seat 4: Agrotait ($196.24 in chips)
Agrotait: posts small blind $1
Bassie830: posts big blind $3
*** HOLE CARDS ***
Agrotait: folds
Uncalled bet ($2) returned to Bassie830
Bassie830 collected $2 from pot
Bassie830: doesn't show hand
*** SUMMARY ***
Total pot $2 | Rake $0
Seat 3: Bassie830 (big blind) collected ($2)
Seat 4: Agrotait (button) (small blind) folded before Flop


PokerStars Hand #150525993612:  Hold'em Limit ($3/$6 USD) - 2016/03/18 2:13:08 ET
Table 'Agamemnon' 6-max Seat #3 is the button
Seat 3: Bassie830 ($99.75 in chips)
Seat 4: Agrotait ($208.24 in chips)
Bassie830: posts small blind $1
Agrotait: posts big blind $3
*** HOLE CARDS ***
Bassie830: calls $2
Agrotait: checks
*** FLOP *** [Kh 5d Ah]
Agrotait: bets $3
Bassie830: calls $3
*** TURN *** [Kh 5d Ah] [3s]
Agrotait: bets $6
Bassie830: calls $6
*** RIVER *** [Kh 5d Ah 3s] [Td]
Agrotait: checks
Bassie830: bets $6
Agrotait: folds
Uncalled bet ($6) returned to Bassie830
Bassie830 collected $23.52 from pot
Bassie830: doesn't show hand
*** SUMMARY ***
Total pot $24 | Rake $0.48
Board [Kh 5d Ah 3s Td]
Seat 3: Bassie830 (button) (small blind) collected ($23.52)
Seat 4: Agrotait (big blind) folded on the River


PokerStars Hand #150526001989:  Hold'em Limit ($3/$6 USD) - 2016/03/18 2:13:41 ET
Table 'Agamemnon' 6-max Seat #3 is the button
Seat 3: Bassie830 ($112.27 in chips)
Seat 4: Agrotait ($195.24 in chips)
Bassie830: posts small blind $1
Agrotait: posts big blind $3
*** HOLE CARDS ***
Bassie830: raises $3 to $6
Agrotait: folds
Uncalled bet ($3) returned to Bassie830
Bassie830 collected $6 from pot
Bassie830: doesn't show hand
*** SUMMARY ***
Total pot $6 | Rake $0
Seat 3: Bassie830 (button) (small blind) collected ($6)
Seat 4: Agrotait (big blind) folded before Flop


PokerStars Hand #150526003464:  Hold'em Limit ($3/$6 USD) - 2016/03/18 2:13:47 ET
Table 'Agamemnon' 6-max Seat #4 is the button
Seat 3: Bassie830 ($115.27 in chips)
Seat 4: Agrotait ($192.24 in chips)
Agrotait: posts small blind $1
Bassie830: posts big blind $3
*** HOLE CARDS ***
Agrotait: raises $3 to $6
Bassie830: calls $3
*** FLOP *** [6d As Kh]
Bassie830: checks
Agrotait: bets $3
Bassie830: calls $3
*** TURN *** [6d As Kh] [Jh]
Bassie830: checks
Agrotait: checks
*** RIVER *** [6d As Kh Jh] [Qd]
Bassie830: bets $6
Agrotait: raises $6 to $12
Bassie830: calls $6
*** SHOW DOWN ***
Agrotait: shows [4h Td] (a straight, Ten to Ace)
Bassie830: mucks hand
Agrotait collected $41.50 from pot
*** SUMMARY ***
Total pot $42 | Rake $0.50
Board [6d As Kh Jh Qd]
Seat 3: Bassie830 (big blind) mucked
Seat 4: Agrotait (button) (small blind) showed [4h Td] and won ($41.50) with a straight, Ten to Ace


PokerStars Hand #150526007626:  Hold'em Limit ($3/$6 USD) - 2016/03/18 2:14:03 ET
Table 'Agamemnon' 6-max Seat #3 is the button
Seat 3: Bassie830 ($94.27 in chips)
Seat 4: Agrotait ($212.74 in chips)
Bassie830: posts small blind $1
Agrotait: posts big blind $3
*** HOLE CARDS ***
Bassie830: raises $3 to $6
Agrotait: folds
Uncalled bet ($3) returned to Bassie830
Bassie830 collected $6 from pot
Bassie830: doesn't show hand
*** SUMMARY ***
Total pot $6 | Rake $0
Seat 3: Bassie830 (button) (small blind) collected ($6)
Seat 4: Agrotait (big blind) folded before Flop


PokerStars Hand #150526017081:  Hold'em Limit ($3/$6 USD) - 2016/03/18 2:14:41 ET
Table 'Agamemnon' 6-max Seat #3 is the button
Seat 3: Bassie830 ($111.77 in chips)
Seat 4: Agrotait ($194.74 in chips)
Bassie830: posts small blind $1
Agrotait: posts big blind $3
*** HOLE CARDS ***
Bassie830: raises $3 to $6
Agrotait: folds
Uncalled bet ($3) returned to Bassie830
Bassie830 collected $6 from pot
Bassie830: doesn't show hand
*** SUMMARY ***
Total pot $6 | Rake $0
Seat 3: Bassie830 (button) (small blind) collected ($6)
Seat 4: Agrotait (big blind) folded before Flop


PokerStars Hand #150526009457:  Hold'em Limit ($3/$6 USD) - 2016/03/18 2:14:11 ET
Table 'Agamemnon' 6-max Seat #4 is the button
Seat 3: Bassie830 ($97.27 in chips)
Seat 4: Agrotait ($209.74 in chips)
Agrotait: posts small blind $1
Bassie830: posts big blind $3
*** HOLE CARDS ***
Agrotait: raises $3 to $6
Bassie830: calls $3
*** FLOP *** [7s Kd 5c]
Bassie830: checks
Agrotait: bets $3
Bassie830: calls $3
*** TURN *** [7s Kd 5c] [Qc]
badcsgg joins the table at seat #2
Bassie830: checks
Agrotait: bets $6
Bassie830: calls $6
*** RIVER *** [7s Kd 5c Qc] [3d]
Bassie830: checks
Agrotait: checks
*** SHOW DOWN ***
Bassie830: shows [As 5d] (a pair of Fives)
Agrotait: mucks hand
Bassie830 collected $29.50 from pot
*** SUMMARY ***
Total pot $30 | Rake $0.50
Board [7s Kd 5c Qc 3d]
Seat 3: Bassie830 (big blind) showed [As 5d] and won ($29.50) with a pair of Fives
Seat 4: Agrotait (button) (small blind) mucked


