PokerStars Hand #172864120230:  Hold'em Limit ($3/$6 USD) - 2017/07/10 16:29:06 ET
Table 'Agamemnon' 6-max Seat #3 is the button
Seat 3: Swe_OlssoN ($100.68 in chips)
Seat 4: MTails ($120 in chips)
Swe_OlssoN: posts small blind $1
MTails: posts big blind $3
*** HOLE CARDS ***
Swe_OlssoN: folds
Uncalled bet ($2) returned to MTails
MTails collected $2 from pot
*** SUMMARY ***
Total pot $2 | Rake $0
Seat 3: Swe_OlssoN (button) (small blind) folded before Flop
Seat 4: MTails (big blind) collected ($2)


PokerStars Hand #172864128198:  Hold'em Limit ($3/$6 USD) - 2017/07/10 16:29:16 ET
Table 'Agamemnon' 6-max Seat #4 is the button
Seat 3: Swe_OlssoN ($99.68 in chips)
Seat 4: MTails ($121 in chips)
MTails: posts small blind $1
Swe_OlssoN: posts big blind $3
*** HOLE CARDS ***
MTails: raises $3 to $6
Swe_OlssoN: calls $3
*** FLOP *** [Ad 4d 2d]
Swe_OlssoN: checks
MTails: bets $3
Swe_OlssoN: folds
Uncalled bet ($3) returned to MTails
MTails collected $11.76 from pot
MTails: doesn't show hand
*** SUMMARY ***
Total pot $12 | Rake $0.24
Board [Ad 4d 2d]
Seat 3: Swe_OlssoN (big blind) folded on the Flop
Seat 4: MTails (button) (small blind) collected ($11.76)


PokerStars Hand #172864168662:  Hold'em Limit ($3/$6 USD) - 2017/07/10 16:30:02 ET
Table 'Agamemnon' 6-max Seat #4 is the button
Seat 3: Swe_OlssoN ($51.68 in chips)
Seat 4: MTails ($168.26 in chips)
MTails: posts small blind $1
Swe_OlssoN: posts big blind $3
*** HOLE CARDS ***
MTails: raises $3 to $6
Swe_OlssoN: folds
Uncalled bet ($3) returned to MTails
MTails collected $6 from pot
*** SUMMARY ***
Total pot $6 | Rake $0
Seat 3: Swe_OlssoN (big blind) folded before Flop
Seat 4: MTails (button) (small blind) collected ($6)


PokerStars Hand #172864144713:  Hold'em Limit ($3/$6 USD) - 2017/07/10 16:29:35 ET
Table 'Agamemnon' 6-max Seat #3 is the button
Seat 3: Swe_OlssoN ($93.68 in chips)
Seat 4: MTails ($126.76 in chips)
Swe_OlssoN: posts small blind $1
MTails: posts big blind $3
*** HOLE CARDS ***
Swe_OlssoN: calls $2
MTails: raises $3 to $6
Swe_OlssoN: calls $3
*** FLOP *** [2h Jh 8s]
MTails: bets $3
Swe_OlssoN: raises $3 to $6
MTails: calls $3
*** TURN *** [2h Jh 8s] [Ah]
MTails: checks
Swe_OlssoN: bets $6
MTails: raises $6 to $12
Swe_OlssoN: calls $6
*** RIVER *** [2h Jh 8s Ah] [Jc]
MTails: bets $6
Swe_OlssoN: raises $6 to $12
MTails: raises $6 to $18
Swe_OlssoN: calls $6
*** SHOW DOWN ***
MTails: shows [8c Js] (a full house, Jacks full of Eights)
Swe_OlssoN: mucks hand
MTails collected $83.50 from pot
*** SUMMARY ***
Total pot $84 | Rake $0.50
Board [2h Jh 8s Ah Jc]
Seat 3: Swe_OlssoN (button) (small blind) mucked
Seat 4: MTails (big blind) showed [8c Js] and won ($83.50) with a full house, Jacks full of Eights


PokerStars Hand #172864175391:  Hold'em Limit ($3/$6 USD) - 2017/07/10 16:30:10 ET
Table 'Agamemnon' 6-max Seat #3 is the button
Seat 3: Swe_OlssoN ($48.68 in chips)
Seat 4: MTails ($171.26 in chips)
Swe_OlssoN: posts small blind $1
MTails: posts big blind $3
*** HOLE CARDS ***
Swe_OlssoN: folds
Uncalled bet ($2) returned to MTails
MTails collected $2 from pot
MTails: doesn't show hand
*** SUMMARY ***
Total pot $2 | Rake $0
Seat 3: Swe_OlssoN (button) (small blind) folded before Flop
Seat 4: MTails (big blind) collected ($2)


PokerStars Hand #172864206732:  Hold'em Limit ($3/$6 USD) - 2017/07/10 16:30:46 ET
Table 'Agamemnon' 6-max Seat #4 is the button
Seat 3: Swe_OlssoN ($67.18 in chips)
Seat 4: MTails ($152.26 in chips)
MTails: posts small blind $1
Swe_OlssoN: posts big blind $3
*** HOLE CARDS ***
MTails: raises $3 to $6
Swe_OlssoN: folds
Uncalled bet ($3) returned to MTails
MTails collected $6 from pot
*** SUMMARY ***
Total pot $6 | Rake $0
Seat 3: Swe_OlssoN (big blind) folded before Flop
Seat 4: MTails (button) (small blind) collected ($6)


PokerStars Hand #172864199439:  Hold'em Limit ($3/$6 USD) - 2017/07/10 16:30:38 ET
Table 'Agamemnon' 6-max Seat #3 is the button
Seat 3: Swe_OlssoN ($68.18 in chips)
Seat 4: MTails ($151.26 in chips)
Swe_OlssoN: posts small blind $1
MTails: posts big blind $3
*** HOLE CARDS ***
Swe_OlssoN: folds
Uncalled bet ($2) returned to MTails
MTails collected $2 from pot
*** SUMMARY ***
Total pot $2 | Rake $0
Seat 3: Swe_OlssoN (button) (small blind) folded before Flop
Seat 4: MTails (big blind) collected ($2)


PokerStars Hand #172864181438:  Hold'em Limit ($3/$6 USD) - 2017/07/10 16:30:17 ET
Table 'Agamemnon' 6-max Seat #4 is the button
Seat 3: Swe_OlssoN ($47.68 in chips)
Seat 4: MTails ($172.26 in chips)
MTails: posts small blind $1
Swe_OlssoN: posts big blind $3
*** HOLE CARDS ***
MTails: raises $3 to $6
Swe_OlssoN: calls $3
*** FLOP *** [8h 3c 8s]
Swe_OlssoN: bets $3
MTails: calls $3
*** TURN *** [8h 3c 8s] [Tc]
Swe_OlssoN: bets $6
MTails: calls $6
*** RIVER *** [8h 3c 8s Tc] [Qh]
Swe_OlssoN: checks
MTails: bets $6
Swe_OlssoN: calls $6
*** SHOW DOWN ***
MTails: shows [4c 5h] (a pair of Eights)
Swe_OlssoN: shows [3s Kh] (two pair, Eights and Threes)
Swe_OlssoN collected $41.50 from pot
*** SUMMARY ***
Total pot $42 | Rake $0.50
Board [8h 3c 8s Tc Qh]
Seat 3: Swe_OlssoN (big blind) showed [3s Kh] and won ($41.50) with two pair, Eights and Threes
Seat 4: MTails (button) (small blind) showed [4c 5h] and lost with a pair of Eights


PokerStars Hand #172864218979:  Hold'em Limit ($3/$6 USD) - 2017/07/10 16:31:00 ET
Table 'Agamemnon' 6-max Seat #4 is the button
Seat 3: Swe_OlssoN ($67.18 in chips)
Seat 4: MTails ($152.26 in chips)
MTails: posts small blind $1
Swe_OlssoN: posts big blind $3
*** HOLE CARDS ***
MTails: raises $3 to $6
Swe_OlssoN: calls $3
*** FLOP *** [Td 6h Qd]
Swe_OlssoN: checks
MTails: bets $3
B_loJkl joins the table at seat #5
Swe_OlssoN: folds
Uncalled bet ($3) returned to MTails
MTails collected $11.76 from pot
*** SUMMARY ***
Total pot $12 | Rake $0.24
Board [Td 6h Qd]
Seat 3: Swe_OlssoN (big blind) folded on the Flop
Seat 4: MTails (button) (small blind) collected ($11.76)


PokerStars Hand #172864212187:  Hold'em Limit ($3/$6 USD) - 2017/07/10 16:30:52 ET
Table 'Agamemnon' 6-max Seat #3 is the button
Seat 3: Swe_OlssoN ($64.18 in chips)
Seat 4: MTails ($155.26 in chips)
Swe_OlssoN: posts small blind $1
MTails: posts big blind $3
*** HOLE CARDS ***
Swe_OlssoN: raises $3 to $6
MTails: folds
Uncalled bet ($3) returned to Swe_OlssoN
Swe_OlssoN collected $6 from pot
Swe_OlssoN: doesn't show hand
*** SUMMARY ***
Total pot $6 | Rake $0
Seat 3: Swe_OlssoN (button) (small blind) collected ($6)
Seat 4: MTails (big blind) folded before Flop


PokerStars Hand #172864236568:  Hold'em Limit ($3/$6 USD) - 2017/07/10 16:31:20 ET
Table 'Agamemnon' 6-max Seat #3 is the button
Seat 3: Swe_OlssoN ($61.18 in chips)
Seat 4: MTails ($158.02 in chips)
Swe_OlssoN: posts small blind $1
MTails: posts big blind $3
*** HOLE CARDS ***
Swe_OlssoN: raises $3 to $6
MTails: calls $3
*** FLOP *** [Ts 3c 8s]
MTails: checks
Swe_OlssoN: bets $3
MTails: calls $3
*** TURN *** [Ts 3c 8s] [As]
MTails: checks
Swe_OlssoN: checks
*** RIVER *** [Ts 3c 8s As] [8h]
MTails: checks
Swe_OlssoN: bets $6
MTails: folds
Uncalled bet ($6) returned to Swe_OlssoN
Swe_OlssoN collected $17.64 from pot
Swe_OlssoN: doesn't show hand
*** SUMMARY ***
Total pot $18 | Rake $0.36
Board [Ts 3c 8s As 8h]
Seat 3: Swe_OlssoN (button) (small blind) collected ($17.64)
Seat 4: MTails (big blind) folded on the River


PokerStars Hand #172865337601:  Hold'em Limit ($3/$6 USD) - 2017/07/10 16:52:30 ET
Table 'Agamemnon' 6-max Seat #3 is the button
Seat 2: fluit83 ($41 in chips)
Seat 3: Swe_OlssoN ($103.20 in chips)
Swe_OlssoN: posts small blind $1
fluit83: posts big blind $3
*** HOLE CARDS ***
Swe_OlssoN: folds
Uncalled bet ($2) returned to fluit83
fluit83 collected $2 from pot
fluit83: doesn't show hand
*** SUMMARY ***
Total pot $2 | Rake $0
Seat 2: fluit83 (big blind) collected ($2)
Seat 3: Swe_OlssoN (button) (small blind) folded before Flop


PokerStars Hand #172865333064:  Hold'em Limit ($3/$6 USD) - 2017/07/10 16:52:25 ET
Table 'Agamemnon' 6-max Seat #2 is the button
Seat 2: fluit83 ($42 in chips)
Seat 3: Swe_OlssoN ($102.20 in chips)
fluit83: posts small blind $1
Swe_OlssoN: posts big blind $3
*** HOLE CARDS ***
fluit83: folds
Uncalled bet ($2) returned to Swe_OlssoN
Swe_OlssoN collected $2 from pot
Swe_OlssoN: doesn't show hand
*** SUMMARY ***
Total pot $2 | Rake $0
Seat 2: fluit83 (button) (small blind) folded before Flop
Seat 3: Swe_OlssoN (big blind) collected ($2)


PokerStars Hand #172865305043:  Hold'em Limit ($3/$6 USD) - 2017/07/10 16:51:52 ET
Table 'Agamemnon' 6-max Seat #2 is the button
Seat 2: fluit83 ($45.12 in chips)
Seat 3: Swe_OlssoN ($99.44 in chips)
fluit83: posts small blind $1
Swe_OlssoN: posts big blind $3
*** HOLE CARDS ***
fluit83: calls $2
Swe_OlssoN: checks
*** FLOP *** [Kd 2d 4h]
Swe_OlssoN: checks
fluit83: bets $3
Swe_OlssoN: folds
Uncalled bet ($3) returned to fluit83
fluit83 collected $5.88 from pot
fluit83: doesn't show hand
*** SUMMARY ***
Total pot $6 | Rake $0.12
Board [Kd 2d 4h]
Seat 2: fluit83 (button) (small blind) collected ($5.88)
Seat 3: Swe_OlssoN (big blind) folded on the Flop


PokerStars Hand #172865319676:  Hold'em Limit ($3/$6 USD) - 2017/07/10 16:52:09 ET
Table 'Agamemnon' 6-max Seat #3 is the button
Seat 2: fluit83 ($48 in chips)
Seat 3: Swe_OlssoN ($96.44 in chips)
Swe_OlssoN: posts small blind $1
fluit83: posts big blind $3
*** HOLE CARDS ***
Swe_OlssoN: raises $3 to $6
fluit83: calls $3
*** FLOP *** [Ad As 4h]
fluit83: checks
Swe_OlssoN: bets $3
fluit83: folds
Uncalled bet ($3) returned to Swe_OlssoN
Swe_OlssoN collected $11.76 from pot
Swe_OlssoN: doesn't show hand
*** SUMMARY ***
Total pot $12 | Rake $0.24
Board [Ad As 4h]
Seat 2: fluit83 (big blind) folded on the Flop
Seat 3: Swe_OlssoN (button) (small blind) collected ($11.76)


PokerStars Hand #172865342237:  Hold'em Limit ($3/$6 USD) - 2017/07/10 16:52:36 ET
Table 'Agamemnon' 6-max Seat #2 is the button
Seat 2: fluit83 ($42 in chips)
Seat 3: Swe_OlssoN ($102.20 in chips)
fluit83: posts small blind $1
Swe_OlssoN: posts big blind $3
*** HOLE CARDS ***
fluit83: raises $3 to $6
Swe_OlssoN: folds
Uncalled bet ($3) returned to fluit83
fluit83 collected $6 from pot
fluit83: doesn't show hand
*** SUMMARY ***
Total pot $6 | Rake $0
Seat 2: fluit83 (button) (small blind) collected ($6)
Seat 3: Swe_OlssoN (big blind) folded before Flop


PokerStars Hand #172865380230:  Hold'em Limit ($3/$6 USD) - 2017/07/10 16:53:20 ET
Table 'Agamemnon' 6-max Seat #3 is the button
Seat 2: fluit83 ($26.76 in chips)
Seat 3: Swe_OlssoN ($116.70 in chips)
Swe_OlssoN: posts small blind $1
fluit83: posts big blind $3
*** HOLE CARDS ***
Swe_OlssoN: raises $3 to $6
fluit83: raises $3 to $9
Swe_OlssoN: calls $3
*** FLOP *** [Th Ts 4h]
fluit83: checks
Swe_OlssoN: bets $3
fluit83: raises $3 to $6
Swe_OlssoN: raises $3 to $9
fluit83: raises $3 to $12
Betting is capped
Swe_OlssoN: folds
Uncalled bet ($3) returned to fluit83
fluit83 collected $35.50 from pot
fluit83: doesn't show hand
*** SUMMARY ***
Total pot $36 | Rake $0.50
Board [Th Ts 4h]
Seat 2: fluit83 (big blind) collected ($35.50)
Seat 3: Swe_OlssoN (button) (small blind) folded on the Flop


PokerStars Hand #172865348162:  Hold'em Limit ($3/$6 USD) - 2017/07/10 16:52:43 ET
Table 'Agamemnon' 6-max Seat #3 is the button
Seat 2: fluit83 ($45 in chips)
Seat 3: Swe_OlssoN ($99.20 in chips)
Swe_OlssoN: posts small blind $1
fluit83: posts big blind $3
*** HOLE CARDS ***
Swe_OlssoN: raises $3 to $6
fluit83: calls $3
*** FLOP *** [4c Qh 8c]
fluit83: checks
Swe_OlssoN: bets $3
fluit83: raises $3 to $6
Swe_OlssoN: calls $3
*** TURN *** [4c Qh 8c] [As]
fluit83: bets $6
Swe_OlssoN: calls $6
*** RIVER *** [4c Qh 8c As] [5s]
fluit83: bets $6
Swe_OlssoN: calls $6
*** SHOW DOWN ***
fluit83: shows [6c Ts] (high card Ace)
Swe_OlssoN: shows [3s 3h] (a pair of Threes)
Swe_OlssoN collected $47.50 from pot
*** SUMMARY ***
Total pot $48 | Rake $0.50
Board [4c Qh 8c As 5s]
Seat 2: fluit83 (big blind) showed [6c Ts] and lost with high card Ace
Seat 3: Swe_OlssoN (button) (small blind) showed [3s 3h] and won ($47.50) with a pair of Threes


PokerStars Hand #172865369005:  Hold'em Limit ($3/$6 USD) - 2017/07/10 16:53:07 ET
Table 'Agamemnon' 6-max Seat #2 is the button
Seat 2: fluit83 ($21 in chips)
Seat 3: Swe_OlssoN ($122.70 in chips)
fluit83: posts small blind $1
Swe_OlssoN: posts big blind $3
*** HOLE CARDS ***
fluit83: calls $2
Swe_OlssoN: raises $3 to $6
fluit83: calls $3
*** FLOP *** [Kd 4d 4h]
Swe_OlssoN: checks
fluit83: bets $3
Swe_OlssoN: folds
Uncalled bet ($3) returned to fluit83
fluit83 collected $11.76 from pot
fluit83: doesn't show hand
*** SUMMARY ***
Total pot $12 | Rake $0.24
Board [Kd 4d 4h]
Seat 2: fluit83 (button) (small blind) collected ($11.76)
Seat 3: Swe_OlssoN (big blind) folded on the Flop


PokerStars Hand #172865434558:  Hold'em Limit ($3/$6 USD) - 2017/07/10 16:54:24 ET
Table 'Agamemnon' 6-max Seat #2 is the button
Seat 2: fluit83 ($47.02 in chips)
Seat 3: Swe_OlssoN ($95.70 in chips)
fluit83: posts small blind $1
Swe_OlssoN: posts big blind $3
*** HOLE CARDS ***
fluit83: raises $3 to $6
Swe_OlssoN: calls $3
*** FLOP *** [6c Qd Qc]
Swe_OlssoN: bets $3
fluit83: folds
Uncalled bet ($3) returned to Swe_OlssoN
Swe_OlssoN collected $11.76 from pot
Swe_OlssoN: doesn't show hand
*** SUMMARY ***
Total pot $12 | Rake $0.24
Board [6c Qd Qc]
Seat 2: fluit83 (button) (small blind) folded on the Flop
Seat 3: Swe_OlssoN (big blind) collected ($11.76)


PokerStars Hand #172865405480:  Hold'em Limit ($3/$6 USD) - 2017/07/10 16:53:50 ET
Table 'Agamemnon' 6-max Seat #3 is the button
Seat 2: fluit83 ($43.26 in chips)
Seat 3: Swe_OlssoN ($99.70 in chips)
Swe_OlssoN: posts small blind $1
fluit83: posts big blind $3
*** HOLE CARDS ***
Swe_OlssoN: folds
Uncalled bet ($2) returned to fluit83
fluit83 collected $2 from pot
fluit83: doesn't show hand
*** SUMMARY ***
Total pot $2 | Rake $0
Seat 2: fluit83 (big blind) collected ($2)
Seat 3: Swe_OlssoN (button) (small blind) folded before Flop


PokerStars Hand #172865399993:  Hold'em Limit ($3/$6 USD) - 2017/07/10 16:53:44 ET
Table 'Agamemnon' 6-max Seat #2 is the button
Seat 2: fluit83 ($44.26 in chips)
Seat 3: Swe_OlssoN ($98.70 in chips)
fluit83: posts small blind $1
Swe_OlssoN: posts big blind $3
*** HOLE CARDS ***
fluit83: folds
Uncalled bet ($2) returned to Swe_OlssoN
Swe_OlssoN collected $2 from pot
Swe_OlssoN: doesn't show hand
*** SUMMARY ***
Total pot $2 | Rake $0
Seat 2: fluit83 (button) (small blind) folded before Flop
Seat 3: Swe_OlssoN (big blind) collected ($2)


PokerStars Hand #172865409604:  Hold'em Limit ($3/$6 USD) - 2017/07/10 16:53:55 ET
Table 'Agamemnon' 6-max Seat #2 is the button
Seat 2: fluit83 ($44.26 in chips)
Seat 3: Swe_OlssoN ($98.70 in chips)
fluit83: posts small blind $1
Swe_OlssoN: posts big blind $3
*** HOLE CARDS ***
fluit83: raises $3 to $6
Swe_OlssoN: calls $3
*** FLOP *** [Tc Jc Qc]
Swe_OlssoN: checks
fluit83: checks
*** TURN *** [Tc Jc Qc] [As]
Swe_OlssoN: checks
fluit83: bets $6
Swe_OlssoN: folds
Uncalled bet ($6) returned to fluit83
fluit83 collected $11.76 from pot
fluit83: doesn't show hand
*** SUMMARY ***
Total pot $12 | Rake $0.24
Board [Tc Jc Qc As]
Seat 2: fluit83 (button) (small blind) collected ($11.76)
Seat 3: Swe_OlssoN (big blind) folded on the Turn


PokerStars Hand #172865423783:  Hold'em Limit ($3/$6 USD) - 2017/07/10 16:54:12 ET
Table 'Agamemnon' 6-max Seat #3 is the button
Seat 2: fluit83 ($50.02 in chips)
Seat 3: Swe_OlssoN ($92.70 in chips)
Swe_OlssoN: posts small blind $1
fluit83: posts big blind $3
*** HOLE CARDS ***
Swe_OlssoN: raises $3 to $6
fluit83: folds
Uncalled bet ($3) returned to Swe_OlssoN
Swe_OlssoN collected $6 from pot
Swe_OlssoN: doesn't show hand
*** SUMMARY ***
Total pot $6 | Rake $0
Seat 2: fluit83 (big blind) folded before Flop
Seat 3: Swe_OlssoN (button) (small blind) collected ($6)


PokerStars Hand #172865469287:  Hold'em Limit ($3/$6 USD) - 2017/07/10 16:55:05 ET
Table 'Agamemnon' 6-max Seat #2 is the button
Seat 2: fluit83 ($64.52 in chips)
Seat 3: Swe_OlssoN ($77.46 in chips)
fluit83: posts small blind $1
Swe_OlssoN: posts big blind $3
*** HOLE CARDS ***
fluit83: folds
Uncalled bet ($2) returned to Swe_OlssoN
Swe_OlssoN collected $2 from pot
Swe_OlssoN: doesn't show hand
*** SUMMARY ***
Total pot $2 | Rake $0
Seat 2: fluit83 (button) (small blind) folded before Flop
Seat 3: Swe_OlssoN (big blind) collected ($2)


PokerStars Hand #172865445107:  Hold'em Limit ($3/$6 USD) - 2017/07/10 16:54:37 ET
Table 'Agamemnon' 6-max Seat #3 is the button
Seat 2: fluit83 ($41.02 in chips)
Seat 3: Swe_OlssoN ($101.46 in chips)
Swe_OlssoN: posts small blind $1
fluit83: posts big blind $3
*** HOLE CARDS ***
Swe_OlssoN: raises $3 to $6
fluit83: calls $3
*** FLOP *** [Jd 9d 7s]
fluit83: bets $3
Swe_OlssoN: raises $3 to $6
fluit83: calls $3
*** TURN *** [Jd 9d 7s] [9h]
fluit83: checks
Swe_OlssoN: bets $6
fluit83: calls $6
*** RIVER *** [Jd 9d 7s 9h] [Th]
fluit83: checks
Swe_OlssoN: bets $6
fluit83: calls $6
*** SHOW DOWN ***
Swe_OlssoN: shows [7h Ts] (two pair, Tens and Nines)
fluit83: shows [Jc 6h] (two pair, Jacks and Nines)
fluit83 collected $47.50 from pot
*** SUMMARY ***
Total pot $48 | Rake $0.50
Board [Jd 9d 7s 9h Th]
Seat 2: fluit83 (big blind) showed [Jc 6h] and won ($47.50) with two pair, Jacks and Nines
Seat 3: Swe_OlssoN (button) (small blind) showed [7h Ts] and lost with two pair, Tens and Nines


PokerStars Hand #172865473388:  Hold'em Limit ($3/$6 USD) - 2017/07/10 16:55:11 ET
Table 'Agamemnon' 6-max Seat #3 is the button
Seat 2: fluit83 ($63.52 in chips)
Seat 3: Swe_OlssoN ($78.46 in chips)
Swe_OlssoN: posts small blind $1
fluit83: posts big blind $3
*** HOLE CARDS ***
Swe_OlssoN: raises $3 to $6
fluit83: calls $3
*** FLOP *** [2c Ad 7d]
fluit83: checks
Swe_OlssoN: bets $3
fluit83: raises $3 to $6
Swe_OlssoN: raises $3 to $9
fluit83: calls $3
*** TURN *** [2c Ad 7d] [9h]
fluit83: checks
Swe_OlssoN: bets $6
fluit83: calls $6
*** RIVER *** [2c Ad 7d 9h] [6s]
fluit83: checks
Swe_OlssoN: checks
*** SHOW DOWN ***
fluit83: shows [Jd 3d] (high card Ace)
Swe_OlssoN: shows [Kd 2d] (a pair of Deuces)
Swe_OlssoN collected $41.50 from pot
*** SUMMARY ***
Total pot $42 | Rake $0.50
Board [2c Ad 7d 9h 6s]
Seat 2: fluit83 (big blind) showed [Jd 3d] and lost with high card Ace
Seat 3: Swe_OlssoN (button) (small blind) showed [Kd 2d] and won ($41.50) with a pair of Deuces


PokerStars Hand #172865531562:  Hold'em Limit ($3/$6 USD) - 2017/07/10 16:56:33 ET
Table 'Agamemnon' 6-max Seat #3 is the button
Seat 2: fluit83 ($28.54 in chips)
Seat 3: Swe_OlssoN ($111.94 in chips)
Swe_OlssoN: posts small blind $1
fluit83: posts big blind $3
*** HOLE CARDS ***
Swe_OlssoN: folds
Uncalled bet ($2) returned to fluit83
fluit83 collected $2 from pot
fluit83: doesn't show hand
*** SUMMARY ***
Total pot $2 | Rake $0
Seat 2: fluit83 (big blind) collected ($2)
Seat 3: Swe_OlssoN (button) (small blind) folded before Flop


PokerStars Hand #172865519113:  Hold'em Limit ($3/$6 USD) - 2017/07/10 16:56:16 ET
Table 'Agamemnon' 6-max Seat #2 is the button
Seat 2: fluit83 ($14.52 in chips)
Seat 3: Swe_OlssoN ($126.46 in chips)
fluit83: posts small blind $1
Swe_OlssoN: posts big blind $3
*** HOLE CARDS ***
fluit83: raises $3 to $6
Swe_OlssoN: raises $3 to $9
fluit83: raises $3 to $12
Betting is capped
Swe_OlssoN: calls $3
*** FLOP *** [3c 2s 3d]
Swe_OlssoN: bets $3
fluit83: calls $2.52 and is all-in
Uncalled bet ($0.48) returned to Swe_OlssoN
*** TURN *** [3c 2s 3d] [3h]
*** RIVER *** [3c 2s 3d 3h] [Jh]
*** SHOW DOWN ***
Swe_OlssoN: shows [Ks 4d] (three of a kind, Threes)
fluit83: shows [As 3s] (four of a kind, Threes)
fluit83 collected $28.54 from pot
*** SUMMARY ***
Total pot $29.04 | Rake $0.50
Board [3c 2s 3d 3h Jh]
Seat 2: fluit83 (button) (small blind) showed [As 3s] and won ($28.54) with four of a kind, Threes
Seat 3: Swe_OlssoN (big blind) showed [Ks 4d] and lost with three of a kind, Threes


PokerStars Hand #172865503556:  Hold'em Limit ($3/$6 USD) - 2017/07/10 16:55:53 ET
Table 'Agamemnon' 6-max Seat #3 is the button
Seat 2: fluit83 ($41.52 in chips)
Seat 3: Swe_OlssoN ($99.96 in chips)
Swe_OlssoN: posts small blind $1
fluit83: posts big blind $3
*** HOLE CARDS ***
Swe_OlssoN: raises $3 to $6
fluit83: raises $3 to $9
Swe_OlssoN: raises $3 to $12
Betting is capped
fluit83: calls $3
*** FLOP *** [6s Kh 9d]
fluit83: checks
Swe_OlssoN: bets $3
fluit83: calls $3
*** TURN *** [6s Kh 9d] [6d]
fluit83: checks
Swe_OlssoN: bets $6
fluit83: calls $6
*** RIVER *** [6s Kh 9d 6d] [8s]
fluit83: checks
Swe_OlssoN: bets $6
fluit83: calls $6
*** SHOW DOWN ***
Swe_OlssoN: shows [Ks Ah] (two pair, Kings and Sixes)
fluit83: mucks hand
Swe_OlssoN collected $53.50 from pot
*** SUMMARY ***
Total pot $54 | Rake $0.50
Board [6s Kh 9d 6d 8s]
Seat 2: fluit83 (big blind) mucked
Seat 3: Swe_OlssoN (button) (small blind) showed [Ks Ah] and won ($53.50) with two pair, Kings and Sixes


PokerStars Hand #172865535519:  Hold'em Limit ($3/$6 USD) - 2017/07/10 16:56:39 ET
Table 'Agamemnon' 6-max Seat #2 is the button
Seat 2: fluit83 ($29.54 in chips)
Seat 3: Swe_OlssoN ($110.94 in chips)
fluit83: posts small blind $1
Swe_OlssoN: posts big blind $3
*** HOLE CARDS ***
fluit83: folds
Uncalled bet ($2) returned to Swe_OlssoN
Swe_OlssoN collected $2 from pot
*** SUMMARY ***
Total pot $2 | Rake $0
Seat 2: fluit83 (button) (small blind) folded before Flop
Seat 3: Swe_OlssoN (big blind) collected ($2)


PokerStars Hand #172865499696:  Hold'em Limit ($3/$6 USD) - 2017/07/10 16:55:48 ET
Table 'Agamemnon' 6-max Seat #2 is the button
Seat 2: fluit83 ($42.52 in chips)
Seat 3: Swe_OlssoN ($98.96 in chips)
fluit83: posts small blind $1
Swe_OlssoN: posts big blind $3
*** HOLE CARDS ***
fluit83: folds
Uncalled bet ($2) returned to Swe_OlssoN
Swe_OlssoN collected $2 from pot
Swe_OlssoN: doesn't show hand
*** SUMMARY ***
Total pot $2 | Rake $0
Seat 2: fluit83 (button) (small blind) folded before Flop
Seat 3: Swe_OlssoN (big blind) collected ($2)


PokerStars Hand #172865578378:  Hold'em Limit ($3/$6 USD) - 2017/07/10 16:57:39 ET
Table 'Agamemnon' 6-max Seat #3 is the button
Seat 2: fluit83 ($66.54 in chips)
Seat 3: Swe_OlssoN ($72.94 in chips)
Swe_OlssoN: posts small blind $1
fluit83: posts big blind $3
*** HOLE CARDS ***
Swe_OlssoN: raises $3 to $6
fluit83: folds
Uncalled bet ($3) returned to Swe_OlssoN
Swe_OlssoN collected $6 from pot
Swe_OlssoN: doesn't show hand
*** SUMMARY ***
Total pot $6 | Rake $0
Seat 2: fluit83 (big blind) folded before Flop
Seat 3: Swe_OlssoN (button) (small blind) collected ($6)


PokerStars Hand #172865555158:  Hold'em Limit ($3/$6 USD) - 2017/07/10 16:57:06 ET
Table 'Agamemnon' 6-max Seat #2 is the button
Seat 2: fluit83 ($43.04 in chips)
Seat 3: Swe_OlssoN ($96.94 in chips)
fluit83: posts small blind $1
Swe_OlssoN: posts big blind $3
*** HOLE CARDS ***
fluit83: calls $2
Swe_OlssoN: raises $3 to $6
fluit83: calls $3
*** FLOP *** [3s 9d 2c]
Swe_OlssoN: bets $3
fluit83: raises $3 to $6
Swe_OlssoN: calls $3
*** TURN *** [3s 9d 2c] [Tc]
Swe_OlssoN: checks
fluit83: bets $6
Swe_OlssoN: calls $6
*** RIVER *** [3s 9d 2c Tc] [Td]
Swe_OlssoN: checks
fluit83: bets $6
Swe_OlssoN: calls $6
*** SHOW DOWN ***
fluit83: shows [9h 6h] (two pair, Tens and Nines)
Swe_OlssoN: mucks hand
fluit83 collected $47.50 from pot
*** SUMMARY ***
Total pot $48 | Rake $0.50
Board [3s 9d 2c Tc Td]
Seat 2: fluit83 (button) (small blind) showed [9h 6h] and won ($47.50) with two pair, Tens and Nines
Seat 3: Swe_OlssoN (big blind) mucked


PokerStars Hand #172865539410:  Hold'em Limit ($3/$6 USD) - 2017/07/10 16:56:44 ET
Table 'Agamemnon' 6-max Seat #3 is the button
Seat 2: fluit83 ($28.54 in chips)
Seat 3: Swe_OlssoN ($111.94 in chips)
Swe_OlssoN: posts small blind $1
fluit83: posts big blind $3
*** HOLE CARDS ***
Swe_OlssoN: raises $3 to $6
fluit83: calls $3
*** FLOP *** [As Qd 4h]
fluit83: checks
Swe_OlssoN: bets $3
fluit83: calls $3
*** TURN *** [As Qd 4h] [7c]
fluit83: checks
Swe_OlssoN: bets $6
fluit83: calls $6
*** RIVER *** [As Qd 4h 7c] [8c]
fluit83: checks
Swe_OlssoN: checks
*** SHOW DOWN ***
fluit83: shows [Qc Ks] (a pair of Queens)
Swe_OlssoN: mucks hand
fluit83 collected $29.50 from pot
*** SUMMARY ***
Total pot $30 | Rake $0.50
Board [As Qd 4h 7c 8c]
Seat 2: fluit83 (big blind) showed [Qc Ks] and won ($29.50) with a pair of Queens
Seat 3: Swe_OlssoN (button) (small blind) mucked


PokerStars Hand #172865582436:  Hold'em Limit ($3/$6 USD) - 2017/07/10 16:57:45 ET
Table 'Agamemnon' 6-max Seat #2 is the button
Seat 2: fluit83 ($63.54 in chips)
Seat 3: Swe_OlssoN ($75.94 in chips)
fluit83: posts small blind $1
Swe_OlssoN: posts big blind $3
*** HOLE CARDS ***
fluit83: calls $2
Swe_OlssoN: raises $3 to $6
fluit83: calls $3
*** FLOP *** [7c 5d 6d]
Swe_OlssoN: bets $3
fluit83: calls $3
*** TURN *** [7c 5d 6d] [9h]
Swe_OlssoN: checks
fluit83: checks
*** RIVER *** [7c 5d 6d 9h] [8h]
Swe_OlssoN: checks
fluit83: checks
*** SHOW DOWN ***
Swe_OlssoN: shows [Kc Js] (a straight, Five to Nine)
fluit83: shows [Ac 4h] (a straight, Five to Nine)
Swe_OlssoN collected $8.82 from pot
fluit83 collected $8.82 from pot
*** SUMMARY ***
Total pot $18 | Rake $0.36
Board [7c 5d 6d 9h 8h]
Seat 2: fluit83 (button) (small blind) showed [Ac 4h] and won ($8.82) with a straight, Five to Nine
Seat 3: Swe_OlssoN (big blind) showed [Kc Js] and won ($8.82) with a straight, Five to Nine


PokerStars Hand #172865595360:  Hold'em Limit ($3/$6 USD) - 2017/07/10 16:58:03 ET
Table 'Agamemnon' 6-max Seat #3 is the button
Seat 2: fluit83 ($63.36 in chips)
Seat 3: Swe_OlssoN ($75.76 in chips)
Swe_OlssoN: posts small blind $1
fluit83: posts big blind $3
*** HOLE CARDS ***
Swe_OlssoN: raises $3 to $6
fluit83: calls $3
*** FLOP *** [6c 9s 4h]
fluit83: checks
Swe_OlssoN: bets $3
fluit83: calls $3
*** TURN *** [6c 9s 4h] [3h]
fluit83: checks
Swe_OlssoN: bets $6
fluit83: raises $6 to $12
Swe_OlssoN: calls $6
*** RIVER *** [6c 9s 4h 3h] [5h]
fluit83: bets $6
Swe_OlssoN: calls $6
*** SHOW DOWN ***
fluit83: shows [9h 7h] (a flush, Nine high)
Swe_OlssoN: mucks hand
fluit83 collected $53.50 from pot
*** SUMMARY ***
Total pot $54 | Rake $0.50
Board [6c 9s 4h 3h 5h]
Seat 2: fluit83 (big blind) showed [9h 7h] and won ($53.50) with a flush, Nine high
Seat 3: Swe_OlssoN (button) (small blind) mucked


PokerStars Hand #172865616399:  Hold'em Limit ($3/$6 USD) - 2017/07/10 16:58:33 ET
Table 'Agamemnon' 6-max Seat #3 is the button
Seat 2: fluit83 ($88.86 in chips)
Seat 3: Swe_OlssoN ($49.76 in chips)
Swe_OlssoN: posts small blind $1
fluit83: posts big blind $3
*** HOLE CARDS ***
Swe_OlssoN: raises $3 to $6
fluit83: folds
Uncalled bet ($3) returned to Swe_OlssoN
Swe_OlssoN collected $6 from pot
Swe_OlssoN: doesn't show hand
*** SUMMARY ***
Total pot $6 | Rake $0
Seat 2: fluit83 (big blind) folded before Flop
Seat 3: Swe_OlssoN (button) (small blind) collected ($6)


PokerStars Hand #172865612500:  Hold'em Limit ($3/$6 USD) - 2017/07/10 16:58:28 ET
Table 'Agamemnon' 6-max Seat #2 is the button
Seat 2: fluit83 ($89.86 in chips)
Seat 3: Swe_OlssoN ($48.76 in chips)
fluit83: posts small blind $1
Swe_OlssoN: posts big blind $3
*** HOLE CARDS ***
fluit83: folds
Uncalled bet ($2) returned to Swe_OlssoN
Swe_OlssoN collected $2 from pot
Swe_OlssoN: doesn't show hand
*** SUMMARY ***
Total pot $2 | Rake $0
Seat 2: fluit83 (button) (small blind) folded before Flop
Seat 3: Swe_OlssoN (big blind) collected ($2)


PokerStars Hand #172865621683:  Hold'em Limit ($3/$6 USD) - 2017/07/10 16:58:40 ET
Table 'Agamemnon' 6-max Seat #2 is the button
Seat 2: fluit83 ($85.86 in chips)
Seat 3: Swe_OlssoN ($52.76 in chips)
fluit83: posts small blind $1
Swe_OlssoN: posts big blind $3
*** HOLE CARDS ***
fluit83: folds
Uncalled bet ($2) returned to Swe_OlssoN
Swe_OlssoN collected $2 from pot
Swe_OlssoN: doesn't show hand
*** SUMMARY ***
Total pot $2 | Rake $0
Seat 2: fluit83 (button) (small blind) folded before Flop
Seat 3: Swe_OlssoN (big blind) collected ($2)


PokerStars Hand #172865634448:  Hold'em Limit ($3/$6 USD) - 2017/07/10 16:58:58 ET
Table 'Agamemnon' 6-max Seat #2 is the button
Seat 2: fluit83 ($78.86 in chips)
Seat 3: Swe_OlssoN ($59.52 in chips)
fluit83: posts small blind $1
Swe_OlssoN: posts big blind $3
*** HOLE CARDS ***
fluit83: raises $3 to $6
Swe_OlssoN: calls $3
*** FLOP *** [3h 2s 2d]
Swe_OlssoN: checks
fluit83: bets $3
Swe_OlssoN: calls $3
*** TURN *** [3h 2s 2d] [5s]
Swe_OlssoN: checks
fluit83: checks
*** RIVER *** [3h 2s 2d 5s] [Js]
Swe_OlssoN: checks
fluit83: checks
*** SHOW DOWN ***
Swe_OlssoN: shows [Qc 6d] (a pair of Deuces)
fluit83: shows [Ah 6s] (a pair of Deuces - Ace kicker)
fluit83 collected $17.64 from pot
*** SUMMARY ***
Total pot $18 | Rake $0.36
Board [3h 2s 2d 5s Js]
Seat 2: fluit83 (button) (small blind) showed [Ah 6s] and won ($17.64) with a pair of Deuces
Seat 3: Swe_OlssoN (big blind) showed [Qc 6d] and lost with a pair of Deuces


PokerStars Hand #172865649525:  Hold'em Limit ($3/$6 USD) - 2017/07/10 16:59:19 ET
Table 'Agamemnon' 6-max Seat #3 is the button
Seat 2: fluit83 ($87.50 in chips)
Seat 3: Swe_OlssoN ($50.52 in chips)
Swe_OlssoN: posts small blind $1
fluit83: posts big blind $3
*** HOLE CARDS ***
Swe_OlssoN: raises $3 to $6
fluit83: calls $3
*** FLOP *** [2d 8c Jh]
fluit83: checks
Swe_OlssoN: bets $3
fluit83: calls $3
*** TURN *** [2d 8c Jh] [Td]
fluit83: checks
Swe_OlssoN: checks
*** RIVER *** [2d 8c Jh Td] [9h]
fluit83: bets $6
Swe_OlssoN: folds
Uncalled bet ($6) returned to fluit83
fluit83 collected $17.64 from pot
fluit83: doesn't show hand
*** SUMMARY ***
Total pot $18 | Rake $0.36
Board [2d 8c Jh Td 9h]
Seat 2: fluit83 (big blind) collected ($17.64)
Seat 3: Swe_OlssoN (button) (small blind) folded on the River


PokerStars Hand #172865625324:  Hold'em Limit ($3/$6 USD) - 2017/07/10 16:58:45 ET
Table 'Agamemnon' 6-max Seat #3 is the button
Seat 2: fluit83 ($84.86 in chips)
Seat 3: Swe_OlssoN ($53.76 in chips)
Swe_OlssoN: posts small blind $1
fluit83: posts big blind $3
*** HOLE CARDS ***
Swe_OlssoN: raises $3 to $6
fluit83: calls $3
*** FLOP *** [Jh Qc Jd]
fluit83: checks
Swe_OlssoN: bets $3
fluit83: folds
Uncalled bet ($3) returned to Swe_OlssoN
Swe_OlssoN collected $11.76 from pot
Swe_OlssoN: doesn't show hand
*** SUMMARY ***
Total pot $12 | Rake $0.24
Board [Jh Qc Jd]
Seat 2: fluit83 (big blind) folded on the Flop
Seat 3: Swe_OlssoN (button) (small blind) collected ($11.76)


PokerStars Hand #172865660919:  Hold'em Limit ($3/$6 USD) - 2017/07/10 16:59:35 ET
Table 'Agamemnon' 6-max Seat #2 is the button
Seat 2: fluit83 ($96.14 in chips)
Seat 3: Swe_OlssoN ($41.52 in chips)
fluit83: posts small blind $1
Swe_OlssoN: posts big blind $3
*** HOLE CARDS ***
fluit83: raises $3 to $6
Swe_OlssoN: raises $3 to $9
fluit83: calls $3
*** FLOP *** [As Kd 7c]
Swe_OlssoN: bets $3
fluit83: calls $3
*** TURN *** [As Kd 7c] [9s]
Swe_OlssoN: bets $6
fluit83: folds
Uncalled bet ($6) returned to Swe_OlssoN
Swe_OlssoN collected $23.52 from pot
Swe_OlssoN: doesn't show hand
*** SUMMARY ***
Total pot $24 | Rake $0.48
Board [As Kd 7c 9s]
Seat 2: fluit83 (button) (small blind) folded on the Turn
Seat 3: Swe_OlssoN (big blind) collected ($23.52)


PokerStars Hand #172865672551:  Hold'em Limit ($3/$6 USD) - 2017/07/10 16:59:51 ET
Table 'Agamemnon' 6-max Seat #3 is the button
Seat 2: fluit83 ($84.14 in chips)
Seat 3: Swe_OlssoN ($53.04 in chips)
Swe_OlssoN: posts small blind $1
fluit83: posts big blind $3
*** HOLE CARDS ***
Swe_OlssoN: raises $3 to $6
fluit83: folds
Uncalled bet ($3) returned to Swe_OlssoN
Swe_OlssoN collected $6 from pot
*** SUMMARY ***
Total pot $6 | Rake $0
Seat 2: fluit83 (big blind) folded before Flop
Seat 3: Swe_OlssoN (button) (small blind) collected ($6)


PokerStars Hand #172865685699:  Hold'em Limit ($3/$6 USD) - 2017/07/10 17:00:09 ET
Table 'Agamemnon' 6-max Seat #2 is the button
Seat 2: fluit83 ($81.14 in chips)
Seat 3: Swe_OlssoN ($56.04 in chips)
fluit83: posts small blind $1
Swe_OlssoN: posts big blind $3
*** HOLE CARDS ***
fluit83: folds
Uncalled bet ($2) returned to Swe_OlssoN
Swe_OlssoN collected $2 from pot
Swe_OlssoN: doesn't show hand
*** SUMMARY ***
Total pot $2 | Rake $0
Seat 2: fluit83 (button) (small blind) folded before Flop
Seat 3: Swe_OlssoN (big blind) collected ($2)


PokerStars Hand #172865691406:  Hold'em Limit ($3/$6 USD) - 2017/07/10 17:00:17 ET
Table 'Agamemnon' 6-max Seat #3 is the button
Seat 2: fluit83 ($80.14 in chips)
Seat 3: Swe_OlssoN ($57.04 in chips)
Swe_OlssoN: posts small blind $1
fluit83: posts big blind $3
*** HOLE CARDS ***
Swe_OlssoN: raises $3 to $6
fluit83: calls $3
*** FLOP *** [2s Qd Qc]
fluit83: checks
Swe_OlssoN: bets $3
fluit83: folds
Uncalled bet ($3) returned to Swe_OlssoN
Swe_OlssoN collected $11.76 from pot
Swe_OlssoN: doesn't show hand
*** SUMMARY ***
Total pot $12 | Rake $0.24
Board [2s Qd Qc]
Seat 2: fluit83 (big blind) folded on the Flop
Seat 3: Swe_OlssoN (button) (small blind) collected ($11.76)


PokerStars Hand #172865680329:  Hold'em Limit ($3/$6 USD) - 2017/07/10 17:00:02 ET
Table 'Agamemnon' 6-max Seat #3 is the button
Seat 2: fluit83 ($80.14 in chips)
Seat 3: Swe_OlssoN ($57.04 in chips)
Swe_OlssoN: posts small blind $1
fluit83: posts big blind $3
*** HOLE CARDS ***
Swe_OlssoN: folds
Uncalled bet ($2) returned to fluit83
fluit83 collected $2 from pot
*** SUMMARY ***
Total pot $2 | Rake $0
Seat 2: fluit83 (big blind) collected ($2)
Seat 3: Swe_OlssoN (button) (small blind) folded before Flop


PokerStars Hand #172865676284:  Hold'em Limit ($3/$6 USD) - 2017/07/10 16:59:57 ET
Table 'Agamemnon' 6-max Seat #2 is the button
Seat 2: fluit83 ($81.14 in chips)
Seat 3: Swe_OlssoN ($56.04 in chips)
fluit83: posts small blind $1
Swe_OlssoN: posts big blind $3
*** HOLE CARDS ***
fluit83: folds
Uncalled bet ($2) returned to Swe_OlssoN
Swe_OlssoN collected $2 from pot
*** SUMMARY ***
Total pot $2 | Rake $0
Seat 2: fluit83 (button) (small blind) folded before Flop
Seat 3: Swe_OlssoN (big blind) collected ($2)


PokerStars Hand #172865699261:  Hold'em Limit ($3/$6 USD) - 2017/07/10 17:00:28 ET
Table 'Agamemnon' 6-max Seat #2 is the button
Seat 2: fluit83 ($74.14 in chips)
Seat 3: Swe_OlssoN ($62.80 in chips)
fluit83: posts small blind $1
Swe_OlssoN: posts big blind $3
*** HOLE CARDS ***
fluit83: calls $2
Swe_OlssoN: checks
*** FLOP *** [Qs 5d 6c]
Swe_OlssoN: checks
denn69 joins the table at seat #1
fluit83: bets $3
Swe_OlssoN: folds
Uncalled bet ($3) returned to fluit83
fluit83 collected $5.88 from pot
fluit83: doesn't show hand
*** SUMMARY ***
Total pot $6 | Rake $0.12
Board [Qs 5d 6c]
Seat 2: fluit83 (button) (small blind) collected ($5.88)
Seat 3: Swe_OlssoN (big blind) folded on the Flop


PokerStars Hand #172865709413:  Hold'em Limit ($3/$6 USD) - 2017/07/10 17:00:42 ET
Table 'Agamemnon' 6-max Seat #3 is the button
Seat 1: denn69 ($777 in chips)
Seat 3: Swe_OlssoN ($59.80 in chips)
Swe_OlssoN: posts small blind $1
denn69: posts big blind $3
*** HOLE CARDS ***
Swe_OlssoN: raises $3 to $6
denn69: calls $3
*** FLOP *** [Ah 3h 4c]
denn69: checks
Swe_OlssoN: checks
*** TURN *** [Ah 3h 4c] [As]
denn69: checks
Swe_OlssoN: checks
*** RIVER *** [Ah 3h 4c As] [Tc]
denn69: checks
Swe_OlssoN: checks
*** SHOW DOWN ***
denn69: shows [Ks 9h] (a pair of Aces)
Swe_OlssoN: mucks hand
denn69 collected $11.76 from pot
*** SUMMARY ***
Total pot $12 | Rake $0.24
Board [Ah 3h 4c As Tc]
Seat 1: denn69 (big blind) showed [Ks 9h] and won ($11.76) with a pair of Aces
Seat 3: Swe_OlssoN (button) (small blind) mucked


PokerStars Hand #172869632311:  Hold'em Limit ($3/$6 USD) - 2017/07/10 18:23:29 ET
Table 'Agamemnon' 6-max Seat #3 is the button
Seat 2: fluit83 ($13.94 in chips)
Seat 3: B_loJkl ($220.04 in chips)
B_loJkl: posts small blind $1
fluit83: posts big blind $3
*** HOLE CARDS ***
B_loJkl: raises $3 to $6
fluit83: raises $3 to $9
B_loJkl: calls $3
*** FLOP *** [Kd 2s Ad]
fluit83: bets $3
B_loJkl: calls $3
*** TURN *** [Kd 2s Ad] [Js]
fluit83: bets $1.94 and is all-in
B_loJkl: calls $1.94
*** RIVER *** [Kd 2s Ad Js] [3c]
*** SHOW DOWN ***
fluit83: shows [4d 6s] (high card Ace)
B_loJkl: shows [7h Ah] (a pair of Aces)
B_loJkl collected $27.38 from pot
*** SUMMARY ***
Total pot $27.88 | Rake $0.50
Board [Kd 2s Ad Js 3c]
Seat 2: fluit83 (big blind) showed [4d 6s] and lost with high card Ace
Seat 3: B_loJkl (button) (small blind) showed [7h Ah] and won ($27.38) with a pair of Aces


