PokerStars Hand #153510494161:  Hold'em Limit ($3/$6 USD) - 2016/05/18 17:05:25 ET
Table 'Agamemnon' 6-max Seat #2 is the button
Seat 1: eirivi ($33.23 in chips)
Seat 2: vestimokrec ($120 in chips)
vestimokrec: posts small blind $1
TbIP-TbIP 88 has timed out
TbIP-TbIP 88: is sitting out
eirivi: posts big blind $3
*** HOLE CARDS ***
vestimokrec: raises $3 to $6
eirivi: calls $3
*** FLOP *** [3h Jc 7c]
eirivi: checks
vestimokrec: bets $3
eirivi: calls $3
*** TURN *** [3h Jc 7c] [Kd]
eirivi: checks
vestimokrec: bets $6
eirivi: calls $6
*** RIVER *** [3h Jc 7c Kd] [4d]
eirivi: checks
vestimokrec: bets $6
eirivi: calls $6
*** SHOW DOWN ***
vestimokrec: shows [Ts Ks] (a pair of Kings)
eirivi: mucks hand
vestimokrec collected $41.50 from pot
*** SUMMARY ***
Total pot $42 | Rake $0.50
Board [3h Jc 7c Kd 4d]
Seat 1: eirivi (big blind) mucked
Seat 2: vestimokrec (button) (small blind) showed [Ts Ks] and won ($41.50) with a pair of Kings


PokerStars Hand #153517217845:  Hold'em Limit ($3/$6 USD) - 2016/05/18 19:32:32 ET
Table 'Agamemnon' 6-max Seat #2 is the button
Seat 2: Jan Duda ($159.01 in chips)
Seat 6: TinaTurner72 ($81.37 in chips)
Jan Duda: posts small blind $1
vestimokrec: is sitting out
ValeryRon: is sitting out
TinaTurner72: posts big blind $3
*** HOLE CARDS ***
Jan Duda: raises $3 to $6
ValeryRon leaves the table
TinaTurner72: calls $3
*** FLOP *** [3c 8h 6h]
TinaTurner72: checks
Jan Duda: bets $3
TinaTurner72: calls $3
*** TURN *** [3c 8h 6h] [As]
TinaTurner72: bets $6
vestimokrec leaves the table
Jan Duda: folds
Uncalled bet ($6) returned to TinaTurner72
TinaTurner72 collected $17.64 from pot
TinaTurner72: doesn't show hand
*** SUMMARY ***
Total pot $18 | Rake $0.36
Board [3c 8h 6h As]
Seat 2: Jan Duda (button) (small blind) folded on the Turn
Seat 6: TinaTurner72 (big blind) collected ($17.64)


PokerStars Hand #153517244810:  Hold'em Limit ($3/$6 USD) - 2016/05/18 19:33:18 ET
Table 'Agamemnon' 6-max Seat #2 is the button
Seat 2: Jan Duda ($129.01 in chips)
Seat 6: TinaTurner72 ($110.51 in chips)
Jan Duda: posts small blind $1
TinaTurner72: posts big blind $3
*** HOLE CARDS ***
Jan Duda: raises $3 to $6
TinaTurner72: raises $3 to $9
Jan Duda: calls $3
*** FLOP *** [Th 4d 7h]
TinaTurner72: bets $3
Jan Duda: calls $3
*** TURN *** [Th 4d 7h] [3h]
TinaTurner72: bets $6
Jan Duda: calls $6
*** RIVER *** [Th 4d 7h 3h] [Jh]
TinaTurner72: checks
Jan Duda: bets $6
TinaTurner72: calls $6
*** SHOW DOWN ***
Jan Duda: shows [Qc Ks] (high card King)
TinaTurner72: shows [Ts Ad] (a pair of Tens)
TinaTurner72 collected $47.50 from pot
*** SUMMARY ***
Total pot $48 | Rake $0.50
Board [Th 4d 7h 3h Jh]
Seat 2: Jan Duda (button) (small blind) showed [Qc Ks] and lost with high card King
Seat 6: TinaTurner72 (big blind) showed [Ts Ad] and won ($47.50) with a pair of Tens


PokerStars Hand #153517230976:  Hold'em Limit ($3/$6 USD) - 2016/05/18 19:32:55 ET
Table 'Agamemnon' 6-max Seat #6 is the button
Seat 2: Jan Duda ($150.01 in chips)
Seat 6: TinaTurner72 ($90.01 in chips)
TinaTurner72: posts small blind $1
Jan Duda: posts big blind $3
*** HOLE CARDS ***
TinaTurner72: raises $3 to $6
Jan Duda: raises $3 to $9
TinaTurner72: raises $3 to $12
Betting is capped
Jan Duda: calls $3
*** FLOP *** [Qh 5c 4c]
Jan Duda: checks
TinaTurner72: bets $3
Jan Duda: calls $3
*** TURN *** [Qh 5c 4c] [Kd]
Jan Duda: bets $6
TinaTurner72: raises $6 to $12
Jan Duda: folds
Uncalled bet ($6) returned to TinaTurner72
TinaTurner72 collected $41.50 from pot
TinaTurner72: doesn't show hand
*** SUMMARY ***
Total pot $42 | Rake $0.50
Board [Qh 5c 4c Kd]
Seat 2: Jan Duda (big blind) folded on the Turn
Seat 6: TinaTurner72 (button) (small blind) collected ($41.50)


PokerStars Hand #153517279192:  Hold'em Limit ($3/$6 USD) - 2016/05/18 19:34:16 ET
Table 'Agamemnon' 6-max Seat #6 is the button
Seat 2: Jan Duda ($115.53 in chips)
Seat 6: TinaTurner72 ($123.01 in chips)
TinaTurner72: posts small blind $1
Jan Duda: posts big blind $3
*** HOLE CARDS ***
TinaTurner72: raises $3 to $6
Jan Duda: raises $3 to $9
TinaTurner72: calls $3
*** FLOP *** [2h Ad Ks]
Jan Duda: bets $3
TinaTurner72: folds
Uncalled bet ($3) returned to Jan Duda
Jan Duda collected $17.64 from pot
Jan Duda: doesn't show hand
*** SUMMARY ***
Total pot $18 | Rake $0.36
Board [2h Ad Ks]
Seat 2: Jan Duda (big blind) collected ($17.64)
Seat 6: TinaTurner72 (button) (small blind) folded on the Flop


PokerStars Hand #153517276100:  Hold'em Limit ($3/$6 USD) - 2016/05/18 19:34:11 ET
Table 'Agamemnon' 6-max Seat #2 is the button
Seat 2: Jan Duda ($116.53 in chips)
Seat 6: TinaTurner72 ($122.01 in chips)
Jan Duda: posts small blind $1
TinaTurner72: posts big blind $3
*** HOLE CARDS ***
Jan Duda: folds
Uncalled bet ($2) returned to TinaTurner72
TinaTurner72 collected $2 from pot
TinaTurner72: doesn't show hand
*** SUMMARY ***
Total pot $2 | Rake $0
Seat 2: Jan Duda (button) (small blind) folded before Flop
Seat 6: TinaTurner72 (big blind) collected ($2)


PokerStars Hand #153517259362:  Hold'em Limit ($3/$6 USD) - 2016/05/18 19:33:43 ET
Table 'Agamemnon' 6-max Seat #6 is the button
Seat 2: Jan Duda ($105.01 in chips)
Seat 6: TinaTurner72 ($134.01 in chips)
TinaTurner72: posts small blind $1
Jan Duda: posts big blind $3
*** HOLE CARDS ***
TinaTurner72: raises $3 to $6
Jan Duda: raises $3 to $9
TinaTurner72: raises $3 to $12
Betting is capped
Jan Duda: calls $3
*** FLOP *** [5s 5h 2h]
Jan Duda: bets $3
TinaTurner72: folds
Uncalled bet ($3) returned to Jan Duda
Jan Duda collected $23.52 from pot
Jan Duda: doesn't show hand
*** SUMMARY ***
Total pot $24 | Rake $0.48
Board [5s 5h 2h]
Seat 2: Jan Duda (big blind) collected ($23.52)
Seat 6: TinaTurner72 (button) (small blind) folded on the Flop


PokerStars Hand #153517310675:  Hold'em Limit ($3/$6 USD) - 2016/05/18 19:35:10 ET
Table 'Agamemnon' 6-max Seat #6 is the button
Seat 2: Jan Duda ($106.17 in chips)
Seat 6: TinaTurner72 ($131.51 in chips)
TinaTurner72: posts small blind $1
Jan Duda: posts big blind $3
*** HOLE CARDS ***
TinaTurner72: raises $3 to $6
Jan Duda: calls $3
*** FLOP *** [Ts 7c 6c]
Jan Duda: checks
TinaTurner72: bets $3
Jan Duda: raises $3 to $6
TinaTurner72: calls $3
*** TURN *** [Ts 7c 6c] [2s]
Jan Duda: bets $6
TinaTurner72: calls $6
*** RIVER *** [Ts 7c 6c 2s] [6h]
Jan Duda: bets $6
TinaTurner72: calls $6
*** SHOW DOWN ***
Jan Duda: shows [3s 7s] (two pair, Sevens and Sixes)
TinaTurner72: shows [Tc 3d] (two pair, Tens and Sixes)
TinaTurner72 collected $47.50 from pot
*** SUMMARY ***
Total pot $48 | Rake $0.50
Board [Ts 7c 6c 2s 6h]
Seat 2: Jan Duda (big blind) showed [3s 7s] and lost with two pair, Sevens and Sixes
Seat 6: TinaTurner72 (button) (small blind) showed [Tc 3d] and won ($47.50) with two pair, Tens and Sixes


PokerStars Hand #153517293609:  Hold'em Limit ($3/$6 USD) - 2016/05/18 19:34:41 ET
Table 'Agamemnon' 6-max Seat #2 is the button
Seat 2: Jan Duda ($124.17 in chips)
Seat 6: TinaTurner72 ($114.01 in chips)
Jan Duda: posts small blind $1
TinaTurner72: posts big blind $3
*** HOLE CARDS ***
Jan Duda: raises $3 to $6
TinaTurner72: calls $3
*** FLOP *** [Ks 5d 8s]
TinaTurner72: checks
Jan Duda: bets $3
TinaTurner72: raises $3 to $6
Jan Duda: calls $3
*** TURN *** [Ks 5d 8s] [7s]
TinaTurner72: bets $6
Jan Duda: calls $6
*** RIVER *** [Ks 5d 8s 7s] [7d]
TinaTurner72: bets $6
Jan Duda: folds
Uncalled bet ($6) returned to TinaTurner72
TinaTurner72 collected $35.50 from pot
TinaTurner72: doesn't show hand
*** SUMMARY ***
Total pot $36 | Rake $0.50
Board [Ks 5d 8s 7s 7d]
Seat 2: Jan Duda (button) (small blind) folded on the River
Seat 6: TinaTurner72 (big blind) collected ($35.50)


PokerStars Hand #153517351995:  Hold'em Limit ($3/$6 USD) - 2016/05/18 19:36:20 ET
Table 'Agamemnon' 6-max Seat #3 is the button
Seat 2: Jan Duda ($74.17 in chips)
Seat 3: lin1rabbit ($87 in chips)
lin1rabbit: posts small blind $1
TinaTurner72: is sitting out
Jan Duda: posts big blind $3
*** HOLE CARDS ***
lin1rabbit: raises $3 to $6
TinaTurner72 leaves the table
Jan Duda: folds
Uncalled bet ($3) returned to lin1rabbit
lin1rabbit collected $6 from pot
lin1rabbit: doesn't show hand
*** SUMMARY ***
Total pot $6 | Rake $0
Seat 2: Jan Duda (big blind) folded before Flop
Seat 3: lin1rabbit (button) (small blind) collected ($6)


PokerStars Hand #153517336281:  Hold'em Limit ($3/$6 USD) - 2016/05/18 19:35:54 ET
Table 'Agamemnon' 6-max Seat #6 is the button
Seat 2: Jan Duda ($81.17 in chips)
Seat 6: TinaTurner72 ($156.01 in chips)
TinaTurner72: posts small blind $1
Jan Duda: posts big blind $3
*** HOLE CARDS ***
TinaTurner72: raises $3 to $6
lin1rabbit joins the table at seat #3
Jan Duda: calls $3
*** FLOP *** [Td 2c 8c]
Jan Duda: checks
TinaTurner72: bets $3
Jan Duda: folds
Uncalled bet ($3) returned to TinaTurner72
TinaTurner72 collected $11.76 from pot
TinaTurner72: doesn't show hand
*** SUMMARY ***
Total pot $12 | Rake $0.24
Board [Td 2c 8c]
Seat 2: Jan Duda (big blind) folded on the Flop
Seat 6: TinaTurner72 (button) (small blind) collected ($11.76)


PokerStars Hand #153517333305:  Hold'em Limit ($3/$6 USD) - 2016/05/18 19:35:49 ET
Table 'Agamemnon' 6-max Seat #2 is the button
Seat 2: Jan Duda ($82.17 in chips)
Seat 6: TinaTurner72 ($155.01 in chips)
Jan Duda: posts small blind $1
TinaTurner72: posts big blind $3
*** HOLE CARDS ***
Jan Duda: folds
Uncalled bet ($2) returned to TinaTurner72
TinaTurner72 collected $2 from pot
TinaTurner72: doesn't show hand
*** SUMMARY ***
Total pot $2 | Rake $0
Seat 2: Jan Duda (button) (small blind) folded before Flop
Seat 6: TinaTurner72 (big blind) collected ($2)


PokerStars Hand #153517358134:  Hold'em Limit ($3/$6 USD) - 2016/05/18 19:36:31 ET
Table 'Agamemnon' 6-max Seat #2 is the button
Seat 2: Jan Duda ($71.17 in chips)
Seat 3: lin1rabbit ($90 in chips)
Jan Duda: posts small blind $1
lin1rabbit: posts big blind $3
*** HOLE CARDS ***
Jan Duda: raises $3 to $6
lin1rabbit: calls $3
*** FLOP *** [Kh 8h 2s]
lin1rabbit: checks
Jan Duda: bets $3
lin1rabbit: calls $3
*** TURN *** [Kh 8h 2s] [8c]
lin1rabbit: checks
Jan Duda: bets $6
lin1rabbit: folds
Uncalled bet ($6) returned to Jan Duda
Jan Duda collected $17.64 from pot
Jan Duda: doesn't show hand
*** SUMMARY ***
Total pot $18 | Rake $0.36
Board [Kh 8h 2s 8c]
Seat 2: Jan Duda (button) (small blind) collected ($17.64)
Seat 3: lin1rabbit (big blind) folded on the Turn


PokerStars Hand #153517372795:  Hold'em Limit ($3/$6 USD) - 2016/05/18 19:36:56 ET
Table 'Agamemnon' 6-max Seat #2 is the button
Seat 2: Jan Duda ($80.81 in chips)
Seat 3: lin1rabbit ($80 in chips)
Jan Duda: posts small blind $1
lin1rabbit: posts big blind $3
*** HOLE CARDS ***
Jan Duda: raises $3 to $6
lin1rabbit: raises $3 to $9
Jan Duda: raises $3 to $12
Betting is capped
lin1rabbit: calls $3
*** FLOP *** [5s 8c 3s]
lin1rabbit: checks
Jan Duda: bets $3
lin1rabbit: calls $3
*** TURN *** [5s 8c 3s] [Js]
lin1rabbit: checks
Jan Duda: bets $6
lin1rabbit: calls $6
*** RIVER *** [5s 8c 3s Js] [6h]
lin1rabbit: checks
Jan Duda: bets $6
lin1rabbit: raises $6 to $12
Jan Duda: calls $6
*** SHOW DOWN ***
lin1rabbit: shows [4c 2c] (a straight, Deuce to Six)
Jan Duda: mucks hand
lin1rabbit collected $65.50 from pot
*** SUMMARY ***
Total pot $66 | Rake $0.50
Board [5s 8c 3s Js 6h]
Seat 2: Jan Duda (button) (small blind) mucked
Seat 3: lin1rabbit (big blind) showed [4c 2c] and won ($65.50) with a straight, Deuce to Six


PokerStars Hand #153517369328:  Hold'em Limit ($3/$6 USD) - 2016/05/18 19:36:50 ET
Table 'Agamemnon' 6-max Seat #3 is the button
Seat 2: Jan Duda ($79.81 in chips)
Seat 3: lin1rabbit ($81 in chips)
lin1rabbit: posts small blind $1
Jan Duda: posts big blind $3
*** HOLE CARDS ***
lin1rabbit: folds
Uncalled bet ($2) returned to Jan Duda
Jan Duda collected $2 from pot
Jan Duda: doesn't show hand
*** SUMMARY ***
Total pot $2 | Rake $0
Seat 2: Jan Duda (big blind) collected ($2)
Seat 3: lin1rabbit (button) (small blind) folded before Flop


PokerStars Hand #153517434017:  Hold'em Limit ($3/$6 USD) - 2016/05/18 19:38:39 ET
Table 'Agamemnon' 6-max Seat #2 is the button
Seat 2: Jan Duda ($8.81 in chips)
Seat 3: lin1rabbit ($150.52 in chips)
Jan Duda: posts small blind $1
lin1rabbit: posts big blind $3
*** HOLE CARDS ***
Jan Duda: raises $3 to $6
lin1rabbit: folds
Uncalled bet ($3) returned to Jan Duda
Jan Duda collected $6 from pot
Jan Duda: doesn't show hand
*** SUMMARY ***
Total pot $6 | Rake $0
Seat 2: Jan Duda (button) (small blind) collected ($6)
Seat 3: lin1rabbit (big blind) folded before Flop


PokerStars Hand #153517391590:  Hold'em Limit ($3/$6 USD) - 2016/05/18 19:37:27 ET
Table 'Agamemnon' 6-max Seat #3 is the button
Seat 2: Jan Duda ($47.81 in chips)
Seat 3: lin1rabbit ($112.50 in chips)
lin1rabbit: posts small blind $1
Jan Duda: posts big blind $3
*** HOLE CARDS ***
lin1rabbit: raises $3 to $6
Jan Duda: raises $3 to $9
lin1rabbit: calls $3
*** FLOP *** [2c 5h 7d]
Jan Duda: bets $3
lin1rabbit: calls $3
*** TURN *** [2c 5h 7d] [3s]
Jan Duda: bets $6
lin1rabbit: calls $6
*** RIVER *** [2c 5h 7d 3s] [8s]
Jan Duda: bets $6
lin1rabbit: calls $6
*** SHOW DOWN ***
Jan Duda: shows [Tc Jc] (high card Jack)
lin1rabbit: shows [Qc 7s] (a pair of Sevens)
lin1rabbit collected $47.50 from pot
*** SUMMARY ***
Total pot $48 | Rake $0.50
Board [2c 5h 7d 3s 8s]
Seat 2: Jan Duda (big blind) showed [Tc Jc] and lost with high card Jack
Seat 3: lin1rabbit (button) (small blind) showed [Qc 7s] and won ($47.50) with a pair of Sevens


PokerStars Hand #153517410220:  Hold'em Limit ($3/$6 USD) - 2016/05/18 19:37:59 ET
Table 'Agamemnon' 6-max Seat #2 is the button
Seat 2: Jan Duda ($23.81 in chips)
Seat 3: lin1rabbit ($136 in chips)
Jan Duda: posts small blind $1
lin1rabbit: posts big blind $3
*** HOLE CARDS ***
Jan Duda: raises $3 to $6
lin1rabbit: calls $3
*** FLOP *** [Ad 4s 5h]
lin1rabbit: checks
Jan Duda: bets $3
lin1rabbit: raises $3 to $6
Jan Duda: calls $3
*** TURN *** [Ad 4s 5h] [Qh]
lin1rabbit: checks
Jan Duda: checks
*** RIVER *** [Ad 4s 5h Qh] [Ac]
lin1rabbit: bets $6
Jan Duda: folds
Uncalled bet ($6) returned to lin1rabbit
lin1rabbit collected $23.52 from pot
lin1rabbit: doesn't show hand
*** SUMMARY ***
Total pot $24 | Rake $0.48
Board [Ad 4s 5h Qh Ac]
Seat 2: Jan Duda (button) (small blind) folded on the River
Seat 3: lin1rabbit (big blind) collected ($23.52)


PokerStars Hand #153517428392:  Hold'em Limit ($3/$6 USD) - 2016/05/18 19:38:30 ET
Table 'Agamemnon' 6-max Seat #3 is the button
Seat 2: Jan Duda ($11.81 in chips)
Seat 3: lin1rabbit ($147.52 in chips)
lin1rabbit: posts small blind $1
Jan Duda: posts big blind $3
*** HOLE CARDS ***
lin1rabbit: raises $3 to $6
Jan Duda: folds
Uncalled bet ($3) returned to lin1rabbit
lin1rabbit collected $6 from pot
lin1rabbit: doesn't show hand
*** SUMMARY ***
Total pot $6 | Rake $0
Seat 2: Jan Duda (big blind) folded before Flop
Seat 3: lin1rabbit (button) (small blind) collected ($6)


PokerStars Hand #153517448935:  Hold'em Limit ($3/$6 USD) - 2016/05/18 19:39:05 ET
Table 'Agamemnon' 6-max Seat #2 is the button
Seat 2: Jan Duda ($23.15 in chips)
Seat 3: lin1rabbit ($135.71 in chips)
Jan Duda: posts small blind $1
lin1rabbit: posts big blind $3
*** HOLE CARDS ***
Jan Duda: folds
Uncalled bet ($2) returned to lin1rabbit
lin1rabbit collected $2 from pot
lin1rabbit: doesn't show hand
ThePredator9 joins the table at seat #4
*** SUMMARY ***
Total pot $2 | Rake $0
Seat 2: Jan Duda (button) (small blind) folded before Flop
Seat 3: lin1rabbit (big blind) collected ($2)


PokerStars Hand #153517438410:  Hold'em Limit ($3/$6 USD) - 2016/05/18 19:38:47 ET
Table 'Agamemnon' 6-max Seat #3 is the button
Seat 2: Jan Duda ($11.81 in chips)
Seat 3: lin1rabbit ($147.52 in chips)
lin1rabbit: posts small blind $1
Jan Duda: posts big blind $3
*** HOLE CARDS ***
lin1rabbit: raises $3 to $6
Jan Duda: raises $3 to $9
lin1rabbit: raises $3 to $12
Betting is capped
Jan Duda: calls $2.81 and is all-in
Uncalled bet ($0.19) returned to lin1rabbit
*** FLOP *** [3d 4d Js]
*** TURN *** [3d 4d Js] [9c]
*** RIVER *** [3d 4d Js 9c] [Kc]
*** SHOW DOWN ***
Jan Duda: shows [Ah Ad] (a pair of Aces)
lin1rabbit: mucks hand
Jan Duda collected $23.15 from pot
*** SUMMARY ***
Total pot $23.62 | Rake $0.47
Board [3d 4d Js 9c Kc]
Seat 2: Jan Duda (big blind) showed [Ah Ad] and won ($23.15) with a pair of Aces
Seat 3: lin1rabbit (button) (small blind) mucked


PokerStars Hand #153517747450:  Hold'em Limit ($3/$6 USD) - 2016/05/18 19:47:28 ET
Table 'Agamemnon' 6-max Seat #2 is the button
Seat 1: PlayForca ($184.89 in chips)
Seat 2: Jan Duda ($82.90 in chips)
Jan Duda: posts small blind $1
lin1rabbit: is sitting out
PlayForca: posts big blind $3
*** HOLE CARDS ***
ThePredator9 leaves the table
Jan Duda: raises $3 to $6
PlayForca: folds
Uncalled bet ($3) returned to Jan Duda
Jan Duda collected $6 from pot
Jan Duda: doesn't show hand
*** SUMMARY ***
Total pot $6 | Rake $0
Seat 1: PlayForca (big blind) folded before Flop
Seat 2: Jan Duda (button) (small blind) collected ($6)


PokerStars Hand #153517756389:  Hold'em Limit ($3/$6 USD) - 2016/05/18 19:47:44 ET
Table 'Agamemnon' 6-max Seat #1 is the button
Seat 1: PlayForca ($181.89 in chips)
Seat 2: Jan Duda ($85.90 in chips)
PlayForca: posts small blind $1
Jan Duda: posts big blind $3
*** HOLE CARDS ***
PlayForca: raises $3 to $6
Jan Duda: folds
Uncalled bet ($3) returned to PlayForca
PlayForca collected $6 from pot
PlayForca: doesn't show hand
*** SUMMARY ***
Total pot $6 | Rake $0
Seat 1: PlayForca (button) (small blind) collected ($6)
Seat 2: Jan Duda (big blind) folded before Flop


