PokerStars Hand #170525801443:  Hold'em Limit ($3/$6 USD) - 2017/05/17 0:58:22 ET
Table 'Agamemnon' 6-max Seat #3 is the button
Seat 3: mrpipes155 ($97.61 in chips)
Seat 6: AKADoDoubleG ($105.96 in chips)
mrpipes155: posts small blind $1
AKADoDoubleG: posts big blind $3
*** HOLE CARDS ***
mrpipes155: folds
Uncalled bet ($2) returned to AKADoDoubleG
AKADoDoubleG collected $2 from pot
AKADoDoubleG: doesn't show hand
*** SUMMARY ***
Total pot $2 | Rake $0
Seat 3: mrpipes155 (button) (small blind) folded before Flop
Seat 6: AKADoDoubleG (big blind) collected ($2)


PokerStars Hand #170525797785:  Hold'em Limit ($3/$6 USD) - 2017/05/17 0:58:06 ET
Table 'Agamemnon' 6-max Seat #6 is the button
Seat 3: mrpipes155 ($103.61 in chips)
Seat 6: AKADoDoubleG ($100.20 in chips)
AKADoDoubleG: posts small blind $1
mrpipes155: posts big blind $3
*** HOLE CARDS ***
AKADoDoubleG: raises $3 to $6
mrpipes155: calls $3
*** FLOP *** [Ah 8h 3s]
mrpipes155: checks
AKADoDoubleG: bets $3
mrpipes155: folds
Uncalled bet ($3) returned to AKADoDoubleG
AKADoDoubleG collected $11.76 from pot
AKADoDoubleG: doesn't show hand
*** SUMMARY ***
Total pot $12 | Rake $0.24
Board [Ah 8h 3s]
Seat 3: mrpipes155 (big blind) folded on the Flop
Seat 6: AKADoDoubleG (button) (small blind) collected ($11.76)


PokerStars Hand #170525832691:  Hold'em Limit ($3/$6 USD) - 2017/05/17 1:00:38 ET
Table 'Agamemnon' 6-max Seat #6 is the button
Seat 3: mrpipes155 ($74.61 in chips)
Seat 6: AKADoDoubleG ($129.86 in chips)
AKADoDoubleG: posts small blind $1
mrpipes155: posts big blind $3
*** HOLE CARDS ***
rippey156 leaves the table
AKADoDoubleG: folds
Uncalled bet ($2) returned to mrpipes155
mrpipes155 collected $2 from pot
mrpipes155: doesn't show hand
*** SUMMARY ***
Total pot $2 | Rake $0
Seat 3: mrpipes155 (big blind) collected ($2)
Seat 6: AKADoDoubleG (button) (small blind) folded before Flop


