PokerStars Hand #160824330536:  Hold'em Limit ($3/$6 USD) - 2016/11/03 2:39:59 ET
Table 'Agamemnon' 6-max Seat #4 is the button
Seat 3: aabeatenby23 ($66.64 in chips)
Seat 4: Agrotait ($113.80 in chips)
Agrotait: posts small blind $1
aabeatenby23: posts big blind $3
*** HOLE CARDS ***
Agrotait: raises $3 to $6
aabeatenby23: calls $3
*** FLOP *** [2c Jd 4h]
aabeatenby23: bets $3
Agrotait: calls $3
*** TURN *** [2c Jd 4h] [8s]
aabeatenby23: bets $6
Agrotait: folds
Uncalled bet ($6) returned to aabeatenby23
aabeatenby23 collected $17.64 from pot
aabeatenby23: doesn't show hand
*** SUMMARY ***
Total pot $18 | Rake $0.36
Board [2c Jd 4h 8s]
Seat 3: aabeatenby23 (big blind) collected ($17.64)
Seat 4: Agrotait (button) (small blind) folded on the Turn


PokerStars Hand #160824326065:  Hold'em Limit ($3/$6 USD) - 2016/11/03 2:39:42 ET
Table 'Agamemnon' 6-max Seat #3 is the button
Seat 3: aabeatenby23 ($60.88 in chips)
Seat 4: Agrotait ($119.80 in chips)
aabeatenby23: posts small blind $1
Agrotait: posts big blind $3
*** HOLE CARDS ***
aabeatenby23: raises $3 to $6
Agrotait: calls $3
*** FLOP *** [Kd 4h 6c]
Agrotait: checks
aabeatenby23: bets $3
Agrotait: folds
Uncalled bet ($3) returned to aabeatenby23
aabeatenby23 collected $11.76 from pot
aabeatenby23: doesn't show hand
*** SUMMARY ***
Total pot $12 | Rake $0.24
Board [Kd 4h 6c]
Seat 3: aabeatenby23 (button) (small blind) collected ($11.76)
Seat 4: Agrotait (big blind) folded on the Flop


PokerStars Hand #160824349448:  Hold'em Limit ($3/$6 USD) - 2016/11/03 2:41:14 ET
Table 'Agamemnon' 6-max Seat #4 is the button
Seat 3: aabeatenby23 ($57.28 in chips)
Seat 4: Agrotait ($122.30 in chips)
Agrotait: posts small blind $1
aabeatenby23: posts big blind $3
*** HOLE CARDS ***
Agrotait: raises $3 to $6
aabeatenby23: calls $3
*** FLOP *** [Ac Ks 4s]
aabeatenby23: checks
Agrotait: bets $3
aabeatenby23: calls $3
*** TURN *** [Ac Ks 4s] [6c]
aabeatenby23: checks
Agrotait: bets $6
aabeatenby23: calls $6
*** RIVER *** [Ac Ks 4s 6c] [8s]
aabeatenby23: checks
Agrotait: checks
*** SHOW DOWN ***
aabeatenby23: shows [3c Kd] (a pair of Kings)
Agrotait: mucks hand
aabeatenby23 collected $29.50 from pot
*** SUMMARY ***
Total pot $30 | Rake $0.50
Board [Ac Ks 4s 6c 8s]
Seat 3: aabeatenby23 (big blind) showed [3c Kd] and won ($29.50) with a pair of Kings
Seat 4: Agrotait (button) (small blind) mucked


PokerStars Hand #160824375528:  Hold'em Limit ($3/$6 USD) - 2016/11/03 2:42:56 ET
Table 'Agamemnon' 6-max Seat #4 is the button
Seat 3: aabeatenby23 ($83.30 in chips)
Seat 4: Agrotait ($95.30 in chips)
Agrotait: posts small blind $1
aabeatenby23: posts big blind $3
*** HOLE CARDS ***
Agrotait: raises $3 to $6
aabeatenby23: raises $3 to $9
Agrotait: raises $3 to $12
Betting is capped
aabeatenby23: calls $3
*** FLOP *** [5c Jh Th]
aabeatenby23: checks
Agrotait: bets $3
aabeatenby23: calls $3
*** TURN *** [5c Jh Th] [9h]
aabeatenby23: checks
Agrotait: checks
*** RIVER *** [5c Jh Th 9h] [3c]
aabeatenby23: bets $6
Agrotait: folds
Uncalled bet ($6) returned to aabeatenby23
aabeatenby23 collected $29.50 from pot
aabeatenby23: doesn't show hand
*** SUMMARY ***
Total pot $30 | Rake $0.50
Board [5c Jh Th 9h 3c]
Seat 3: aabeatenby23 (big blind) collected ($29.50)
Seat 4: Agrotait (button) (small blind) folded on the River


PokerStars Hand #160824363122:  Hold'em Limit ($3/$6 USD) - 2016/11/03 2:42:07 ET
Table 'Agamemnon' 6-max Seat #3 is the button
Seat 3: aabeatenby23 ($71.78 in chips)
Seat 4: Agrotait ($107.30 in chips)
aabeatenby23: posts small blind $1
Agrotait: posts big blind $3
*** HOLE CARDS ***
aabeatenby23: raises $3 to $6
Agrotait: calls $3
*** FLOP *** [2d 3s Qh]
Agrotait: checks
aabeatenby23: bets $3
Agrotait: raises $3 to $6
aabeatenby23: calls $3
*** TURN *** [2d 3s Qh] [Jd]
Agrotait: checks
aabeatenby23: checks
*** RIVER *** [2d 3s Qh Jd] [9c]
Agrotait: checks
aabeatenby23: checks
*** SHOW DOWN ***
Agrotait: shows [Th 7h] (high card Queen)
aabeatenby23: shows [Ac 3h] (a pair of Threes)
aabeatenby23 collected $23.52 from pot
*** SUMMARY ***
Total pot $24 | Rake $0.48
Board [2d 3s Qh Jd 9c]
Seat 3: aabeatenby23 (button) (small blind) showed [Ac 3h] and won ($23.52) with a pair of Threes
Seat 4: Agrotait (big blind) showed [Th 7h] and lost with high card Queen


PokerStars Hand #160824388214:  Hold'em Limit ($3/$6 USD) - 2016/11/03 2:43:45 ET
Table 'Agamemnon' 6-max Seat #3 is the button
Seat 3: aabeatenby23 ($97.80 in chips)
Seat 4: Agrotait ($80.30 in chips)
aabeatenby23: posts small blind $1
Agrotait: posts big blind $3
*** HOLE CARDS ***
aabeatenby23: raises $3 to $6
Agrotait: calls $3
*** FLOP *** [Qs 7d Ah]
Agrotait: checks
aabeatenby23: checks
*** TURN *** [Qs 7d Ah] [3s]
Agrotait: bets $6
aabeatenby23: folds
Uncalled bet ($6) returned to Agrotait
Agrotait collected $11.76 from pot
Agrotait: doesn't show hand
*** SUMMARY ***
Total pot $12 | Rake $0.24
Board [Qs 7d Ah 3s]
Seat 3: aabeatenby23 (button) (small blind) folded on the Turn
Seat 4: Agrotait (big blind) collected ($11.76)


PokerStars Hand #160824392762:  Hold'em Limit ($3/$6 USD) - 2016/11/03 2:44:03 ET
Table 'Agamemnon' 6-max Seat #4 is the button
Seat 3: aabeatenby23 ($91.80 in chips)
Seat 4: Agrotait ($86.06 in chips)
Agrotait: posts small blind $1
aabeatenby23: posts big blind $3
*** HOLE CARDS ***
Agrotait: raises $3 to $6
aabeatenby23: calls $3
*** FLOP *** [Jd 4c 4h]
aabeatenby23: checks
Agrotait: bets $3
aabeatenby23: raises $3 to $6
Agrotait: calls $3
*** TURN *** [Jd 4c 4h] [7h]
aabeatenby23: bets $6
Agrotait: calls $6
*** RIVER *** [Jd 4c 4h 7h] [5d]
aabeatenby23: bets $6
Agrotait: calls $6
*** SHOW DOWN ***
aabeatenby23: shows [9d 8s] (a pair of Fours)
Agrotait: shows [6d 7s] (two pair, Sevens and Fours)
Agrotait collected $47.50 from pot
*** SUMMARY ***
Total pot $48 | Rake $0.50
Board [Jd 4c 4h 7h 5d]
Seat 3: aabeatenby23 (big blind) showed [9d 8s] and lost with a pair of Fours
Seat 4: Agrotait (button) (small blind) showed [6d 7s] and won ($47.50) with two pair, Sevens and Fours


PokerStars Hand #160824416020:  Hold'em Limit ($3/$6 USD) - 2016/11/03 2:45:33 ET
Table 'Agamemnon' 6-max Seat #3 is the button
Seat 3: aabeatenby23 ($55.80 in chips)
Seat 4: Agrotait ($121.08 in chips)
aabeatenby23: posts small blind $1
Agrotait: posts big blind $3
*** HOLE CARDS ***
aabeatenby23: folds
Uncalled bet ($2) returned to Agrotait
Agrotait collected $2 from pot
Agrotait: doesn't show hand
*** SUMMARY ***
Total pot $2 | Rake $0
Seat 3: aabeatenby23 (button) (small blind) folded before Flop
Seat 4: Agrotait (big blind) collected ($2)


PokerStars Hand #160824404581:  Hold'em Limit ($3/$6 USD) - 2016/11/03 2:44:48 ET
Table 'Agamemnon' 6-max Seat #3 is the button
Seat 3: aabeatenby23 ($67.80 in chips)
Seat 4: Agrotait ($109.56 in chips)
aabeatenby23: posts small blind $1
Agrotait: posts big blind $3
*** HOLE CARDS ***
aabeatenby23: raises $3 to $6
Agrotait: calls $3
*** FLOP *** [7c 6h 3s]
Agrotait: checks
aabeatenby23: checks
*** TURN *** [7c 6h 3s] [2h]
Agrotait: bets $6
aabeatenby23: folds
Uncalled bet ($6) returned to Agrotait
Agrotait collected $11.76 from pot
Agrotait: doesn't show hand
*** SUMMARY ***
Total pot $12 | Rake $0.24
Board [7c 6h 3s 2h]
Seat 3: aabeatenby23 (button) (small blind) folded on the Turn
Seat 4: Agrotait (big blind) collected ($11.76)


PokerStars Hand #160824412473:  Hold'em Limit ($3/$6 USD) - 2016/11/03 2:45:19 ET
Table 'Agamemnon' 6-max Seat #4 is the button
Seat 3: aabeatenby23 ($61.80 in chips)
Seat 4: Agrotait ($115.32 in chips)
Agrotait: posts small blind $1
aabeatenby23: posts big blind $3
*** HOLE CARDS ***
Agrotait: raises $3 to $6
aabeatenby23: calls $3
*** FLOP *** [Qd 6d Js]
aabeatenby23: checks
Agrotait: bets $3
aabeatenby23: folds
Uncalled bet ($3) returned to Agrotait
GoliafUa joins the table at seat #5
Agrotait collected $11.76 from pot
Agrotait: doesn't show hand
*** SUMMARY ***
Total pot $12 | Rake $0.24
Board [Qd 6d Js]
Seat 3: aabeatenby23 (big blind) folded on the Flop
Seat 4: Agrotait (button) (small blind) collected ($11.76)


PokerStars Hand #160824430244:  Hold'em Limit ($3/$6 USD) - 2016/11/03 2:46:28 ET
Table 'Agamemnon' 6-max Seat #4 is the button
Seat 3: aabeatenby23 ($71.30 in chips)
Seat 4: Agrotait ($105.08 in chips)
Agrotait: posts small blind $1
aabeatenby23: posts big blind $3
*** HOLE CARDS ***
Agrotait: folds
Uncalled bet ($2) returned to aabeatenby23
aabeatenby23 collected $2 from pot
aabeatenby23: doesn't show hand
*** SUMMARY ***
Total pot $2 | Rake $0
Seat 3: aabeatenby23 (big blind) collected ($2)
Seat 4: Agrotait (button) (small blind) folded before Flop


PokerStars Hand #160824428759:  Hold'em Limit ($3/$6 USD) - 2016/11/03 2:46:22 ET
Table 'Agamemnon' 6-max Seat #3 is the button
Seat 3: aabeatenby23 ($72.30 in chips)
Seat 4: Agrotait ($104.08 in chips)
aabeatenby23: posts small blind $1
Agrotait: posts big blind $3
*** HOLE CARDS ***
aabeatenby23: folds
Uncalled bet ($2) returned to Agrotait
Agrotait collected $2 from pot
Agrotait: doesn't show hand
*** SUMMARY ***
Total pot $2 | Rake $0
Seat 3: aabeatenby23 (button) (small blind) folded before Flop
Seat 4: Agrotait (big blind) collected ($2)


PokerStars Hand #160824431888:  Hold'em Limit ($3/$6 USD) - 2016/11/03 2:46:34 ET
Table 'Agamemnon' 6-max Seat #3 is the button
Seat 3: aabeatenby23 ($72.30 in chips)
Seat 4: Agrotait ($104.08 in chips)
aabeatenby23: posts small blind $1
Agrotait: posts big blind $3
*** HOLE CARDS ***
aabeatenby23: folds
Uncalled bet ($2) returned to Agrotait
Agrotait collected $2 from pot
Agrotait: doesn't show hand
*** SUMMARY ***
Total pot $2 | Rake $0
Seat 3: aabeatenby23 (button) (small blind) folded before Flop
Seat 4: Agrotait (big blind) collected ($2)


PokerStars Hand #160824445446:  Hold'em Limit ($3/$6 USD) - 2016/11/03 2:47:28 ET
Table 'Agamemnon' 6-max Seat #3 is the button
Seat 3: aabeatenby23 ($38.30 in chips)
Seat 4: Agrotait ($137.58 in chips)
aabeatenby23: posts small blind $1
Agrotait: posts big blind $3
*** HOLE CARDS ***
aabeatenby23: raises $3 to $6
Agrotait: calls $3
*** FLOP *** [Kd 3d 8c]
Agrotait: checks
aabeatenby23: checks
*** TURN *** [Kd 3d 8c] [9s]
Agrotait: bets $6
aabeatenby23: folds
Uncalled bet ($6) returned to Agrotait
Agrotait collected $11.76 from pot
Agrotait: doesn't show hand
*** SUMMARY ***
Total pot $12 | Rake $0.24
Board [Kd 3d 8c 9s]
Seat 3: aabeatenby23 (button) (small blind) folded on the Turn
Seat 4: Agrotait (big blind) collected ($11.76)


PokerStars Hand #160824433381:  Hold'em Limit ($3/$6 USD) - 2016/11/03 2:46:40 ET
Table 'Agamemnon' 6-max Seat #4 is the button
Seat 3: aabeatenby23 ($71.30 in chips)
Seat 4: Agrotait ($105.08 in chips)
Agrotait: posts small blind $1
aabeatenby23: posts big blind $3
*** HOLE CARDS ***
Agrotait: raises $3 to $6
aabeatenby23: raises $3 to $9
Agrotait: calls $3
*** FLOP *** [8s Jc 6c]
aabeatenby23: bets $3
Agrotait: raises $3 to $6
aabeatenby23: calls $3
*** TURN *** [8s Jc 6c] [As]
aabeatenby23: bets $6
Agrotait: calls $6
*** RIVER *** [8s Jc 6c As] [Qs]
aabeatenby23: bets $6
Agrotait: raises $6 to $12
aabeatenby23: calls $6
*** SHOW DOWN ***
Agrotait: shows [Ac 8h] (two pair, Aces and Eights)
aabeatenby23: mucks hand
Agrotait collected $65.50 from pot
*** SUMMARY ***
Total pot $66 | Rake $0.50
Board [8s Jc 6c As Qs]
Seat 3: aabeatenby23 (big blind) mucked
Seat 4: Agrotait (button) (small blind) showed [Ac 8h] and won ($65.50) with two pair, Aces and Eights


