PokerStars Hand #156745794612:  Hold'em Limit ($3/$6 USD) - 2016/08/01 18:55:59 ET
Table 'Agapenor' 6-max Seat #4 is the button
Seat 1: Icecold ($38.02 in chips)
Seat 4: Airbag999 ($121 in chips)
Airbag999: posts small blind $1
Icecold: posts big blind $3
*** HOLE CARDS ***
Airbag999: raises $3 to $6
Icecold: calls $3
*** FLOP *** [Qs 3c Qh]
Icecold: checks
Airbag999: bets $3
Icecold: calls $3
*** TURN *** [Qs 3c Qh] [Ac]
Icecold: checks
Airbag999: checks
*** RIVER *** [Qs 3c Qh Ac] [7s]
Icecold: bets $6
Airbag999: calls $6
*** SHOW DOWN ***
Icecold: shows [4h Kh] (a pair of Queens)
Airbag999: shows [Ks 3h] (two pair, Queens and Threes)
Airbag999 collected $29.50 from pot
*** SUMMARY ***
Total pot $30 | Rake $0.50
Board [Qs 3c Qh Ac 7s]
Seat 1: Icecold (big blind) showed [4h Kh] and lost with a pair of Queens
Seat 4: Airbag999 (button) (small blind) showed [Ks 3h] and won ($29.50) with two pair, Queens and Threes


PokerStars Hand #156745792049:  Hold'em Limit ($3/$6 USD) - 2016/08/01 18:55:54 ET
Table 'Agapenor' 6-max Seat #1 is the button
Seat 1: Icecold ($39.02 in chips)
Seat 4: Airbag999 ($120 in chips)
Icecold: posts small blind $1
Airbag999: posts big blind $3
*** HOLE CARDS ***
Icecold: folds
Uncalled bet ($2) returned to Airbag999
Airbag999 collected $2 from pot
Airbag999: doesn't show hand
*** SUMMARY ***
Total pot $2 | Rake $0
Seat 1: Icecold (button) (small blind) folded before Flop
Seat 4: Airbag999 (big blind) collected ($2)


PokerStars Hand #156745788467:  Hold'em Limit ($3/$6 USD) - 2016/08/01 18:55:47 ET
Table 'Agapenor' 6-max Seat #4 is the button
Seat 1: Icecold ($38.02 in chips)
Seat 4: Airbag999 ($121 in chips)
Airbag999: posts small blind $1
Icecold: posts big blind $3
*** HOLE CARDS ***
Airbag999: folds
Uncalled bet ($2) returned to Icecold
Icecold collected $2 from pot
*** SUMMARY ***
Total pot $2 | Rake $0
Seat 1: Icecold (big blind) collected ($2)
Seat 4: Airbag999 (button) (small blind) folded before Flop


PokerStars Hand #156745806681:  Hold'em Limit ($3/$6 USD) - 2016/08/01 18:56:23 ET
Table 'Agapenor' 6-max Seat #1 is the button
Seat 1: Icecold ($23.02 in chips)
Seat 4: Airbag999 ($135.50 in chips)
Icecold: posts small blind $1
JoeBlack1982 joins the table at seat #5
Airbag999: posts big blind $3
*** HOLE CARDS ***
Icecold: raises $3 to $6
Airbag999: calls $3
*** FLOP *** [8d Qd 6c]
Airbag999: checks
Icecold: checks
*** TURN *** [8d Qd 6c] [4s]
Airbag999: bets $6
Icecold: calls $6
*** RIVER *** [8d Qd 6c 4s] [7s]
Airbag999: checks
Icecold: checks
*** SHOW DOWN ***
Airbag999: shows [8s 6d] (two pair, Eights and Sixes)
Icecold: mucks hand
Airbag999 collected $23.52 from pot
*** SUMMARY ***
Total pot $24 | Rake $0.48
Board [8d Qd 6c 4s 7s]
Seat 1: Icecold (button) (small blind) mucked
Seat 4: Airbag999 (big blind) showed [8s 6d] and won ($23.52) with two pair, Eights and Sixes


PokerStars Hand #156745860881:  Hold'em Limit ($3/$6 USD) - 2016/08/01 18:58:09 ET
Table 'Agapenor' 6-max Seat #5 is the button
Seat 4: Airbag999 ($105.02 in chips)
Seat 5: JoeBlack1982 ($255.11 in chips)
JoeBlack1982: posts small blind $1
Airbag999: posts big blind $3
*** HOLE CARDS ***
JoeBlack1982: folds
Uncalled bet ($2) returned to Airbag999
Airbag999 collected $2 from pot
Airbag999: doesn't show hand
*** SUMMARY ***
Total pot $2 | Rake $0
Seat 4: Airbag999 (big blind) collected ($2)
Seat 5: JoeBlack1982 (button) (small blind) folded before Flop


PokerStars Hand #156745848934:  Hold'em Limit ($3/$6 USD) - 2016/08/01 18:57:46 ET
Table 'Agapenor' 6-max Seat #4 is the button
Seat 4: Airbag999 ($126.02 in chips)
Seat 5: JoeBlack1982 ($234.61 in chips)
Airbag999: posts small blind $1
JoeBlack1982: posts big blind $3
*** HOLE CARDS ***
Airbag999: raises $3 to $6
JoeBlack1982: calls $3
*** FLOP *** [Jd 2h Kc]
JoeBlack1982: checks
Airbag999: bets $3
JoeBlack1982: calls $3
*** TURN *** [Jd 2h Kc] [5s]
JoeBlack1982: bets $6
Airbag999: calls $6
*** RIVER *** [Jd 2h Kc 5s] [Ad]
JoeBlack1982: bets $6
Airbag999: calls $6
*** SHOW DOWN ***
JoeBlack1982: shows [4c 3c] (a straight, Ace to Five)
Airbag999: mucks hand
JoeBlack1982 collected $41.50 from pot
*** SUMMARY ***
Total pot $42 | Rake $0.50
Board [Jd 2h Kc 5s Ad]
Seat 4: Airbag999 (button) (small blind) mucked
Seat 5: JoeBlack1982 (big blind) showed [4c 3c] and won ($41.50) with a straight, Ace to Five


PokerStars Hand #156745844113:  Hold'em Limit ($3/$6 USD) - 2016/08/01 18:57:36 ET
Table 'Agapenor' 6-max Seat #5 is the button
Seat 4: Airbag999 ($129.02 in chips)
Seat 5: JoeBlack1982 ($231.61 in chips)
JoeBlack1982: posts small blind $1
Airbag999: posts big blind $3
*** HOLE CARDS ***
JoeBlack1982: raises $3 to $6
Icecold leaves the table
Airbag999: folds
Uncalled bet ($3) returned to JoeBlack1982
JoeBlack1982 collected $6 from pot
JoeBlack1982: doesn't show hand
*** SUMMARY ***
Total pot $6 | Rake $0
Seat 4: Airbag999 (big blind) folded before Flop
Seat 5: JoeBlack1982 (button) (small blind) collected ($6)


PokerStars Hand #156745863709:  Hold'em Limit ($3/$6 USD) - 2016/08/01 18:58:14 ET
Table 'Agapenor' 6-max Seat #4 is the button
Seat 4: Airbag999 ($106.02 in chips)
Seat 5: JoeBlack1982 ($254.11 in chips)
Airbag999: posts small blind $1
Chessnok joins the table at seat #6
JoeBlack1982: posts big blind $3
*** HOLE CARDS ***
Airbag999: raises $3 to $6
JoeBlack1982: folds
Uncalled bet ($3) returned to Airbag999
Airbag999 collected $6 from pot
Airbag999: doesn't show hand
*** SUMMARY ***
Total pot $6 | Rake $0
Seat 4: Airbag999 (button) (small blind) collected ($6)
Seat 5: JoeBlack1982 (big blind) folded before Flop


PokerStars Hand #156746699039:  Hold'em Limit ($3/$6 USD) - 2016/08/01 19:21:11 ET
Table 'Agapenor' 6-max Seat #6 is the button
Seat 5: JoeBlack1982 ($223.37 in chips)
Seat 6: Chessnok ($218.31 in chips)
Chessnok: posts small blind $1
TinaTurner72: is sitting out
Zubasa07: is sitting out
JoeBlack1982: posts big blind $3
*** HOLE CARDS ***
TinaTurner72 leaves the table
Chessnok: folds
Uncalled bet ($2) returned to JoeBlack1982
JoeBlack1982 collected $2 from pot
JoeBlack1982: doesn't show hand
*** SUMMARY ***
Total pot $2 | Rake $0
Seat 5: JoeBlack1982 (big blind) collected ($2)
Seat 6: Chessnok (button) (small blind) folded before Flop


PokerStars Hand #156746703410:  Hold'em Limit ($3/$6 USD) - 2016/08/01 19:21:18 ET
Table 'Agapenor' 6-max Seat #5 is the button
Seat 5: JoeBlack1982 ($224.37 in chips)
Seat 6: Chessnok ($217.31 in chips)
JoeBlack1982: posts small blind $1
Chessnok: posts big blind $3
*** HOLE CARDS ***
JoeBlack1982: folds
Uncalled bet ($2) returned to Chessnok
Chessnok collected $2 from pot
Chessnok: doesn't show hand
*** SUMMARY ***
Total pot $2 | Rake $0
Seat 5: JoeBlack1982 (button) (small blind) folded before Flop
Seat 6: Chessnok (big blind) collected ($2)


PokerStars Hand #156746709564:  Hold'em Limit ($3/$6 USD) - 2016/08/01 19:21:29 ET
Table 'Agapenor' 6-max Seat #6 is the button
Seat 5: JoeBlack1982 ($223.37 in chips)
Seat 6: Chessnok ($218.31 in chips)
Chessnok: posts small blind $1
JoeBlack1982: posts big blind $3
*** HOLE CARDS ***
Chessnok: raises $3 to $6
JoeBlack1982: calls $3
*** FLOP *** [Kh 6s 6h]
Zubasa07 leaves the table
JoeBlack1982: checks
Chessnok: bets $3
JoeBlack1982: folds
Uncalled bet ($3) returned to Chessnok
Chessnok collected $11.76 from pot
Chessnok: doesn't show hand
*** SUMMARY ***
Total pot $12 | Rake $0.24
Board [Kh 6s 6h]
Seat 5: JoeBlack1982 (big blind) folded on the Flop
Seat 6: Chessnok (button) (small blind) collected ($11.76)


PokerStars Hand #156746739972:  Hold'em Limit ($3/$6 USD) - 2016/08/01 19:22:20 ET
Table 'Agapenor' 6-max Seat #6 is the button
Seat 5: JoeBlack1982 ($249.87 in chips)
Seat 6: Chessnok ($191.07 in chips)
Chessnok: posts small blind $1
JoeBlack1982: posts big blind $3
*** HOLE CARDS ***
Chessnok: raises $3 to $6
JoeBlack1982: raises $3 to $9
Chessnok: calls $3
*** FLOP *** [9c 9s Js]
JoeBlack1982: checks
Chessnok: bets $3
JoeBlack1982: calls $3
*** TURN *** [9c 9s Js] [5s]
JoeBlack1982: checks
Chessnok: bets $6
JoeBlack1982: raises $6 to $12
Chessnok: calls $6
*** RIVER *** [9c 9s Js 5s] [6d]
JoeBlack1982: bets $6
Chessnok: calls $6
*** SHOW DOWN ***
JoeBlack1982: shows [Jd 9d] (a full house, Nines full of Jacks)
Chessnok: mucks hand
JoeBlack1982 collected $59.50 from pot
*** SUMMARY ***
Total pot $60 | Rake $0.50
Board [9c 9s Js 5s 6d]
Seat 5: JoeBlack1982 (big blind) showed [Jd 9d] and won ($59.50) with a full house, Nines full of Jacks
Seat 6: Chessnok (button) (small blind) mucked


PokerStars Hand #156746765584:  Hold'em Limit ($3/$6 USD) - 2016/08/01 19:23:04 ET
Table 'Agapenor' 6-max Seat #5 is the button
Seat 5: JoeBlack1982 ($279.37 in chips)
Seat 6: Chessnok ($161.07 in chips)
JoeBlack1982: posts small blind $1
Chessnok: posts big blind $3
*** HOLE CARDS ***
JoeBlack1982: raises $3 to $6
Chessnok: raises $3 to $9
JoeBlack1982: calls $3
*** FLOP *** [5c Js 2s]
Chessnok: bets $3
JoeBlack1982: calls $3
*** TURN *** [5c Js 2s] [Kd]
Chessnok: bets $6
JoeBlack1982: calls $6
*** RIVER *** [5c Js 2s Kd] [3d]
Chessnok: bets $6
JoeBlack1982: calls $6
*** SHOW DOWN ***
Chessnok: shows [Jc 9h] (a pair of Jacks)
JoeBlack1982: shows [Kc 9c] (a pair of Kings)
JoeBlack1982 collected $47.50 from pot
*** SUMMARY ***
Total pot $48 | Rake $0.50
Board [5c Js 2s Kd 3d]
Seat 5: JoeBlack1982 (button) (small blind) showed [Kc 9c] and won ($47.50) with a pair of Kings
Seat 6: Chessnok (big blind) showed [Jc 9h] and lost with a pair of Jacks


PokerStars Hand #156746809271:  Hold'em Limit ($3/$6 USD) - 2016/08/01 19:24:19 ET
Table 'Agapenor' 6-max Seat #6 is the button
Seat 5: JoeBlack1982 ($328.89 in chips)
Seat 6: Chessnok ($110.07 in chips)
Chessnok: posts small blind $1
JoeBlack1982: posts big blind $3
*** HOLE CARDS ***
Chessnok: raises $3 to $6
JoeBlack1982: folds
Uncalled bet ($3) returned to Chessnok
Chessnok collected $6 from pot
JoeBlack1982 leaves the table
Chessnok: doesn't show hand
*** SUMMARY ***
Total pot $6 | Rake $0
Seat 5: JoeBlack1982 (big blind) folded before Flop
Seat 6: Chessnok (button) (small blind) collected ($6)


PokerStars Hand #156746774995:  Hold'em Limit ($3/$6 USD) - 2016/08/01 19:23:20 ET
Table 'Agapenor' 6-max Seat #6 is the button
Seat 5: JoeBlack1982 ($302.87 in chips)
Seat 6: Chessnok ($137.07 in chips)
Chessnok: posts small blind $1
JoeBlack1982: posts big blind $3
*** HOLE CARDS ***
Chessnok: raises $3 to $6
JoeBlack1982: raises $3 to $9
Chessnok: calls $3
*** FLOP *** [9s Ts Td]
JoeBlack1982: bets $3
Chessnok: calls $3
*** TURN *** [9s Ts Td] [2d]
JoeBlack1982: checks
Chessnok: checks
*** RIVER *** [9s Ts Td 2d] [5h]
JoeBlack1982: checks
Chessnok: checks
*** SHOW DOWN ***
JoeBlack1982: shows [As Jc] (a pair of Tens)
Chessnok: mucks hand
JoeBlack1982 collected $23.52 from pot
*** SUMMARY ***
Total pot $24 | Rake $0.48
Board [9s Ts Td 2d 5h]
Seat 5: JoeBlack1982 (big blind) showed [As Jc] and won ($23.52) with a pair of Tens
Seat 6: Chessnok (button) (small blind) mucked


PokerStars Hand #156746794087:  Hold'em Limit ($3/$6 USD) - 2016/08/01 19:23:53 ET
Table 'Agapenor' 6-max Seat #5 is the button
Seat 5: JoeBlack1982 ($314.39 in chips)
Seat 6: Chessnok ($125.07 in chips)
JoeBlack1982: posts small blind $1
Chessnok: posts big blind $3
*** HOLE CARDS ***
JoeBlack1982: calls $2
Chessnok: raises $3 to $6
JoeBlack1982: calls $3
*** FLOP *** [7c 6d 3s]
Chessnok: bets $3
JoeBlack1982: calls $3
*** TURN *** [7c 6d 3s] [4d]
Chessnok: bets $6
JoeBlack1982: calls $6
*** RIVER *** [7c 6d 3s 4d] [7h]
Chessnok: checks
JoeBlack1982: checks
*** SHOW DOWN ***
Chessnok: shows [Qh 9s] (a pair of Sevens)
JoeBlack1982: shows [Ah 3c] (two pair, Sevens and Threes)
JoeBlack1982 collected $29.50 from pot
*** SUMMARY ***
Total pot $30 | Rake $0.50
Board [7c 6d 3s 4d 7h]
Seat 5: JoeBlack1982 (button) (small blind) showed [Ah 3c] and won ($29.50) with two pair, Sevens and Threes
Seat 6: Chessnok (big blind) showed [Qh 9s] and lost with a pair of Sevens


