PokerStars Hand #150979092192:  Hold'em Limit ($3/$6 USD) - 2016/03/26 17:43:07 ET
Table 'Agapenor' 6-max Seat #3 is the button
Seat 3: minigus575 ($100.75 in chips)
Seat 4: AzureCaper ($72 in chips)
minigus575: posts small blind $1
AzureCaper: posts big blind $3
*** HOLE CARDS ***
minigus575: raises $3 to $6
AzureCaper: calls $3
*** FLOP *** [5c 6c 2s]
AzureCaper: checks
minigus575: bets $3
AzureCaper: folds
Uncalled bet ($3) returned to minigus575
minigus575 collected $11.76 from pot
minigus575: doesn't show hand
*** SUMMARY ***
Total pot $12 | Rake $0.24
Board [5c 6c 2s]
Seat 3: minigus575 (button) (small blind) collected ($11.76)
Seat 4: AzureCaper (big blind) folded on the Flop


PokerStars Hand #150979102452:  Hold'em Limit ($3/$6 USD) - 2016/03/26 17:43:19 ET
Table 'Agapenor' 6-max Seat #4 is the button
Seat 3: minigus575 ($106.51 in chips)
Seat 4: AzureCaper ($72 in chips)
AzureCaper: posts small blind $1
minigus575: posts big blind $3
*** HOLE CARDS ***
AzureCaper: raises $3 to $6
minigus575: raises $3 to $9
AzureCaper: calls $3
*** FLOP *** [3c 8d Ks]
GoliafUa joins the table at seat #5
minigus575: bets $3
AzureCaper: folds
Uncalled bet ($3) returned to minigus575
minigus575 collected $17.64 from pot
minigus575: doesn't show hand
*** SUMMARY ***
Total pot $18 | Rake $0.36
Board [3c 8d Ks]
Seat 3: minigus575 (big blind) collected ($17.64)
Seat 4: AzureCaper (button) (small blind) folded on the Flop


PokerStars Hand #150979057547:  Hold'em Limit ($3/$6 USD) - 2016/03/26 17:42:28 ET
Table 'Agapenor' 6-max Seat #3 is the button
Seat 3: minigus575 ($100 in chips)
Seat 4: AzureCaper ($72 in chips)
minigus575: posts small blind $1
AzureCaper: posts big blind $3
*** HOLE CARDS ***
minigus575: calls $2
AzureCaper: raises $3 to $6
minigus575: calls $3
*** FLOP *** [3h 4h 2d]
AzureCaper: bets $3
minigus575: raises $3 to $6
AzureCaper: raises $3 to $9
minigus575: raises $3 to $12
Betting is capped
AzureCaper: calls $3
*** TURN *** [3h 4h 2d] [Ad]
AzureCaper: bets $6
minigus575: raises $6 to $12
AzureCaper: raises $6 to $18
minigus575: raises $6 to $24
Betting is capped
AzureCaper: calls $6
*** RIVER *** [3h 4h 2d Ad] [Td]
AzureCaper: checks
minigus575: bets $6
AzureCaper: calls $6
*** SHOW DOWN ***
minigus575: shows [5c 4s] (a straight, Ace to Five)
AzureCaper: shows [As 5h] (a straight, Ace to Five)
AzureCaper collected $47.75 from pot
minigus575 collected $47.75 from pot
*** SUMMARY ***
Total pot $96 | Rake $0.50
Board [3h 4h 2d Ad Td]
Seat 3: minigus575 (button) (small blind) showed [5c 4s] and won ($47.75) with a straight, Ace to Five
Seat 4: AzureCaper (big blind) showed [As 5h] and won ($47.75) with a straight, Ace to Five


PokerStars Hand #150979087341:  Hold'em Limit ($3/$6 USD) - 2016/03/26 17:43:02 ET
Table 'Agapenor' 6-max Seat #4 is the button
Seat 3: minigus575 ($99.75 in chips)
Seat 4: AzureCaper ($72 in chips)
AzureCaper: posts small blind $1
minigus575: posts big blind $3
*** HOLE CARDS ***
AzureCaper: folds
Uncalled bet ($2) returned to minigus575
minigus575 collected $2 from pot
minigus575: doesn't show hand
*** SUMMARY ***
Total pot $2 | Rake $0
Seat 3: minigus575 (big blind) collected ($2)
Seat 4: AzureCaper (button) (small blind) folded before Flop


PokerStars Hand #150979120328:  Hold'em Limit ($3/$6 USD) - 2016/03/26 17:43:37 ET
Table 'Agapenor' 6-max Seat #3 is the button
Seat 3: minigus575 ($115.15 in chips)
Seat 4: AzureCaper ($72 in chips)
minigus575: posts small blind $1
AzureCaper: posts big blind $3
*** HOLE CARDS ***
minigus575: raises $3 to $6
AzureCaper: raises $3 to $9
minigus575: calls $3
*** FLOP *** [6c Ks Tc]
AzureCaper: bets $3
minigus575: calls $3
*** TURN *** [6c Ks Tc] [Kd]
AzureCaper: bets $6
minigus575: folds
Uncalled bet ($6) returned to AzureCaper
AzureCaper collected $23.52 from pot
AzureCaper: doesn't show hand
*** SUMMARY ***
Total pot $24 | Rake $0.48
Board [6c Ks Tc Kd]
Seat 3: minigus575 (button) (small blind) folded on the Turn
Seat 4: AzureCaper (big blind) collected ($23.52)


PokerStars Hand #150979140565:  Hold'em Limit ($3/$6 USD) - 2016/03/26 17:44:00 ET
Table 'Agapenor' 6-max Seat #4 is the button
Seat 3: minigus575 ($103.15 in chips)
Seat 4: AzureCaper ($83.52 in chips)
AzureCaper: posts small blind $1
minigus575: posts big blind $3
*** HOLE CARDS ***
AzureCaper: raises $3 to $6
minigus575: calls $3
*** FLOP *** [Ah 5h 9h]
minigus575: checks
AzureCaper: bets $3
minigus575: folds
Uncalled bet ($3) returned to AzureCaper
AzureCaper collected $11.76 from pot
AzureCaper: doesn't show hand
*** SUMMARY ***
Total pot $12 | Rake $0.24
Board [Ah 5h 9h]
Seat 3: minigus575 (big blind) folded on the Flop
Seat 4: AzureCaper (button) (small blind) collected ($11.76)


PokerStars Hand #150979151856:  Hold'em Limit ($3/$6 USD) - 2016/03/26 17:44:13 ET
Table 'Agapenor' 6-max Seat #3 is the button
Seat 3: minigus575 ($97.15 in chips)
Seat 4: AzureCaper ($89.28 in chips)
minigus575: posts small blind $1
AzureCaper: posts big blind $3
*** HOLE CARDS ***
minigus575: raises $3 to $6
AzureCaper: folds
Uncalled bet ($3) returned to minigus575
minigus575 collected $6 from pot
minigus575: doesn't show hand
*** SUMMARY ***
Total pot $6 | Rake $0
Seat 3: minigus575 (button) (small blind) collected ($6)
Seat 4: AzureCaper (big blind) folded before Flop


PokerStars Hand #150979167541:  Hold'em Limit ($3/$6 USD) - 2016/03/26 17:44:31 ET
Table 'Agapenor' 6-max Seat #3 is the button
Seat 3: minigus575 ($108.79 in chips)
Seat 4: AzureCaper ($77.28 in chips)
minigus575: posts small blind $1
AzureCaper: posts big blind $3
*** HOLE CARDS ***
minigus575: folds
Uncalled bet ($2) returned to AzureCaper
AzureCaper collected $2 from pot
AzureCaper: doesn't show hand
*** SUMMARY ***
Total pot $2 | Rake $0
Seat 3: minigus575 (button) (small blind) folded before Flop
Seat 4: AzureCaper (big blind) collected ($2)


PokerStars Hand #150979156801:  Hold'em Limit ($3/$6 USD) - 2016/03/26 17:44:19 ET
Table 'Agapenor' 6-max Seat #4 is the button
Seat 3: minigus575 ($100.15 in chips)
Seat 4: AzureCaper ($86.28 in chips)
AzureCaper: posts small blind $1
minigus575: posts big blind $3
*** HOLE CARDS ***
AzureCaper: raises $3 to $6
minigus575: raises $3 to $9
AzureCaper: calls $3
*** FLOP *** [Kc 7d 3d]
minigus575: bets $3
AzureCaper: folds
Uncalled bet ($3) returned to minigus575
minigus575 collected $17.64 from pot
minigus575: doesn't show hand
*** SUMMARY ***
Total pot $18 | Rake $0.36
Board [Kc 7d 3d]
Seat 3: minigus575 (big blind) collected ($17.64)
Seat 4: AzureCaper (button) (small blind) folded on the Flop


PokerStars Hand #150979171343:  Hold'em Limit ($3/$6 USD) - 2016/03/26 17:44:36 ET
Table 'Agapenor' 6-max Seat #4 is the button
Seat 3: minigus575 ($107.79 in chips)
Seat 4: AzureCaper ($78.28 in chips)
AzureCaper: posts small blind $1
minigus575: posts big blind $3
*** HOLE CARDS ***
AzureCaper: folds
Uncalled bet ($2) returned to minigus575
minigus575 collected $2 from pot
minigus575: doesn't show hand
*** SUMMARY ***
Total pot $2 | Rake $0
Seat 3: minigus575 (big blind) collected ($2)
Seat 4: AzureCaper (button) (small blind) folded before Flop


PokerStars Hand #150979175094:  Hold'em Limit ($3/$6 USD) - 2016/03/26 17:44:40 ET
Table 'Agapenor' 6-max Seat #3 is the button
Seat 3: minigus575 ($108.79 in chips)
Seat 4: AzureCaper ($77.28 in chips)
minigus575: posts small blind $1
AzureCaper: posts big blind $3
*** HOLE CARDS ***
minigus575: raises $3 to $6
AzureCaper: raises $3 to $9
minigus575: calls $3
*** FLOP *** [5d 5h Kc]
maksi670 joins the table at seat #6
AzureCaper: bets $3
minigus575: calls $3
*** TURN *** [5d 5h Kc] [Ks]
AzureCaper: bets $6
minigus575: folds
Uncalled bet ($6) returned to AzureCaper
AzureCaper collected $23.52 from pot
AzureCaper: doesn't show hand
*** SUMMARY ***
Total pot $24 | Rake $0.48
Board [5d 5h Kc Ks]
Seat 3: minigus575 (button) (small blind) folded on the Turn
Seat 4: AzureCaper (big blind) collected ($23.52)


