PokerStars Hand #146275801065:  Hold'em Limit ($3/$6 USD) - 2016/01/01 11:34:42 ET
Table 'Agapenor II' 6-max Seat #2 is the button
Seat 1: LolDnkaments ($72 in chips)
Seat 2: gorcea_vs ($102.68 in chips)
gorcea_vs: posts small blind $1
LolDnkaments: posts big blind $3
*** HOLE CARDS ***
gorcea_vs: folds
Uncalled bet ($2) returned to LolDnkaments
LolDnkaments collected $2 from pot
LolDnkaments: doesn't show hand
*** SUMMARY ***
Total pot $2 | Rake $0
Seat 1: LolDnkaments (big blind) collected ($2)
Seat 2: gorcea_vs (button) (small blind) folded before Flop


PokerStars Hand #146275773663:  Hold'em Limit ($3/$6 USD) - 2016/01/01 11:34:08 ET
Table 'Agapenor II' 6-max Seat #1 is the button
Seat 1: LolDnkaments ($72 in chips)
Seat 2: gorcea_vs ($88.18 in chips)
LolDnkaments: posts small blind $1
gorcea_vs: posts big blind $3
*** HOLE CARDS ***
LolDnkaments: raises $3 to $6
gorcea_vs: calls $3
*** FLOP *** [8h 6c 8s]
gorcea_vs: checks
LolDnkaments: bets $3
gorcea_vs: calls $3
*** TURN *** [8h 6c 8s] [9s]
gorcea_vs: checks
LolDnkaments: checks
*** RIVER *** [8h 6c 8s 9s] [9d]
gorcea_vs: bets $6
LolDnkaments: calls $6
*** SHOW DOWN ***
gorcea_vs: shows [2h 9h] (a full house, Nines full of Eights)
LolDnkaments: mucks hand
gorcea_vs collected $29.50 from pot
*** SUMMARY ***
Total pot $30 | Rake $0.50
Board [8h 6c 8s 9s 9d]
Seat 1: LolDnkaments (button) (small blind) mucked
Seat 2: gorcea_vs (big blind) showed [2h 9h] and won ($29.50) with a full house, Nines full of Eights


PokerStars Hand #146275760232:  Hold'em Limit ($3/$6 USD) - 2016/01/01 11:33:51 ET
Table 'Agapenor II' 6-max Seat #2 is the button
Seat 1: LolDnkaments ($75 in chips)
Seat 2: gorcea_vs ($82.42 in chips)
gorcea_vs: posts small blind $1
LolDnkaments: posts big blind $3
*** HOLE CARDS ***
gorcea_vs: raises $3 to $6
LolDnkaments: calls $3
*** FLOP *** [Ks Js 7s]
LolDnkaments: checks
gorcea_vs: bets $3
LolDnkaments: folds
Uncalled bet ($3) returned to gorcea_vs
gorcea_vs collected $11.76 from pot
gorcea_vs: doesn't show hand
*** SUMMARY ***
Total pot $12 | Rake $0.24
Board [Ks Js 7s]
Seat 1: LolDnkaments (big blind) folded on the Flop
Seat 2: gorcea_vs (button) (small blind) collected ($11.76)


PokerStars Hand #146275850027:  Hold'em Limit ($3/$6 USD) - 2016/01/01 11:35:43 ET
Table 'Agapenor II' 6-max Seat #1 is the button
Seat 1: LolDnkaments ($83.52 in chips)
Seat 2: gorcea_vs ($98.32 in chips)
LolDnkaments: posts small blind $1
gorcea_vs: posts big blind $3
*** HOLE CARDS ***
LolDnkaments: folds
Uncalled bet ($2) returned to gorcea_vs
gorcea_vs collected $2 from pot
gorcea_vs: doesn't show hand
*** SUMMARY ***
Total pot $2 | Rake $0
Seat 1: LolDnkaments (button) (small blind) folded before Flop
Seat 2: gorcea_vs (big blind) collected ($2)


PokerStars Hand #146275829145:  Hold'em Limit ($3/$6 USD) - 2016/01/01 11:35:17 ET
Table 'Agapenor II' 6-max Seat #2 is the button
Seat 1: LolDnkaments ($72 in chips)
Seat 2: gorcea_vs ($110.32 in chips)
gorcea_vs: posts small blind $1
LolDnkaments: posts big blind $3
*** HOLE CARDS ***
gorcea_vs: raises $3 to $6
LolDnkaments: raises $3 to $9
gorcea_vs: calls $3
*** FLOP *** [6h Qc 8s]
LolDnkaments: bets $3
gorcea_vs: calls $3
*** TURN *** [6h Qc 8s] [9h]
LolDnkaments: bets $6
gorcea_vs: folds
Uncalled bet ($6) returned to LolDnkaments
LolDnkaments collected $23.52 from pot
LolDnkaments: doesn't show hand
*** SUMMARY ***
Total pot $24 | Rake $0.48
Board [6h Qc 8s 9h]
Seat 1: LolDnkaments (big blind) collected ($23.52)
Seat 2: gorcea_vs (button) (small blind) folded on the Turn


PokerStars Hand #146275806419:  Hold'em Limit ($3/$6 USD) - 2016/01/01 11:34:49 ET
Table 'Agapenor II' 6-max Seat #1 is the button
Seat 1: LolDnkaments ($73 in chips)
Seat 2: gorcea_vs ($101.68 in chips)
LolDnkaments: posts small blind $1
gorcea_vs: posts big blind $3
*** HOLE CARDS ***
LolDnkaments: raises $3 to $6
gorcea_vs: calls $3
*** FLOP *** [Ah 6d 4s]
gorcea_vs: checks
LolDnkaments: bets $3
gorcea_vs: calls $3
*** TURN *** [Ah 6d 4s] [5d]
gorcea_vs: checks
LolDnkaments: checks
*** RIVER *** [Ah 6d 4s 5d] [2d]
gorcea_vs: checks
LolDnkaments: checks
*** SHOW DOWN ***
gorcea_vs: shows [Td 4c] (a pair of Fours)
LolDnkaments: mucks hand
gorcea_vs collected $17.64 from pot
*** SUMMARY ***
Total pot $18 | Rake $0.36
Board [Ah 6d 4s 5d 2d]
Seat 1: LolDnkaments (button) (small blind) mucked
Seat 2: gorcea_vs (big blind) showed [Td 4c] and won ($17.64) with a pair of Fours


PokerStars Hand #146275855997:  Hold'em Limit ($3/$6 USD) - 2016/01/01 11:35:51 ET
Table 'Agapenor II' 6-max Seat #2 is the button
Seat 1: LolDnkaments ($82.52 in chips)
Seat 2: gorcea_vs ($99.32 in chips)
gorcea_vs: posts small blind $1
LolDnkaments: posts big blind $3
*** HOLE CARDS ***
gorcea_vs: raises $3 to $6
LolDnkaments: raises $3 to $9
gorcea_vs: calls $3
*** FLOP *** [7h 8s 3h]
LolDnkaments: bets $3
gorcea_vs: calls $3
*** TURN *** [7h 8s 3h] [7s]
LolDnkaments: bets $6
gorcea_vs: calls $6
*** RIVER *** [7h 8s 3h 7s] [5s]
LolDnkaments: bets $6
gorcea_vs: calls $6
*** SHOW DOWN ***
LolDnkaments: shows [Kh Ad] (a pair of Sevens)
gorcea_vs: shows [3d 8d] (two pair, Eights and Sevens)
gorcea_vs collected $47.50 from pot
*** SUMMARY ***
Total pot $48 | Rake $0.50
Board [7h 8s 3h 7s 5s]
Seat 1: LolDnkaments (big blind) showed [Kh Ad] and lost with a pair of Sevens
Seat 2: gorcea_vs (button) (small blind) showed [3d 8d] and won ($47.50) with two pair, Eights and Sevens


PokerStars Hand #146275889751:  Hold'em Limit ($3/$6 USD) - 2016/01/01 11:36:33 ET
Table 'Agapenor II' 6-max Seat #1 is the button
Seat 1: LolDnkaments ($72 in chips)
Seat 2: gorcea_vs ($122.82 in chips)
LolDnkaments: posts small blind $1
gorcea_vs: posts big blind $3
*** HOLE CARDS ***
LolDnkaments: raises $3 to $6
gorcea_vs: calls $3
*** FLOP *** [8d 4s As]
chrispy12345 joins the table at seat #3
gorcea_vs: checks
LolDnkaments: bets $3
gorcea_vs: calls $3
*** TURN *** [8d 4s As] [Qd]
gorcea_vs: checks
LolDnkaments: bets $6
gorcea_vs: calls $6
*** RIVER *** [8d 4s As Qd] [Ts]
gorcea_vs: checks
LolDnkaments: bets $6
gorcea_vs: calls $6
*** SHOW DOWN ***
LolDnkaments: shows [Js 6s] (a flush, Ace high)
gorcea_vs: mucks hand
LolDnkaments collected $41.50 from pot
*** SUMMARY ***
Total pot $42 | Rake $0.50
Board [8d 4s As Qd Ts]
Seat 1: LolDnkaments (button) (small blind) showed [Js 6s] and won ($41.50) with a flush, Ace high
Seat 2: gorcea_vs (big blind) mucked


PokerStars Hand #146276491666:  Hold'em Limit ($3/$6 USD) - 2016/01/01 11:48:51 ET
Table 'Agapenor II' 6-max Seat #2 is the button
Seat 1: LolDnkaments ($72 in chips)
Seat 2: gorcea_vs ($135.63 in chips)
gorcea_vs: posts small blind $1
lelala: is sitting out
LolDnkaments: posts big blind $3
*** HOLE CARDS ***
lelala leaves the table
gorcea_vs: raises $3 to $6
LolDnkaments: raises $3 to $9
gorcea_vs: calls $3
*** FLOP *** [8d 3h As]
LolDnkaments: bets $3
gorcea_vs: calls $3
*** TURN *** [8d 3h As] [2h]
LolDnkaments: checks
gorcea_vs: checks
*** RIVER *** [8d 3h As 2h] [4d]
LolDnkaments: checks
gorcea_vs: checks
*** SHOW DOWN ***
LolDnkaments: shows [Jd Qh] (high card Ace)
gorcea_vs: shows [6c 6s] (a pair of Sixes)
gorcea_vs collected $23.52 from pot
*** SUMMARY ***
Total pot $24 | Rake $0.48
Board [8d 3h As 2h 4d]
Seat 1: LolDnkaments (big blind) showed [Jd Qh] and lost with high card Ace
Seat 2: gorcea_vs (button) (small blind) showed [6c 6s] and won ($23.52) with a pair of Sixes


PokerStars Hand #146276515560:  Hold'em Limit ($3/$6 USD) - 2016/01/01 11:49:21 ET
Table 'Agapenor II' 6-max Seat #1 is the button
Seat 1: LolDnkaments ($72 in chips)
Seat 2: gorcea_vs ($147.15 in chips)
LolDnkaments: posts small blind $1
gorcea_vs: posts big blind $3
*** HOLE CARDS ***
LolDnkaments: raises $3 to $6
gorcea_vs: calls $3
*** FLOP *** [8s 5c 8d]
gorcea_vs: checks
LolDnkaments: bets $3
gorcea_vs: calls $3
*** TURN *** [8s 5c 8d] [Ac]
gorcea_vs: checks
LolDnkaments: bets $6
gorcea_vs: folds
Uncalled bet ($6) returned to LolDnkaments
LolDnkaments collected $17.64 from pot
LolDnkaments: doesn't show hand
*** SUMMARY ***
Total pot $18 | Rake $0.36
Board [8s 5c 8d Ac]
Seat 1: LolDnkaments (button) (small blind) collected ($17.64)
Seat 2: gorcea_vs (big blind) folded on the Turn


PokerStars Hand #146281970222:  Hold'em Limit ($3/$6 USD) - 2016/01/01 13:33:19 ET
Table 'Agapenor II' 6-max Seat #3 is the button
Seat 1: Zubasa07 ($584.34 in chips)
Seat 3: veryfishy45 ($148.85 in chips)
veryfishy45: posts small blind $1
Zubasa07: posts big blind $3
*** HOLE CARDS ***
chroettu leaves the table
veryfishy45: folds
Uncalled bet ($2) returned to Zubasa07
Zubasa07 collected $2 from pot
Zubasa07: doesn't show hand
*** SUMMARY ***
Total pot $2 | Rake $0
Seat 1: Zubasa07 (big blind) collected ($2)
Seat 3: veryfishy45 (button) (small blind) folded before Flop


PokerStars Hand #146283481061:  Hold'em Limit ($3/$6 USD) - 2016/01/01 14:01:31 ET
Table 'Agapenor II' 6-max Seat #3 is the button
Seat 3: covasa andre ($46.16 in chips)
Seat 4: Azrarn ($72 in chips)
covasa andre: posts small blind $1
Azrarn: posts big blind $3
*** HOLE CARDS ***
covasa andre: calls $2
Azrarn: checks
*** FLOP *** [Qd Tc 6h]
Azrarn: checks
covasa andre: checks
*** TURN *** [Qd Tc 6h] [6s]
Azrarn: checks
covasa andre: checks
*** RIVER *** [Qd Tc 6h 6s] [8c]
Azrarn: bets $6
covasa andre: raises $6 to $12
Azrarn: folds
Uncalled bet ($6) returned to covasa andre
covasa andre collected $17.64 from pot
covasa andre: doesn't show hand
*** SUMMARY ***
Total pot $18 | Rake $0.36
Board [Qd Tc 6h 6s 8c]
Seat 3: covasa andre (button) (small blind) collected ($17.64)
Seat 4: Azrarn (big blind) folded on the River


PokerStars Hand #146283530570:  Hold'em Limit ($3/$6 USD) - 2016/01/01 14:02:25 ET
Table 'Agapenor II' 6-max Seat #4 is the button
Seat 3: covasa andre ($54.80 in chips)
Seat 4: Azrarn ($72 in chips)
Azrarn: posts small blind $1
covasa andre: posts big blind $3
*** HOLE CARDS ***
Azrarn: raises $3 to $6
covasa andre: calls $3
*** FLOP *** [Th Kd 5s]
covasa andre: checks
Azrarn: bets $3
covasa andre: folds
Uncalled bet ($3) returned to Azrarn
Azrarn collected $11.76 from pot
Azrarn: doesn't show hand
*** SUMMARY ***
Total pot $12 | Rake $0.24
Board [Th Kd 5s]
Seat 3: covasa andre (big blind) folded on the Flop
Seat 4: Azrarn (button) (small blind) collected ($11.76)


PokerStars Hand #146283588092:  Hold'em Limit ($3/$6 USD) - 2016/01/01 14:03:26 ET
Table 'Agapenor II' 6-max Seat #4 is the button
Seat 3: covasa andre ($36.80 in chips)
Seat 4: Azrarn ($89.28 in chips)
Azrarn: posts small blind $1
covasa andre: posts big blind $3
*** HOLE CARDS ***
Azrarn: raises $3 to $6
covasa andre: calls $3
*** FLOP *** [Kd 6s As]
covasa andre: checks
Azrarn: bets $3
covasa andre: folds
Uncalled bet ($3) returned to Azrarn
Azrarn collected $11.76 from pot
Azrarn: doesn't show hand
*** SUMMARY ***
Total pot $12 | Rake $0.24
Board [Kd 6s As]
Seat 3: covasa andre (big blind) folded on the Flop
Seat 4: Azrarn (button) (small blind) collected ($11.76)


PokerStars Hand #146283547427:  Hold'em Limit ($3/$6 USD) - 2016/01/01 14:02:42 ET
Table 'Agapenor II' 6-max Seat #3 is the button
Seat 3: covasa andre ($48.80 in chips)
Seat 4: Azrarn ($77.76 in chips)
covasa andre: posts small blind $1
Azrarn: posts big blind $3
*** HOLE CARDS ***
covasa andre: raises $3 to $6
Azrarn: calls $3
*** FLOP *** [6d 3c Ad]
Azrarn: checks
covasa andre: bets $3
Azrarn: raises $3 to $6
covasa andre: calls $3
*** TURN *** [6d 3c Ad] [2d]
Azrarn: bets $6
covasa andre: folds
Uncalled bet ($6) returned to Azrarn
Azrarn collected $23.52 from pot
Azrarn: doesn't show hand
*** SUMMARY ***
Total pot $24 | Rake $0.48
Board [6d 3c Ad 2d]
Seat 3: covasa andre (button) (small blind) folded on the Turn
Seat 4: Azrarn (big blind) collected ($23.52)


PokerStars Hand #146283575510:  Hold'em Limit ($3/$6 USD) - 2016/01/01 14:03:13 ET
Table 'Agapenor II' 6-max Seat #4 is the button
Seat 3: covasa andre ($36.80 in chips)
Seat 4: Azrarn ($89.28 in chips)
Azrarn: posts small blind $1
covasa andre: posts big blind $3
*** HOLE CARDS ***
Azrarn: folds
Uncalled bet ($2) returned to covasa andre
covasa andre collected $2 from pot
covasa andre: doesn't show hand
*** SUMMARY ***
Total pot $2 | Rake $0
Seat 3: covasa andre (big blind) collected ($2)
Seat 4: Azrarn (button) (small blind) folded before Flop


PokerStars Hand #146283615631:  Hold'em Limit ($3/$6 USD) - 2016/01/01 14:03:55 ET
Table 'Agapenor II' 6-max Seat #4 is the button
Seat 3: covasa andre ($36.56 in chips)
Seat 4: Azrarn ($89.04 in chips)
Azrarn: posts small blind $1
covasa andre: posts big blind $3
*** HOLE CARDS ***
Azrarn: raises $3 to $6
covasa andre: calls $3
*** FLOP *** [3c 5d Tc]
covasa andre: bets $3
Azrarn: calls $3
*** TURN *** [3c 5d Tc] [As]
covasa andre: checks
Azrarn: bets $6
covasa andre: folds
Uncalled bet ($6) returned to Azrarn
Azrarn collected $17.64 from pot
Azrarn: doesn't show hand
*** SUMMARY ***
Total pot $18 | Rake $0.36
Board [3c 5d Tc As]
Seat 3: covasa andre (big blind) folded on the Turn
Seat 4: Azrarn (button) (small blind) collected ($17.64)


PokerStars Hand #146283663068:  Hold'em Limit ($3/$6 USD) - 2016/01/01 14:04:45 ET
Table 'Agapenor II' 6-max Seat #3 is the button
Seat 3: covasa andre ($23.56 in chips)
Seat 4: Azrarn ($101.68 in chips)
covasa andre: posts small blind $1
Azrarn: posts big blind $3
*** HOLE CARDS ***
covasa andre: folds
Uncalled bet ($2) returned to Azrarn
Azrarn collected $2 from pot
Azrarn: doesn't show hand
*** SUMMARY ***
Total pot $2 | Rake $0
Seat 3: covasa andre (button) (small blind) folded before Flop
Seat 4: Azrarn (big blind) collected ($2)


PokerStars Hand #146283656029:  Hold'em Limit ($3/$6 USD) - 2016/01/01 14:04:38 ET
Table 'Agapenor II' 6-max Seat #4 is the button
Seat 3: covasa andre ($26.56 in chips)
Seat 4: Azrarn ($98.68 in chips)
Azrarn: posts small blind $1
covasa andre: posts big blind $3
*** HOLE CARDS ***
Azrarn: raises $3 to $6
covasa andre: folds
Uncalled bet ($3) returned to Azrarn
Azrarn collected $6 from pot
Azrarn: doesn't show hand
*** SUMMARY ***
Total pot $6 | Rake $0
Seat 3: covasa andre (big blind) folded before Flop
Seat 4: Azrarn (button) (small blind) collected ($6)


PokerStars Hand #146283601254:  Hold'em Limit ($3/$6 USD) - 2016/01/01 14:03:40 ET
Table 'Agapenor II' 6-max Seat #3 is the button
Seat 3: covasa andre ($30.80 in chips)
Seat 4: Azrarn ($95.04 in chips)
covasa andre: posts small blind $1
Azrarn: posts big blind $3
*** HOLE CARDS ***
covasa andre: raises $3 to $6
Azrarn: calls $3
*** FLOP *** [6h 8h 2h]
Azrarn: checks
covasa andre: bets $3
Azrarn: folds
Uncalled bet ($3) returned to covasa andre
covasa andre collected $11.76 from pot
covasa andre: doesn't show hand
*** SUMMARY ***
Total pot $12 | Rake $0.24
Board [6h 8h 2h]
Seat 3: covasa andre (button) (small blind) collected ($11.76)
Seat 4: Azrarn (big blind) folded on the Flop


PokerStars Hand #146283667641:  Hold'em Limit ($3/$6 USD) - 2016/01/01 14:04:50 ET
Table 'Agapenor II' 6-max Seat #4 is the button
Seat 3: covasa andre ($22.56 in chips)
Seat 4: Azrarn ($102.68 in chips)
Azrarn: posts small blind $1
covasa andre: posts big blind $3
*** HOLE CARDS ***
Azrarn: raises $3 to $6
covasa andre: raises $3 to $9
DirtyDouble2 joins the table at seat #1
Azrarn: calls $3
*** FLOP *** [7s 9s 6d]
covasa andre: bets $3
Azrarn: folds
Uncalled bet ($3) returned to covasa andre
covasa andre collected $17.64 from pot
covasa andre: doesn't show hand
*** SUMMARY ***
Total pot $18 | Rake $0.36
Board [7s 9s 6d]
Seat 3: covasa andre (big blind) collected ($17.64)
Seat 4: Azrarn (button) (small blind) folded on the Flop


PokerStars Hand #146283707273:  Hold'em Limit ($3/$6 USD) - 2016/01/01 14:05:32 ET
Table 'Agapenor II' 6-max Seat #3 is the button
Seat 3: covasa andre ($31.20 in chips)
Seat 4: Azrarn ($93.68 in chips)
covasa andre: posts small blind $1
Azrarn: posts big blind $3
*** HOLE CARDS ***
covasa andre: folds
Uncalled bet ($2) returned to Azrarn
Azrarn collected $2 from pot
Azrarn: doesn't show hand
*** SUMMARY ***
Total pot $2 | Rake $0
Seat 3: covasa andre (button) (small blind) folded before Flop
Seat 4: Azrarn (big blind) collected ($2)


PokerStars Hand #146285390217:  Hold'em Limit ($3/$6 USD) - 2016/01/01 14:35:03 ET
Table 'Agapenor II' 6-max Seat #3 is the button
Seat 1: stasschi ($109 in chips)
Seat 3: LukaSteel ($149.44 in chips)
LukaSteel: posts small blind $1
Kajind: is sitting out
stasschi: posts big blind $3
*** HOLE CARDS ***
Kajind leaves the table
LukaSteel: raises $3 to $6
stasschi: folds
Uncalled bet ($3) returned to LukaSteel
LukaSteel collected $6 from pot
LukaSteel: doesn't show hand
*** SUMMARY ***
Total pot $6 | Rake $0
Seat 1: stasschi (big blind) folded before Flop
Seat 3: LukaSteel (button) (small blind) collected ($6)


PokerStars Hand #146285399286:  Hold'em Limit ($3/$6 USD) - 2016/01/01 14:35:12 ET
Table 'Agapenor II' 6-max Seat #1 is the button
Seat 1: stasschi ($106 in chips)
Seat 3: LukaSteel ($152.44 in chips)
stasschi: posts small blind $1
LukaSteel: posts big blind $3
*** HOLE CARDS ***
stasschi: raises $3 to $6
LukaSteel: calls $3
*** FLOP *** [7h Tc 3c]
LukaSteel: checks
stasschi: bets $3
LukaSteel: folds
Uncalled bet ($3) returned to stasschi
stasschi collected $11.76 from pot
*** SUMMARY ***
Total pot $12 | Rake $0.24
Board [7h Tc 3c]
Seat 1: stasschi (button) (small blind) collected ($11.76)
Seat 3: LukaSteel (big blind) folded on the Flop


