PokerStars Hand #146519748218:  Hold'em Limit ($3/$6 USD) - 2016/01/05 13:37:36 ET
Table 'Agapenor III' 6-max Seat #2 is the button
Seat 2: LolDnkaments ($78.21 in chips)
Seat 4: Norbert-04 ($175.93 in chips)
LolDnkaments: posts small blind $1
72bestcard: is sitting out
Norbert-04: posts big blind $3
*** HOLE CARDS ***
LolDnkaments: raises $3 to $6
Norbert-04: folds
Uncalled bet ($3) returned to LolDnkaments
LolDnkaments collected $6 from pot
LolDnkaments: doesn't show hand
*** SUMMARY ***
Total pot $6 | Rake $0
Seat 2: LolDnkaments (button) (small blind) collected ($6)
Seat 4: Norbert-04 (big blind) folded before Flop


PokerStars Hand #146519759274:  Hold'em Limit ($3/$6 USD) - 2016/01/05 13:37:47 ET
Table 'Agapenor III' 6-max Seat #4 is the button
Seat 2: LolDnkaments ($81.21 in chips)
Seat 4: Norbert-04 ($172.93 in chips)
Norbert-04: posts small blind $1
LolDnkaments: posts big blind $3
*** HOLE CARDS ***
Norbert-04: raises $3 to $6
LolDnkaments: calls $3
*** FLOP *** [6s Qh Ac]
B_loJkl leaves the table
LolDnkaments: checks
Norbert-04: bets $3
LolDnkaments: raises $3 to $6
Norbert-04: calls $3
*** TURN *** [6s Qh Ac] [9h]
LolDnkaments: bets $6
Norbert-04: calls $6
*** RIVER *** [6s Qh Ac 9h] [8d]
LolDnkaments: bets $6
B_loJkl joins the table at seat #5
Norbert-04: folds
Uncalled bet ($6) returned to LolDnkaments
LolDnkaments collected $35.50 from pot
LolDnkaments: doesn't show hand
*** SUMMARY ***
Total pot $36 | Rake $0.50
Board [6s Qh Ac 9h 8d]
Seat 2: LolDnkaments (big blind) collected ($35.50)
Seat 4: Norbert-04 (button) (small blind) folded on the River


PokerStars Hand #146519777723:  Hold'em Limit ($3/$6 USD) - 2016/01/05 13:38:06 ET
Table 'Agapenor III' 6-max Seat #2 is the button
Seat 2: LolDnkaments ($98.71 in chips)
Seat 4: Norbert-04 ($154.93 in chips)
LolDnkaments: posts small blind $1
Norbert-04: posts big blind $3
*** HOLE CARDS ***
TheWizKids joins the table at seat #1
LolDnkaments: raises $3 to $6
72bestcard leaves the table
Norbert-04: calls $3
*** FLOP *** [4d 7c 8c]
Norbert-04: checks
LolDnkaments: checks
*** TURN *** [4d 7c 8c] [8h]
Norbert-04: checks
LolDnkaments: checks
*** RIVER *** [4d 7c 8c 8h] [2d]
Norbert-04: checks
LolDnkaments: bets $6
Norbert-04: folds
Uncalled bet ($6) returned to LolDnkaments
LolDnkaments collected $11.76 from pot
LolDnkaments: doesn't show hand
*** SUMMARY ***
Total pot $12 | Rake $0.24
Board [4d 7c 8c 8h 2d]
Seat 2: LolDnkaments (button) (small blind) collected ($11.76)
Seat 4: Norbert-04 (big blind) folded on the River


PokerStars Hand #146532322890:  Hold'em Limit ($3/$6 USD) - 2016/01/05 16:59:52 ET
Table 'Agapenor III' 6-max Seat #2 is the button
Seat 2: musto111 ($46.66 in chips)
Seat 5: ElverGalinda ($217.96 in chips)
musto111: posts small blind $1
italianhero4: is sitting out
ElverGalinda: posts big blind $3
*** HOLE CARDS ***
musto111: raises $3 to $6
ElverGalinda: calls $3
*** FLOP *** [Ac 6c Th]
italianhero4 leaves the table
ElverGalinda: checks
musto111: bets $3
ElverGalinda: folds
Uncalled bet ($3) returned to musto111
musto111 collected $11.76 from pot
*** SUMMARY ***
Total pot $12 | Rake $0.24
Board [Ac 6c Th]
Seat 2: musto111 (button) (small blind) collected ($11.76)
Seat 5: ElverGalinda (big blind) folded on the Flop


PokerStars Hand #146532350438:  Hold'em Limit ($3/$6 USD) - 2016/01/05 17:00:23 ET
Table 'Agapenor III' 6-max Seat #2 is the button
Seat 2: musto111 ($28.42 in chips)
Seat 5: ElverGalinda ($235.46 in chips)
musto111: posts small blind $1
ElverGalinda: posts big blind $3
*** HOLE CARDS ***
musto111: folds
Uncalled bet ($2) returned to ElverGalinda
Tools73 leaves the table
ElverGalinda collected $2 from pot
*** SUMMARY ***
Total pot $2 | Rake $0
Seat 2: musto111 (button) (small blind) folded before Flop
Seat 5: ElverGalinda (big blind) collected ($2)


PokerStars Hand #146532332948:  Hold'em Limit ($3/$6 USD) - 2016/01/05 17:00:03 ET
Table 'Agapenor III' 6-max Seat #5 is the button
Seat 2: musto111 ($52.42 in chips)
Seat 5: ElverGalinda ($211.96 in chips)
ElverGalinda: posts small blind $1
musto111: posts big blind $3
*** HOLE CARDS ***
ElverGalinda: raises $3 to $6
musto111: raises $3 to $9
Tools73 said, "your a DONK"
ElverGalinda: calls $3
*** FLOP *** [5d Qh Ks]
musto111: bets $3
ElverGalinda: calls $3
*** TURN *** [5d Qh Ks] [Jd]
musto111: bets $6
ElverGalinda: raises $6 to $12
Tools73 said, "mexican DONK"
musto111: calls $6
*** RIVER *** [5d Qh Ks Jd] [2d]
musto111: checks
ElverGalinda: bets $6
musto111: folds
Uncalled bet ($6) returned to ElverGalinda
ElverGalinda collected $47.50 from pot
*** SUMMARY ***
Total pot $48 | Rake $0.50
Board [5d Qh Ks Jd 2d]
Seat 2: musto111 (big blind) folded on the River
Seat 5: ElverGalinda (button) (small blind) collected ($47.50)


PokerStars Hand #146532354700:  Hold'em Limit ($3/$6 USD) - 2016/01/05 17:00:28 ET
Table 'Agapenor III' 6-max Seat #5 is the button
Seat 2: musto111 ($27.42 in chips)
Seat 5: ElverGalinda ($236.46 in chips)
ElverGalinda: posts small blind $1
musto111: posts big blind $3
*** HOLE CARDS ***
ElverGalinda: raises $3 to $6
musto111: calls $3
*** FLOP *** [3d 8s Ac]
musto111: checks
ElverGalinda: bets $3
musto111: folds
Uncalled bet ($3) returned to ElverGalinda
ElverGalinda collected $11.76 from pot
*** SUMMARY ***
Total pot $12 | Rake $0.24
Board [3d 8s Ac]
Seat 2: musto111 (big blind) folded on the Flop
Seat 5: ElverGalinda (button) (small blind) collected ($11.76)


PokerStars Hand #146532366584:  Hold'em Limit ($3/$6 USD) - 2016/01/05 17:00:42 ET
Table 'Agapenor III' 6-max Seat #2 is the button
Seat 2: musto111 ($81.42 in chips)
Seat 5: ElverGalinda ($242.22 in chips)
musto111: posts small blind $1
ElverGalinda: posts big blind $3
*** HOLE CARDS ***
musto111: raises $3 to $6
ElverGalinda: raises $3 to $9
musto111: calls $3
*** FLOP *** [Th Js 7d]
ElverGalinda: bets $3
musto111: calls $3
*** TURN *** [Th Js 7d] [Ah]
ElverGalinda: bets $6
musto111: calls $6
*** RIVER *** [Th Js 7d Ah] [2c]
ElverGalinda: bets $6
musto111: calls $6
*** SHOW DOWN ***
ElverGalinda: shows [5s As] (a pair of Aces)
musto111: mucks hand
ElverGalinda collected $47.50 from pot
*** SUMMARY ***
Total pot $48 | Rake $0.50
Board [Th Js 7d Ah 2c]
Seat 2: musto111 (button) (small blind) mucked
Seat 5: ElverGalinda (big blind) showed [5s As] and won ($47.50) with a pair of Aces


PokerStars Hand #146532386485:  Hold'em Limit ($3/$6 USD) - 2016/01/05 17:01:03 ET
Table 'Agapenor III' 6-max Seat #2 is the button
Seat 2: musto111 ($58.42 in chips)
Seat 5: ElverGalinda ($264.72 in chips)
musto111: posts small blind $1
ElverGalinda: posts big blind $3
*** HOLE CARDS ***
musto111: folds
Uncalled bet ($2) returned to ElverGalinda
ElverGalinda collected $2 from pot
*** SUMMARY ***
Total pot $2 | Rake $0
Seat 2: musto111 (button) (small blind) folded before Flop
Seat 5: ElverGalinda (big blind) collected ($2)


PokerStars Hand #146532381943:  Hold'em Limit ($3/$6 USD) - 2016/01/05 17:00:58 ET
Table 'Agapenor III' 6-max Seat #5 is the button
Seat 2: musto111 ($57.42 in chips)
Seat 5: ElverGalinda ($265.72 in chips)
ElverGalinda: posts small blind $1
musto111: posts big blind $3
*** HOLE CARDS ***
ElverGalinda: folds
Uncalled bet ($2) returned to musto111
musto111 collected $2 from pot
*** SUMMARY ***
Total pot $2 | Rake $0
Seat 2: musto111 (big blind) collected ($2)
Seat 5: ElverGalinda (button) (small blind) folded before Flop


PokerStars Hand #146532390604:  Hold'em Limit ($3/$6 USD) - 2016/01/05 17:01:08 ET
Table 'Agapenor III' 6-max Seat #5 is the button
Seat 2: musto111 ($57.42 in chips)
Seat 5: ElverGalinda ($265.72 in chips)
ElverGalinda: posts small blind $1
musto111: posts big blind $3
*** HOLE CARDS ***
ElverGalinda: raises $3 to $6
musto111: calls $3
*** FLOP *** [3c 2d 7c]
musto111: checks
ElverGalinda: bets $3
musto111: calls $3
*** TURN *** [3c 2d 7c] [Ah]
musto111: checks
ElverGalinda: bets $6
musto111: folds
Uncalled bet ($6) returned to ElverGalinda
ElverGalinda collected $17.64 from pot
*** SUMMARY ***
Total pot $18 | Rake $0.36
Board [3c 2d 7c Ah]
Seat 2: musto111 (big blind) folded on the Turn
Seat 5: ElverGalinda (button) (small blind) collected ($17.64)


PokerStars Hand #146532407690:  Hold'em Limit ($3/$6 USD) - 2016/01/05 17:01:26 ET
Table 'Agapenor III' 6-max Seat #2 is the button
Seat 2: musto111 ($48.42 in chips)
Seat 5: ElverGalinda ($274.36 in chips)
musto111: posts small blind $1
ElverGalinda: posts big blind $3
*** HOLE CARDS ***
musto111: raises $3 to $6
ElverGalinda: calls $3
*** FLOP *** [3h 9s 2h]
ElverGalinda: checks
musto111: bets $3
ElverGalinda: folds
Uncalled bet ($3) returned to musto111
musto111 collected $11.76 from pot
*** SUMMARY ***
Total pot $12 | Rake $0.24
Board [3h 9s 2h]
Seat 2: musto111 (button) (small blind) collected ($11.76)
Seat 5: ElverGalinda (big blind) folded on the Flop


