PokerStars Hand #145414559055:  Hold'em Limit ($3/$6 USD) - 2015/12/15 22:12:02 ET
Table 'Agapenor' 6-max Seat #1 is the button
Seat 1: Velbor107 ($300 in chips)
Seat 3: Fongo1 ($78 in chips)
Velbor107: posts small blind $1
Fongo1: posts big blind $3
*** HOLE CARDS ***
Velbor107: folds
Uncalled bet ($2) returned to Fongo1
Fongo1 collected $2 from pot
Fongo1: doesn't show hand
*** SUMMARY ***
Total pot $2 | Rake $0
Seat 1: Velbor107 (button) (small blind) folded before Flop
Seat 3: Fongo1 (big blind) collected ($2)


PokerStars Hand #145414561551:  Hold'em Limit ($3/$6 USD) - 2015/12/15 22:12:09 ET
Table 'Agapenor' 6-max Seat #3 is the button
Seat 1: Velbor107 ($299 in chips)
Seat 3: Fongo1 ($79 in chips)
Fongo1: posts small blind $1
Velbor107: posts big blind $3
*** HOLE CARDS ***
Fongo1: calls $2
Velbor107: checks
*** FLOP *** [8d 8c Qh]
Velbor107: checks
Fongo1: checks
*** TURN *** [8d 8c Qh] [Kh]
assitoni joins the table at seat #4
Velbor107: bets $6
Fongo1: folds
Uncalled bet ($6) returned to Velbor107
Velbor107 collected $5.88 from pot
*** SUMMARY ***
Total pot $6 | Rake $0.12
Board [8d 8c Qh Kh]
Seat 1: Velbor107 (big blind) collected ($5.88)
Seat 3: Fongo1 (button) (small blind) folded on the Turn


PokerStars Hand #145414570335:  Hold'em Limit ($3/$6 USD) - 2015/12/15 22:12:32 ET
Table 'Agapenor' 6-max Seat #1 is the button
Seat 1: Velbor107 ($301.88 in chips)
Seat 3: Fongo1 ($76 in chips)
Velbor107: posts small blind $1
Fongo1: posts big blind $3
*** HOLE CARDS ***
Velbor107: raises $3 to $6
Fongo1: calls $3
*** FLOP *** [Qs 2d 4c]
Fongo1: checks
Velbor107: bets $3
Fongo1: folds
Uncalled bet ($3) returned to Velbor107
Velbor107 collected $11.76 from pot
*** SUMMARY ***
Total pot $12 | Rake $0.24
Board [Qs 2d 4c]
Seat 1: Velbor107 (button) (small blind) collected ($11.76)
Seat 3: Fongo1 (big blind) folded on the Flop


