PokerStars Hand #146608631940:  Hold'em Limit ($3/$6 USD) - 2016/01/07 2:47:01 ET
Table 'Agapenor' 6-max Seat #1 is the button
Seat 1: Masqb ($140.50 in chips)
Seat 6: fire852181 ($78 in chips)
Masqb: posts small blind $1
fire852181: posts big blind $3
*** HOLE CARDS ***
Masqb: raises $3 to $6
fire852181: folds
Uncalled bet ($3) returned to Masqb
Masqb collected $6 from pot
Masqb: doesn't show hand
*** SUMMARY ***
Total pot $6 | Rake $0
Seat 1: Masqb (button) (small blind) collected ($6)
Seat 6: fire852181 (big blind) folded before Flop


PokerStars Hand #146608620080:  Hold'em Limit ($3/$6 USD) - 2016/01/07 2:46:22 ET
Table 'Agapenor' 6-max Seat #6 is the button
Seat 1: Masqb ($126 in chips)
Seat 6: fire852181 ($93 in chips)
fire852181: posts small blind $1
Masqb: posts big blind $3
*** HOLE CARDS ***
fire852181: calls $2
Masqb: checks
*** FLOP *** [3d 4s Qc]
Masqb: bets $3
fire852181: raises $3 to $6
Masqb: calls $3
*** TURN *** [3d 4s Qc] [7d]
Masqb: checks
fire852181: bets $6
Masqb: calls $6
*** RIVER *** [3d 4s Qc 7d] [Ac]
Masqb: checks
fire852181: checks
*** SHOW DOWN ***
Masqb: shows [Qh 5d] (a pair of Queens)
fire852181: mucks hand
Masqb collected $29.50 from pot
*** SUMMARY ***
Total pot $30 | Rake $0.50
Board [3d 4s Qc 7d Ac]
Seat 1: Masqb (big blind) showed [Qh 5d] and won ($29.50) with a pair of Queens
Seat 6: fire852181 (button) (small blind) mucked


PokerStars Hand #146608638440:  Hold'em Limit ($3/$6 USD) - 2016/01/07 2:47:09 ET
Table 'Agapenor' 6-max Seat #6 is the button
Seat 1: Masqb ($143.50 in chips)
Seat 6: fire852181 ($75 in chips)
fire852181: posts small blind $1
Masqb: posts big blind $3
*** HOLE CARDS ***
fire852181: raises $3 to $6
Masqb: calls $3
*** FLOP *** [9d Ac 2h]
Masqb: checks
fire852181: bets $3
Masqb: calls $3
*** TURN *** [9d Ac 2h] [8s]
Masqb: checks
fire852181: checks
*** RIVER *** [9d Ac 2h 8s] [6s]
kimbum9876 joins the table at seat #5
Masqb: checks
fire852181: checks
*** SHOW DOWN ***
Masqb: shows [Qs 2s] (a pair of Deuces)
fire852181: mucks hand
Masqb collected $17.64 from pot
*** SUMMARY ***
Total pot $18 | Rake $0.36
Board [9d Ac 2h 8s 6s]
Seat 1: Masqb (big blind) showed [Qs 2s] and won ($17.64) with a pair of Deuces
Seat 6: fire852181 (button) (small blind) mucked


