PokerStars Hand #150692144992:  Hold'em Limit ($3/$6 USD) - 2016/03/21 3:20:17 ET
Table 'Agapenor' 6-max Seat #4 is the button
Seat 1: 333ball ($33 in chips)
Seat 4: Agrotait ($69 in chips)
Agrotait: posts small blind $1
333ball: posts big blind $3
*** HOLE CARDS ***
Agrotait: raises $3 to $6
333ball: calls $3
*** FLOP *** [Ks 9h 8c]
333ball: checks
Agrotait: bets $3
333ball: folds
Uncalled bet ($3) returned to Agrotait
Agrotait collected $11.76 from pot
Agrotait: doesn't show hand
*** SUMMARY ***
Total pot $12 | Rake $0.24
Board [Ks 9h 8c]
Seat 1: 333ball (big blind) folded on the Flop
Seat 4: Agrotait (button) (small blind) collected ($11.76)


PokerStars Hand #150692149364:  Hold'em Limit ($3/$6 USD) - 2016/03/21 3:20:34 ET
Table 'Agapenor' 6-max Seat #1 is the button
Seat 1: 333ball ($27 in chips)
Seat 4: Agrotait ($74.76 in chips)
333ball: posts small blind $1
Agrotait: posts big blind $3
*** HOLE CARDS ***
333ball: raises $3 to $6
Agrotait: folds
Uncalled bet ($3) returned to 333ball
333ball collected $6 from pot
*** SUMMARY ***
Total pot $6 | Rake $0
Seat 1: 333ball (button) (small blind) collected ($6)
Seat 4: Agrotait (big blind) folded before Flop


PokerStars Hand #150692142500:  Hold'em Limit ($3/$6 USD) - 2016/03/21 3:20:07 ET
Table 'Agapenor' 6-max Seat #1 is the button
Seat 1: 333ball ($30 in chips)
Seat 4: Agrotait ($72 in chips)
333ball: posts small blind $1
Agrotait: posts big blind $3
*** HOLE CARDS ***
333ball: raises $3 to $6
Agrotait: folds
Uncalled bet ($3) returned to 333ball
333ball collected $6 from pot
*** SUMMARY ***
Total pot $6 | Rake $0
Seat 1: 333ball (button) (small blind) collected ($6)
Seat 4: Agrotait (big blind) folded before Flop


PokerStars Hand #150692151582:  Hold'em Limit ($3/$6 USD) - 2016/03/21 3:20:43 ET
Table 'Agapenor' 6-max Seat #4 is the button
Seat 1: 333ball ($30 in chips)
Seat 4: Agrotait ($71.76 in chips)
Agrotait: posts small blind $1
333ball: posts big blind $3
*** HOLE CARDS ***
Agrotait: raises $3 to $6
333ball: raises $3 to $9
Agrotait: calls $3
*** FLOP *** [Ah 5c As]
333ball: bets $3
Agrotait: calls $3
*** TURN *** [Ah 5c As] [Kh]
333ball: bets $6
Agrotait: calls $6
*** RIVER *** [Ah 5c As Kh] [9d]
333ball: bets $6
Agrotait: folds
Uncalled bet ($6) returned to 333ball
333ball collected $35.50 from pot
*** SUMMARY ***
Total pot $36 | Rake $0.50
Board [Ah 5c As Kh 9d]
Seat 1: 333ball (big blind) collected ($35.50)
Seat 4: Agrotait (button) (small blind) folded on the River


PokerStars Hand #150692162191:  Hold'em Limit ($3/$6 USD) - 2016/03/21 3:21:25 ET
Table 'Agapenor' 6-max Seat #1 is the button
Seat 1: 333ball ($47.50 in chips)
Seat 4: Agrotait ($72 in chips)
333ball: posts small blind $1
Agrotait: posts big blind $3
*** HOLE CARDS ***
333ball: raises $3 to $6
Agrotait: raises $3 to $9
333ball: calls $3
*** FLOP *** [Ah 9d 4s]
Agrotait: bets $3
333ball: calls $3
*** TURN *** [Ah 9d 4s] [Td]
Agrotait: bets $6
333ball: calls $6
*** RIVER *** [Ah 9d 4s Td] [Qh]
Agrotait: bets $6
333ball: folds
Uncalled bet ($6) returned to Agrotait
Agrotait collected $35.50 from pot
Agrotait: doesn't show hand
*** SUMMARY ***
Total pot $36 | Rake $0.50
Board [Ah 9d 4s Td Qh]
Seat 1: 333ball (button) (small blind) folded on the River
Seat 4: Agrotait (big blind) collected ($35.50)


PokerStars Hand #150692167816:  Hold'em Limit ($3/$6 USD) - 2016/03/21 3:21:47 ET
Table 'Agapenor' 6-max Seat #4 is the button
Seat 1: 333ball ($29.50 in chips)
Seat 4: Agrotait ($89.50 in chips)
Agrotait: posts small blind $1
333ball: posts big blind $3
*** HOLE CARDS ***
Agrotait: raises $3 to $6
333ball: raises $3 to $9
Agrotait: calls $3
*** FLOP *** [8d 2h 3s]
333ball: bets $3
RinaFox joins the table at seat #2
Agrotait: calls $3
*** TURN *** [8d 2h 3s] [9s]
333ball: bets $6
Agrotait: calls $6
*** RIVER *** [8d 2h 3s 9s] [8s]
333ball: bets $6
Agrotait: folds
Uncalled bet ($6) returned to 333ball
333ball collected $35.50 from pot
*** SUMMARY ***
Total pot $36 | Rake $0.50
Board [8d 2h 3s 9s 8s]
Seat 1: 333ball (big blind) collected ($35.50)
Seat 4: Agrotait (button) (small blind) folded on the River


PokerStars Hand #150692245433:  Hold'em Limit ($3/$6 USD) - 2016/03/21 3:26:52 ET
Table 'Agapenor' 6-max Seat #4 is the button
Seat 2: RinaFox ($134.22 in chips)
Seat 4: Agrotait ($118.02 in chips)
Agrotait: posts small blind $1
RinaFox: posts big blind $3
*** HOLE CARDS ***
Agrotait: folds
Uncalled bet ($2) returned to RinaFox
RinaFox collected $2 from pot
RinaFox: doesn't show hand
*** SUMMARY ***
Total pot $2 | Rake $0
Seat 2: RinaFox (big blind) collected ($2)
Seat 4: Agrotait (button) (small blind) folded before Flop


PokerStars Hand #150692318323:  Hold'em Limit ($3/$6 USD) - 2016/03/21 3:31:32 ET
Table 'Agapenor' 6-max Seat #2 is the button
Seat 2: RinaFox ($195.53 in chips)
Seat 4: Agrotait ($132.13 in chips)
RinaFox: posts small blind $1
Agrotait: posts big blind $3
*** HOLE CARDS ***
RinaFox: folds
Uncalled bet ($2) returned to Agrotait
Agrotait collected $2 from pot
Agrotait: doesn't show hand
*** SUMMARY ***
Total pot $2 | Rake $0
Seat 2: RinaFox (button) (small blind) folded before Flop
Seat 4: Agrotait (big blind) collected ($2)


PokerStars Hand #150692335379:  Hold'em Limit ($3/$6 USD) - 2016/03/21 3:32:37 ET
Table 'Agapenor' 6-max Seat #2 is the button
Seat 2: RinaFox ($223.70 in chips)
Seat 4: Agrotait ($132.13 in chips)
RinaFox: posts small blind $1
Agrotait: posts big blind $3
*** HOLE CARDS ***
RinaFox has timed out
RinaFox: folds
Uncalled bet ($2) returned to Agrotait
Agrotait collected $2 from pot
Agrotait: doesn't show hand
*** SUMMARY ***
Total pot $2 | Rake $0
Seat 2: RinaFox (button) (small blind) folded before Flop
Seat 4: Agrotait (big blind) collected ($2)


