PokerStars Hand #166390756130:  Hold'em Limit ($3/$6 USD) - 2017/02/18 7:32:25 ET
Table 'Agassiz' 6-max Seat #1 is the button
Seat 1: 19woody58 ($145.26 in chips)
Seat 6: belik555 ($97 in chips)
19woody58: posts small blind $1
belik555: posts big blind $3
*** HOLE CARDS ***
19woody58: folds
Uncalled bet ($2) returned to belik555
belik555 collected $2 from pot
belik555: doesn't show hand
*** SUMMARY ***
Total pot $2 | Rake $0
Seat 1: 19woody58 (button) (small blind) folded before Flop
Seat 6: belik555 (big blind) collected ($2)


PokerStars Hand #166390751062:  Hold'em Limit ($3/$6 USD) - 2017/02/18 7:32:17 ET
Table 'Agassiz' 6-max Seat #6 is the button
Seat 1: 19woody58 ($148.26 in chips)
Seat 6: belik555 ($94 in chips)
belik555: posts small blind $1
19woody58: posts big blind $3
*** HOLE CARDS ***
belik555: raises $3 to $6
19woody58: folds
Uncalled bet ($3) returned to belik555
belik555 collected $6 from pot
belik555: doesn't show hand
*** SUMMARY ***
Total pot $6 | Rake $0
Seat 1: 19woody58 (big blind) folded before Flop
Seat 6: belik555 (button) (small blind) collected ($6)


PokerStars Hand #166390747017:  Hold'em Limit ($3/$6 USD) - 2017/02/18 7:32:10 ET
Table 'Agassiz' 6-max Seat #1 is the button
Seat 1: 19woody58 ($149.26 in chips)
Seat 6: belik555 ($93 in chips)
19woody58: posts small blind $1
belik555: posts big blind $3
*** HOLE CARDS ***
19woody58: folds
Uncalled bet ($2) returned to belik555
belik555 collected $2 from pot
belik555: doesn't show hand
*** SUMMARY ***
Total pot $2 | Rake $0
Seat 1: 19woody58 (button) (small blind) folded before Flop
Seat 6: belik555 (big blind) collected ($2)


PokerStars Hand #166390711766:  Hold'em Limit ($3/$6 USD) - 2017/02/18 7:31:10 ET
Table 'Agassiz' 6-max Seat #6 is the button
Seat 1: 19woody58 ($120 in chips)
Seat 6: belik555 ($90 in chips)
belik555: posts small blind $1
19woody58: posts big blind $3
*** HOLE CARDS ***
belik555: raises $3 to $6
19woody58: calls $3
*** FLOP *** [7d 9h Td]
19woody58: checks
belik555: bets $3
19woody58: calls $3
*** TURN *** [7d 9h Td] [8h]
19woody58: checks
belik555: bets $6
19woody58: raises $6 to $12
belik555: calls $6
*** RIVER *** [7d 9h Td 8h] [Kc]
19woody58: bets $6
belik555: calls $6
*** SHOW DOWN ***
19woody58: shows [Qc Jh] (a straight, Nine to King)
belik555: mucks hand
19woody58 collected $53.50 from pot
*** SUMMARY ***
Total pot $54 | Rake $0.50
Board [7d 9h Td 8h Kc]
Seat 1: 19woody58 (big blind) showed [Qc Jh] and won ($53.50) with a straight, Nine to King
Seat 6: belik555 (button) (small blind) mucked


PokerStars Hand #166390734482:  Hold'em Limit ($3/$6 USD) - 2017/02/18 7:31:48 ET
Table 'Agassiz' 6-max Seat #1 is the button
Seat 1: 19woody58 ($146.50 in chips)
Seat 6: belik555 ($90 in chips)
19woody58: posts small blind $1
belik555: posts big blind $3
*** HOLE CARDS ***
19woody58: raises $3 to $6
belik555: calls $3
*** FLOP *** [Qc 5c Kh]
belik555: checks
19woody58: bets $3
belik555: folds
Uncalled bet ($3) returned to 19woody58
19woody58 collected $11.76 from pot
*** SUMMARY ***
Total pot $12 | Rake $0.24
Board [Qc 5c Kh]
Seat 1: 19woody58 (button) (small blind) collected ($11.76)
Seat 6: belik555 (big blind) folded on the Flop


PokerStars Hand #166390743153:  Hold'em Limit ($3/$6 USD) - 2017/02/18 7:32:03 ET
Table 'Agassiz' 6-max Seat #6 is the button
Seat 1: 19woody58 ($152.26 in chips)
Seat 6: belik555 ($90 in chips)
belik555: posts small blind $1
19woody58: posts big blind $3
*** HOLE CARDS ***
belik555: raises $3 to $6
19woody58: folds
Uncalled bet ($3) returned to belik555
belik555 collected $6 from pot
belik555: doesn't show hand
*** SUMMARY ***
Total pot $6 | Rake $0
Seat 1: 19woody58 (big blind) folded before Flop
Seat 6: belik555 (button) (small blind) collected ($6)


PokerStars Hand #166390760016:  Hold'em Limit ($3/$6 USD) - 2017/02/18 7:32:31 ET
Table 'Agassiz' 6-max Seat #6 is the button
Seat 1: 19woody58 ($144.26 in chips)
Seat 6: belik555 ($98 in chips)
belik555: posts small blind $1
19woody58: posts big blind $3
*** HOLE CARDS ***
belik555: raises $3 to $6
19woody58: folds
Uncalled bet ($3) returned to belik555
belik555 collected $6 from pot
belik555: doesn't show hand
*** SUMMARY ***
Total pot $6 | Rake $0
Seat 1: 19woody58 (big blind) folded before Flop
Seat 6: belik555 (button) (small blind) collected ($6)


PokerStars Hand #166390764383:  Hold'em Limit ($3/$6 USD) - 2017/02/18 7:32:39 ET
Table 'Agassiz' 6-max Seat #1 is the button
Seat 1: 19woody58 ($141.26 in chips)
Seat 6: belik555 ($101 in chips)
19woody58: posts small blind $1
belik555: posts big blind $3
*** HOLE CARDS ***
19woody58: raises $3 to $6
belik555: raises $3 to $9
19woody58: calls $3
*** FLOP *** [8d 6d 7d]
belik555: bets $3
19woody58: calls $3
*** TURN *** [8d 6d 7d] [9d]
belik555: checks
19woody58: checks
*** RIVER *** [8d 6d 7d 9d] [Qh]
LuckyScal joins the table at seat #2
belik555: bets $6
19woody58: calls $6
*** SHOW DOWN ***
belik555: shows [Jh Js] (a pair of Jacks)
19woody58: mucks hand
belik555 collected $35.50 from pot
*** SUMMARY ***
Total pot $36 | Rake $0.50
Board [8d 6d 7d 9d Qh]
Seat 1: 19woody58 (button) (small blind) mucked
Seat 6: belik555 (big blind) showed [Jh Js] and won ($35.50) with a pair of Jacks


PokerStars Hand #166390783913:  Hold'em Limit ($3/$6 USD) - 2017/02/18 7:33:12 ET
Table 'Agassiz' 6-max Seat #6 is the button
Seat 1: 19woody58 ($123.26 in chips)
Seat 6: belik555 ($118.50 in chips)
belik555: posts small blind $1
19woody58: posts big blind $3
*** HOLE CARDS ***
belik555: raises $3 to $6
19woody58: folds
Uncalled bet ($3) returned to belik555
belik555 collected $6 from pot
belik555: doesn't show hand
*** SUMMARY ***
Total pot $6 | Rake $0
Seat 1: 19woody58 (big blind) folded before Flop
Seat 6: belik555 (button) (small blind) collected ($6)


PokerStars Hand #166392096235:  Hold'em Limit ($3/$6 USD) - 2017/02/18 8:10:13 ET
Table 'Agassiz' 6-max Seat #5 is the button
Seat 4: laubes04 ($211.24 in chips)
Seat 5: jackRizzar ($200.50 in chips)
jackRizzar: posts small blind $1
GarryMcCoy: is sitting out
laubes04: posts big blind $3
*** HOLE CARDS ***
GarryMcCoy leaves the table
jackRizzar: folds
Uncalled bet ($2) returned to laubes04
laubes04 collected $2 from pot
laubes04: doesn't show hand
*** SUMMARY ***
Total pot $2 | Rake $0
Seat 4: laubes04 (big blind) collected ($2)
Seat 5: jackRizzar (button) (small blind) folded before Flop


