PokerStars Hand #156760596742:  Hold'em Limit ($3/$6 USD) - 2016/08/02 6:50:49 ET
Table 'Agassiz' 10-max Seat #1 is the button
Seat 1: xxXguardXxx ($32.72 in chips)
Seat 6: Great_Kang ($120 in chips)
xxXguardXxx: posts small blind $1
Great_Kang: posts big blind $3
*** HOLE CARDS ***
xxXguardXxx: calls $2
Great_Kang: checks
*** FLOP *** [Kd 5h Jc]
Great_Kang: checks
xxXguardXxx: checks
*** TURN *** [Kd 5h Jc] [Jh]
Great_Kang: bets $6
xxXguardXxx: calls $6
*** RIVER *** [Kd 5h Jc Jh] [2d]
Great_Kang: bets $6
xxXguardXxx: calls $6
*** SHOW DOWN ***
Great_Kang: shows [5c 7h] (two pair, Jacks and Fives)
xxXguardXxx: shows [5d Td] (two pair, Jacks and Fives)
Great_Kang collected $14.75 from pot
xxXguardXxx collected $14.75 from pot
*** SUMMARY ***
Total pot $30 | Rake $0.50
Board [Kd 5h Jc Jh 2d]
Seat 1: xxXguardXxx (button) (small blind) showed [5d Td] and won ($14.75) with two pair, Jacks and Fives
Seat 6: Great_Kang (big blind) showed [5c 7h] and won ($14.75) with two pair, Jacks and Fives


PokerStars Hand #156760613509:  Hold'em Limit ($3/$6 USD) - 2016/08/02 6:51:30 ET
Table 'Agassiz' 10-max Seat #6 is the button
Seat 1: xxXguardXxx ($32.47 in chips)
Seat 6: Great_Kang ($120 in chips)
Great_Kang: posts small blind $1
xxXguardXxx: posts big blind $3
*** HOLE CARDS ***
Great_Kang: raises $3 to $6
xxXguardXxx: calls $3
*** FLOP *** [4d Qc Ac]
xxXguardXxx: checks
Great_Kang: bets $3
xxXguardXxx: calls $3
*** TURN *** [4d Qc Ac] [Kc]
xxXguardXxx: checks
Great_Kang: checks
*** RIVER *** [4d Qc Ac Kc] [9s]
xxXguardXxx: bets $6
Great_Kang: calls $6
*** SHOW DOWN ***
xxXguardXxx: shows [As 7d] (a pair of Aces)
Great_Kang: mucks hand
xxXguardXxx collected $29.50 from pot
*** SUMMARY ***
Total pot $30 | Rake $0.50
Board [4d Qc Ac Kc 9s]
Seat 1: xxXguardXxx (big blind) showed [As 7d] and won ($29.50) with a pair of Aces
Seat 6: Great_Kang (button) (small blind) mucked


PokerStars Hand #156760625732:  Hold'em Limit ($3/$6 USD) - 2016/08/02 6:51:59 ET
Table 'Agassiz' 10-max Seat #1 is the button
Seat 1: xxXguardXxx ($46.97 in chips)
Seat 6: Great_Kang ($120 in chips)
xxXguardXxx: posts small blind $1
Great_Kang: posts big blind $3
*** HOLE CARDS ***
xxXguardXxx: folds
Uncalled bet ($2) returned to Great_Kang
Great_Kang collected $2 from pot
Great_Kang: doesn't show hand
*** SUMMARY ***
Total pot $2 | Rake $0
Seat 1: xxXguardXxx (button) (small blind) folded before Flop
Seat 6: Great_Kang (big blind) collected ($2)


PokerStars Hand #156760629398:  Hold'em Limit ($3/$6 USD) - 2016/08/02 6:52:07 ET
Table 'Agassiz' 10-max Seat #6 is the button
Seat 1: xxXguardXxx ($45.97 in chips)
Seat 6: Great_Kang ($121 in chips)
Great_Kang: posts small blind $1
xxXguardXxx: posts big blind $3
*** HOLE CARDS ***
Great_Kang: raises $3 to $6
xxXguardXxx: folds
Uncalled bet ($3) returned to Great_Kang
Great_Kang collected $6 from pot
Great_Kang: doesn't show hand
*** SUMMARY ***
Total pot $6 | Rake $0
Seat 1: xxXguardXxx (big blind) folded before Flop
Seat 6: Great_Kang (button) (small blind) collected ($6)


PokerStars Hand #156760632808:  Hold'em Limit ($3/$6 USD) - 2016/08/02 6:52:15 ET
Table 'Agassiz' 10-max Seat #1 is the button
Seat 1: xxXguardXxx ($42.97 in chips)
Seat 6: Great_Kang ($124 in chips)
xxXguardXxx: posts small blind $1
Great_Kang: posts big blind $3
*** HOLE CARDS ***
xxXguardXxx: folds
Uncalled bet ($2) returned to Great_Kang
Great_Kang collected $2 from pot
Great_Kang: doesn't show hand
*** SUMMARY ***
Total pot $2 | Rake $0
Seat 1: xxXguardXxx (button) (small blind) folded before Flop
Seat 6: Great_Kang (big blind) collected ($2)


PokerStars Hand #156760656664:  Hold'em Limit ($3/$6 USD) - 2016/08/02 6:52:59 ET
Table 'Agassiz' 10-max Seat #1 is the button
Seat 1: xxXguardXxx ($26.97 in chips)
Seat 6: Great_Kang ($139.50 in chips)
xxXguardXxx: posts small blind $1
Great_Kang: posts big blind $3
*** HOLE CARDS ***
xxXguardXxx: folds
Uncalled bet ($2) returned to Great_Kang
Great_Kang collected $2 from pot
Great_Kang: doesn't show hand
*** SUMMARY ***
Total pot $2 | Rake $0
Seat 1: xxXguardXxx (button) (small blind) folded before Flop
Seat 6: Great_Kang (big blind) collected ($2)


PokerStars Hand #156760641780:  Hold'em Limit ($3/$6 USD) - 2016/08/02 6:52:23 ET
Table 'Agassiz' 10-max Seat #6 is the button
Seat 1: xxXguardXxx ($41.97 in chips)
Seat 6: Great_Kang ($125 in chips)
Great_Kang: posts small blind $1
xxXguardXxx: posts big blind $3
*** HOLE CARDS ***
Great_Kang: raises $3 to $6
xxXguardXxx: calls $3
*** FLOP *** [As Ks Th]
xxXguardXxx: checks
Great_Kang: bets $3
xxXguardXxx: calls $3
*** TURN *** [As Ks Th] [9c]
xxXguardXxx: checks
Great_Kang: bets $6
xxXguardXxx: calls $6
*** RIVER *** [As Ks Th 9c] [6s]
xxXguardXxx: checks
Great_Kang: checks
*** SHOW DOWN ***
xxXguardXxx: shows [8d 8s] (a pair of Eights)
Great_Kang: shows [Kd 8c] (a pair of Kings)
Great_Kang collected $29.50 from pot
*** SUMMARY ***
Total pot $30 | Rake $0.50
Board [As Ks Th 9c 6s]
Seat 1: xxXguardXxx (big blind) showed [8d 8s] and lost with a pair of Eights
Seat 6: Great_Kang (button) (small blind) showed [Kd 8c] and won ($29.50) with a pair of Kings


PokerStars Hand #156760659409:  Hold'em Limit ($3/$6 USD) - 2016/08/02 6:53:06 ET
Table 'Agassiz' 10-max Seat #6 is the button
Seat 1: xxXguardXxx ($25.97 in chips)
Seat 6: Great_Kang ($140.50 in chips)
Great_Kang: posts small blind $1
xxXguardXxx: posts big blind $3
*** HOLE CARDS ***
Great_Kang: raises $3 to $6
xxXguardXxx: calls $3
*** FLOP *** [5h 2c Qd]
xxXguardXxx: checks
Great_Kang: bets $3
xxXguardXxx: calls $3
*** TURN *** [5h 2c Qd] [9s]
xxXguardXxx: checks
Great_Kang: checks
*** RIVER *** [5h 2c Qd 9s] [Ac]
xxXguardXxx: bets $6
Great_Kang: folds
Uncalled bet ($6) returned to xxXguardXxx
xxXguardXxx collected $17.64 from pot
*** SUMMARY ***
Total pot $18 | Rake $0.36
Board [5h 2c Qd 9s Ac]
Seat 1: xxXguardXxx (big blind) collected ($17.64)
Seat 6: Great_Kang (button) (small blind) folded on the River


PokerStars Hand #156760667414:  Hold'em Limit ($3/$6 USD) - 2016/08/02 6:53:25 ET
Table 'Agassiz' 10-max Seat #1 is the button
Seat 1: xxXguardXxx ($34.61 in chips)
Seat 6: Great_Kang ($131.50 in chips)
xxXguardXxx: posts small blind $1
Great_Kang: posts big blind $3
*** HOLE CARDS ***
xxXguardXxx: folds
Uncalled bet ($2) returned to Great_Kang
Great_Kang collected $2 from pot
Great_Kang: doesn't show hand
*** SUMMARY ***
Total pot $2 | Rake $0
Seat 1: xxXguardXxx (button) (small blind) folded before Flop
Seat 6: Great_Kang (big blind) collected ($2)


PokerStars Hand #156760669880:  Hold'em Limit ($3/$6 USD) - 2016/08/02 6:53:31 ET
Table 'Agassiz' 10-max Seat #6 is the button
Seat 1: xxXguardXxx ($33.61 in chips)
Seat 6: Great_Kang ($132.50 in chips)
Great_Kang: posts small blind $1
xxXguardXxx: posts big blind $3
*** HOLE CARDS ***
Great_Kang: raises $3 to $6
xxXguardXxx: calls $3
*** FLOP *** [Ac 2d 6h]
xxXguardXxx: checks
Great_Kang: bets $3
xxXguardXxx: calls $3
*** TURN *** [Ac 2d 6h] [Kc]
xxXguardXxx: checks
Great_Kang: checks
*** RIVER *** [Ac 2d 6h Kc] [5h]
xxXguardXxx: bets $6
Great_Kang: folds
Uncalled bet ($6) returned to xxXguardXxx
xxXguardXxx collected $17.64 from pot
*** SUMMARY ***
Total pot $18 | Rake $0.36
Board [Ac 2d 6h Kc 5h]
Seat 1: xxXguardXxx (big blind) collected ($17.64)
Seat 6: Great_Kang (button) (small blind) folded on the River


PokerStars Hand #156760687613:  Hold'em Limit ($3/$6 USD) - 2016/08/02 6:54:13 ET
Table 'Agassiz' 10-max Seat #6 is the button
Seat 1: xxXguardXxx ($36.25 in chips)
Seat 6: Great_Kang ($129.26 in chips)
Great_Kang: posts small blind $1
xxXguardXxx: posts big blind $3
*** HOLE CARDS ***
Great_Kang: raises $3 to $6
xxXguardXxx: folds
Uncalled bet ($3) returned to Great_Kang
Great_Kang collected $6 from pot
Great_Kang: doesn't show hand
*** SUMMARY ***
Total pot $6 | Rake $0
Seat 1: xxXguardXxx (big blind) folded before Flop
Seat 6: Great_Kang (button) (small blind) collected ($6)


PokerStars Hand #156760681761:  Hold'em Limit ($3/$6 USD) - 2016/08/02 6:53:59 ET
Table 'Agassiz' 10-max Seat #1 is the button
Seat 1: xxXguardXxx ($42.25 in chips)
Seat 6: Great_Kang ($123.50 in chips)
xxXguardXxx: posts small blind $1
Great_Kang: posts big blind $3
*** HOLE CARDS ***
xxXguardXxx: calls $2
Great_Kang: raises $3 to $6
xxXguardXxx: calls $3
*** FLOP *** [Kd Qh Qs]
Great_Kang: bets $3
xxXguardXxx: folds
Uncalled bet ($3) returned to Great_Kang
Great_Kang collected $11.76 from pot
Great_Kang: doesn't show hand
*** SUMMARY ***
Total pot $12 | Rake $0.24
Board [Kd Qh Qs]
Seat 1: xxXguardXxx (button) (small blind) folded on the Flop
Seat 6: Great_Kang (big blind) collected ($11.76)


PokerStars Hand #156760690573:  Hold'em Limit ($3/$6 USD) - 2016/08/02 6:54:20 ET
Table 'Agassiz' 10-max Seat #1 is the button
Seat 1: xxXguardXxx ($33.25 in chips)
Seat 6: Great_Kang ($132.26 in chips)
xxXguardXxx: posts small blind $1
Great_Kang: posts big blind $3
*** HOLE CARDS ***
xxXguardXxx: calls $2
Great_Kang: raises $3 to $6
xxXguardXxx: calls $3
*** FLOP *** [2h 7h 6s]
Great_Kang: bets $3
xxXguardXxx: calls $3
*** TURN *** [2h 7h 6s] [Ad]
Great_Kang: bets $6
xxXguardXxx: calls $6
*** RIVER *** [2h 7h 6s Ad] [5s]
Great_Kang: bets $6
xxXguardXxx: calls $6
*** SHOW DOWN ***
Great_Kang: shows [8d Th] (high card Ace)
xxXguardXxx: shows [Kc 6c] (a pair of Sixes)
xxXguardXxx collected $41.50 from pot
*** SUMMARY ***
Total pot $42 | Rake $0.50
Board [2h 7h 6s Ad 5s]
Seat 1: xxXguardXxx (button) (small blind) showed [Kc 6c] and won ($41.50) with a pair of Sixes
Seat 6: Great_Kang (big blind) showed [8d Th] and lost with high card Ace


PokerStars Hand #156760700317:  Hold'em Limit ($3/$6 USD) - 2016/08/02 6:54:44 ET
Table 'Agassiz' 10-max Seat #6 is the button
Seat 1: xxXguardXxx ($53.75 in chips)
Seat 6: Great_Kang ($120 in chips)
Great_Kang: posts small blind $1
xxXguardXxx: posts big blind $3
*** HOLE CARDS ***
zimin10 joins the table at seat #2
Great_Kang: raises $3 to $6
xxXguardXxx: calls $3
*** FLOP *** [2c Qd 8c]
xxXguardXxx: checks
Great_Kang: bets $3
xxXguardXxx: calls $3
*** TURN *** [2c Qd 8c] [8s]
xxXguardXxx: checks
Great_Kang: bets $6
xxXguardXxx: calls $6
*** RIVER *** [2c Qd 8c 8s] [Qh]
xxXguardXxx: bets $6
Great_Kang: calls $6
*** SHOW DOWN ***
xxXguardXxx: shows [7d 6h] (two pair, Queens and Eights)
Great_Kang: shows [Jd 2d] (two pair, Queens and Eights - Jack kicker)
Great_Kang collected $41.50 from pot
*** SUMMARY ***
Total pot $42 | Rake $0.50
Board [2c Qd 8c 8s Qh]
Seat 1: xxXguardXxx (big blind) showed [7d 6h] and lost with two pair, Queens and Eights
Seat 6: Great_Kang (button) (small blind) showed [Jd 2d] and won ($41.50) with two pair, Queens and Eights


PokerStars Hand #156760715369:  Hold'em Limit ($3/$6 USD) - 2016/08/02 6:55:22 ET
Table 'Agassiz' 10-max Seat #1 is the button
Seat 1: xxXguardXxx ($32.75 in chips)
Seat 6: Great_Kang ($140.50 in chips)
xxXguardXxx: posts small blind $1
Great_Kang: posts big blind $3
*** HOLE CARDS ***
xxXguardXxx: calls $2
Great_Kang: raises $3 to $6
xxXguardXxx: calls $3
*** FLOP *** [6s Qd 9s]
Great_Kang: bets $3
xxXguardXxx: folds
Uncalled bet ($3) returned to Great_Kang
Great_Kang collected $11.76 from pot
Great_Kang: doesn't show hand
*** SUMMARY ***
Total pot $12 | Rake $0.24
Board [6s Qd 9s]
Seat 1: xxXguardXxx (button) (small blind) folded on the Flop
Seat 6: Great_Kang (big blind) collected ($11.76)


PokerStars Hand #156760722240:  Hold'em Limit ($3/$6 USD) - 2016/08/02 6:55:40 ET
Table 'Agassiz' 10-max Seat #6 is the button
Seat 1: xxXguardXxx ($26.75 in chips)
Seat 6: Great_Kang ($146.26 in chips)
Great_Kang: posts small blind $1
xxXguardXxx: posts big blind $3
*** HOLE CARDS ***
Great_Kang: raises $3 to $6
xxXguardXxx: calls $3
*** FLOP *** [7s 5h 6d]
xxXguardXxx: checks
Great_Kang: bets $3
xxXguardXxx: calls $3
*** TURN *** [7s 5h 6d] [As]
xxXguardXxx: checks
Great_Kang: checks
*** RIVER *** [7s 5h 6d As] [Kd]
xxXguardXxx: checks
Great_Kang: checks
*** SHOW DOWN ***
xxXguardXxx: shows [Kh 8s] (a pair of Kings)
Great_Kang: mucks hand
xxXguardXxx collected $17.64 from pot
*** SUMMARY ***
Total pot $18 | Rake $0.36
Board [7s 5h 6d As Kd]
Seat 1: xxXguardXxx (big blind) showed [Kh 8s] and won ($17.64) with a pair of Kings
Seat 6: Great_Kang (button) (small blind) mucked


PokerStars Hand #156760729303:  Hold'em Limit ($3/$6 USD) - 2016/08/02 6:55:59 ET
Table 'Agassiz' 10-max Seat #1 is the button
Seat 1: xxXguardXxx ($35.39 in chips)
Seat 6: Great_Kang ($137.26 in chips)
xxXguardXxx: posts small blind $1
Great_Kang: posts big blind $3
*** HOLE CARDS ***
xxXguardXxx: calls $2
Great_Kang: raises $3 to $6
xxXguardXxx: calls $3
*** FLOP *** [Jd Ac Qd]
Great_Kang: bets $3
xxXguardXxx: calls $3
*** TURN *** [Jd Ac Qd] [Jc]
Great_Kang: bets $6
xxXguardXxx: calls $6
*** RIVER *** [Jd Ac Qd Jc] [2d]
Great_Kang: bets $6
xxXguardXxx: calls $6
*** SHOW DOWN ***
Great_Kang: shows [Jh Tc] (three of a kind, Jacks)
xxXguardXxx: mucks hand
Great_Kang collected $41.50 from pot
*** SUMMARY ***
Total pot $42 | Rake $0.50
Board [Jd Ac Qd Jc 2d]
Seat 1: xxXguardXxx (button) (small blind) mucked
Seat 6: Great_Kang (big blind) showed [Jh Tc] and won ($41.50) with three of a kind, Jacks


PokerStars Hand #156760736521:  Hold'em Limit ($3/$6 USD) - 2016/08/02 6:56:18 ET
Table 'Agassiz' 10-max Seat #6 is the button
Seat 1: xxXguardXxx ($14.39 in chips)
Seat 6: Great_Kang ($157.76 in chips)
Great_Kang: posts small blind $1
xxXguardXxx: posts big blind $3
*** HOLE CARDS ***
Great_Kang: raises $3 to $6
xxXguardXxx: calls $3
*** FLOP *** [4s 5c 8s]
xxXguardXxx: checks
Great_Kang: bets $3
xxXguardXxx: raises $3 to $6
Great_Kang: calls $3
*** TURN *** [4s 5c 8s] [Js]
xxXguardXxx: bets $2.39 and is all-in
Great_Kang: calls $2.39
*** RIVER *** [4s 5c 8s Js] [5s]
*** SHOW DOWN ***
xxXguardXxx: shows [Kc 4c] (two pair, Fives and Fours)
Great_Kang: shows [6d Ts] (a flush, Jack high)
Great_Kang collected $28.28 from pot
*** SUMMARY ***
Total pot $28.78 | Rake $0.50
Board [4s 5c 8s Js 5s]
Seat 1: xxXguardXxx (big blind) showed [Kc 4c] and lost with two pair, Fives and Fours
Seat 6: Great_Kang (button) (small blind) showed [6d Ts] and won ($28.28) with a flush, Jack high


PokerStars Hand #156770572014:  Hold'em Limit ($3/$6 USD) - 2016/08/02 12:05:54 ET
Table 'Agassiz' 10-max Seat #8 is the button
Seat 8: 125678724 ($67 in chips)
Seat 9: BuzovaPro ($84 in chips)
125678724: posts small blind $1
BuzovaPro: posts big blind $3
*** HOLE CARDS ***
125678724: calls $2
BuzovaPro: checks
*** FLOP *** [Jd Ts 7h]
BuzovaPro: checks
125678724: checks
*** TURN *** [Jd Ts 7h] [8c]
BuzovaPro: checks
125678724: checks
*** RIVER *** [Jd Ts 7h 8c] [Jh]
BuzovaPro: bets $6
125678724: folds
Uncalled bet ($6) returned to BuzovaPro
BuzovaPro collected $5.88 from pot
BuzovaPro: doesn't show hand
*** SUMMARY ***
Total pot $6 | Rake $0.12
Board [Jd Ts 7h 8c Jh]
Seat 8: 125678724 (button) (small blind) folded on the River
Seat 9: BuzovaPro (big blind) collected ($5.88)


PokerStars Hand #156770565556:  Hold'em Limit ($3/$6 USD) - 2016/08/02 12:05:44 ET
Table 'Agassiz' 10-max Seat #9 is the button
Seat 8: 125678724 ($70 in chips)
Seat 9: BuzovaPro ($81 in chips)
BuzovaPro: posts small blind $1
125678724: posts big blind $3
*** HOLE CARDS ***
BuzovaPro: raises $3 to $6
125678724: folds
Uncalled bet ($3) returned to BuzovaPro
BuzovaPro collected $6 from pot
BuzovaPro: doesn't show hand
*** SUMMARY ***
Total pot $6 | Rake $0
Seat 8: 125678724 (big blind) folded before Flop
Seat 9: BuzovaPro (button) (small blind) collected ($6)


PokerStars Hand #156770562717:  Hold'em Limit ($3/$6 USD) - 2016/08/02 12:05:40 ET
Table 'Agassiz' 10-max Seat #8 is the button
Seat 8: 125678724 ($71 in chips)
Seat 9: BuzovaPro ($80 in chips)
125678724: posts small blind $1
BuzovaPro: posts big blind $3
*** HOLE CARDS ***
125678724: folds
Uncalled bet ($2) returned to BuzovaPro
BuzovaPro collected $2 from pot
BuzovaPro: doesn't show hand
*** SUMMARY ***
Total pot $2 | Rake $0
Seat 8: 125678724 (button) (small blind) folded before Flop
Seat 9: BuzovaPro (big blind) collected ($2)


PokerStars Hand #156770558846:  Hold'em Limit ($3/$6 USD) - 2016/08/02 12:05:34 ET
Table 'Agassiz' 10-max Seat #9 is the button
Seat 8: 125678724 ($74 in chips)
Seat 9: BuzovaPro ($77 in chips)
BuzovaPro: posts small blind $1
125678724: posts big blind $3
*** HOLE CARDS ***
BuzovaPro: raises $3 to $6
125678724: folds
Uncalled bet ($3) returned to BuzovaPro
BuzovaPro collected $6 from pot
BuzovaPro: doesn't show hand
*** SUMMARY ***
Total pot $6 | Rake $0
Seat 8: 125678724 (big blind) folded before Flop
Seat 9: BuzovaPro (button) (small blind) collected ($6)


PokerStars Hand #156770600161:  Hold'em Limit ($3/$6 USD) - 2016/08/02 12:06:38 ET
Table 'Agassiz' 10-max Seat #8 is the button
Seat 8: 125678724 ($40 in chips)
Seat 9: BuzovaPro ($110.38 in chips)
125678724: posts small blind $1
BuzovaPro: posts big blind $3
*** HOLE CARDS ***
125678724: raises $3 to $6
BuzovaPro: calls $3
*** FLOP *** [7h 8d 6h]
BuzovaPro: checks
125678724: bets $3
BuzovaPro: calls $3
*** TURN *** [7h 8d 6h] [3s]
REZOLUTION84 joins the table at seat #10
BuzovaPro: checks
125678724: checks
*** RIVER *** [7h 8d 6h 3s] [4c]
BuzovaPro: bets $6
125678724: folds
Uncalled bet ($6) returned to BuzovaPro
BuzovaPro collected $17.64 from pot
BuzovaPro: doesn't show hand
*** SUMMARY ***
Total pot $18 | Rake $0.36
Board [7h 8d 6h 3s 4c]
Seat 8: 125678724 (button) (small blind) folded on the River
Seat 9: BuzovaPro (big blind) collected ($17.64)


PokerStars Hand #156770587582:  Hold'em Limit ($3/$6 USD) - 2016/08/02 12:06:19 ET
Table 'Agassiz' 10-max Seat #9 is the button
Seat 8: 125678724 ($64 in chips)
Seat 9: BuzovaPro ($86.88 in chips)
BuzovaPro: posts small blind $1
125678724: posts big blind $3
*** HOLE CARDS ***
BuzovaPro: raises $3 to $6
125678724: calls $3
*** FLOP *** [As 7d 8s]
125678724: checks
BuzovaPro: bets $3
125678724: raises $3 to $6
BuzovaPro: calls $3
*** TURN *** [As 7d 8s] [9h]
125678724: bets $6
BuzovaPro: calls $6
*** RIVER *** [As 7d 8s 9h] [5c]
125678724: bets $6
BuzovaPro: raises $6 to $12
125678724: folds
Uncalled bet ($6) returned to BuzovaPro
BuzovaPro collected $47.50 from pot
BuzovaPro: doesn't show hand
*** SUMMARY ***
Total pot $48 | Rake $0.50
Board [As 7d 8s 9h 5c]
Seat 8: 125678724 (big blind) folded on the River
Seat 9: BuzovaPro (button) (small blind) collected ($47.50)


PokerStars Hand #156771053826:  Hold'em Limit ($3/$6 USD) - 2016/08/02 12:18:12 ET
Table 'Agassiz' 10-max Seat #1 is the button
Seat 1: yoyoma7777 ($128.46 in chips)
Seat 9: BuzovaPro ($72 in chips)
yoyoma7777: posts small blind $1
BuzovaPro: posts big blind $3
*** HOLE CARDS ***
yoyoma7777: folds
Uncalled bet ($2) returned to BuzovaPro
BuzovaPro collected $2 from pot
BuzovaPro: doesn't show hand
*** SUMMARY ***
Total pot $2 | Rake $0
Seat 1: yoyoma7777 (button) (small blind) folded before Flop
Seat 9: BuzovaPro (big blind) collected ($2)


PokerStars Hand #156771050653:  Hold'em Limit ($3/$6 USD) - 2016/08/02 12:18:07 ET
Table 'Agassiz' 10-max Seat #9 is the button
Seat 1: yoyoma7777 ($127.46 in chips)
Seat 9: BuzovaPro ($73 in chips)
BuzovaPro: posts small blind $1
REZOLUTION84: is sitting out
yoyoma7777: posts big blind $3
*** HOLE CARDS ***
REZOLUTION84 leaves the table
BuzovaPro: folds
Uncalled bet ($2) returned to yoyoma7777
yoyoma7777 collected $2 from pot
*** SUMMARY ***
Total pot $2 | Rake $0
Seat 1: yoyoma7777 (big blind) collected ($2)
Seat 9: BuzovaPro (button) (small blind) folded before Flop


