PokerStars Hand #176683628193:  Hold'em Limit ($3/$6 USD) - 2017/10/09 3:23:30 ET
Table 'Agassiz' 6-max Seat #4 is the button
Seat 3: aabeatenby23 ($93.82 in chips)
Seat 4: BelSv ($93.67 in chips)
BelSv: posts small blind $1
aabeatenby23: posts big blind $3
*** HOLE CARDS ***
BelSv: raises $3 to $6
aabeatenby23: calls $3
*** FLOP *** [Jc 9s Td]
aabeatenby23: checks
BelSv: bets $3
aabeatenby23: folds
Uncalled bet ($3) returned to BelSv
BelSv collected $11.76 from pot
BelSv: doesn't show hand
*** SUMMARY ***
Total pot $12 | Rake $0.24
Board [Jc 9s Td]
Seat 3: aabeatenby23 (big blind) folded on the Flop
Seat 4: BelSv (button) (small blind) collected ($11.76)


PokerStars Hand #176683640930:  Hold'em Limit ($3/$6 USD) - 2017/10/09 3:24:22 ET
Table 'Agassiz' 6-max Seat #3 is the button
Seat 3: aabeatenby23 ($87.58 in chips)
Seat 4: BelSv ($99.19 in chips)
aabeatenby23: posts small blind $1
BelSv: posts big blind $3
*** HOLE CARDS ***
aabeatenby23: folds
Uncalled bet ($2) returned to BelSv
BelSv collected $2 from pot
BelSv: doesn't show hand
*** SUMMARY ***
Total pot $2 | Rake $0
Seat 3: aabeatenby23 (button) (small blind) folded before Flop
Seat 4: BelSv (big blind) collected ($2)


PokerStars Hand #176683642166:  Hold'em Limit ($3/$6 USD) - 2017/10/09 3:24:28 ET
Table 'Agassiz' 6-max Seat #4 is the button
Seat 3: aabeatenby23 ($86.58 in chips)
Seat 4: BelSv ($100.19 in chips)
BelSv: posts small blind $1
aabeatenby23: posts big blind $3
*** HOLE CARDS ***
BelSv: folds
Uncalled bet ($2) returned to aabeatenby23
aabeatenby23 collected $2 from pot
aabeatenby23: doesn't show hand
*** SUMMARY ***
Total pot $2 | Rake $0
Seat 3: aabeatenby23 (big blind) collected ($2)
Seat 4: BelSv (button) (small blind) folded before Flop


PokerStars Hand #176683631080:  Hold'em Limit ($3/$6 USD) - 2017/10/09 3:23:42 ET
Table 'Agassiz' 6-max Seat #3 is the button
Seat 3: aabeatenby23 ($87.82 in chips)
Seat 4: BelSv ($99.43 in chips)
aabeatenby23: posts small blind $1
BelSv: posts big blind $3
*** HOLE CARDS ***
aabeatenby23: raises $3 to $6
BelSv: calls $3
*** FLOP *** [3h Kh 5d]
BelSv: checks
aabeatenby23: bets $3
BelSv: folds
Uncalled bet ($3) returned to aabeatenby23
aabeatenby23 collected $11.76 from pot
aabeatenby23: doesn't show hand
*** SUMMARY ***
Total pot $12 | Rake $0.24
Board [3h Kh 5d]
Seat 3: aabeatenby23 (button) (small blind) collected ($11.76)
Seat 4: BelSv (big blind) folded on the Flop


PokerStars Hand #176683634868:  Hold'em Limit ($3/$6 USD) - 2017/10/09 3:23:58 ET
Table 'Agassiz' 6-max Seat #4 is the button
Seat 3: aabeatenby23 ($93.58 in chips)
Seat 4: BelSv ($93.43 in chips)
BelSv: posts small blind $1
aabeatenby23: posts big blind $3
*** HOLE CARDS ***
BelSv: raises $3 to $6
aabeatenby23: calls $3
*** FLOP *** [9s 5s Kc]
aabeatenby23: checks
BelSv: bets $3
aabeatenby23: folds
Uncalled bet ($3) returned to BelSv
BelSv collected $11.76 from pot
BelSv: doesn't show hand
*** SUMMARY ***
Total pot $12 | Rake $0.24
Board [9s 5s Kc]
Seat 3: aabeatenby23 (big blind) folded on the Flop
Seat 4: BelSv (button) (small blind) collected ($11.76)


PokerStars Hand #176683639629:  Hold'em Limit ($3/$6 USD) - 2017/10/09 3:24:17 ET
Table 'Agassiz' 6-max Seat #4 is the button
Seat 3: aabeatenby23 ($86.58 in chips)
Seat 4: BelSv ($100.19 in chips)
BelSv: posts small blind $1
aabeatenby23: posts big blind $3
*** HOLE CARDS ***
BelSv: folds
Uncalled bet ($2) returned to aabeatenby23
aabeatenby23 collected $2 from pot
aabeatenby23: doesn't show hand
*** SUMMARY ***
Total pot $2 | Rake $0
Seat 3: aabeatenby23 (big blind) collected ($2)
Seat 4: BelSv (button) (small blind) folded before Flop


PokerStars Hand #176683638291:  Hold'em Limit ($3/$6 USD) - 2017/10/09 3:24:12 ET
Table 'Agassiz' 6-max Seat #3 is the button
Seat 3: aabeatenby23 ($87.58 in chips)
Seat 4: BelSv ($99.19 in chips)
aabeatenby23: posts small blind $1
BelSv: posts big blind $3
*** HOLE CARDS ***
aabeatenby23: folds
Uncalled bet ($2) returned to BelSv
BelSv collected $2 from pot
BelSv: doesn't show hand
*** SUMMARY ***
Total pot $2 | Rake $0
Seat 3: aabeatenby23 (button) (small blind) folded before Flop
Seat 4: BelSv (big blind) collected ($2)


PokerStars Hand #176683643839:  Hold'em Limit ($3/$6 USD) - 2017/10/09 3:24:34 ET
Table 'Agassiz' 6-max Seat #3 is the button
Seat 3: aabeatenby23 ($87.58 in chips)
Seat 4: BelSv ($99.19 in chips)
aabeatenby23: posts small blind $1
BelSv: posts big blind $3
*** HOLE CARDS ***
aabeatenby23: raises $3 to $6
BelSv: raises $3 to $9
aabeatenby23: calls $3
*** FLOP *** [6h 2s 2d]
BelSv: bets $3
aabeatenby23: calls $3
*** TURN *** [6h 2s 2d] [8d]
BelSv: bets $6
aabeatenby23: raises $6 to $12
BelSv: calls $6
*** RIVER *** [6h 2s 2d 8d] [4c]
knas4 joins the table at seat #1
BelSv: checks
aabeatenby23: bets $6
BelSv: folds
Uncalled bet ($6) returned to aabeatenby23
aabeatenby23 collected $47.50 from pot
aabeatenby23: doesn't show hand
*** SUMMARY ***
Total pot $48 | Rake $0.50
Board [6h 2s 2d 8d 4c]
Seat 3: aabeatenby23 (button) (small blind) collected ($47.50)
Seat 4: BelSv (big blind) folded on the River


PokerStars Hand #176683701380:  Hold'em Limit ($3/$6 USD) - 2017/10/09 3:28:33 ET
Table 'Agassiz' 6-max Seat #4 is the button
Seat 3: aabeatenby23 ($89.83 in chips)
Seat 4: BelSv ($148.25 in chips)
BelSv: posts small blind $1
aabeatenby23: posts big blind $3
*** HOLE CARDS ***
BelSv: raises $3 to $6
aabeatenby23: calls $3
*** FLOP *** [Qc 3s 9d]
aabeatenby23: bets $3
knas4 leaves the table
BelSv: calls $3
*** TURN *** [Qc 3s 9d] [2d]
aabeatenby23: bets $6
BelSv: calls $6
*** RIVER *** [Qc 3s 9d 2d] [4s]
aabeatenby23: bets $6
BelSv: calls $6
*** SHOW DOWN ***
aabeatenby23: shows [6d Qs] (a pair of Queens)
BelSv: mucks hand
aabeatenby23 collected $41.50 from pot
*** SUMMARY ***
Total pot $42 | Rake $0.50
Board [Qc 3s 9d 2d 4s]
Seat 3: aabeatenby23 (big blind) showed [6d Qs] and won ($41.50) with a pair of Queens
Seat 4: BelSv (button) (small blind) mucked


PokerStars Hand #176683713245:  Hold'em Limit ($3/$6 USD) - 2017/10/09 3:29:22 ET
Table 'Agassiz' 6-max Seat #4 is the button
Seat 3: aabeatenby23 ($106.33 in chips)
Seat 4: BelSv ($131.01 in chips)
BelSv: posts small blind $1
aabeatenby23: posts big blind $3
*** HOLE CARDS ***
BelSv: folds
Uncalled bet ($2) returned to aabeatenby23
aabeatenby23 collected $2 from pot
aabeatenby23: doesn't show hand
*** SUMMARY ***
Total pot $2 | Rake $0
Seat 3: aabeatenby23 (big blind) collected ($2)
Seat 4: BelSv (button) (small blind) folded before Flop


PokerStars Hand #176683706156:  Hold'em Limit ($3/$6 USD) - 2017/10/09 3:28:53 ET
Table 'Agassiz' 6-max Seat #3 is the button
Seat 3: aabeatenby23 ($110.33 in chips)
Seat 4: BelSv ($127.25 in chips)
aabeatenby23: posts small blind $1
BelSv: posts big blind $3
*** HOLE CARDS ***
aabeatenby23: folds
Uncalled bet ($2) returned to BelSv
BelSv collected $2 from pot
BelSv: doesn't show hand
*** SUMMARY ***
Total pot $2 | Rake $0
Seat 3: aabeatenby23 (button) (small blind) folded before Flop
Seat 4: BelSv (big blind) collected ($2)


PokerStars Hand #176683711320:  Hold'em Limit ($3/$6 USD) - 2017/10/09 3:29:14 ET
Table 'Agassiz' 6-max Seat #3 is the button
Seat 3: aabeatenby23 ($103.33 in chips)
Seat 4: BelSv ($134.01 in chips)
aabeatenby23: posts small blind $1
BelSv: posts big blind $3
*** HOLE CARDS ***
aabeatenby23: raises $3 to $6
BelSv: folds
Uncalled bet ($3) returned to aabeatenby23
aabeatenby23 collected $6 from pot
aabeatenby23: doesn't show hand
*** SUMMARY ***
Total pot $6 | Rake $0
Seat 3: aabeatenby23 (button) (small blind) collected ($6)
Seat 4: BelSv (big blind) folded before Flop


PokerStars Hand #176683708291:  Hold'em Limit ($3/$6 USD) - 2017/10/09 3:29:01 ET
Table 'Agassiz' 6-max Seat #4 is the button
Seat 3: aabeatenby23 ($109.33 in chips)
Seat 4: BelSv ($128.25 in chips)
BelSv: posts small blind $1
aabeatenby23: posts big blind $3
*** HOLE CARDS ***
BelSv: raises $3 to $6
aabeatenby23: calls $3
*** FLOP *** [Kc 5s Ks]
aabeatenby23: checks
BelSv: bets $3
aabeatenby23: folds
Uncalled bet ($3) returned to BelSv
BelSv collected $11.76 from pot
BelSv: doesn't show hand
*** SUMMARY ***
Total pot $12 | Rake $0.24
Board [Kc 5s Ks]
Seat 3: aabeatenby23 (big blind) folded on the Flop
Seat 4: BelSv (button) (small blind) collected ($11.76)


PokerStars Hand #176683727802:  Hold'em Limit ($3/$6 USD) - 2017/10/09 3:30:23 ET
Table 'Agassiz' 6-max Seat #3 is the button
Seat 3: aabeatenby23 ($64.33 in chips)
Seat 4: BelSv ($172.03 in chips)
aabeatenby23: posts small blind $1
BelSv: posts big blind $3
*** HOLE CARDS ***
aabeatenby23: folds
Uncalled bet ($2) returned to BelSv
BelSv collected $2 from pot
BelSv: doesn't show hand
*** SUMMARY ***
Total pot $2 | Rake $0
Seat 3: aabeatenby23 (button) (small blind) folded before Flop
Seat 4: BelSv (big blind) collected ($2)


PokerStars Hand #176683723653:  Hold'em Limit ($3/$6 USD) - 2017/10/09 3:30:06 ET
Table 'Agassiz' 6-max Seat #3 is the button
Seat 3: aabeatenby23 ($71.33 in chips)
Seat 4: BelSv ($165.27 in chips)
aabeatenby23: posts small blind $1
BelSv: posts big blind $3
*** HOLE CARDS ***
aabeatenby23: folds
Uncalled bet ($2) returned to BelSv
BelSv collected $2 from pot
BelSv: doesn't show hand
*** SUMMARY ***
Total pot $2 | Rake $0
Seat 3: aabeatenby23 (button) (small blind) folded before Flop
Seat 4: BelSv (big blind) collected ($2)


PokerStars Hand #176683720773:  Hold'em Limit ($3/$6 USD) - 2017/10/09 3:29:53 ET
Table 'Agassiz' 6-max Seat #4 is the button
Seat 3: aabeatenby23 ($77.33 in chips)
Seat 4: BelSv ($159.51 in chips)
BelSv: posts small blind $1
aabeatenby23: posts big blind $3
*** HOLE CARDS ***
BelSv: raises $3 to $6
aabeatenby23: calls $3
*** FLOP *** [Ah Qc Qs]
aabeatenby23: checks
BelSv: bets $3
aabeatenby23: folds
Uncalled bet ($3) returned to BelSv
BelSv collected $11.76 from pot
BelSv: doesn't show hand
*** SUMMARY ***
Total pot $12 | Rake $0.24
Board [Ah Qc Qs]
Seat 3: aabeatenby23 (big blind) folded on the Flop
Seat 4: BelSv (button) (small blind) collected ($11.76)


PokerStars Hand #176683725127:  Hold'em Limit ($3/$6 USD) - 2017/10/09 3:30:11 ET
Table 'Agassiz' 6-max Seat #4 is the button
Seat 3: aabeatenby23 ($70.33 in chips)
Seat 4: BelSv ($166.27 in chips)
BelSv: posts small blind $1
aabeatenby23: posts big blind $3
*** HOLE CARDS ***
BelSv: raises $3 to $6
aabeatenby23: calls $3
*** FLOP *** [9h 7h Ac]
aabeatenby23: checks
BelSv: bets $3
aabeatenby23: folds
Uncalled bet ($3) returned to BelSv
BelSv collected $11.76 from pot
BelSv: doesn't show hand
*** SUMMARY ***
Total pot $12 | Rake $0.24
Board [9h 7h Ac]
Seat 3: aabeatenby23 (big blind) folded on the Flop
Seat 4: BelSv (button) (small blind) collected ($11.76)


PokerStars Hand #176683736288:  Hold'em Limit ($3/$6 USD) - 2017/10/09 3:30:57 ET
Table 'Agassiz' 6-max Seat #3 is the button
Seat 3: aabeatenby23 ($33.33 in chips)
Seat 4: BelSv ($202.53 in chips)
aabeatenby23: posts small blind $1
BelSv: posts big blind $3
*** HOLE CARDS ***
aabeatenby23: raises $3 to $6
BelSv: calls $3
*** FLOP *** [2s 9c Ac]
BelSv: checks
aabeatenby23: bets $3
BelSv: folds
Uncalled bet ($3) returned to aabeatenby23
aabeatenby23 collected $11.76 from pot
aabeatenby23: doesn't show hand
*** SUMMARY ***
Total pot $12 | Rake $0.24
Board [2s 9c Ac]
Seat 3: aabeatenby23 (button) (small blind) collected ($11.76)
Seat 4: BelSv (big blind) folded on the Flop


PokerStars Hand #176683739195:  Hold'em Limit ($3/$6 USD) - 2017/10/09 3:31:09 ET
Table 'Agassiz' 6-max Seat #4 is the button
Seat 3: aabeatenby23 ($39.09 in chips)
Seat 4: BelSv ($196.53 in chips)
BelSv: posts small blind $1
aabeatenby23: posts big blind $3
*** HOLE CARDS ***
BelSv: raises $3 to $6
aabeatenby23: raises $3 to $9
BelSv: calls $3
*** FLOP *** [7d Qh 2s]
aabeatenby23: bets $3
BelSv: calls $3
*** TURN *** [7d Qh 2s] [5s]
aabeatenby23: bets $6
BelSv: raises $6 to $12
aabeatenby23: calls $6
*** RIVER *** [7d Qh 2s 5s] [Ts]
aabeatenby23: checks
BelSv: bets $6
aabeatenby23: calls $6
*** SHOW DOWN ***
BelSv: shows [5c Qs] (two pair, Queens and Fives)
aabeatenby23: mucks hand
BelSv collected $59.50 from pot
*** SUMMARY ***
Total pot $60 | Rake $0.50
Board [7d Qh 2s 5s Ts]
Seat 3: aabeatenby23 (big blind) mucked
Seat 4: BelSv (button) (small blind) showed [5c Qs] and won ($59.50) with two pair, Queens and Fives


PokerStars Hand #176683729240:  Hold'em Limit ($3/$6 USD) - 2017/10/09 3:30:28 ET
Table 'Agassiz' 6-max Seat #4 is the button
Seat 3: aabeatenby23 ($63.33 in chips)
Seat 4: BelSv ($173.03 in chips)
BelSv: posts small blind $1
aabeatenby23: posts big blind $3
*** HOLE CARDS ***
BelSv: raises $3 to $6
aabeatenby23: raises $3 to $9
BelSv: calls $3
*** FLOP *** [6c 4d 2h]
aabeatenby23: bets $3
BelSv: calls $3
*** TURN *** [6c 4d 2h] [9d]
aabeatenby23: bets $6
BelSv: calls $6
*** RIVER *** [6c 4d 2h 9d] [2d]
aabeatenby23: bets $6
BelSv: raises $6 to $12
aabeatenby23: calls $6
*** SHOW DOWN ***
BelSv: shows [6d Jd] (a flush, Jack high)
aabeatenby23: mucks hand
BelSv collected $59.50 from pot
*** SUMMARY ***
Total pot $60 | Rake $0.50
Board [6c 4d 2h 9d 2d]
Seat 3: aabeatenby23 (big blind) mucked
Seat 4: BelSv (button) (small blind) showed [6d Jd] and won ($59.50) with a flush, Jack high


PokerStars Hand #176683744976:  Hold'em Limit ($3/$6 USD) - 2017/10/09 3:31:33 ET
Table 'Agassiz' 6-max Seat #3 is the button
Seat 3: aabeatenby23 ($9.09 in chips)
Seat 4: BelSv ($226.03 in chips)
aabeatenby23: posts small blind $1
BelSv: posts big blind $3
*** HOLE CARDS ***
aabeatenby23: raises $3 to $6
BelSv: raises $3 to $9
aabeatenby23: raises $0.09 to $9.09 and is all-in
Betting is capped
BelSv: calls $0.09
*** FLOP *** [9s 2s Qs]
*** TURN *** [9s 2s Qs] [4s]
*** RIVER *** [9s 2s Qs 4s] [Js]
*** SHOW DOWN ***
BelSv: shows [As 5s] (a flush, Ace high)
aabeatenby23: shows [4d Kd] (a flush, Queen high)
BelSv collected $17.82 from pot
aabeatenby23 leaves the table
*** SUMMARY ***
Total pot $18.18 | Rake $0.36
Board [9s 2s Qs 4s Js]
Seat 3: aabeatenby23 (button) (small blind) showed [4d Kd] and lost with a flush, Queen high
Seat 4: BelSv (big blind) showed [As 5s] and won ($17.82) with a flush, Ace high


