PokerStars Hand #156747889220:  Hold'em Limit ($3/$6 USD) - 2016/08/01 19:57:49 ET
Table 'Agelaos' 6-max Seat #5 is the button
Seat 3: topcat1422 ($87.56 in chips)
Seat 5: Pandakey ($114 in chips)
Pandakey: posts small blind $1
topcat1422: posts big blind $3
*** HOLE CARDS ***
Pandakey: raises $3 to $6
topcat1422: folds
Uncalled bet ($3) returned to Pandakey
Pandakey collected $6 from pot
*** SUMMARY ***
Total pot $6 | Rake $0
Seat 3: topcat1422 (big blind) folded before Flop
Seat 5: Pandakey (button) (small blind) collected ($6)


PokerStars Hand #156747915889:  Hold'em Limit ($3/$6 USD) - 2016/08/01 19:58:52 ET
Table 'Agelaos' 6-max Seat #5 is the button
Seat 3: topcat1422 ($89.06 in chips)
Seat 5: Pandakey ($111.50 in chips)
Pandakey: posts small blind $1
topcat1422: posts big blind $3
*** HOLE CARDS ***
Pandakey: raises $3 to $6
topcat1422: calls $3
*** FLOP *** [5s Qs As]
topcat1422: checks
Pandakey: bets $3
topcat1422: calls $3
*** TURN *** [5s Qs As] [6s]
topcat1422: checks
Pandakey: bets $6
topcat1422: calls $6
*** RIVER *** [5s Qs As 6s] [5c]
topcat1422: checks
Pandakey: bets $6
topcat1422: calls $6
*** SHOW DOWN ***
Pandakey: shows [Js 4s] (a flush, Ace high)
topcat1422: mucks hand
Pandakey collected $41.50 from pot
*** SUMMARY ***
Total pot $42 | Rake $0.50
Board [5s Qs As 6s 5c]
Seat 3: topcat1422 (big blind) mucked
Seat 5: Pandakey (button) (small blind) showed [Js 4s] and won ($41.50) with a flush, Ace high


PokerStars Hand #156747913995:  Hold'em Limit ($3/$6 USD) - 2016/08/01 19:58:48 ET
Table 'Agelaos' 6-max Seat #3 is the button
Seat 3: topcat1422 ($90.06 in chips)
Seat 5: Pandakey ($110.50 in chips)
topcat1422: posts small blind $1
Pandakey: posts big blind $3
*** HOLE CARDS ***
topcat1422: folds
Uncalled bet ($2) returned to Pandakey
Pandakey collected $2 from pot
Pandakey: doesn't show hand
*** SUMMARY ***
Total pot $2 | Rake $0
Seat 3: topcat1422 (button) (small blind) folded before Flop
Seat 5: Pandakey (big blind) collected ($2)


PokerStars Hand #156747901600:  Hold'em Limit ($3/$6 USD) - 2016/08/01 19:58:19 ET
Table 'Agelaos' 6-max Seat #5 is the button
Seat 3: topcat1422 ($66.56 in chips)
Seat 5: Pandakey ($134.50 in chips)
Pandakey: posts small blind $1
topcat1422: posts big blind $3
*** HOLE CARDS ***
Pandakey: raises $3 to $6
topcat1422: raises $3 to $9
Pandakey: calls $3
*** FLOP *** [Qs Tc 3c]
topcat1422: checks
Pandakey: bets $3
topcat1422: calls $3
*** TURN *** [Qs Tc 3c] [8h]
topcat1422: checks
Pandakey: bets $6
topcat1422: raises $6 to $12
Pandakey: calls $6
*** RIVER *** [Qs Tc 3c 8h] [9d]
topcat1422: bets $6
Pandakey: folds
Uncalled bet ($6) returned to topcat1422
topcat1422 collected $47.50 from pot
topcat1422: doesn't show hand
*** SUMMARY ***
Total pot $48 | Rake $0.50
Board [Qs Tc 3c 8h 9d]
Seat 3: topcat1422 (big blind) collected ($47.50)
Seat 5: Pandakey (button) (small blind) folded on the River


PokerStars Hand #156747891771:  Hold'em Limit ($3/$6 USD) - 2016/08/01 19:57:55 ET
Table 'Agelaos' 6-max Seat #3 is the button
Seat 3: topcat1422 ($84.56 in chips)
Seat 5: Pandakey ($117 in chips)
topcat1422: posts small blind $1
Pandakey: posts big blind $3
*** HOLE CARDS ***
topcat1422: raises $3 to $6
Pandakey: calls $3
*** FLOP *** [6h Qs 3d]
Pandakey: checks
topcat1422: bets $3
Pandakey: raises $3 to $6
topcat1422: calls $3
*** TURN *** [6h Qs 3d] [5h]
Pandakey: bets $6
topcat1422: calls $6
*** RIVER *** [6h Qs 3d 5h] [8h]
Pandakey: bets $6
topcat1422: folds
Uncalled bet ($6) returned to Pandakey
Pandakey collected $35.50 from pot
Pandakey: doesn't show hand
*** SUMMARY ***
Total pot $36 | Rake $0.50
Board [6h Qs 3d 5h 8h]
Seat 3: topcat1422 (button) (small blind) folded on the River
Seat 5: Pandakey (big blind) collected ($35.50)


