PokerStars Hand #170817105608:  Hold'em Limit ($3/$6 USD) - 2017/05/23 13:52:02 ET
Table 'Agelaos III' 6-max Seat #3 is the button
Seat 3: mylifeluvsol ($30 in chips)
Seat 5: krytalex ($120 in chips)
mylifeluvsol: posts small blind $1
krytalex: posts big blind $3
*** HOLE CARDS ***
FHstyles joins the table at seat #2
mylifeluvsol: calls $2
vestimokrec joins the table at seat #4
krytalex: raises $3 to $6
mylifeluvsol: calls $3
*** FLOP *** [Ac 4h 5s]
krytalex: bets $3
mylifeluvsol: calls $3
*** TURN *** [Ac 4h 5s] [4d]
krytalex: checks
mylifeluvsol: checks
*** RIVER *** [Ac 4h 5s 4d] [6s]
Acidstorm200 joins the table at seat #1
zxkz joins the table at seat #6
krytalex: checks
mylifeluvsol: checks
*** SHOW DOWN ***
krytalex: shows [9s Jd] (a pair of Fours)
mylifeluvsol: shows [Kd 2c] (a pair of Fours - Ace+King kicker)
mylifeluvsol collected $17.64 from pot
*** SUMMARY ***
Total pot $18 | Rake $0.36
Board [Ac 4h 5s 4d 6s]
Seat 3: mylifeluvsol (button) (small blind) showed [Kd 2c] and won ($17.64) with a pair of Fours
Seat 5: krytalex (big blind) showed [9s Jd] and lost with a pair of Fours


