PokerStars Hand #147035076885:  Hold'em Limit ($3/$6 USD) - 2016/01/14 14:24:02 ET
Table 'Agematsu III' 2-max Seat #2 is the button
Seat 1: RaisemyNut$ ($71.52 in chips)
Seat 2: ManuelSikora ($92.93 in chips)
ManuelSikora: posts small blind $1
RaisemyNut$: posts big blind $3
*** HOLE CARDS ***
ManuelSikora: raises $3 to $6
RaisemyNut$: calls $3
*** FLOP *** [7h Tc 3s]
RaisemyNut$: checks
ManuelSikora: checks
*** TURN *** [7h Tc 3s] [6h]
RaisemyNut$: checks
ManuelSikora: checks
*** RIVER *** [7h Tc 3s 6h] [3d]
RaisemyNut$: checks
ManuelSikora: checks
*** SHOW DOWN ***
RaisemyNut$: shows [Kh 2s] (a pair of Threes)
ManuelSikora: mucks hand
RaisemyNut$ collected $11.76 from pot
*** SUMMARY ***
Total pot $12 | Rake $0.24
Board [7h Tc 3s 6h 3d]
Seat 1: RaisemyNut$ (big blind) showed [Kh 2s] and won ($11.76) with a pair of Threes
Seat 2: ManuelSikora (button) (small blind) mucked


PokerStars Hand #147035104688:  Hold'em Limit ($3/$6 USD) - 2016/01/14 14:24:29 ET
Table 'Agematsu III' 2-max Seat #2 is the button
Seat 1: RaisemyNut$ ($94.78 in chips)
Seat 2: ManuelSikora ($68.93 in chips)
ManuelSikora: posts small blind $1
RaisemyNut$: posts big blind $3
*** HOLE CARDS ***
ManuelSikora: raises $3 to $6
RaisemyNut$: calls $3
*** FLOP *** [6s 8s 8h]
RaisemyNut$: checks
ManuelSikora: checks
*** TURN *** [6s 8s 8h] [4h]
RaisemyNut$: bets $6
ManuelSikora: folds
Uncalled bet ($6) returned to RaisemyNut$
RaisemyNut$ collected $11.76 from pot
RaisemyNut$: doesn't show hand
*** SUMMARY ***
Total pot $12 | Rake $0.24
Board [6s 8s 8h 4h]
Seat 1: RaisemyNut$ (big blind) collected ($11.76)
Seat 2: ManuelSikora (button) (small blind) folded on the Turn


PokerStars Hand #147035117280:  Hold'em Limit ($3/$6 USD) - 2016/01/14 14:24:41 ET
Table 'Agematsu III' 2-max Seat #1 is the button
Seat 1: RaisemyNut$ ($100.54 in chips)
Seat 2: ManuelSikora ($62.93 in chips)
RaisemyNut$: posts small blind $1
ManuelSikora: posts big blind $3
*** HOLE CARDS ***
RaisemyNut$: raises $3 to $6
ManuelSikora: calls $3
*** FLOP *** [7c 7d 6d]
ManuelSikora: bets $3
RaisemyNut$: raises $3 to $6
ManuelSikora: calls $3
*** TURN *** [7c 7d 6d] [Td]
ManuelSikora: checks
RaisemyNut$: bets $6
ManuelSikora: calls $6
*** RIVER *** [7c 7d 6d Td] [6h]
ManuelSikora: checks
RaisemyNut$: bets $6
ManuelSikora: folds
Uncalled bet ($6) returned to RaisemyNut$
RaisemyNut$ collected $35.50 from pot
RaisemyNut$: doesn't show hand
*** SUMMARY ***
Total pot $36 | Rake $0.50
Board [7c 7d 6d Td 6h]
Seat 1: RaisemyNut$ (button) (small blind) collected ($35.50)
Seat 2: ManuelSikora (big blind) folded on the River


PokerStars Hand #147035132923:  Hold'em Limit ($3/$6 USD) - 2016/01/14 14:24:56 ET
Table 'Agematsu III' 2-max Seat #2 is the button
Seat 1: RaisemyNut$ ($118.04 in chips)
Seat 2: ManuelSikora ($44.93 in chips)
ManuelSikora: posts small blind $1
RaisemyNut$: posts big blind $3
*** HOLE CARDS ***
ManuelSikora: calls $2
RaisemyNut$: raises $3 to $6
ManuelSikora: calls $3
*** FLOP *** [7c Th 6c]
RaisemyNut$: bets $3
ManuelSikora: raises $3 to $6
RaisemyNut$: calls $3
*** TURN *** [7c Th 6c] [8c]
RaisemyNut$: checks
ManuelSikora: bets $6
RaisemyNut$: calls $6
*** RIVER *** [7c Th 6c 8c] [Qh]
RaisemyNut$: checks
ManuelSikora: bets $6
RaisemyNut$: folds
Uncalled bet ($6) returned to ManuelSikora
ManuelSikora collected $35.50 from pot
ManuelSikora: doesn't show hand
*** SUMMARY ***
Total pot $36 | Rake $0.50
Board [7c Th 6c 8c Qh]
Seat 1: RaisemyNut$ (big blind) folded on the River
Seat 2: ManuelSikora (button) (small blind) collected ($35.50)


PokerStars Hand #147035150600:  Hold'em Limit ($3/$6 USD) - 2016/01/14 14:25:12 ET
Table 'Agematsu III' 2-max Seat #1 is the button
Seat 1: RaisemyNut$ ($100.04 in chips)
Seat 2: ManuelSikora ($62.43 in chips)
RaisemyNut$: posts small blind $1
ManuelSikora: posts big blind $3
*** HOLE CARDS ***
RaisemyNut$: raises $3 to $6
ManuelSikora: raises $3 to $9
RaisemyNut$: calls $3
*** FLOP *** [3s Qs Jc]
ManuelSikora: bets $3
RaisemyNut$: raises $3 to $6
ManuelSikora: calls $3
*** TURN *** [3s Qs Jc] [Ks]
ManuelSikora: checks
RaisemyNut$: bets $6
ManuelSikora: calls $6
*** RIVER *** [3s Qs Jc Ks] [6s]
ManuelSikora: bets $6
RaisemyNut$: raises $6 to $12
ManuelSikora: calls $6
*** SHOW DOWN ***
RaisemyNut$: shows [2s Ts] (a flush, King high)
ManuelSikora: mucks hand
RaisemyNut$ collected $65.50 from pot
*** SUMMARY ***
Total pot $66 | Rake $0.50
Board [3s Qs Jc Ks 6s]
Seat 1: RaisemyNut$ (button) (small blind) showed [2s Ts] and won ($65.50) with a flush, King high
Seat 2: ManuelSikora (big blind) mucked


PokerStars Hand #147035168534:  Hold'em Limit ($3/$6 USD) - 2016/01/14 14:25:30 ET
Table 'Agematsu III' 2-max Seat #2 is the button
Seat 1: RaisemyNut$ ($132.54 in chips)
Seat 2: ManuelSikora ($29.43 in chips)
ManuelSikora: posts small blind $1
RaisemyNut$: posts big blind $3
*** HOLE CARDS ***
ManuelSikora: raises $3 to $6
RaisemyNut$: calls $3
*** FLOP *** [Ah 8c 3c]
RaisemyNut$: checks
ManuelSikora: checks
*** TURN *** [Ah 8c 3c] [2s]
RaisemyNut$: bets $6
ManuelSikora: calls $6
*** RIVER *** [Ah 8c 3c 2s] [4h]
RaisemyNut$: checks
ManuelSikora: bets $6
RaisemyNut$: calls $6
*** SHOW DOWN ***
ManuelSikora: shows [5d Td] (a straight, Ace to Five)
RaisemyNut$: mucks hand
ManuelSikora collected $35.50 from pot
*** SUMMARY ***
Total pot $36 | Rake $0.50
Board [Ah 8c 3c 2s 4h]
Seat 1: RaisemyNut$ (big blind) mucked
Seat 2: ManuelSikora (button) (small blind) showed [5d Td] and won ($35.50) with a straight, Ace to Five


PokerStars Hand #147035183230:  Hold'em Limit ($3/$6 USD) - 2016/01/14 14:25:43 ET
Table 'Agematsu III' 2-max Seat #1 is the button
Seat 1: RaisemyNut$ ($114.54 in chips)
Seat 2: ManuelSikora ($46.93 in chips)
RaisemyNut$: posts small blind $1
ManuelSikora: posts big blind $3
*** HOLE CARDS ***
RaisemyNut$: raises $3 to $6
ManuelSikora: calls $3
*** FLOP *** [7s 4s Qh]
ManuelSikora: checks
RaisemyNut$: bets $3
ManuelSikora: folds
Uncalled bet ($3) returned to RaisemyNut$
RaisemyNut$ collected $11.76 from pot
RaisemyNut$: doesn't show hand
*** SUMMARY ***
Total pot $12 | Rake $0.24
Board [7s 4s Qh]
Seat 1: RaisemyNut$ (button) (small blind) collected ($11.76)
Seat 2: ManuelSikora (big blind) folded on the Flop


PokerStars Hand #147035191212:  Hold'em Limit ($3/$6 USD) - 2016/01/14 14:25:51 ET
Table 'Agematsu III' 2-max Seat #2 is the button
Seat 1: RaisemyNut$ ($120.30 in chips)
Seat 2: ManuelSikora ($40.93 in chips)
ManuelSikora: posts small blind $1
RaisemyNut$: posts big blind $3
*** HOLE CARDS ***
ManuelSikora: calls $2
RaisemyNut$: raises $3 to $6
ManuelSikora: raises $3 to $9
RaisemyNut$: calls $3
*** FLOP *** [Td 7s Tc]
RaisemyNut$: checks
ManuelSikora: bets $3
RaisemyNut$: calls $3
*** TURN *** [Td 7s Tc] [6s]
RaisemyNut$: checks
ManuelSikora: bets $6
RaisemyNut$: calls $6
*** RIVER *** [Td 7s Tc 6s] [6c]
RaisemyNut$: checks
ManuelSikora: checks
*** SHOW DOWN ***
RaisemyNut$: shows [2h As] (two pair, Tens and Sixes)
ManuelSikora: mucks hand
RaisemyNut$ collected $35.50 from pot
*** SUMMARY ***
Total pot $36 | Rake $0.50
Board [Td 7s Tc 6s 6c]
Seat 1: RaisemyNut$ (big blind) showed [2h As] and won ($35.50) with two pair, Tens and Sixes
Seat 2: ManuelSikora (button) (small blind) mucked


PokerStars Hand #147035209813:  Hold'em Limit ($3/$6 USD) - 2016/01/14 14:26:08 ET
Table 'Agematsu III' 2-max Seat #1 is the button
Seat 1: RaisemyNut$ ($137.80 in chips)
Seat 2: ManuelSikora ($22.93 in chips)
RaisemyNut$: posts small blind $1
ManuelSikora: posts big blind $3
*** HOLE CARDS ***
RaisemyNut$: raises $3 to $6
ManuelSikora: calls $3
*** FLOP *** [7d 7h 2c]
ManuelSikora: checks
RaisemyNut$: bets $3
ManuelSikora: calls $3
*** TURN *** [7d 7h 2c] [Ad]
ManuelSikora: checks
RaisemyNut$: bets $6
ManuelSikora: folds
Uncalled bet ($6) returned to RaisemyNut$
RaisemyNut$ collected $17.64 from pot
RaisemyNut$: doesn't show hand
*** SUMMARY ***
Total pot $18 | Rake $0.36
Board [7d 7h 2c Ad]
Seat 1: RaisemyNut$ (button) (small blind) collected ($17.64)
Seat 2: ManuelSikora (big blind) folded on the Turn


PokerStars Hand #147035221354:  Hold'em Limit ($3/$6 USD) - 2016/01/14 14:26:19 ET
Table 'Agematsu III' 2-max Seat #2 is the button
Seat 1: RaisemyNut$ ($146.44 in chips)
Seat 2: ManuelSikora ($13.93 in chips)
ManuelSikora: posts small blind $1
RaisemyNut$: posts big blind $3
*** HOLE CARDS ***
ManuelSikora: raises $3 to $6
RaisemyNut$: raises $3 to $9
ManuelSikora: raises $3 to $12
Betting is capped
RaisemyNut$: calls $3
*** FLOP *** [Qd 9c Js]
RaisemyNut$: bets $3
ManuelSikora: calls $1.93 and is all-in
Uncalled bet ($1.07) returned to RaisemyNut$
*** TURN *** [Qd 9c Js] [Tc]
*** RIVER *** [Qd 9c Js Tc] [7c]
*** SHOW DOWN ***
RaisemyNut$: shows [8h 8c] (a straight, Eight to Queen)
ManuelSikora: shows [As Qs] (a pair of Queens)
RaisemyNut$ collected $27.36 from pot
*** SUMMARY ***
Total pot $27.86 | Rake $0.50
Board [Qd 9c Js Tc 7c]
Seat 1: RaisemyNut$ (big blind) showed [8h 8c] and won ($27.36) with a straight, Eight to Queen
Seat 2: ManuelSikora (button) (small blind) showed [As Qs] and lost with a pair of Queens


PokerStars Hand #147035321822:  Hold'em Limit ($3/$6 USD) - 2016/01/14 14:27:56 ET
Table 'Agematsu III' 2-max Seat #1 is the button
Seat 1: RaisemyNut$ ($159.87 in chips)
Seat 2: Sunny1022 ($100 in chips)
RaisemyNut$: posts small blind $1
Sunny1022: posts big blind $3
*** HOLE CARDS ***
RaisemyNut$: folds
Uncalled bet ($2) returned to Sunny1022
Sunny1022 collected $2 from pot
Sunny1022: doesn't show hand
*** SUMMARY ***
Total pot $2 | Rake $0
Seat 1: RaisemyNut$ (button) (small blind) folded before Flop
Seat 2: Sunny1022 (big blind) collected ($2)


PokerStars Hand #147035349777:  Hold'em Limit ($3/$6 USD) - 2016/01/14 14:28:23 ET
Table 'Agematsu III' 2-max Seat #1 is the button
Seat 1: RaisemyNut$ ($137.87 in chips)
Seat 2: Sunny1022 ($121.50 in chips)
RaisemyNut$: posts small blind $1
Sunny1022: posts big blind $3
*** HOLE CARDS ***
RaisemyNut$: raises $3 to $6
Sunny1022: folds
Uncalled bet ($3) returned to RaisemyNut$
RaisemyNut$ collected $6 from pot
RaisemyNut$: doesn't show hand
*** SUMMARY ***
Total pot $6 | Rake $0
Seat 1: RaisemyNut$ (button) (small blind) collected ($6)
Seat 2: Sunny1022 (big blind) folded before Flop


PokerStars Hand #147035331290:  Hold'em Limit ($3/$6 USD) - 2016/01/14 14:28:05 ET
Table 'Agematsu III' 2-max Seat #2 is the button
Seat 1: RaisemyNut$ ($158.87 in chips)
Seat 2: Sunny1022 ($101 in chips)
Sunny1022: posts small blind $1
RaisemyNut$: posts big blind $3
*** HOLE CARDS ***
Sunny1022: raises $3 to $6
RaisemyNut$: raises $3 to $9
Sunny1022: raises $3 to $12
Betting is capped
RaisemyNut$: calls $3
*** FLOP *** [6s 2d Jd]
RaisemyNut$: checks
Sunny1022: bets $3
RaisemyNut$: calls $3
*** TURN *** [6s 2d Jd] [Ts]
RaisemyNut$: checks
Sunny1022: checks
*** RIVER *** [6s 2d Jd Ts] [Jc]
RaisemyNut$: bets $6
Sunny1022: calls $6
*** SHOW DOWN ***
RaisemyNut$: shows [9d 8d] (a pair of Jacks)
Sunny1022: shows [8c 8h] (two pair, Jacks and Eights)
Sunny1022 collected $41.50 from pot
*** SUMMARY ***
Total pot $42 | Rake $0.50
Board [6s 2d Jd Ts Jc]
Seat 1: RaisemyNut$ (big blind) showed [9d 8d] and lost with a pair of Jacks
Seat 2: Sunny1022 (button) (small blind) showed [8c 8h] and won ($41.50) with two pair, Jacks and Eights


PokerStars Hand #147035360535:  Hold'em Limit ($3/$6 USD) - 2016/01/14 14:28:33 ET
Table 'Agematsu III' 2-max Seat #1 is the button
Seat 1: RaisemyNut$ ($141.87 in chips)
Seat 2: Sunny1022 ($117.50 in chips)
RaisemyNut$: posts small blind $1
Sunny1022: posts big blind $3
*** HOLE CARDS ***
RaisemyNut$: folds
Uncalled bet ($2) returned to Sunny1022
Sunny1022 collected $2 from pot
Sunny1022: doesn't show hand
*** SUMMARY ***
Total pot $2 | Rake $0
Seat 1: RaisemyNut$ (button) (small blind) folded before Flop
Seat 2: Sunny1022 (big blind) collected ($2)


PokerStars Hand #147035355260:  Hold'em Limit ($3/$6 USD) - 2016/01/14 14:28:28 ET
Table 'Agematsu III' 2-max Seat #2 is the button
Seat 1: RaisemyNut$ ($140.87 in chips)
Seat 2: Sunny1022 ($118.50 in chips)
Sunny1022: posts small blind $1
RaisemyNut$: posts big blind $3
*** HOLE CARDS ***
Sunny1022: folds
Uncalled bet ($2) returned to RaisemyNut$
RaisemyNut$ collected $2 from pot
RaisemyNut$: doesn't show hand
*** SUMMARY ***
Total pot $2 | Rake $0
Seat 1: RaisemyNut$ (big blind) collected ($2)
Seat 2: Sunny1022 (button) (small blind) folded before Flop


PokerStars Hand #147035365490:  Hold'em Limit ($3/$6 USD) - 2016/01/14 14:28:37 ET
Table 'Agematsu III' 2-max Seat #2 is the button
Seat 1: RaisemyNut$ ($140.87 in chips)
Seat 2: Sunny1022 ($118.50 in chips)
Sunny1022: posts small blind $1
RaisemyNut$: posts big blind $3
*** HOLE CARDS ***
Sunny1022: raises $3 to $6
RaisemyNut$: calls $3
*** FLOP *** [Jc 7d 4s]
RaisemyNut$: checks
Sunny1022: bets $3
RaisemyNut$: calls $3
*** TURN *** [Jc 7d 4s] [Kd]
RaisemyNut$: checks
Sunny1022: checks
*** RIVER *** [Jc 7d 4s Kd] [Ks]
RaisemyNut$: bets $6
Sunny1022: calls $6
*** SHOW DOWN ***
RaisemyNut$: shows [8s Tc] (a pair of Kings)
Sunny1022: shows [6d Jd] (two pair, Kings and Jacks)
Sunny1022 collected $29.50 from pot
*** SUMMARY ***
Total pot $30 | Rake $0.50
Board [Jc 7d 4s Kd Ks]
Seat 1: RaisemyNut$ (big blind) showed [8s Tc] and lost with a pair of Kings
Seat 2: Sunny1022 (button) (small blind) showed [6d Jd] and won ($29.50) with two pair, Kings and Jacks


PokerStars Hand #147035384738:  Hold'em Limit ($3/$6 USD) - 2016/01/14 14:28:56 ET
Table 'Agematsu III' 2-max Seat #1 is the button
Seat 1: RaisemyNut$ ($125.87 in chips)
Seat 2: Sunny1022 ($133 in chips)
RaisemyNut$: posts small blind $1
Sunny1022: posts big blind $3
*** HOLE CARDS ***
RaisemyNut$: raises $3 to $6
Sunny1022: calls $3
*** FLOP *** [Kc Kh Js]
Sunny1022: checks
RaisemyNut$: bets $3
Sunny1022: calls $3
*** TURN *** [Kc Kh Js] [4h]
Sunny1022: checks
RaisemyNut$: checks
*** RIVER *** [Kc Kh Js 4h] [Ad]
Sunny1022: checks
RaisemyNut$: checks
*** SHOW DOWN ***
Sunny1022: shows [5c 5s] (two pair, Kings and Fives)
RaisemyNut$: mucks hand
Sunny1022 collected $17.64 from pot
*** SUMMARY ***
Total pot $18 | Rake $0.36
Board [Kc Kh Js 4h Ad]
Seat 1: RaisemyNut$ (button) (small blind) mucked
Seat 2: Sunny1022 (big blind) showed [5c 5s] and won ($17.64) with two pair, Kings and Fives


PokerStars Hand #147035409903:  Hold'em Limit ($3/$6 USD) - 2016/01/14 14:29:20 ET
Table 'Agematsu III' 2-max Seat #1 is the button
Seat 1: RaisemyNut$ ($117.87 in chips)
Seat 2: Sunny1022 ($140.64 in chips)
RaisemyNut$: posts small blind $1
Sunny1022: posts big blind $3
*** HOLE CARDS ***
RaisemyNut$: raises $3 to $6
Sunny1022: folds
Uncalled bet ($3) returned to RaisemyNut$
RaisemyNut$ collected $6 from pot
RaisemyNut$: doesn't show hand
*** SUMMARY ***
Total pot $6 | Rake $0
Seat 1: RaisemyNut$ (button) (small blind) collected ($6)
Seat 2: Sunny1022 (big blind) folded before Flop


PokerStars Hand #147035404761:  Hold'em Limit ($3/$6 USD) - 2016/01/14 14:29:15 ET
Table 'Agematsu III' 2-max Seat #2 is the button
Seat 1: RaisemyNut$ ($116.87 in chips)
Seat 2: Sunny1022 ($141.64 in chips)
Sunny1022: posts small blind $1
RaisemyNut$: posts big blind $3
*** HOLE CARDS ***
Sunny1022: folds
Uncalled bet ($2) returned to RaisemyNut$
RaisemyNut$ collected $2 from pot
RaisemyNut$: doesn't show hand
*** SUMMARY ***
Total pot $2 | Rake $0
Seat 1: RaisemyNut$ (big blind) collected ($2)
Seat 2: Sunny1022 (button) (small blind) folded before Flop


PokerStars Hand #147035415577:  Hold'em Limit ($3/$6 USD) - 2016/01/14 14:29:25 ET
Table 'Agematsu III' 2-max Seat #2 is the button
Seat 1: RaisemyNut$ ($120.87 in chips)
Seat 2: Sunny1022 ($137.64 in chips)
Sunny1022: posts small blind $1
RaisemyNut$: posts big blind $3
*** HOLE CARDS ***
Sunny1022: folds
Uncalled bet ($2) returned to RaisemyNut$
RaisemyNut$ collected $2 from pot
RaisemyNut$: doesn't show hand
*** SUMMARY ***
Total pot $2 | Rake $0
Seat 1: RaisemyNut$ (big blind) collected ($2)
Seat 2: Sunny1022 (button) (small blind) folded before Flop


PokerStars Hand #147035420788:  Hold'em Limit ($3/$6 USD) - 2016/01/14 14:29:30 ET
Table 'Agematsu III' 2-max Seat #1 is the button
Seat 1: RaisemyNut$ ($121.87 in chips)
Seat 2: Sunny1022 ($136.64 in chips)
RaisemyNut$: posts small blind $1
Sunny1022: posts big blind $3
*** HOLE CARDS ***
RaisemyNut$: raises $3 to $6
Sunny1022: calls $3
*** FLOP *** [2h 5d 5s]
Sunny1022: checks
RaisemyNut$: bets $3
Sunny1022: calls $3
*** TURN *** [2h 5d 5s] [Qd]
Sunny1022: checks
RaisemyNut$: bets $6
Sunny1022: calls $6
*** RIVER *** [2h 5d 5s Qd] [Td]
Sunny1022: checks
RaisemyNut$: bets $6
Sunny1022: calls $6
*** SHOW DOWN ***
RaisemyNut$: shows [Jc 5h] (three of a kind, Fives)
Sunny1022: mucks hand
RaisemyNut$ collected $41.50 from pot
*** SUMMARY ***
Total pot $42 | Rake $0.50
Board [2h 5d 5s Qd Td]
Seat 1: RaisemyNut$ (button) (small blind) showed [Jc 5h] and won ($41.50) with three of a kind, Fives
Seat 2: Sunny1022 (big blind) mucked


PokerStars Hand #147035439644:  Hold'em Limit ($3/$6 USD) - 2016/01/14 14:29:49 ET
Table 'Agematsu III' 2-max Seat #2 is the button
Seat 1: RaisemyNut$ ($142.37 in chips)
Seat 2: Sunny1022 ($115.64 in chips)
Sunny1022: posts small blind $1
RaisemyNut$: posts big blind $3
*** HOLE CARDS ***
Sunny1022: raises $3 to $6
RaisemyNut$: raises $3 to $9
Sunny1022: calls $3
*** FLOP *** [Js 2s 7s]
RaisemyNut$: bets $3
Sunny1022: folds
Uncalled bet ($3) returned to RaisemyNut$
RaisemyNut$ collected $17.64 from pot
RaisemyNut$: doesn't show hand
*** SUMMARY ***
Total pot $18 | Rake $0.36
Board [Js 2s 7s]
Seat 1: RaisemyNut$ (big blind) collected ($17.64)
Seat 2: Sunny1022 (button) (small blind) folded on the Flop


PokerStars Hand #147035449132:  Hold'em Limit ($3/$6 USD) - 2016/01/14 14:29:58 ET
Table 'Agematsu III' 2-max Seat #1 is the button
Seat 1: RaisemyNut$ ($151.01 in chips)
Seat 2: Sunny1022 ($106.64 in chips)
RaisemyNut$: posts small blind $1
Sunny1022: posts big blind $3
*** HOLE CARDS ***
RaisemyNut$: raises $3 to $6
Sunny1022: calls $3
*** FLOP *** [9d 6c Jh]
Sunny1022: checks
RaisemyNut$: bets $3
Sunny1022: folds
Uncalled bet ($3) returned to RaisemyNut$
RaisemyNut$ collected $11.76 from pot
RaisemyNut$: doesn't show hand
*** SUMMARY ***
Total pot $12 | Rake $0.24
Board [9d 6c Jh]
Seat 1: RaisemyNut$ (button) (small blind) collected ($11.76)
Seat 2: Sunny1022 (big blind) folded on the Flop


PokerStars Hand #147035461151:  Hold'em Limit ($3/$6 USD) - 2016/01/14 14:30:09 ET
Table 'Agematsu III' 2-max Seat #2 is the button
Seat 1: RaisemyNut$ ($156.77 in chips)
Seat 2: Sunny1022 ($100.64 in chips)
Sunny1022: posts small blind $1
RaisemyNut$: posts big blind $3
*** HOLE CARDS ***
Sunny1022: raises $3 to $6
RaisemyNut$: folds
Uncalled bet ($3) returned to Sunny1022
Sunny1022 collected $6 from pot
Sunny1022: doesn't show hand
*** SUMMARY ***
Total pot $6 | Rake $0
Seat 1: RaisemyNut$ (big blind) folded before Flop
Seat 2: Sunny1022 (button) (small blind) collected ($6)


PokerStars Hand #147035483643:  Hold'em Limit ($3/$6 USD) - 2016/01/14 14:30:30 ET
Table 'Agematsu III' 2-max Seat #2 is the button
Seat 1: RaisemyNut$ ($144.77 in chips)
Seat 2: Sunny1022 ($112.28 in chips)
Sunny1022: posts small blind $1
RaisemyNut$: posts big blind $3
*** HOLE CARDS ***
Sunny1022: folds
Uncalled bet ($2) returned to RaisemyNut$
RaisemyNut$ collected $2 from pot
RaisemyNut$: doesn't show hand
*** SUMMARY ***
Total pot $2 | Rake $0
Seat 1: RaisemyNut$ (big blind) collected ($2)
Seat 2: Sunny1022 (button) (small blind) folded before Flop


PokerStars Hand #147035466500:  Hold'em Limit ($3/$6 USD) - 2016/01/14 14:30:14 ET
Table 'Agematsu III' 2-max Seat #1 is the button
Seat 1: RaisemyNut$ ($153.77 in chips)
Seat 2: Sunny1022 ($103.64 in chips)
RaisemyNut$: posts small blind $1
Sunny1022: posts big blind $3
*** HOLE CARDS ***
RaisemyNut$: raises $3 to $6
Sunny1022: calls $3
*** FLOP *** [7h Qc 9d]
Sunny1022: checks
RaisemyNut$: bets $3
Sunny1022: calls $3
*** TURN *** [7h Qc 9d] [5h]
Sunny1022: checks
RaisemyNut$: checks
*** RIVER *** [7h Qc 9d 5h] [2c]
Sunny1022: checks
RaisemyNut$: checks
*** SHOW DOWN ***
Sunny1022: shows [Kc 6c] (high card King)
RaisemyNut$: mucks hand
Sunny1022 collected $17.64 from pot
*** SUMMARY ***
Total pot $18 | Rake $0.36
Board [7h Qc 9d 5h 2c]
Seat 1: RaisemyNut$ (button) (small blind) mucked
Seat 2: Sunny1022 (big blind) showed [Kc 6c] and won ($17.64) with high card King


PokerStars Hand #147035495253:  Hold'em Limit ($3/$6 USD) - 2016/01/14 14:30:41 ET
Table 'Agematsu III' 2-max Seat #2 is the button
Seat 1: RaisemyNut$ ($148.77 in chips)
Seat 2: Sunny1022 ($108.28 in chips)
Sunny1022: posts small blind $1
RaisemyNut$: posts big blind $3
*** HOLE CARDS ***
Sunny1022: folds
Uncalled bet ($2) returned to RaisemyNut$
RaisemyNut$ collected $2 from pot
RaisemyNut$: doesn't show hand
*** SUMMARY ***
Total pot $2 | Rake $0
Seat 1: RaisemyNut$ (big blind) collected ($2)
Seat 2: Sunny1022 (button) (small blind) folded before Flop


PokerStars Hand #147035489343:  Hold'em Limit ($3/$6 USD) - 2016/01/14 14:30:36 ET
Table 'Agematsu III' 2-max Seat #1 is the button
Seat 1: RaisemyNut$ ($145.77 in chips)
Seat 2: Sunny1022 ($111.28 in chips)
RaisemyNut$: posts small blind $1
Sunny1022: posts big blind $3
*** HOLE CARDS ***
RaisemyNut$: raises $3 to $6
Sunny1022: folds
Uncalled bet ($3) returned to RaisemyNut$
RaisemyNut$ collected $6 from pot
RaisemyNut$: doesn't show hand
*** SUMMARY ***
Total pot $6 | Rake $0
Seat 1: RaisemyNut$ (button) (small blind) collected ($6)
Seat 2: Sunny1022 (big blind) folded before Flop


PokerStars Hand #147035501453:  Hold'em Limit ($3/$6 USD) - 2016/01/14 14:30:47 ET
Table 'Agematsu III' 2-max Seat #1 is the button
Seat 1: RaisemyNut$ ($149.77 in chips)
Seat 2: Sunny1022 ($107.28 in chips)
RaisemyNut$: posts small blind $1
Sunny1022: posts big blind $3
*** HOLE CARDS ***
RaisemyNut$: raises $3 to $6
Sunny1022: raises $3 to $9
RaisemyNut$: calls $3
*** FLOP *** [2c Jc 7c]
Sunny1022: bets $3
RaisemyNut$: raises $3 to $6
Sunny1022: calls $3
*** TURN *** [2c Jc 7c] [4d]
Sunny1022: checks
RaisemyNut$: checks
*** RIVER *** [2c Jc 7c 4d] [As]
Sunny1022: checks
RaisemyNut$: checks
*** SHOW DOWN ***
Sunny1022: shows [Kh Qd] (high card Ace)
RaisemyNut$: mucks hand
Sunny1022 collected $29.50 from pot
*** SUMMARY ***
Total pot $30 | Rake $0.50
Board [2c Jc 7c 4d As]
Seat 1: RaisemyNut$ (button) (small blind) mucked
Seat 2: Sunny1022 (big blind) showed [Kh Qd] and won ($29.50) with high card Ace


PokerStars Hand #147035523578:  Hold'em Limit ($3/$6 USD) - 2016/01/14 14:31:08 ET
Table 'Agematsu III' 2-max Seat #2 is the button
Seat 1: RaisemyNut$ ($134.77 in chips)
Seat 2: Sunny1022 ($121.78 in chips)
Sunny1022: posts small blind $1
RaisemyNut$: posts big blind $3
*** HOLE CARDS ***
Sunny1022: raises $3 to $6
RaisemyNut$: folds
Uncalled bet ($3) returned to Sunny1022
Sunny1022 collected $6 from pot
Sunny1022: doesn't show hand
*** SUMMARY ***
Total pot $6 | Rake $0
Seat 1: RaisemyNut$ (big blind) folded before Flop
Seat 2: Sunny1022 (button) (small blind) collected ($6)


PokerStars Hand #147035529582:  Hold'em Limit ($3/$6 USD) - 2016/01/14 14:31:14 ET
Table 'Agematsu III' 2-max Seat #1 is the button
Seat 1: RaisemyNut$ ($131.77 in chips)
Seat 2: Sunny1022 ($124.78 in chips)
RaisemyNut$: posts small blind $1
Sunny1022: posts big blind $3
*** HOLE CARDS ***
RaisemyNut$: raises $3 to $6
Sunny1022: raises $3 to $9
RaisemyNut$: calls $3
*** FLOP *** [Jd Tc 9d]
Sunny1022: bets $3
RaisemyNut$: raises $3 to $6
Sunny1022: calls $3
*** TURN *** [Jd Tc 9d] [Ac]
Sunny1022: bets $6
RaisemyNut$: calls $6
*** RIVER *** [Jd Tc 9d Ac] [Ts]
Sunny1022: bets $6
RaisemyNut$: folds
Uncalled bet ($6) returned to Sunny1022
Sunny1022 collected $41.50 from pot
Sunny1022: doesn't show hand
*** SUMMARY ***
Total pot $42 | Rake $0.50
Board [Jd Tc 9d Ac Ts]
Seat 1: RaisemyNut$ (button) (small blind) folded on the River
Seat 2: Sunny1022 (big blind) collected ($41.50)


PokerStars Hand #147035548800:  Hold'em Limit ($3/$6 USD) - 2016/01/14 14:31:32 ET
Table 'Agematsu III' 2-max Seat #2 is the button
Seat 1: RaisemyNut$ ($110.77 in chips)
Seat 2: Sunny1022 ($145.28 in chips)
Sunny1022: posts small blind $1
RaisemyNut$: posts big blind $3
*** HOLE CARDS ***
Sunny1022: raises $3 to $6
RaisemyNut$: calls $3
*** FLOP *** [6c 2h Qs]
RaisemyNut$: checks
Sunny1022: checks
*** TURN *** [6c 2h Qs] [3c]
RaisemyNut$: bets $6
Sunny1022: folds
Uncalled bet ($6) returned to RaisemyNut$
RaisemyNut$ collected $11.76 from pot
RaisemyNut$: doesn't show hand
*** SUMMARY ***
Total pot $12 | Rake $0.24
Board [6c 2h Qs 3c]
Seat 1: RaisemyNut$ (big blind) collected ($11.76)
Seat 2: Sunny1022 (button) (small blind) folded on the Turn


PokerStars Hand #147035562964:  Hold'em Limit ($3/$6 USD) - 2016/01/14 14:31:45 ET
Table 'Agematsu III' 2-max Seat #1 is the button
Seat 1: RaisemyNut$ ($116.53 in chips)
Seat 2: Sunny1022 ($139.28 in chips)
RaisemyNut$: posts small blind $1
Sunny1022: posts big blind $3
*** HOLE CARDS ***
RaisemyNut$: calls $2
Sunny1022: checks
*** FLOP *** [Qd 4h Ts]
Sunny1022: checks
RaisemyNut$: bets $3
Sunny1022: calls $3
*** TURN *** [Qd 4h Ts] [2s]
Sunny1022: checks
RaisemyNut$: bets $6
Sunny1022: calls $6
*** RIVER *** [Qd 4h Ts 2s] [9c]
Sunny1022: checks
RaisemyNut$: bets $6
Sunny1022: calls $6
*** SHOW DOWN ***
RaisemyNut$: shows [7h Td] (a pair of Tens)
Sunny1022: mucks hand
RaisemyNut$ collected $35.50 from pot
*** SUMMARY ***
Total pot $36 | Rake $0.50
Board [Qd 4h Ts 2s 9c]
Seat 1: RaisemyNut$ (button) (small blind) showed [7h Td] and won ($35.50) with a pair of Tens
Seat 2: Sunny1022 (big blind) mucked


PokerStars Hand #147035589850:  Hold'em Limit ($3/$6 USD) - 2016/01/14 14:32:10 ET
Table 'Agematsu III' 2-max Seat #2 is the button
Seat 1: RaisemyNut$ ($134.03 in chips)
Seat 2: Sunny1022 ($121.28 in chips)
Sunny1022: posts small blind $1
RaisemyNut$: posts big blind $3
*** HOLE CARDS ***
Sunny1022: raises $3 to $6
RaisemyNut$: calls $3
*** FLOP *** [Jd 8h 2s]
RaisemyNut$: checks
Sunny1022: checks
*** TURN *** [Jd 8h 2s] [2d]
RaisemyNut$: bets $6
Sunny1022: folds
Uncalled bet ($6) returned to RaisemyNut$
RaisemyNut$ collected $11.76 from pot
RaisemyNut$: doesn't show hand
*** SUMMARY ***
Total pot $12 | Rake $0.24
Board [Jd 8h 2s 2d]
Seat 1: RaisemyNut$ (big blind) collected ($11.76)
Seat 2: Sunny1022 (button) (small blind) folded on the Turn


PokerStars Hand #147035606054:  Hold'em Limit ($3/$6 USD) - 2016/01/14 14:32:25 ET
Table 'Agematsu III' 2-max Seat #1 is the button
Seat 1: RaisemyNut$ ($139.79 in chips)
Seat 2: Sunny1022 ($115.28 in chips)
RaisemyNut$: posts small blind $1
Sunny1022: posts big blind $3
*** HOLE CARDS ***
RaisemyNut$: folds
Uncalled bet ($2) returned to Sunny1022
Sunny1022 collected $2 from pot
Sunny1022: doesn't show hand
*** SUMMARY ***
Total pot $2 | Rake $0
Seat 1: RaisemyNut$ (button) (small blind) folded before Flop
Seat 2: Sunny1022 (big blind) collected ($2)


PokerStars Hand #147035611937:  Hold'em Limit ($3/$6 USD) - 2016/01/14 14:32:31 ET
Table 'Agematsu III' 2-max Seat #2 is the button
Seat 1: RaisemyNut$ ($138.79 in chips)
Seat 2: Sunny1022 ($116.28 in chips)
Sunny1022: posts small blind $1
RaisemyNut$: posts big blind $3
*** HOLE CARDS ***
Sunny1022: raises $3 to $6
RaisemyNut$: raises $3 to $9
Sunny1022: calls $3
*** FLOP *** [4h 8h 6s]
RaisemyNut$: bets $3
Sunny1022: raises $3 to $6
RaisemyNut$: calls $3
*** TURN *** [4h 8h 6s] [5s]
RaisemyNut$: checks
Sunny1022: bets $6
RaisemyNut$: raises $6 to $12
Sunny1022: calls $6
*** RIVER *** [4h 8h 6s 5s] [Kh]
RaisemyNut$: bets $6
Sunny1022: calls $6
*** SHOW DOWN ***
RaisemyNut$: shows [7c 8c] (a straight, Four to Eight)
Sunny1022: shows [8s 7h] (a straight, Four to Eight)
RaisemyNut$ collected $32.75 from pot
Sunny1022 collected $32.75 from pot
*** SUMMARY ***
Total pot $66 | Rake $0.50
Board [4h 8h 6s 5s Kh]
Seat 1: RaisemyNut$ (big blind) showed [7c 8c] and won ($32.75) with a straight, Four to Eight
Seat 2: Sunny1022 (button) (small blind) showed [8s 7h] and won ($32.75) with a straight, Four to Eight


PokerStars Hand #147035641953:  Hold'em Limit ($3/$6 USD) - 2016/01/14 14:32:59 ET
Table 'Agematsu III' 2-max Seat #1 is the button
Seat 1: RaisemyNut$ ($138.54 in chips)
Seat 2: Sunny1022 ($116.03 in chips)
RaisemyNut$: posts small blind $1
Sunny1022: posts big blind $3
*** HOLE CARDS ***
RaisemyNut$: raises $3 to $6
Sunny1022: calls $3
*** FLOP *** [5h 8c Qs]
Sunny1022: checks
RaisemyNut$: bets $3
Sunny1022: calls $3
*** TURN *** [5h 8c Qs] [Ts]
Sunny1022: checks
RaisemyNut$: bets $6
Sunny1022: calls $6
*** RIVER *** [5h 8c Qs Ts] [Ks]
Sunny1022: checks
RaisemyNut$: checks
*** SHOW DOWN ***
Sunny1022: shows [7d 8h] (a pair of Eights)
RaisemyNut$: mucks hand
Sunny1022 collected $29.50 from pot
*** SUMMARY ***
Total pot $30 | Rake $0.50
Board [5h 8c Qs Ts Ks]
Seat 1: RaisemyNut$ (button) (small blind) mucked
Seat 2: Sunny1022 (big blind) showed [7d 8h] and won ($29.50) with a pair of Eights


PokerStars Hand #147035658843:  Hold'em Limit ($3/$6 USD) - 2016/01/14 14:33:15 ET
Table 'Agematsu III' 2-max Seat #2 is the button
Seat 1: RaisemyNut$ ($123.54 in chips)
Seat 2: Sunny1022 ($130.53 in chips)
Sunny1022: posts small blind $1
RaisemyNut$: posts big blind $3
*** HOLE CARDS ***
Sunny1022: raises $3 to $6
RaisemyNut$: calls $3
*** FLOP *** [3s 7d 6h]
RaisemyNut$: checks
Sunny1022: checks
*** TURN *** [3s 7d 6h] [9s]
RaisemyNut$: bets $6
Sunny1022: folds
Uncalled bet ($6) returned to RaisemyNut$
RaisemyNut$ collected $11.76 from pot
RaisemyNut$: doesn't show hand
*** SUMMARY ***
Total pot $12 | Rake $0.24
Board [3s 7d 6h 9s]
Seat 1: RaisemyNut$ (big blind) collected ($11.76)
Seat 2: Sunny1022 (button) (small blind) folded on the Turn


PokerStars Hand #147035673490:  Hold'em Limit ($3/$6 USD) - 2016/01/14 14:33:29 ET
Table 'Agematsu III' 2-max Seat #1 is the button
Seat 1: RaisemyNut$ ($129.30 in chips)
Seat 2: Sunny1022 ($124.53 in chips)
RaisemyNut$: posts small blind $1
Sunny1022: posts big blind $3
*** HOLE CARDS ***
RaisemyNut$: raises $3 to $6
Sunny1022: calls $3
*** FLOP *** [6c 3h Th]
Sunny1022: checks
RaisemyNut$: bets $3
Sunny1022: calls $3
*** TURN *** [6c 3h Th] [4c]
Sunny1022: checks
RaisemyNut$: bets $6
Sunny1022: calls $6
*** RIVER *** [6c 3h Th 4c] [9s]
Sunny1022: checks
RaisemyNut$: bets $6
Sunny1022: calls $6
*** SHOW DOWN ***
RaisemyNut$: shows [Ad 6h] (a pair of Sixes)
Sunny1022: mucks hand
RaisemyNut$ collected $41.50 from pot
*** SUMMARY ***
Total pot $42 | Rake $0.50
Board [6c 3h Th 4c 9s]
Seat 1: RaisemyNut$ (button) (small blind) showed [Ad 6h] and won ($41.50) with a pair of Sixes
Seat 2: Sunny1022 (big blind) mucked


PokerStars Hand #147035691770:  Hold'em Limit ($3/$6 USD) - 2016/01/14 14:33:46 ET
Table 'Agematsu III' 2-max Seat #2 is the button
Seat 1: RaisemyNut$ ($149.80 in chips)
Seat 2: Sunny1022 ($103.53 in chips)
Sunny1022: posts small blind $1
RaisemyNut$: posts big blind $3
*** HOLE CARDS ***
Sunny1022: raises $3 to $6
RaisemyNut$: calls $3
*** FLOP *** [3h Ad 5d]
RaisemyNut$: checks
Sunny1022: bets $3
RaisemyNut$: calls $3
*** TURN *** [3h Ad 5d] [9c]
RaisemyNut$: checks
Sunny1022: bets $6
RaisemyNut$: folds
Uncalled bet ($6) returned to Sunny1022
Sunny1022 collected $17.64 from pot
Sunny1022: doesn't show hand
*** SUMMARY ***
Total pot $18 | Rake $0.36
Board [3h Ad 5d 9c]
Seat 1: RaisemyNut$ (big blind) folded on the Turn
Seat 2: Sunny1022 (button) (small blind) collected ($17.64)


PokerStars Hand #147035707403:  Hold'em Limit ($3/$6 USD) - 2016/01/14 14:34:00 ET
Table 'Agematsu III' 2-max Seat #1 is the button
Seat 1: RaisemyNut$ ($140.80 in chips)
Seat 2: Sunny1022 ($112.17 in chips)
RaisemyNut$: posts small blind $1
Sunny1022: posts big blind $3
*** HOLE CARDS ***
RaisemyNut$: raises $3 to $6
Sunny1022: calls $3
*** FLOP *** [Qh 9c 4c]
Sunny1022: checks
RaisemyNut$: bets $3
Sunny1022: raises $3 to $6
RaisemyNut$: folds
Uncalled bet ($3) returned to Sunny1022
Sunny1022 collected $17.64 from pot
Sunny1022: doesn't show hand
*** SUMMARY ***
Total pot $18 | Rake $0.36
Board [Qh 9c 4c]
Seat 1: RaisemyNut$ (button) (small blind) folded on the Flop
Seat 2: Sunny1022 (big blind) collected ($17.64)


PokerStars Hand #147035727695:  Hold'em Limit ($3/$6 USD) - 2016/01/14 14:34:19 ET
Table 'Agematsu III' 2-max Seat #2 is the button
Seat 1: RaisemyNut$ ($131.80 in chips)
Seat 2: Sunny1022 ($120.81 in chips)
Sunny1022: posts small blind $1
RaisemyNut$: posts big blind $3
*** HOLE CARDS ***
Sunny1022: folds
Uncalled bet ($2) returned to RaisemyNut$
RaisemyNut$ collected $2 from pot
RaisemyNut$: doesn't show hand
*** SUMMARY ***
Total pot $2 | Rake $0
Seat 1: RaisemyNut$ (big blind) collected ($2)
Seat 2: Sunny1022 (button) (small blind) folded before Flop


PokerStars Hand #147035735270:  Hold'em Limit ($3/$6 USD) - 2016/01/14 14:34:27 ET
Table 'Agematsu III' 2-max Seat #1 is the button
Seat 1: RaisemyNut$ ($132.80 in chips)
Seat 2: Sunny1022 ($119.81 in chips)
RaisemyNut$: posts small blind $1
Sunny1022: posts big blind $3
*** HOLE CARDS ***
RaisemyNut$: raises $3 to $6
Sunny1022: calls $3
*** FLOP *** [9h Kd Ks]
Sunny1022: checks
RaisemyNut$: bets $3
Sunny1022: folds
Uncalled bet ($3) returned to RaisemyNut$
RaisemyNut$ collected $11.76 from pot
RaisemyNut$: doesn't show hand
*** SUMMARY ***
Total pot $12 | Rake $0.24
Board [9h Kd Ks]
Seat 1: RaisemyNut$ (button) (small blind) collected ($11.76)
Seat 2: Sunny1022 (big blind) folded on the Flop


PokerStars Hand #147035766469:  Hold'em Limit ($3/$6 USD) - 2016/01/14 14:34:56 ET
Table 'Agematsu III' 2-max Seat #2 is the button
Seat 1: RaisemyNut$ ($153.08 in chips)
Seat 2: Sunny1022 ($98.81 in chips)
Sunny1022: posts small blind $1
RaisemyNut$: posts big blind $3
*** HOLE CARDS ***
Sunny1022: raises $3 to $6
RaisemyNut$: calls $3
*** FLOP *** [Ks Kh 6s]
RaisemyNut$: checks
Sunny1022: bets $3
RaisemyNut$: raises $3 to $6
Sunny1022: calls $3
*** TURN *** [Ks Kh 6s] [2d]
RaisemyNut$: bets $6
Sunny1022: folds
Uncalled bet ($6) returned to RaisemyNut$
RaisemyNut$ collected $23.52 from pot
RaisemyNut$: doesn't show hand
*** SUMMARY ***
Total pot $24 | Rake $0.48
Board [Ks Kh 6s 2d]
Seat 1: RaisemyNut$ (big blind) collected ($23.52)
Seat 2: Sunny1022 (button) (small blind) folded on the Turn


PokerStars Hand #147035760347:  Hold'em Limit ($3/$6 USD) - 2016/01/14 14:34:50 ET
Table 'Agematsu III' 2-max Seat #1 is the button
Seat 1: RaisemyNut$ ($150.08 in chips)
Seat 2: Sunny1022 ($101.81 in chips)
RaisemyNut$: posts small blind $1
Sunny1022: posts big blind $3
*** HOLE CARDS ***
RaisemyNut$: raises $3 to $6
Sunny1022: folds
Uncalled bet ($3) returned to RaisemyNut$
RaisemyNut$ collected $6 from pot
RaisemyNut$: doesn't show hand
*** SUMMARY ***
Total pot $6 | Rake $0
Seat 1: RaisemyNut$ (button) (small blind) collected ($6)
Seat 2: Sunny1022 (big blind) folded before Flop


PokerStars Hand #147035745981:  Hold'em Limit ($3/$6 USD) - 2016/01/14 14:34:37 ET
Table 'Agematsu III' 2-max Seat #2 is the button
Seat 1: RaisemyNut$ ($138.56 in chips)
Seat 2: Sunny1022 ($113.81 in chips)
Sunny1022: posts small blind $1
RaisemyNut$: posts big blind $3
*** HOLE CARDS ***
Sunny1022: raises $3 to $6
RaisemyNut$: raises $3 to $9
Sunny1022: calls $3
*** FLOP *** [2s 7s 7c]
RaisemyNut$: bets $3
Sunny1022: calls $3
*** TURN *** [2s 7s 7c] [Kc]
RaisemyNut$: bets $6
Sunny1022: folds
Uncalled bet ($6) returned to RaisemyNut$
RaisemyNut$ collected $23.52 from pot
RaisemyNut$: doesn't show hand
*** SUMMARY ***
Total pot $24 | Rake $0.48
Board [2s 7s 7c Kc]
Seat 1: RaisemyNut$ (big blind) collected ($23.52)
Seat 2: Sunny1022 (button) (small blind) folded on the Turn


PokerStars Hand #147035782130:  Hold'em Limit ($3/$6 USD) - 2016/01/14 14:35:10 ET
Table 'Agematsu III' 2-max Seat #1 is the button
Seat 1: RaisemyNut$ ($164.60 in chips)
Seat 2: Sunny1022 ($86.81 in chips)
RaisemyNut$: posts small blind $1
Sunny1022: posts big blind $3
*** HOLE CARDS ***
RaisemyNut$: raises $3 to $6
Sunny1022: calls $3
*** FLOP *** [6s Qd Th]
Sunny1022: checks
RaisemyNut$: bets $3
Sunny1022: calls $3
*** TURN *** [6s Qd Th] [3c]
Sunny1022: checks
RaisemyNut$: bets $6
Sunny1022: calls $6
*** RIVER *** [6s Qd Th 3c] [3d]
Sunny1022: checks
RaisemyNut$: checks
*** SHOW DOWN ***
Sunny1022: shows [5c Tc] (two pair, Tens and Threes)
RaisemyNut$: mucks hand
Sunny1022 collected $29.50 from pot
*** SUMMARY ***
Total pot $30 | Rake $0.50
Board [6s Qd Th 3c 3d]
Seat 1: RaisemyNut$ (button) (small blind) mucked
Seat 2: Sunny1022 (big blind) showed [5c Tc] and won ($29.50) with two pair, Tens and Threes


PokerStars Hand #147035834454:  Hold'em Limit ($3/$6 USD) - 2016/01/14 14:36:00 ET
Table 'Agematsu III' 2-max Seat #2 is the button
Seat 1: RaisemyNut$ ($184.62 in chips)
Seat 2: Sunny1022 ($65.31 in chips)
Sunny1022: posts small blind $1
RaisemyNut$: posts big blind $3
*** HOLE CARDS ***
Sunny1022: raises $3 to $6
RaisemyNut$: calls $3
*** FLOP *** [Ks Ac 4d]
RaisemyNut$: checks
Sunny1022: bets $3
RaisemyNut$: calls $3
*** TURN *** [Ks Ac 4d] [7c]
RaisemyNut$: checks
Sunny1022: checks
*** RIVER *** [Ks Ac 4d 7c] [Jh]
RaisemyNut$: bets $6
Sunny1022: calls $6
*** SHOW DOWN ***
RaisemyNut$: shows [Jc 4h] (two pair, Jacks and Fours)
Sunny1022: mucks hand
RaisemyNut$ collected $29.50 from pot
*** SUMMARY ***
Total pot $30 | Rake $0.50
Board [Ks Ac 4d 7c Jh]
Seat 1: RaisemyNut$ (big blind) showed [Jc 4h] and won ($29.50) with two pair, Jacks and Fours
Seat 2: Sunny1022 (button) (small blind) mucked


PokerStars Hand #147035799548:  Hold'em Limit ($3/$6 USD) - 2016/01/14 14:35:27 ET
Table 'Agematsu III' 2-max Seat #2 is the button
Seat 1: RaisemyNut$ ($149.60 in chips)
Seat 2: Sunny1022 ($101.31 in chips)
Sunny1022: posts small blind $1
RaisemyNut$: posts big blind $3
*** HOLE CARDS ***
Sunny1022: raises $3 to $6
RaisemyNut$: raises $3 to $9
Sunny1022: calls $3
*** FLOP *** [Ac 6s Tc]
RaisemyNut$: bets $3
Sunny1022: calls $3
*** TURN *** [Ac 6s Tc] [4c]
RaisemyNut$: bets $6
Sunny1022: calls $6
*** RIVER *** [Ac 6s Tc 4c] [Th]
RaisemyNut$: bets $6
Sunny1022: calls $6
*** SHOW DOWN ***
RaisemyNut$: shows [Ts Js] (three of a kind, Tens)
Sunny1022: mucks hand
RaisemyNut$ collected $47.50 from pot
*** SUMMARY ***
Total pot $48 | Rake $0.50
Board [Ac 6s Tc 4c Th]
Seat 1: RaisemyNut$ (big blind) showed [Ts Js] and won ($47.50) with three of a kind, Tens
Seat 2: Sunny1022 (button) (small blind) mucked


PokerStars Hand #147035905802:  Hold'em Limit ($3/$6 USD) - 2016/01/14 14:37:07 ET
Table 'Agematsu III' 2-max Seat #2 is the button
Seat 1: RaisemyNut$ ($201.88 in chips)
Seat 2: Sunny1022 ($47.07 in chips)
Sunny1022: posts small blind $1
RaisemyNut$: posts big blind $3
*** HOLE CARDS ***
Sunny1022: raises $3 to $6
RaisemyNut$: folds
Uncalled bet ($3) returned to Sunny1022
Sunny1022 collected $6 from pot
Sunny1022: doesn't show hand
*** SUMMARY ***
Total pot $6 | Rake $0
Seat 1: RaisemyNut$ (big blind) folded before Flop
Seat 2: Sunny1022 (button) (small blind) collected ($6)


PokerStars Hand #147035900248:  Hold'em Limit ($3/$6 USD) - 2016/01/14 14:37:02 ET
Table 'Agematsu III' 2-max Seat #1 is the button
Seat 1: RaisemyNut$ ($198.88 in chips)
Seat 2: Sunny1022 ($50.07 in chips)
RaisemyNut$: posts small blind $1
Sunny1022: posts big blind $3
*** HOLE CARDS ***
RaisemyNut$: raises $3 to $6
Sunny1022: folds
Uncalled bet ($3) returned to RaisemyNut$
RaisemyNut$ collected $6 from pot
RaisemyNut$: doesn't show hand
*** SUMMARY ***
Total pot $6 | Rake $0
Seat 1: RaisemyNut$ (button) (small blind) collected ($6)
Seat 2: Sunny1022 (big blind) folded before Flop


PokerStars Hand #147035890201:  Hold'em Limit ($3/$6 USD) - 2016/01/14 14:36:52 ET
Table 'Agematsu III' 2-max Seat #2 is the button
Seat 1: RaisemyNut$ ($204.88 in chips)
Seat 2: Sunny1022 ($44.31 in chips)
Sunny1022: posts small blind $1
RaisemyNut$: posts big blind $3
*** HOLE CARDS ***
Sunny1022: raises $3 to $6
RaisemyNut$: calls $3
*** FLOP *** [8d Qs 5s]
RaisemyNut$: checks
Sunny1022: bets $3
RaisemyNut$: folds
Uncalled bet ($3) returned to Sunny1022
Sunny1022 collected $11.76 from pot
Sunny1022: doesn't show hand
*** SUMMARY ***
Total pot $12 | Rake $0.24
Board [8d Qs 5s]
Seat 1: RaisemyNut$ (big blind) folded on the Flop
Seat 2: Sunny1022 (button) (small blind) collected ($11.76)


PokerStars Hand #147035879515:  Hold'em Limit ($3/$6 USD) - 2016/01/14 14:36:42 ET
Table 'Agematsu III' 2-max Seat #1 is the button
Seat 1: RaisemyNut$ ($199.12 in chips)
Seat 2: Sunny1022 ($50.31 in chips)
RaisemyNut$: posts small blind $1
Sunny1022: posts big blind $3
*** HOLE CARDS ***
RaisemyNut$: raises $3 to $6
Sunny1022: calls $3
*** FLOP *** [6s As Th]
Sunny1022: checks
RaisemyNut$: bets $3
Sunny1022: folds
Uncalled bet ($3) returned to RaisemyNut$
RaisemyNut$ collected $11.76 from pot
RaisemyNut$: doesn't show hand
*** SUMMARY ***
Total pot $12 | Rake $0.24
Board [6s As Th]
Seat 1: RaisemyNut$ (button) (small blind) collected ($11.76)
Seat 2: Sunny1022 (big blind) folded on the Flop


PokerStars Hand #147035873834:  Hold'em Limit ($3/$6 USD) - 2016/01/14 14:36:37 ET
Table 'Agematsu III' 2-max Seat #2 is the button
Seat 1: RaisemyNut$ ($198.12 in chips)
Seat 2: Sunny1022 ($51.31 in chips)
Sunny1022: posts small blind $1
RaisemyNut$: posts big blind $3
*** HOLE CARDS ***
Sunny1022: folds
Uncalled bet ($2) returned to RaisemyNut$
RaisemyNut$ collected $2 from pot
RaisemyNut$: doesn't show hand
*** SUMMARY ***
Total pot $2 | Rake $0
Seat 1: RaisemyNut$ (big blind) collected ($2)
Seat 2: Sunny1022 (button) (small blind) folded before Flop


PokerStars Hand #147035868870:  Hold'em Limit ($3/$6 USD) - 2016/01/14 14:36:32 ET
Table 'Agematsu III' 2-max Seat #1 is the button
Seat 1: RaisemyNut$ ($199.12 in chips)
Seat 2: Sunny1022 ($50.31 in chips)
RaisemyNut$: posts small blind $1
Sunny1022: posts big blind $3
*** HOLE CARDS ***
RaisemyNut$: folds
Uncalled bet ($2) returned to Sunny1022
Sunny1022 collected $2 from pot
Sunny1022: doesn't show hand
*** SUMMARY ***
Total pot $2 | Rake $0
Seat 1: RaisemyNut$ (button) (small blind) folded before Flop
Seat 2: Sunny1022 (big blind) collected ($2)


PokerStars Hand #147035862703:  Hold'em Limit ($3/$6 USD) - 2016/01/14 14:36:26 ET
Table 'Agematsu III' 2-max Seat #2 is the button
Seat 1: RaisemyNut$ ($202.12 in chips)
Seat 2: Sunny1022 ($47.31 in chips)
Sunny1022: posts small blind $1
RaisemyNut$: posts big blind $3
*** HOLE CARDS ***
Sunny1022: raises $3 to $6
RaisemyNut$: folds
Uncalled bet ($3) returned to Sunny1022
Sunny1022 collected $6 from pot
Sunny1022: doesn't show hand
*** SUMMARY ***
Total pot $6 | Rake $0
Seat 1: RaisemyNut$ (big blind) folded before Flop
Seat 2: Sunny1022 (button) (small blind) collected ($6)


PokerStars Hand #147035857060:  Hold'em Limit ($3/$6 USD) - 2016/01/14 14:36:21 ET
Table 'Agematsu III' 2-max Seat #1 is the button
Seat 1: RaisemyNut$ ($199.12 in chips)
Seat 2: Sunny1022 ($50.31 in chips)
RaisemyNut$: posts small blind $1
Sunny1022: posts big blind $3
*** HOLE CARDS ***
RaisemyNut$: raises $3 to $6
Sunny1022: folds
Uncalled bet ($3) returned to RaisemyNut$
RaisemyNut$ collected $6 from pot
RaisemyNut$: doesn't show hand
*** SUMMARY ***
Total pot $6 | Rake $0
Seat 1: RaisemyNut$ (button) (small blind) collected ($6)
Seat 2: Sunny1022 (big blind) folded before Flop


PokerStars Hand #147035979354:  Hold'em Limit ($3/$6 USD) - 2016/01/14 14:38:16 ET
Table 'Agematsu III' 2-max Seat #2 is the button
Seat 1: RaisemyNut$ ($158.64 in chips)
Seat 2: Sunny1022 ($89.09 in chips)
Sunny1022: posts small blind $1
RaisemyNut$: posts big blind $3
*** HOLE CARDS ***
Sunny1022: folds
Uncalled bet ($2) returned to RaisemyNut$
RaisemyNut$ collected $2 from pot
RaisemyNut$: doesn't show hand
*** SUMMARY ***
Total pot $2 | Rake $0
Seat 1: RaisemyNut$ (big blind) collected ($2)
Seat 2: Sunny1022 (button) (small blind) folded before Flop


PokerStars Hand #147035962360:  Hold'em Limit ($3/$6 USD) - 2016/01/14 14:38:00 ET
Table 'Agematsu III' 2-max Seat #1 is the button
Seat 1: RaisemyNut$ ($152.88 in chips)
Seat 2: Sunny1022 ($95.09 in chips)
RaisemyNut$: posts small blind $1
Sunny1022: posts big blind $3
*** HOLE CARDS ***
RaisemyNut$: raises $3 to $6
Sunny1022: calls $3
*** FLOP *** [4s Jd 2s]
Sunny1022: checks
RaisemyNut$: bets $3
Sunny1022: folds
Uncalled bet ($3) returned to RaisemyNut$
RaisemyNut$ collected $11.76 from pot
RaisemyNut$: doesn't show hand
*** SUMMARY ***
Total pot $12 | Rake $0.24
Board [4s Jd 2s]
Seat 1: RaisemyNut$ (button) (small blind) collected ($11.76)
Seat 2: Sunny1022 (big blind) folded on the Flop


PokerStars Hand #147035952080:  Hold'em Limit ($3/$6 USD) - 2016/01/14 14:37:51 ET
Table 'Agematsu III' 2-max Seat #2 is the button
Seat 1: RaisemyNut$ ($158.88 in chips)
Seat 2: Sunny1022 ($89.33 in chips)
Sunny1022: posts small blind $1
RaisemyNut$: posts big blind $3
*** HOLE CARDS ***
Sunny1022: raises $3 to $6
RaisemyNut$: calls $3
*** FLOP *** [3c Tc Jd]
RaisemyNut$: checks
Sunny1022: bets $3
RaisemyNut$: folds
Uncalled bet ($3) returned to Sunny1022
Sunny1022 collected $11.76 from pot
Sunny1022: doesn't show hand
*** SUMMARY ***
Total pot $12 | Rake $0.24
Board [3c Tc Jd]
Seat 1: RaisemyNut$ (big blind) folded on the Flop
Seat 2: Sunny1022 (button) (small blind) collected ($11.76)


PokerStars Hand #147035944272:  Hold'em Limit ($3/$6 USD) - 2016/01/14 14:37:43 ET
Table 'Agematsu III' 2-max Seat #1 is the button
Seat 1: RaisemyNut$ ($159.88 in chips)
Seat 2: Sunny1022 ($88.33 in chips)
RaisemyNut$: posts small blind $1
Sunny1022: posts big blind $3
*** HOLE CARDS ***
RaisemyNut$: folds
Uncalled bet ($2) returned to Sunny1022
Sunny1022 collected $2 from pot
Sunny1022: doesn't show hand
*** SUMMARY ***
Total pot $2 | Rake $0
Seat 1: RaisemyNut$ (button) (small blind) folded before Flop
Seat 2: Sunny1022 (big blind) collected ($2)


PokerStars Hand #147035934924:  Hold'em Limit ($3/$6 USD) - 2016/01/14 14:37:34 ET
Table 'Agematsu III' 2-max Seat #2 is the button
Seat 1: RaisemyNut$ ($165.88 in chips)
Seat 2: Sunny1022 ($82.57 in chips)
Sunny1022: posts small blind $1
RaisemyNut$: posts big blind $3
*** HOLE CARDS ***
Sunny1022: raises $3 to $6
RaisemyNut$: calls $3
*** FLOP *** [5h 9h Jd]
RaisemyNut$: checks
Sunny1022: bets $3
RaisemyNut$: folds
Uncalled bet ($3) returned to Sunny1022
Sunny1022 collected $11.76 from pot
Sunny1022: doesn't show hand
*** SUMMARY ***
Total pot $12 | Rake $0.24
Board [5h 9h Jd]
Seat 1: RaisemyNut$ (big blind) folded on the Flop
Seat 2: Sunny1022 (button) (small blind) collected ($11.76)


PokerStars Hand #147035912211:  Hold'em Limit ($3/$6 USD) - 2016/01/14 14:37:13 ET
Table 'Agematsu III' 2-max Seat #1 is the button
Seat 1: RaisemyNut$ ($198.88 in chips)
Seat 2: Sunny1022 ($50.07 in chips)
RaisemyNut$: posts small blind $1
Sunny1022: posts big blind $3
*** HOLE CARDS ***
RaisemyNut$: raises $3 to $6
Sunny1022: raises $3 to $9
RaisemyNut$: raises $3 to $12
Betting is capped
Sunny1022: calls $3
*** FLOP *** [4d Td 4h]
Sunny1022: checks
RaisemyNut$: bets $3
Sunny1022: calls $3
*** TURN *** [4d Td 4h] [Ks]
Sunny1022: checks
RaisemyNut$: bets $6
Sunny1022: raises $6 to $12
RaisemyNut$: raises $6 to $18
Sunny1022: calls $6
*** RIVER *** [4d Td 4h Ks] [9d]
Sunny1022: checks
RaisemyNut$: checks
*** SHOW DOWN ***
Sunny1022: shows [Kc Ah] (two pair, Kings and Fours)
RaisemyNut$: mucks hand
Sunny1022 collected $65.50 from pot
*** SUMMARY ***
Total pot $66 | Rake $0.50
Board [4d Td 4h Ks 9d]
Seat 1: RaisemyNut$ (button) (small blind) mucked
Seat 2: Sunny1022 (big blind) showed [Kc Ah] and won ($65.50) with two pair, Kings and Fours


PokerStars Hand #147036026094:  Hold'em Limit ($3/$6 USD) - 2016/01/14 14:39:00 ET
Table 'Agematsu III' 2-max Seat #1 is the button
Seat 1: RaisemyNut$ ($174.92 in chips)
Seat 2: Sunny1022 ($72.09 in chips)
RaisemyNut$: posts small blind $1
Sunny1022: posts big blind $3
*** HOLE CARDS ***
RaisemyNut$: raises $3 to $6
Sunny1022: calls $3
*** FLOP *** [Ac 3d Ah]
Sunny1022: checks
RaisemyNut$: bets $3
Sunny1022: folds
Uncalled bet ($3) returned to RaisemyNut$
RaisemyNut$ collected $11.76 from pot
RaisemyNut$: doesn't show hand
*** SUMMARY ***
Total pot $12 | Rake $0.24
Board [Ac 3d Ah]
Seat 1: RaisemyNut$ (button) (small blind) collected ($11.76)
Seat 2: Sunny1022 (big blind) folded on the Flop


PokerStars Hand #147036008619:  Hold'em Limit ($3/$6 USD) - 2016/01/14 14:38:44 ET
Table 'Agematsu III' 2-max Seat #2 is the button
Seat 1: RaisemyNut$ ($166.28 in chips)
Seat 2: Sunny1022 ($81.09 in chips)
Sunny1022: posts small blind $1
RaisemyNut$: posts big blind $3
*** HOLE CARDS ***
Sunny1022: raises $3 to $6
RaisemyNut$: calls $3
*** FLOP *** [8c 6d Kd]
RaisemyNut$: checks
Sunny1022: bets $3
RaisemyNut$: calls $3
*** TURN *** [8c 6d Kd] [3s]
RaisemyNut$: checks
Sunny1022: checks
*** RIVER *** [8c 6d Kd 3s] [5s]
RaisemyNut$: bets $6
Sunny1022: folds
Uncalled bet ($6) returned to RaisemyNut$
RaisemyNut$ collected $17.64 from pot
RaisemyNut$: doesn't show hand
*** SUMMARY ***
Total pot $18 | Rake $0.36
Board [8c 6d Kd 3s 5s]
Seat 1: RaisemyNut$ (big blind) collected ($17.64)
Seat 2: Sunny1022 (button) (small blind) folded on the River


PokerStars Hand #147036003310:  Hold'em Limit ($3/$6 USD) - 2016/01/14 14:38:39 ET
Table 'Agematsu III' 2-max Seat #1 is the button
Seat 1: RaisemyNut$ ($167.28 in chips)
Seat 2: Sunny1022 ($80.09 in chips)
RaisemyNut$: posts small blind $1
Sunny1022: posts big blind $3
*** HOLE CARDS ***
RaisemyNut$: folds
Uncalled bet ($2) returned to Sunny1022
Sunny1022 collected $2 from pot
Sunny1022: doesn't show hand
*** SUMMARY ***
Total pot $2 | Rake $0
Seat 1: RaisemyNut$ (button) (small blind) folded before Flop
Seat 2: Sunny1022 (big blind) collected ($2)


PokerStars Hand #147035984524:  Hold'em Limit ($3/$6 USD) - 2016/01/14 14:38:21 ET
Table 'Agematsu III' 2-max Seat #1 is the button
Seat 1: RaisemyNut$ ($159.64 in chips)
Seat 2: Sunny1022 ($88.09 in chips)
RaisemyNut$: posts small blind $1
Sunny1022: posts big blind $3
*** HOLE CARDS ***
RaisemyNut$: folds
Uncalled bet ($2) returned to Sunny1022
Sunny1022 collected $2 from pot
Sunny1022: doesn't show hand
*** SUMMARY ***
Total pot $2 | Rake $0
Seat 1: RaisemyNut$ (button) (small blind) folded before Flop
Seat 2: Sunny1022 (big blind) collected ($2)


PokerStars Hand #147036082023:  Hold'em Limit ($3/$6 USD) - 2016/01/14 14:39:53 ET
Table 'Agematsu III' 2-max Seat #1 is the button
Seat 1: RaisemyNut$ ($201.18 in chips)
Seat 2: Sunny1022 ($44.85 in chips)
RaisemyNut$: posts small blind $1
Sunny1022: posts big blind $3
*** HOLE CARDS ***
RaisemyNut$: raises $3 to $6
Sunny1022: calls $3
*** FLOP *** [As Kh 2c]
Sunny1022: checks
RaisemyNut$: bets $3
Sunny1022: folds
Uncalled bet ($3) returned to RaisemyNut$
RaisemyNut$ collected $11.76 from pot
RaisemyNut$: doesn't show hand
*** SUMMARY ***
Total pot $12 | Rake $0.24
Board [As Kh 2c]
Seat 1: RaisemyNut$ (button) (small blind) collected ($11.76)
Seat 2: Sunny1022 (big blind) folded on the Flop


PokerStars Hand #147036076391:  Hold'em Limit ($3/$6 USD) - 2016/01/14 14:39:48 ET
Table 'Agematsu III' 2-max Seat #2 is the button
Seat 1: RaisemyNut$ ($204.18 in chips)
Seat 2: Sunny1022 ($41.85 in chips)
Sunny1022: posts small blind $1
RaisemyNut$: posts big blind $3
*** HOLE CARDS ***
Sunny1022: raises $3 to $6
RaisemyNut$: folds
Uncalled bet ($3) returned to Sunny1022
Sunny1022 collected $6 from pot
Sunny1022: doesn't show hand
*** SUMMARY ***
Total pot $6 | Rake $0
Seat 1: RaisemyNut$ (big blind) folded before Flop
Seat 2: Sunny1022 (button) (small blind) collected ($6)


PokerStars Hand #147036055008:  Hold'em Limit ($3/$6 USD) - 2016/01/14 14:39:28 ET
Table 'Agematsu III' 2-max Seat #1 is the button
Seat 1: RaisemyNut$ ($174.68 in chips)
Seat 2: Sunny1022 ($71.85 in chips)
RaisemyNut$: posts small blind $1
Sunny1022: posts big blind $3
*** HOLE CARDS ***
RaisemyNut$: raises $3 to $6
Sunny1022: raises $3 to $9
RaisemyNut$: calls $3
*** FLOP *** [Td 9h 7d]
Sunny1022: bets $3
RaisemyNut$: calls $3
*** TURN *** [Td 9h 7d] [Qd]
Sunny1022: bets $6
RaisemyNut$: raises $6 to $12
Sunny1022: calls $6
*** RIVER *** [Td 9h 7d Qd] [Ac]
Sunny1022: bets $6
RaisemyNut$: raises $6 to $12
Sunny1022: folds
Uncalled bet ($6) returned to RaisemyNut$
RaisemyNut$ collected $59.50 from pot
RaisemyNut$: doesn't show hand
*** SUMMARY ***
Total pot $60 | Rake $0.50
Board [Td 9h 7d Qd Ac]
Seat 1: RaisemyNut$ (button) (small blind) collected ($59.50)
Seat 2: Sunny1022 (big blind) folded on the River


PokerStars Hand #147036037974:  Hold'em Limit ($3/$6 USD) - 2016/01/14 14:39:12 ET
Table 'Agematsu III' 2-max Seat #2 is the button
Seat 1: RaisemyNut$ ($180.68 in chips)
Seat 2: Sunny1022 ($66.09 in chips)
Sunny1022: posts small blind $1
RaisemyNut$: posts big blind $3
*** HOLE CARDS ***
Sunny1022: raises $3 to $6
RaisemyNut$: calls $3
*** FLOP *** [9s Js 2s]
RaisemyNut$: checks
Sunny1022: bets $3
RaisemyNut$: folds
Uncalled bet ($3) returned to Sunny1022
Sunny1022 collected $11.76 from pot
Sunny1022: doesn't show hand
*** SUMMARY ***
Total pot $12 | Rake $0.24
Board [9s Js 2s]
Seat 1: RaisemyNut$ (big blind) folded on the Flop
Seat 2: Sunny1022 (button) (small blind) collected ($11.76)


PokerStars Hand #147036092656:  Hold'em Limit ($3/$6 USD) - 2016/01/14 14:40:03 ET
Table 'Agematsu III' 2-max Seat #2 is the button
Seat 1: RaisemyNut$ ($206.94 in chips)
Seat 2: Sunny1022 ($38.85 in chips)
Sunny1022: posts small blind $1
RaisemyNut$: posts big blind $3
*** HOLE CARDS ***
Sunny1022: raises $3 to $6
RaisemyNut$: calls $3
*** FLOP *** [Ac 3c 7d]
RaisemyNut$: checks
Sunny1022: checks
*** TURN *** [Ac 3c 7d] [2c]
RaisemyNut$: bets $6
Sunny1022: folds
Uncalled bet ($6) returned to RaisemyNut$
RaisemyNut$ collected $11.76 from pot
RaisemyNut$: doesn't show hand
Sunny1022 leaves the table
*** SUMMARY ***
Total pot $12 | Rake $0.24
Board [Ac 3c 7d 2c]
Seat 1: RaisemyNut$ (big blind) collected ($11.76)
Seat 2: Sunny1022 (button) (small blind) folded on the Turn


