PokerStars Hand #175197642809:  Hold'em Limit ($3/$6 USD) - 2017/09/04 11:38:02 ET
Table 'Agematsu' 6-max Seat #1 is the button
Seat 1: Velbor107 ($294 in chips)
Seat 3: Artachok ($65.64 in chips)
Velbor107: posts small blind $1
Artachok: posts big blind $3
*** HOLE CARDS ***
Velbor107: raises $3 to $6
Artachok: folds
Uncalled bet ($3) returned to Velbor107
Velbor107 collected $6 from pot
*** SUMMARY ***
Total pot $6 | Rake $0
Seat 1: Velbor107 (button) (small blind) collected ($6)
Seat 3: Artachok (big blind) folded before Flop


PokerStars Hand #175197627332:  Hold'em Limit ($3/$6 USD) - 2017/09/04 11:37:39 ET
Table 'Agematsu' 6-max Seat #3 is the button
Seat 1: Velbor107 ($303 in chips)
Seat 3: Artachok ($57 in chips)
Artachok: posts small blind $1
Velbor107: posts big blind $3
*** HOLE CARDS ***
Artachok: raises $3 to $6
Velbor107: calls $3
*** FLOP *** [6d Qs Jh]
Velbor107: checks
Artachok: bets $3
Velbor107: calls $3
*** TURN *** [6d Qs Jh] [4d]
Velbor107: checks
Artachok: bets $6
Velbor107: folds
Uncalled bet ($6) returned to Artachok
Artachok collected $17.64 from pot
*** SUMMARY ***
Total pot $18 | Rake $0.36
Board [6d Qs Jh 4d]
Seat 1: Velbor107 (big blind) folded on the Turn
Seat 3: Artachok (button) (small blind) collected ($17.64)


PokerStars Hand #175197617322:  Hold'em Limit ($3/$6 USD) - 2017/09/04 11:37:24 ET
Table 'Agematsu' 6-max Seat #1 is the button
Seat 1: Velbor107 ($300 in chips)
Seat 3: Artachok ($60 in chips)
Velbor107: posts small blind $1
Artachok: posts big blind $3
*** HOLE CARDS ***
Velbor107: raises $3 to $6
Artachok: folds
Uncalled bet ($3) returned to Velbor107
Velbor107 collected $6 from pot
*** SUMMARY ***
Total pot $6 | Rake $0
Seat 1: Velbor107 (button) (small blind) collected ($6)
Seat 3: Artachok (big blind) folded before Flop


PokerStars Hand #175197651317:  Hold'em Limit ($3/$6 USD) - 2017/09/04 11:38:15 ET
Table 'Agematsu' 6-max Seat #3 is the button
Seat 1: Velbor107 ($297 in chips)
Seat 3: Artachok ($62.64 in chips)
Artachok: posts small blind $1
Velbor107: posts big blind $3
*** HOLE CARDS ***
Artachok: folds
Uncalled bet ($2) returned to Velbor107
Velbor107 collected $2 from pot
*** SUMMARY ***
Total pot $2 | Rake $0
Seat 1: Velbor107 (big blind) collected ($2)
Seat 3: Artachok (button) (small blind) folded before Flop


PokerStars Hand #175197664020:  Hold'em Limit ($3/$6 USD) - 2017/09/04 11:38:34 ET
Table 'Agematsu' 6-max Seat #3 is the button
Seat 1: Velbor107 ($289 in chips)
Seat 3: Artachok ($70.28 in chips)
Artachok: posts small blind $1
Velbor107: posts big blind $3
*** HOLE CARDS ***
Artachok: raises $3 to $6
Velbor107: folds
Uncalled bet ($3) returned to Artachok
Artachok collected $6 from pot
*** SUMMARY ***
Total pot $6 | Rake $0
Seat 1: Velbor107 (big blind) folded before Flop
Seat 3: Artachok (button) (small blind) collected ($6)


PokerStars Hand #175197675643:  Hold'em Limit ($3/$6 USD) - 2017/09/04 11:38:51 ET
Table 'Agematsu' 6-max Seat #3 is the button
Seat 1: Velbor107 ($291.76 in chips)
Seat 3: Artachok ($67.28 in chips)
Artachok: posts small blind $1
Velbor107: posts big blind $3
*** HOLE CARDS ***
Artachok: raises $3 to $6
Velbor107: folds
Uncalled bet ($3) returned to Artachok
Artachok collected $6 from pot
*** SUMMARY ***
Total pot $6 | Rake $0
Seat 1: Velbor107 (big blind) folded before Flop
Seat 3: Artachok (button) (small blind) collected ($6)


PokerStars Hand #175197668759:  Hold'em Limit ($3/$6 USD) - 2017/09/04 11:38:41 ET
Table 'Agematsu' 6-max Seat #1 is the button
Seat 1: Velbor107 ($286 in chips)
Seat 3: Artachok ($73.28 in chips)
Velbor107: posts small blind $1
Artachok: posts big blind $3
*** HOLE CARDS ***
Velbor107: raises $3 to $6
Artachok: calls $3
*** FLOP *** [Jh Kc 6s]
Artachok: checks
Velbor107: bets $3
Artachok: folds
Uncalled bet ($3) returned to Velbor107
Velbor107 collected $11.76 from pot
*** SUMMARY ***
Total pot $12 | Rake $0.24
Board [Jh Kc 6s]
Seat 1: Velbor107 (button) (small blind) collected ($11.76)
Seat 3: Artachok (big blind) folded on the Flop


PokerStars Hand #175197654608:  Hold'em Limit ($3/$6 USD) - 2017/09/04 11:38:20 ET
Table 'Agematsu' 6-max Seat #1 is the button
Seat 1: Velbor107 ($298 in chips)
Seat 3: Artachok ($61.64 in chips)
Velbor107: posts small blind $1
Artachok: posts big blind $3
*** HOLE CARDS ***
Velbor107: raises $3 to $6
Artachok: calls $3
*** FLOP *** [Qs Td Ah]
Artachok: checks
Velbor107: bets $3
Artachok: calls $3
*** TURN *** [Qs Td Ah] [Kd]
Artachok: bets $6
Velbor107: folds
Uncalled bet ($6) returned to Artachok
Artachok collected $17.64 from pot
*** SUMMARY ***
Total pot $18 | Rake $0.36
Board [Qs Td Ah Kd]
Seat 1: Velbor107 (button) (small blind) folded on the Turn
Seat 3: Artachok (big blind) collected ($17.64)


PokerStars Hand #175197679635:  Hold'em Limit ($3/$6 USD) - 2017/09/04 11:38:57 ET
Table 'Agematsu' 6-max Seat #1 is the button
Seat 1: Velbor107 ($288.76 in chips)
Seat 3: Artachok ($70.28 in chips)
Velbor107: posts small blind $1
Artachok: posts big blind $3
*** HOLE CARDS ***
Velbor107: folds
Uncalled bet ($2) returned to Artachok
Artachok collected $2 from pot
*** SUMMARY ***
Total pot $2 | Rake $0
Seat 1: Velbor107 (button) (small blind) folded before Flop
Seat 3: Artachok (big blind) collected ($2)


PokerStars Hand #175197715649:  Hold'em Limit ($3/$6 USD) - 2017/09/04 11:39:51 ET
Table 'Agematsu' 6-max Seat #1 is the button
Seat 1: Velbor107 ($302.26 in chips)
Seat 3: Artachok ($56.28 in chips)
Velbor107: posts small blind $1
Artachok: posts big blind $3
*** HOLE CARDS ***
Velbor107: raises $3 to $6
Artachok: folds
Uncalled bet ($3) returned to Velbor107
Velbor107 collected $6 from pot
*** SUMMARY ***
Total pot $6 | Rake $0
Seat 1: Velbor107 (button) (small blind) collected ($6)
Seat 3: Artachok (big blind) folded before Flop


PokerStars Hand #175197682832:  Hold'em Limit ($3/$6 USD) - 2017/09/04 11:39:02 ET
Table 'Agematsu' 6-max Seat #3 is the button
Seat 1: Velbor107 ($287.76 in chips)
Seat 3: Artachok ($71.28 in chips)
Artachok: posts small blind $1
Velbor107: posts big blind $3
*** HOLE CARDS ***
Artachok: raises $3 to $6
Velbor107: calls $3
*** FLOP *** [4s 2s 9d]
Velbor107: checks
Artachok: bets $3
Velbor107: calls $3
*** TURN *** [4s 2s 9d] [3d]
Velbor107: checks
Artachok: bets $6
Velbor107: calls $6
*** RIVER *** [4s 2s 9d 3d] [Jd]
Velbor107: checks
Artachok: checks
*** SHOW DOWN ***
Velbor107: shows [Td 2d] (a flush, Jack high)
Artachok: mucks hand
Velbor107 collected $29.50 from pot
*** SUMMARY ***
Total pot $30 | Rake $0.50
Board [4s 2s 9d 3d Jd]
Seat 1: Velbor107 (big blind) showed [Td 2d] and won ($29.50) with a flush, Jack high
Seat 3: Artachok (button) (small blind) mucked


PokerStars Hand #175197719621:  Hold'em Limit ($3/$6 USD) - 2017/09/04 11:39:57 ET
Table 'Agematsu' 6-max Seat #3 is the button
Seat 1: Velbor107 ($305.26 in chips)
Seat 3: Artachok ($53.28 in chips)
Artachok: posts small blind $1
Velbor107: posts big blind $3
*** HOLE CARDS ***
Artachok: raises $3 to $6
Velbor107: raises $3 to $9
Artachok: calls $3
*** FLOP *** [Kh 7d Qd]
Velbor107: bets $3
Artachok: calls $3
*** TURN *** [Kh 7d Qd] [2d]
Velbor107: checks
Artachok: checks
*** RIVER *** [Kh 7d Qd 2d] [6c]
Velbor107: checks
Artachok: bets $6
Velbor107: calls $6
*** SHOW DOWN ***
Artachok: shows [7c Th] (a pair of Sevens)
Velbor107: shows [Qs Ad] (a pair of Queens)
Velbor107 collected $35.50 from pot
*** SUMMARY ***
Total pot $36 | Rake $0.50
Board [Kh 7d Qd 2d 6c]
Seat 1: Velbor107 (big blind) showed [Qs Ad] and won ($35.50) with a pair of Queens
Seat 3: Artachok (button) (small blind) showed [7c Th] and lost with a pair of Sevens


PokerStars Hand #175197741234:  Hold'em Limit ($3/$6 USD) - 2017/09/04 11:40:30 ET
Table 'Agematsu' 6-max Seat #1 is the button
Seat 1: Velbor107 ($322.76 in chips)
Seat 3: Artachok ($35.28 in chips)
Velbor107: posts small blind $1
Artachok: posts big blind $3
*** HOLE CARDS ***
zimin10 joins the table at seat #4
Velbor107: raises $3 to $6
Artachok: calls $3
*** FLOP *** [7d Ad Th]
Artachok: checks
Velbor107: bets $3
Artachok: calls $3
*** TURN *** [7d Ad Th] [2c]
Artachok: checks
Velbor107: checks
*** RIVER *** [7d Ad Th 2c] [Td]
Artachok: checks
Velbor107: checks
*** SHOW DOWN ***
Artachok: shows [3h Qd] (a pair of Tens)
Velbor107: shows [4h Kd] (a pair of Tens - Ace+King kicker)
Velbor107 collected $17.64 from pot
*** SUMMARY ***
Total pot $18 | Rake $0.36
Board [7d Ad Th 2c Td]
Seat 1: Velbor107 (button) (small blind) showed [4h Kd] and won ($17.64) with a pair of Tens
Seat 3: Artachok (big blind) showed [3h Qd] and lost with a pair of Tens


PokerStars Hand #175208505259:  Hold'em Limit ($3/$6 USD) - 2017/09/04 15:29:48 ET
Table 'Agematsu' 6-max Seat #6 is the button
Seat 5: hammer0707 ($14.37 in chips)
Seat 6: Mr.JOKER&CO ($129.74 in chips)
Mr.JOKER&CO: posts small blind $1
vestimokrec: is sitting out
jamie2000: is sitting out
krytalex: is sitting out
hammer0707: posts big blind $3
*** HOLE CARDS ***
Mr.JOKER&CO: folds
Uncalled bet ($2) returned to hammer0707
krytalex leaves the table
hammer0707 collected $2 from pot
*** SUMMARY ***
Total pot $2 | Rake $0
Seat 5: hammer0707 (big blind) collected ($2)
Seat 6: Mr.JOKER&CO (button) (small blind) folded before Flop


PokerStars Hand #175210095916:  Hold'em Limit ($3/$6 USD) - 2017/09/04 15:59:43 ET
Table 'Agematsu' 6-max Seat #5 is the button
Seat 4: vestimokrec ($96 in chips)
Seat 5: krytalex ($142.53 in chips)
krytalex: posts small blind $1
hossi399: is sitting out
vestimokrec: posts big blind $3
*** HOLE CARDS ***
krytalex: raises $3 to $6
hossi399 leaves the table
vestimokrec: calls $3
*** FLOP *** [2d 9d 3s]
vestimokrec: checks
krytalex: bets $3
vestimokrec: raises $3 to $6
krytalex: calls $3
*** TURN *** [2d 9d 3s] [6h]
vestimokrec: bets $6
krytalex: calls $6
*** RIVER *** [2d 9d 3s 6h] [2c]
vestimokrec: bets $6
krytalex: raises $6 to $12
vestimokrec: calls $6
*** SHOW DOWN ***
krytalex: shows [2s Qs] (three of a kind, Deuces)
vestimokrec: mucks hand
krytalex collected $59.50 from pot
*** SUMMARY ***
Total pot $60 | Rake $0.50
Board [2d 9d 3s 6h 2c]
Seat 4: vestimokrec (big blind) mucked
Seat 5: krytalex (button) (small blind) showed [2s Qs] and won ($59.50) with three of a kind, Deuces


