PokerStars Hand #151188842380:  Hold'em Limit ($3/$6 USD) - 2016/03/30 17:58:37 ET
Table 'Agematsu' 6-max Seat #4 is the button
Seat 4: buddhasway ($77 in chips)
Seat 6: anetkaapro ($77.76 in chips)
buddhasway: posts small blind $1
anetkaapro: posts big blind $3
*** HOLE CARDS ***
buddhasway: calls $2
anetkaapro: raises $3 to $6
buddhasway: calls $3
*** FLOP *** [7c Qs Kc]
anetkaapro: bets $3
buddhasway: folds
Uncalled bet ($3) returned to anetkaapro
anetkaapro collected $11.76 from pot
anetkaapro: doesn't show hand
*** SUMMARY ***
Total pot $12 | Rake $0.24
Board [7c Qs Kc]
Seat 4: buddhasway (button) (small blind) folded on the Flop
Seat 6: anetkaapro (big blind) collected ($11.76)


PokerStars Hand #151188903160:  Hold'em Limit ($3/$6 USD) - 2016/03/30 18:00:02 ET
Table 'Agematsu' 6-max Seat #4 is the button
Seat 4: buddhasway ($43.76 in chips)
Seat 6: anetkaapro ($109.66 in chips)
buddhasway: posts small blind $1
anetkaapro: posts big blind $3
*** HOLE CARDS ***
buddhasway: folds
Uncalled bet ($2) returned to anetkaapro
anetkaapro collected $2 from pot
anetkaapro: doesn't show hand
*** SUMMARY ***
Total pot $2 | Rake $0
Seat 4: buddhasway (button) (small blind) folded before Flop
Seat 6: anetkaapro (big blind) collected ($2)


PokerStars Hand #151188885336:  Hold'em Limit ($3/$6 USD) - 2016/03/30 17:59:37 ET
Table 'Agematsu' 6-max Seat #6 is the button
Seat 4: buddhasway ($52.76 in chips)
Seat 6: anetkaapro ($101.02 in chips)
anetkaapro: posts small blind $1
buddhasway: posts big blind $3
*** HOLE CARDS ***
anetkaapro: raises $3 to $6
buddhasway: calls $3
*** FLOP *** [9h Qc Js]
buddhasway: checks
anetkaapro: bets $3
buddhasway: calls $3
*** TURN *** [9h Qc Js] [8h]
buddhasway: checks
anetkaapro: bets $6
buddhasway: folds
Uncalled bet ($6) returned to anetkaapro
anetkaapro collected $17.64 from pot
anetkaapro: doesn't show hand
*** SUMMARY ***
Total pot $18 | Rake $0.36
Board [9h Qc Js 8h]
Seat 4: buddhasway (big blind) folded on the Turn
Seat 6: anetkaapro (button) (small blind) collected ($17.64)


PokerStars Hand #151188878527:  Hold'em Limit ($3/$6 USD) - 2016/03/30 17:59:28 ET
Table 'Agematsu' 6-max Seat #4 is the button
Seat 4: buddhasway ($47 in chips)
Seat 6: anetkaapro ($107.02 in chips)
buddhasway: posts small blind $1
anetkaapro: posts big blind $3
*** HOLE CARDS ***
buddhasway: raises $3 to $6
anetkaapro: calls $3
*** FLOP *** [Ad 8c 8d]
anetkaapro: checks
buddhasway: bets $3
anetkaapro: folds
Uncalled bet ($3) returned to buddhasway
vestimokrec joins the table at seat #5
buddhasway collected $11.76 from pot
buddhasway: doesn't show hand
*** SUMMARY ***
Total pot $12 | Rake $0.24
Board [Ad 8c 8d]
Seat 4: buddhasway (button) (small blind) collected ($11.76)
Seat 6: anetkaapro (big blind) folded on the Flop


PokerStars Hand #151188860135:  Hold'em Limit ($3/$6 USD) - 2016/03/30 17:59:02 ET
Table 'Agematsu' 6-max Seat #6 is the button
Seat 4: buddhasway ($71 in chips)
Seat 6: anetkaapro ($83.52 in chips)
anetkaapro: posts small blind $1
buddhasway: posts big blind $3
*** HOLE CARDS ***
anetkaapro: raises $3 to $6
buddhasway: raises $3 to $9
anetkaapro: calls $3
*** FLOP *** [6c 4c 5d]
buddhasway: bets $3
anetkaapro: calls $3
*** TURN *** [6c 4c 5d] [Jc]
buddhasway: bets $6
anetkaapro: raises $6 to $12
buddhasway: calls $6
*** RIVER *** [6c 4c 5d Jc] [8c]
buddhasway: checks
anetkaapro: checks
*** SHOW DOWN ***
buddhasway: shows [As 3d] (high card Ace)
anetkaapro: shows [Jd 7h] (a straight, Four to Eight)
anetkaapro collected $47.50 from pot
*** SUMMARY ***
Total pot $48 | Rake $0.50
Board [6c 4c 5d Jc 8c]
Seat 4: buddhasway (big blind) showed [As 3d] and lost with high card Ace
Seat 6: anetkaapro (button) (small blind) showed [Jd 7h] and won ($47.50) with a straight, Four to Eight


PokerStars Hand #151188921821:  Hold'em Limit ($3/$6 USD) - 2016/03/30 18:00:28 ET
Table 'Agematsu' 6-max Seat #4 is the button
Seat 4: buddhasway ($128.15 in chips)
Seat 6: anetkaapro ($95.66 in chips)
buddhasway: posts small blind $1
anetkaapro: posts big blind $3
*** HOLE CARDS ***
buddhasway: calls $2
anetkaapro: raises $3 to $6
buddhasway: calls $3
*** FLOP *** [2h 6s Kc]
anetkaapro: bets $3
buddhasway: calls $3
*** TURN *** [2h 6s Kc] [2d]
anetkaapro: bets $6
buddhasway: calls $6
*** RIVER *** [2h 6s Kc 2d] [3c]
anetkaapro: bets $6
buddhasway: calls $6
*** SHOW DOWN ***
anetkaapro: shows [9h Ks] (two pair, Kings and Deuces)
buddhasway: mucks hand
anetkaapro collected $41.50 from pot
*** SUMMARY ***
Total pot $42 | Rake $0.50
Board [2h 6s Kc 2d 3c]
Seat 4: buddhasway (button) (small blind) mucked
Seat 6: anetkaapro (big blind) showed [9h Ks] and won ($41.50) with two pair, Kings and Deuces


PokerStars Hand #151188907152:  Hold'em Limit ($3/$6 USD) - 2016/03/30 18:00:07 ET
Table 'Agematsu' 6-max Seat #6 is the button
Seat 4: buddhasway ($42.76 in chips)
Seat 6: anetkaapro ($110.66 in chips)
anetkaapro: posts small blind $1
buddhasway: posts big blind $3
*** HOLE CARDS ***
anetkaapro: raises $3 to $6
buddhasway: calls $3
*** FLOP *** [5d 2d 3d]
buddhasway: checks
anetkaapro: bets $3
buddhasway: calls $3
*** TURN *** [5d 2d 3d] [Qd]
buddhasway: checks
anetkaapro: checks
*** RIVER *** [5d 2d 3d Qd] [2c]
buddhasway: bets $6
anetkaapro: calls $6
*** SHOW DOWN ***
buddhasway: shows [8c Jd] (a flush, Queen high)
anetkaapro: mucks hand
buddhasway collected $29.50 from pot
*** SUMMARY ***
Total pot $30 | Rake $0.50
Board [5d 2d 3d Qd 2c]
Seat 4: buddhasway (big blind) showed [8c Jd] and won ($29.50) with a flush, Queen high
Seat 6: anetkaapro (button) (small blind) mucked


PokerStars Hand #151188939121:  Hold'em Limit ($3/$6 USD) - 2016/03/30 18:00:51 ET
Table 'Agematsu' 6-max Seat #6 is the button
Seat 4: buddhasway ($107.15 in chips)
Seat 6: anetkaapro ($116.16 in chips)
anetkaapro: posts small blind $1
buddhasway: posts big blind $3
*** HOLE CARDS ***
anetkaapro: raises $3 to $6
buddhasway: calls $3
*** FLOP *** [Qc 5d Qs]
buddhasway: checks
anetkaapro: bets $3
buddhasway: calls $3
*** TURN *** [Qc 5d Qs] [Qd]
buddhasway: checks
anetkaapro: bets $6
buddhasway: calls $6
*** RIVER *** [Qc 5d Qs Qd] [8d]
buddhasway: checks
anetkaapro: bets $6
buddhasway: calls $6
*** SHOW DOWN ***
anetkaapro: shows [9h Qh] (four of a kind, Queens)
buddhasway: mucks hand
anetkaapro collected $41.50 from pot
*** SUMMARY ***
Total pot $42 | Rake $0.50
Board [Qc 5d Qs Qd 8d]
Seat 4: buddhasway (big blind) mucked
Seat 6: anetkaapro (button) (small blind) showed [9h Qh] and won ($41.50) with four of a kind, Queens


PokerStars Hand #151189923072:  Hold'em Limit ($3/$6 USD) - 2016/03/30 18:19:41 ET
Table 'Agematsu' 6-max Seat #3 is the button
Seat 2: Chessnok ($147.42 in chips)
Seat 3: MissEKAmouse ($158.73 in chips)
MissEKAmouse: posts small blind $1
Chessnok: posts big blind $3
*** HOLE CARDS ***
MissEKAmouse: raises $3 to $6
Chessnok: calls $3
*** FLOP *** [9h Jh 8h]
Chessnok: checks
MissEKAmouse: bets $3
Chessnok: folds
Uncalled bet ($3) returned to MissEKAmouse
MissEKAmouse collected $11.76 from pot
MissEKAmouse: doesn't show hand
*** SUMMARY ***
Total pot $12 | Rake $0.24
Board [9h Jh 8h]
Seat 2: Chessnok (big blind) folded on the Flop
Seat 3: MissEKAmouse (button) (small blind) collected ($11.76)


PokerStars Hand #151189949082:  Hold'em Limit ($3/$6 USD) - 2016/03/30 18:20:08 ET
Table 'Agematsu' 6-max Seat #2 is the button
Seat 2: Chessnok ($141.42 in chips)
Seat 4: blockfluit ($34.92 in chips)
Chessnok: posts small blind $1
blockfluit: posts big blind $3
*** HOLE CARDS ***
Chessnok: raises $3 to $6
blockfluit: calls $3
*** FLOP *** [Jh Kc 4c]
blockfluit: checks
Chessnok: bets $3
blockfluit: calls $3
*** TURN *** [Jh Kc 4c] [4h]
blockfluit: checks
Chessnok: checks
*** RIVER *** [Jh Kc 4c 4h] [8d]
blockfluit: bets $6
Chessnok: folds
Uncalled bet ($6) returned to blockfluit
blockfluit collected $17.64 from pot
blockfluit: doesn't show hand
*** SUMMARY ***
Total pot $18 | Rake $0.36
Board [Jh Kc 4c 4h 8d]
Seat 2: Chessnok (button) (small blind) folded on the River
Seat 4: blockfluit (big blind) collected ($17.64)


PokerStars Hand #151189968428:  Hold'em Limit ($3/$6 USD) - 2016/03/30 18:20:31 ET
Table 'Agematsu' 6-max Seat #4 is the button
Seat 2: Chessnok ($132.42 in chips)
Seat 4: blockfluit ($103.56 in chips)
blockfluit: posts small blind $1
Chessnok: posts big blind $3
*** HOLE CARDS ***
blockfluit: raises $3 to $6
Chessnok: raises $3 to $9
blockfluit: calls $3
*** FLOP *** [Ac Td Qd]
Chessnok: bets $3
blockfluit: calls $3
*** TURN *** [Ac Td Qd] [3c]
Chessnok: bets $6
blockfluit: folds
Uncalled bet ($6) returned to Chessnok
Chessnok collected $23.52 from pot
Chessnok: doesn't show hand
*** SUMMARY ***
Total pot $24 | Rake $0.48
Board [Ac Td Qd 3c]
Seat 2: Chessnok (big blind) collected ($23.52)
Seat 4: blockfluit (button) (small blind) folded on the Turn


PokerStars Hand #151190837231:  Hold'em Limit ($3/$6 USD) - 2016/03/30 18:38:46 ET
Table 'Agematsu' 6-max Seat #2 is the button
Seat 2: Chessnok ($201.43 in chips)
Seat 5: Riemann1 ($175.94 in chips)
Chessnok: posts small blind $1
Riemann1: posts big blind $3
*** HOLE CARDS ***
Chessnok: folds
Uncalled bet ($2) returned to Riemann1
Riemann1 collected $2 from pot
Riemann1: doesn't show hand
*** SUMMARY ***
Total pot $2 | Rake $0
Seat 2: Chessnok (button) (small blind) folded before Flop
Seat 5: Riemann1 (big blind) collected ($2)


PokerStars Hand #151190834114:  Hold'em Limit ($3/$6 USD) - 2016/03/30 18:38:42 ET
Table 'Agematsu' 6-max Seat #5 is the button
Seat 2: Chessnok ($200.43 in chips)
Seat 5: Riemann1 ($176.94 in chips)
Riemann1: posts small blind $1
Chessnok: posts big blind $3
*** HOLE CARDS ***
Riemann1: folds
Uncalled bet ($2) returned to Chessnok
Chessnok collected $2 from pot
Chessnok: doesn't show hand
*** SUMMARY ***
Total pot $2 | Rake $0
Seat 2: Chessnok (big blind) collected ($2)
Seat 5: Riemann1 (button) (small blind) folded before Flop


PokerStars Hand #151190815362:  Hold'em Limit ($3/$6 USD) - 2016/03/30 18:38:17 ET
Table 'Agematsu' 6-max Seat #2 is the button
Seat 2: Chessnok ($188.91 in chips)
Seat 5: Riemann1 ($188.94 in chips)
Chessnok: posts small blind $1
MissEKAmouse: is sitting out
Riemann1: posts big blind $3
*** HOLE CARDS ***
Chessnok: raises $3 to $6
Riemann1: raises $3 to $9
Chessnok: calls $3
*** FLOP *** [Qc 2h Ad]
Riemann1: checks
Chessnok: bets $3
Riemann1: calls $3
*** TURN *** [Qc 2h Ad] [5c]
Riemann1: checks
Chessnok: bets $6
Riemann1: folds
Uncalled bet ($6) returned to Chessnok
Chessnok collected $23.52 from pot
Chessnok: doesn't show hand
*** SUMMARY ***
Total pot $24 | Rake $0.48
Board [Qc 2h Ad 5c]
Seat 2: Chessnok (button) (small blind) collected ($23.52)
Seat 5: Riemann1 (big blind) folded on the Turn


PokerStars Hand #151190865349:  Hold'em Limit ($3/$6 USD) - 2016/03/30 18:39:24 ET
Table 'Agematsu' 6-max Seat #2 is the button
Seat 2: Chessnok ($198.43 in chips)
Seat 5: Riemann1 ($178.70 in chips)
Chessnok: posts small blind $1
Riemann1: posts big blind $3
*** HOLE CARDS ***
Chessnok: raises $3 to $6
Riemann1: folds
Uncalled bet ($3) returned to Chessnok
Chessnok collected $6 from pot
Chessnok: doesn't show hand
*** SUMMARY ***
Total pot $6 | Rake $0
Seat 2: Chessnok (button) (small blind) collected ($6)
Seat 5: Riemann1 (big blind) folded before Flop


PokerStars Hand #151190861428:  Hold'em Limit ($3/$6 USD) - 2016/03/30 18:39:19 ET
Table 'Agematsu' 6-max Seat #5 is the button
Seat 2: Chessnok ($197.43 in chips)
Seat 5: Riemann1 ($179.70 in chips)
Riemann1: posts small blind $1
Chessnok: posts big blind $3
*** HOLE CARDS ***
Riemann1: folds
Uncalled bet ($2) returned to Chessnok
Chessnok collected $2 from pot
Chessnok: doesn't show hand
*** SUMMARY ***
Total pot $2 | Rake $0
Seat 2: Chessnok (big blind) collected ($2)
Seat 5: Riemann1 (button) (small blind) folded before Flop


PokerStars Hand #151190856320:  Hold'em Limit ($3/$6 USD) - 2016/03/30 18:39:12 ET
Table 'Agematsu' 6-max Seat #2 is the button
Seat 2: Chessnok ($194.43 in chips)
Seat 5: Riemann1 ($182.70 in chips)
Chessnok: posts small blind $1
Riemann1: posts big blind $3
*** HOLE CARDS ***
Chessnok: raises $3 to $6
Riemann1: folds
Uncalled bet ($3) returned to Chessnok
Chessnok collected $6 from pot
Chessnok: doesn't show hand
*** SUMMARY ***
Total pot $6 | Rake $0
Seat 2: Chessnok (button) (small blind) collected ($6)
Seat 5: Riemann1 (big blind) folded before Flop


PokerStars Hand #151190845478:  Hold'em Limit ($3/$6 USD) - 2016/03/30 18:38:57 ET
Table 'Agematsu' 6-max Seat #5 is the button
Seat 2: Chessnok ($200.43 in chips)
Seat 5: Riemann1 ($176.94 in chips)
Riemann1: posts small blind $1
Chessnok: posts big blind $3
*** HOLE CARDS ***
Riemann1: raises $3 to $6
Chessnok: calls $3
*** FLOP *** [Jh 5s 3c]
Chessnok: checks
Riemann1: bets $3
Chessnok: folds
Uncalled bet ($3) returned to Riemann1
Riemann1 collected $11.76 from pot
Riemann1: doesn't show hand
*** SUMMARY ***
Total pot $12 | Rake $0.24
Board [Jh 5s 3c]
Seat 2: Chessnok (big blind) folded on the Flop
Seat 5: Riemann1 (button) (small blind) collected ($11.76)


