PokerStars Hand #168583748469:  Hold'em Limit ($3/$6 USD) - 2017/04/04 17:18:18 ET
Table 'Agenor' 6-max Seat #3 is the button
Seat 2: rabeh1981 ($120 in chips)
Seat 3: B_loJkl ($150 in chips)
B_loJkl: posts small blind $1
MellivoraSto joins the table at seat #4
ToDaFelt has timed out
ToDaFelt: is sitting out
rabeh1981: posts big blind $3
*** HOLE CARDS ***
B_loJkl: raises $3 to $6
rabeh1981: calls $3
*** FLOP *** [Js 7s 8h]
rabeh1981: checks
B_loJkl: bets $3
rabeh1981: calls $3
*** TURN *** [Js 7s 8h] [Qs]
rabeh1981: checks
B_loJkl: checks
*** RIVER *** [Js 7s 8h Qs] [9c]
rabeh1981: bets $6
B_loJkl: folds
Uncalled bet ($6) returned to rabeh1981
Zubasa07 joins the table at seat #5
rabeh1981 collected $17.64 from pot
rabeh1981: doesn't show hand
*** SUMMARY ***
Total pot $18 | Rake $0.36
Board [Js 7s 8h Qs 9c]
Seat 2: rabeh1981 (big blind) collected ($17.64)
Seat 3: B_loJkl (button) (small blind) folded on the River


PokerStars Hand #168583805641:  Hold'em Limit ($3/$6 USD) - 2017/04/04 17:19:25 ET
Table 'Agenor' 6-max Seat #2 is the button
Seat 2: rabeh1981 ($128.64 in chips)
Seat 3: B_loJkl ($141 in chips)
rabeh1981: posts small blind $1
B_loJkl: posts big blind $3
*** HOLE CARDS ***
rabeh1981: folds
Uncalled bet ($2) returned to B_loJkl
B_loJkl collected $2 from pot
B_loJkl: doesn't show hand
*** SUMMARY ***
Total pot $2 | Rake $0
Seat 2: rabeh1981 (button) (small blind) folded before Flop
Seat 3: B_loJkl (big blind) collected ($2)


