PokerStars Hand #162437304767:  Hold'em Limit ($3/$6 USD) - 2016/12/05 0:42:33 ET
Table 'Agenor' 6-max Seat #3 is the button
Seat 2: ImDaBest514 ($86.38 in chips)
Seat 3: ToDaFelt ($245.34 in chips)
ToDaFelt: posts small blind $1
ImDaBest514: posts big blind $3
*** HOLE CARDS ***
gb2132 leaves the table
ToDaFelt: raises $3 to $6
ImDaBest514: raises $3 to $9
ToDaFelt: calls $3
*** FLOP *** [2d 2h 7h]
ImDaBest514: bets $3
ToDaFelt: raises $3 to $6
ImDaBest514: calls $3
*** TURN *** [2d 2h 7h] [4c]
ImDaBest514: checks
ToDaFelt: bets $6
ImDaBest514: calls $6
*** RIVER *** [2d 2h 7h 4c] [Ks]
ImDaBest514: checks
ToDaFelt: bets $6
ImDaBest514: calls $6
*** SHOW DOWN ***
ToDaFelt: shows [5d 7s] (two pair, Sevens and Deuces)
ImDaBest514: mucks hand
ToDaFelt collected $53.50 from pot
*** SUMMARY ***
Total pot $54 | Rake $0.50
Board [2d 2h 7h 4c Ks]
Seat 2: ImDaBest514 (big blind) mucked
Seat 3: ToDaFelt (button) (small blind) showed [5d 7s] and won ($53.50) with two pair, Sevens and Deuces


