PokerStars Hand #148600194133:  Hold'em Limit ($3/$6 USD) - 2016/02/11 1:15:18 ET
Table 'Agenor' 10-max Seat #6 is the button
Seat 3: trucker7475 ($74.50 in chips)
Seat 6: Agrotait ($72 in chips)
Agrotait: posts small blind $1
trucker7475: posts big blind $3
*** HOLE CARDS ***
Agrotait: raises $3 to $6
trucker7475: folds
Uncalled bet ($3) returned to Agrotait
Agrotait collected $6 from pot
Agrotait: doesn't show hand
*** SUMMARY ***
Total pot $6 | Rake $0
Seat 3: trucker7475 (big blind) folded before Flop
Seat 6: Agrotait (button) (small blind) collected ($6)


PokerStars Hand #148600186804:  Hold'em Limit ($3/$6 USD) - 2016/02/11 1:14:53 ET
Table 'Agenor' 10-max Seat #3 is the button
Seat 3: trucker7475 ($60 in chips)
Seat 6: Agrotait ($72 in chips)
trucker7475: posts small blind $1
Agrotait: posts big blind $3
*** HOLE CARDS ***
trucker7475: raises $3 to $6
Agrotait: calls $3
*** FLOP *** [Ks 9d 7s]
Agrotait: checks
trucker7475: bets $3
Agrotait: calls $3
*** TURN *** [Ks 9d 7s] [6c]
Agrotait: checks
trucker7475: bets $6
Agrotait: calls $6
*** RIVER *** [Ks 9d 7s 6c] [8s]
Agrotait: checks
trucker7475: checks
*** SHOW DOWN ***
Agrotait: shows [7h 3h] (a pair of Sevens)
trucker7475: shows [Kd 4c] (a pair of Kings)
trucker7475 collected $29.50 from pot
*** SUMMARY ***
Total pot $30 | Rake $0.50
Board [Ks 9d 7s 6c 8s]
Seat 3: trucker7475 (button) (small blind) showed [Kd 4c] and won ($29.50) with a pair of Kings
Seat 6: Agrotait (big blind) showed [7h 3h] and lost with a pair of Sevens


PokerStars Hand #148600220461:  Hold'em Limit ($3/$6 USD) - 2016/02/11 1:16:47 ET
Table 'Agenor' 10-max Seat #3 is the button
Seat 3: trucker7475 ($85.75 in chips)
Seat 6: Agrotait ($72 in chips)
trucker7475: posts small blind $1
Agrotait: posts big blind $3
*** HOLE CARDS ***
trucker7475: folds
Uncalled bet ($2) returned to Agrotait
Agrotait collected $2 from pot
Agrotait: doesn't show hand
*** SUMMARY ***
Total pot $2 | Rake $0
Seat 3: trucker7475 (button) (small blind) folded before Flop
Seat 6: Agrotait (big blind) collected ($2)


PokerStars Hand #148600214653:  Hold'em Limit ($3/$6 USD) - 2016/02/11 1:16:28 ET
Table 'Agenor' 10-max Seat #6 is the button
Seat 3: trucker7475 ($86 in chips)
Seat 6: Agrotait ($60 in chips)
Agrotait: posts small blind $1
trucker7475: posts big blind $3
*** HOLE CARDS ***
Agrotait: raises $3 to $6
trucker7475: calls $3
*** FLOP *** [5h Tc 8s]
trucker7475: bets $3
Agrotait: calls $3
*** TURN *** [5h Tc 8s] [Jc]
trucker7475: bets $6
Agrotait: calls $6
*** RIVER *** [5h Tc 8s Jc] [5s]
trucker7475: checks
Agrotait: bets $6
trucker7475: calls $6
*** SHOW DOWN ***
Agrotait: shows [2c Ts] (two pair, Tens and Fives)
trucker7475: shows [9s Th] (two pair, Tens and Fives)
trucker7475 collected $20.75 from pot
Agrotait collected $20.75 from pot
*** SUMMARY ***
Total pot $42 | Rake $0.50
Board [5h Tc 8s Jc 5s]
Seat 3: trucker7475 (big blind) showed [9s Th] and won ($20.75) with two pair, Tens and Fives
Seat 6: Agrotait (button) (small blind) showed [2c Ts] and won ($20.75) with two pair, Tens and Fives


PokerStars Hand #148600212500:  Hold'em Limit ($3/$6 USD) - 2016/02/11 1:16:20 ET
Table 'Agenor' 10-max Seat #3 is the button
Seat 3: trucker7475 ($83 in chips)
Seat 6: Agrotait ($63 in chips)
trucker7475: posts small blind $1
Agrotait: posts big blind $3
*** HOLE CARDS ***
trucker7475: raises $3 to $6
Agrotait: folds
Uncalled bet ($3) returned to trucker7475
trucker7475 collected $6 from pot
trucker7475: doesn't show hand
*** SUMMARY ***
Total pot $6 | Rake $0
Seat 3: trucker7475 (button) (small blind) collected ($6)
Seat 6: Agrotait (big blind) folded before Flop


PokerStars Hand #148600208383:  Hold'em Limit ($3/$6 USD) - 2016/02/11 1:16:07 ET
Table 'Agenor' 10-max Seat #6 is the button
Seat 3: trucker7475 ($86 in chips)
Seat 6: Agrotait ($60 in chips)
Agrotait: posts small blind $1
trucker7475: posts big blind $3
*** HOLE CARDS ***
Agrotait: raises $3 to $6
trucker7475: folds
Uncalled bet ($3) returned to Agrotait
Agrotait collected $6 from pot
Agrotait: doesn't show hand
*** SUMMARY ***
Total pot $6 | Rake $0
Seat 3: trucker7475 (big blind) folded before Flop
Seat 6: Agrotait (button) (small blind) collected ($6)


PokerStars Hand #148600200855:  Hold'em Limit ($3/$6 USD) - 2016/02/11 1:15:41 ET
Table 'Agenor' 10-max Seat #3 is the button
Seat 3: trucker7475 ($71.50 in chips)
Seat 6: Agrotait ($75 in chips)
trucker7475: posts small blind $1
Agrotait: posts big blind $3
*** HOLE CARDS ***
trucker7475: raises $3 to $6
Agrotait: calls $3
*** FLOP *** [Ts 7d Tc]
Agrotait: checks
trucker7475: bets $3
Agrotait: calls $3
*** TURN *** [Ts 7d Tc] [Qd]
Agrotait: checks
trucker7475: bets $6
Agrotait: calls $6
*** RIVER *** [Ts 7d Tc Qd] [8c]
Agrotait: checks
trucker7475: bets $6
Agrotait: folds
Uncalled bet ($6) returned to trucker7475
trucker7475 collected $29.50 from pot
trucker7475: doesn't show hand
*** SUMMARY ***
Total pot $30 | Rake $0.50
Board [Ts 7d Tc Qd 8c]
Seat 3: trucker7475 (button) (small blind) collected ($29.50)
Seat 6: Agrotait (big blind) folded on the River


PokerStars Hand #148600229755:  Hold'em Limit ($3/$6 USD) - 2016/02/11 1:17:19 ET
Table 'Agenor' 10-max Seat #3 is the button
Seat 3: trucker7475 ($105.25 in chips)
Seat 6: Agrotait ($72 in chips)
trucker7475: posts small blind $1
Agrotait: posts big blind $3
*** HOLE CARDS ***
trucker7475: folds
Uncalled bet ($2) returned to Agrotait
trucker7475 leaves the table
Agrotait collected $2 from pot
Agrotait: doesn't show hand
*** SUMMARY ***
Total pot $2 | Rake $0
Seat 3: trucker7475 (button) (small blind) folded before Flop
Seat 6: Agrotait (big blind) collected ($2)


PokerStars Hand #148600223016:  Hold'em Limit ($3/$6 USD) - 2016/02/11 1:16:56 ET
Table 'Agenor' 10-max Seat #6 is the button
Seat 3: trucker7475 ($84.75 in chips)
Seat 6: Agrotait ($73 in chips)
Agrotait: posts small blind $1
trucker7475: posts big blind $3
*** HOLE CARDS ***
Agrotait: raises $3 to $6
trucker7475: calls $3
*** FLOP *** [6c 7s 5c]
trucker7475: bets $3
Agrotait: calls $3
*** TURN *** [6c 7s 5c] [Td]
trucker7475: bets $6
Agrotait: calls $6
*** RIVER *** [6c 7s 5c Td] [9d]
trucker7475: bets $6
Agrotait: calls $6
*** SHOW DOWN ***
trucker7475: shows [Kd Ts] (a pair of Tens)
Agrotait: mucks hand
trucker7475 collected $41.50 from pot
*** SUMMARY ***
Total pot $42 | Rake $0.50
Board [6c 7s 5c Td 9d]
Seat 3: trucker7475 (big blind) showed [Kd Ts] and won ($41.50) with a pair of Tens
Seat 6: Agrotait (button) (small blind) mucked


