PokerStars Hand #144409227398:  Hold'em Limit ($3/$6 USD) - 2015/11/26 9:51:28 ET
Table 'Agena III' 10-max Seat #10 is the button
Seat 9: chipsdigme86 ($41.02 in chips)
Seat 10: MTails ($121.02 in chips)
MTails: posts small blind $1
chipsdigme86: posts big blind $3
*** HOLE CARDS ***
MTails: raises $3 to $6
chipsdigme86: calls $3
*** FLOP *** [Js 4s Kd]
chipsdigme86: checks
MTails: bets $3
chipsdigme86: folds
Uncalled bet ($3) returned to MTails
MTails collected $11.76 from pot
*** SUMMARY ***
Total pot $12 | Rake $0.24
Board [Js 4s Kd]
Seat 9: chipsdigme86 (big blind) folded on the Flop
Seat 10: MTails (button) (small blind) collected ($11.76)


PokerStars Hand #144409255242:  Hold'em Limit ($3/$6 USD) - 2015/11/26 9:52:23 ET
Table 'Agena III' 10-max Seat #10 is the button
Seat 9: chipsdigme86 ($44.86 in chips)
Seat 10: MTails ($134.26 in chips)
MTails: posts small blind $1
chipsdigme86: posts big blind $3
*** HOLE CARDS ***
MTails: folds
Uncalled bet ($2) returned to chipsdigme86
chipsdigme86 collected $2 from pot
*** SUMMARY ***
Total pot $2 | Rake $0
Seat 9: chipsdigme86 (big blind) collected ($2)
Seat 10: MTails (button) (small blind) folded before Flop


PokerStars Hand #144409252987:  Hold'em Limit ($3/$6 USD) - 2015/11/26 9:52:19 ET
Table 'Agena III' 10-max Seat #9 is the button
Seat 9: chipsdigme86 ($45.86 in chips)
Seat 10: MTails ($133.26 in chips)
chipsdigme86: posts small blind $1
MTails: posts big blind $3
*** HOLE CARDS ***
chipsdigme86: folds
Uncalled bet ($2) returned to MTails
MTails collected $2 from pot
*** SUMMARY ***
Total pot $2 | Rake $0
Seat 9: chipsdigme86 (button) (small blind) folded before Flop
Seat 10: MTails (big blind) collected ($2)


PokerStars Hand #144409244905:  Hold'em Limit ($3/$6 USD) - 2015/11/26 9:52:03 ET
Table 'Agena III' 10-max Seat #10 is the button
Seat 9: chipsdigme86 ($14.02 in chips)
Seat 10: MTails ($147.28 in chips)
MTails: posts small blind $1
chipsdigme86: posts big blind $3
*** HOLE CARDS ***
MTails: raises $3 to $6
chipsdigme86: raises $3 to $9
MTails: calls $3
*** FLOP *** [3s 6d 7c]
chipsdigme86: bets $3
MTails: calls $3
*** TURN *** [3s 6d 7c] [8c]
chipsdigme86: bets $2.02 and is all-in
MTails: calls $2.02
*** RIVER *** [3s 6d 7c 8c] [Th]
*** SHOW DOWN ***
chipsdigme86: shows [2h 2s] (a pair of Deuces)
MTails: shows [Qc Ks] (high card King)
chipsdigme86 collected $27.54 from pot
*** SUMMARY ***
Total pot $28.04 | Rake $0.50
Board [3s 6d 7c 8c Th]
Seat 9: chipsdigme86 (big blind) showed [2h 2s] and won ($27.54) with a pair of Deuces
Seat 10: MTails (button) (small blind) showed [Qc Ks] and lost with high card King


PokerStars Hand #144409285869:  Hold'em Limit ($3/$6 USD) - 2015/11/26 9:53:22 ET
Table 'Agena III' 10-max Seat #9 is the button
Seat 9: chipsdigme86 ($50.02 in chips)
Seat 10: MTails ($127.76 in chips)
chipsdigme86: posts small blind $1
MTails: posts big blind $3
*** HOLE CARDS ***
chipsdigme86: folds
Uncalled bet ($2) returned to MTails
MTails collected $2 from pot
MTails: doesn't show hand
*** SUMMARY ***
Total pot $2 | Rake $0
Seat 9: chipsdigme86 (button) (small blind) folded before Flop
Seat 10: MTails (big blind) collected ($2)


PokerStars Hand #144409279555:  Hold'em Limit ($3/$6 USD) - 2015/11/26 9:53:10 ET
Table 'Agena III' 10-max Seat #10 is the button
Seat 9: chipsdigme86 ($41.38 in chips)
Seat 10: MTails ($136.76 in chips)
MTails: posts small blind $1
chipsdigme86: posts big blind $3
*** HOLE CARDS ***
MTails: raises $3 to $6
chipsdigme86: raises $3 to $9
MTails: calls $3
*** FLOP *** [6h Kc Ac]
chipsdigme86: bets $3
MTails: folds
Uncalled bet ($3) returned to chipsdigme86
chipsdigme86 collected $17.64 from pot
*** SUMMARY ***
Total pot $18 | Rake $0.36
Board [6h Kc Ac]
Seat 9: chipsdigme86 (big blind) collected ($17.64)
Seat 10: MTails (button) (small blind) folded on the Flop


PokerStars Hand #144409277265:  Hold'em Limit ($3/$6 USD) - 2015/11/26 9:53:05 ET
Table 'Agena III' 10-max Seat #9 is the button
Seat 9: chipsdigme86 ($42.38 in chips)
Seat 10: MTails ($135.76 in chips)
chipsdigme86: posts small blind $1
MTails: posts big blind $3
*** HOLE CARDS ***
chipsdigme86: folds
Uncalled bet ($2) returned to MTails
MTails collected $2 from pot
*** SUMMARY ***
Total pot $2 | Rake $0
Seat 9: chipsdigme86 (button) (small blind) folded before Flop
Seat 10: MTails (big blind) collected ($2)


PokerStars Hand #144409269299:  Hold'em Limit ($3/$6 USD) - 2015/11/26 9:52:50 ET
Table 'Agena III' 10-max Seat #10 is the button
Seat 9: chipsdigme86 ($30.86 in chips)
Seat 10: MTails ($147.76 in chips)
MTails: posts small blind $1
chipsdigme86: posts big blind $3
*** HOLE CARDS ***
MTails: raises $3 to $6
chipsdigme86: raises $3 to $9
MTails: calls $3
*** FLOP *** [5c 6c 7h]
chipsdigme86: bets $3
MTails: calls $3
*** TURN *** [5c 6c 7h] [4d]
chipsdigme86: bets $6
MTails: folds
Uncalled bet ($6) returned to chipsdigme86
chipsdigme86 collected $23.52 from pot
*** SUMMARY ***
Total pot $24 | Rake $0.48
Board [5c 6c 7h 4d]
Seat 9: chipsdigme86 (big blind) collected ($23.52)
Seat 10: MTails (button) (small blind) folded on the Turn


PokerStars Hand #144409257632:  Hold'em Limit ($3/$6 USD) - 2015/11/26 9:52:28 ET
Table 'Agena III' 10-max Seat #9 is the button
Seat 9: chipsdigme86 ($45.86 in chips)
Seat 10: MTails ($133.26 in chips)
chipsdigme86: posts small blind $1
MTails: posts big blind $3
*** HOLE CARDS ***
chipsdigme86: raises $3 to $6
MTails: calls $3
*** FLOP *** [Ks 8h 7c]
MTails: checks
chipsdigme86: bets $3
MTails: calls $3
*** TURN *** [Ks 8h 7c] [9s]
MTails: checks
chipsdigme86: checks
*** RIVER *** [Ks 8h 7c 9s] [2s]
MTails: bets $6
chipsdigme86: calls $6
*** SHOW DOWN ***
MTails: shows [7h 4d] (a pair of Sevens)
chipsdigme86: mucks hand
MTails collected $29.50 from pot
*** SUMMARY ***
Total pot $30 | Rake $0.50
Board [Ks 8h 7c 9s 2s]
Seat 9: chipsdigme86 (button) (small blind) mucked
Seat 10: MTails (big blind) showed [7h 4d] and won ($29.50) with a pair of Sevens


PokerStars Hand #144409327323:  Hold'em Limit ($3/$6 USD) - 2015/11/26 9:54:38 ET
Table 'Agena III' 10-max Seat #9 is the button
Seat 9: chipsdigme86 ($78.02 in chips)
Seat 10: MTails ($98.40 in chips)
chipsdigme86: posts small blind $1
MTails: posts big blind $3
*** HOLE CARDS ***
chipsdigme86: folds
Uncalled bet ($2) returned to MTails
MTails collected $2 from pot
*** SUMMARY ***
Total pot $2 | Rake $0
Seat 9: chipsdigme86 (button) (small blind) folded before Flop
Seat 10: MTails (big blind) collected ($2)


PokerStars Hand #144409298853:  Hold'em Limit ($3/$6 USD) - 2015/11/26 9:53:46 ET
Table 'Agena III' 10-max Seat #9 is the button
Seat 9: chipsdigme86 ($69.52 in chips)
Seat 10: MTails ($107.76 in chips)
chipsdigme86: posts small blind $1
MTails: posts big blind $3
*** HOLE CARDS ***
chipsdigme86: raises $3 to $6
MTails: calls $3
*** FLOP *** [6c 5s Ks]
MTails: checks
chipsdigme86: checks
*** TURN *** [6c 5s Ks] [2s]
MTails: bets $6
chipsdigme86: calls $6
*** RIVER *** [6c 5s Ks 2s] [3s]
MTails: checks
chipsdigme86: bets $6
MTails: calls $6
*** SHOW DOWN ***
chipsdigme86: shows [8s Kc] (a flush, King high)
MTails: mucks hand
chipsdigme86 collected $35.50 from pot
*** SUMMARY ***
Total pot $36 | Rake $0.50
Board [6c 5s Ks 2s 3s]
Seat 9: chipsdigme86 (button) (small blind) showed [8s Kc] and won ($35.50) with a flush, King high
Seat 10: MTails (big blind) mucked


PokerStars Hand #144409288051:  Hold'em Limit ($3/$6 USD) - 2015/11/26 9:53:26 ET
Table 'Agena III' 10-max Seat #10 is the button
Seat 9: chipsdigme86 ($49.02 in chips)
Seat 10: MTails ($128.76 in chips)
MTails: posts small blind $1
chipsdigme86: posts big blind $3
*** HOLE CARDS ***
MTails: raises $3 to $6
chipsdigme86: calls $3
*** FLOP *** [5c 8h 6d]
chipsdigme86: checks
MTails: bets $3
chipsdigme86: calls $3
*** TURN *** [5c 8h 6d] [Ts]
chipsdigme86: checks
MTails: bets $6
chipsdigme86: calls $6
*** RIVER *** [5c 8h 6d Ts] [Qc]
chipsdigme86: checks
MTails: bets $6
chipsdigme86: calls $6
*** SHOW DOWN ***
MTails: shows [7h 2h] (high card Queen)
chipsdigme86: shows [5s Ks] (a pair of Fives)
chipsdigme86 collected $41.50 from pot
*** SUMMARY ***
Total pot $42 | Rake $0.50
Board [5c 8h 6d Ts Qc]
Seat 9: chipsdigme86 (big blind) showed [5s Ks] and won ($41.50) with a pair of Fives
Seat 10: MTails (button) (small blind) showed [7h 2h] and lost with high card Queen


PokerStars Hand #144409349898:  Hold'em Limit ($3/$6 USD) - 2015/11/26 9:55:19 ET
Table 'Agena III' 10-max Seat #9 is the button
Seat 9: chipsdigme86 ($85.66 in chips)
Seat 10: MTails ($90.40 in chips)
chipsdigme86: posts small blind $1
MTails: posts big blind $3
*** HOLE CARDS ***
chipsdigme86: folds
Uncalled bet ($2) returned to MTails
MTails collected $2 from pot
*** SUMMARY ***
Total pot $2 | Rake $0
Seat 9: chipsdigme86 (button) (small blind) folded before Flop
Seat 10: MTails (big blind) collected ($2)


PokerStars Hand #144409347491:  Hold'em Limit ($3/$6 USD) - 2015/11/26 9:55:14 ET
Table 'Agena III' 10-max Seat #10 is the button
Seat 9: chipsdigme86 ($84.66 in chips)
Seat 10: MTails ($91.40 in chips)
MTails: posts small blind $1
chipsdigme86: posts big blind $3
*** HOLE CARDS ***
MTails: folds
Uncalled bet ($2) returned to chipsdigme86
chipsdigme86 collected $2 from pot
*** SUMMARY ***
Total pot $2 | Rake $0
Seat 9: chipsdigme86 (big blind) collected ($2)
Seat 10: MTails (button) (small blind) folded before Flop


PokerStars Hand #144409343789:  Hold'em Limit ($3/$6 USD) - 2015/11/26 9:55:07 ET
Table 'Agena III' 10-max Seat #9 is the button
Seat 9: chipsdigme86 ($81.66 in chips)
Seat 10: MTails ($94.40 in chips)
chipsdigme86: posts small blind $1
MTails: posts big blind $3
*** HOLE CARDS ***
chipsdigme86: raises $3 to $6
MTails: folds
Uncalled bet ($3) returned to chipsdigme86
chipsdigme86 collected $6 from pot
*** SUMMARY ***
Total pot $6 | Rake $0
Seat 9: chipsdigme86 (button) (small blind) collected ($6)
Seat 10: MTails (big blind) folded before Flop


PokerStars Hand #144409336017:  Hold'em Limit ($3/$6 USD) - 2015/11/26 9:54:53 ET
Table 'Agena III' 10-max Seat #10 is the button
Seat 9: chipsdigme86 ($73.02 in chips)
Seat 10: MTails ($103.40 in chips)
MTails: posts small blind $1
chipsdigme86: posts big blind $3
*** HOLE CARDS ***
MTails: raises $3 to $6
chipsdigme86: calls $3
*** FLOP *** [Kc 8h 4d]
chipsdigme86: checks
MTails: bets $3
chipsdigme86: raises $3 to $6
MTails: folds
Uncalled bet ($3) returned to chipsdigme86
chipsdigme86 collected $17.64 from pot
*** SUMMARY ***
Total pot $18 | Rake $0.36
Board [Kc 8h 4d]
Seat 9: chipsdigme86 (big blind) collected ($17.64)
Seat 10: MTails (button) (small blind) folded on the Flop


PokerStars Hand #144409333596:  Hold'em Limit ($3/$6 USD) - 2015/11/26 9:54:49 ET
Table 'Agena III' 10-max Seat #9 is the button
Seat 9: chipsdigme86 ($74.02 in chips)
Seat 10: MTails ($102.40 in chips)
chipsdigme86: posts small blind $1
MTails: posts big blind $3
*** HOLE CARDS ***
chipsdigme86: folds
Uncalled bet ($2) returned to MTails
MTails collected $2 from pot
*** SUMMARY ***
Total pot $2 | Rake $0
Seat 9: chipsdigme86 (button) (small blind) folded before Flop
Seat 10: MTails (big blind) collected ($2)


PokerStars Hand #144409329422:  Hold'em Limit ($3/$6 USD) - 2015/11/26 9:54:41 ET
Table 'Agena III' 10-max Seat #10 is the button
Seat 9: chipsdigme86 ($77.02 in chips)
Seat 10: MTails ($99.40 in chips)
MTails: posts small blind $1
chipsdigme86: posts big blind $3
*** HOLE CARDS ***
MTails: raises $3 to $6
chipsdigme86: folds
Uncalled bet ($3) returned to MTails
MTails collected $6 from pot
*** SUMMARY ***
Total pot $6 | Rake $0
Seat 9: chipsdigme86 (big blind) folded before Flop
Seat 10: MTails (button) (small blind) collected ($6)


PokerStars Hand #144409381381:  Hold'em Limit ($3/$6 USD) - 2015/11/26 9:56:26 ET
Table 'Agena III' 10-max Seat #9 is the button
Seat 9: chipsdigme86 ($104.92 in chips)
Seat 10: MTails ($70.04 in chips)
chipsdigme86: posts small blind $1
MTails: posts big blind $3
*** HOLE CARDS ***
chipsdigme86: folds
Uncalled bet ($2) returned to MTails
MTails collected $2 from pot
*** SUMMARY ***
Total pot $2 | Rake $0
Seat 9: chipsdigme86 (button) (small blind) folded before Flop
Seat 10: MTails (big blind) collected ($2)


PokerStars Hand #144409368878:  Hold'em Limit ($3/$6 USD) - 2015/11/26 9:56:00 ET
Table 'Agena III' 10-max Seat #9 is the button
Seat 9: chipsdigme86 ($108.16 in chips)
Seat 10: MTails ($67.40 in chips)
chipsdigme86: posts small blind $1
MTails: posts big blind $3
*** HOLE CARDS ***
chipsdigme86: raises $3 to $6
MTails: calls $3
*** FLOP *** [Jd Ad 2d]
MTails: checks
chipsdigme86: bets $3
MTails: folds
Uncalled bet ($3) returned to chipsdigme86
chipsdigme86 collected $11.76 from pot
*** SUMMARY ***
Total pot $12 | Rake $0.24
Board [Jd Ad 2d]
Seat 9: chipsdigme86 (button) (small blind) collected ($11.76)
Seat 10: MTails (big blind) folded on the Flop


PokerStars Hand #144409352101:  Hold'em Limit ($3/$6 USD) - 2015/11/26 9:55:24 ET
Table 'Agena III' 10-max Seat #10 is the button
Seat 9: chipsdigme86 ($84.66 in chips)
Seat 10: MTails ($91.40 in chips)
MTails: posts small blind $1
chipsdigme86: posts big blind $3
*** HOLE CARDS ***
MTails: raises $3 to $6
chipsdigme86: calls $3
*** FLOP *** [3c Ts 6s]
chipsdigme86: checks
MTails: bets $3
chipsdigme86: raises $3 to $6
MTails: calls $3
*** TURN *** [3c Ts 6s] [Td]
chipsdigme86: checks
MTails: bets $6
chipsdigme86: raises $6 to $12
MTails: calls $6
*** RIVER *** [3c Ts 6s Td] [4h]
chipsdigme86: checks
MTails: checks
*** SHOW DOWN ***
chipsdigme86: shows [3s 4s] (two pair, Tens and Fours)
MTails: mucks hand
chipsdigme86 collected $47.50 from pot
*** SUMMARY ***
Total pot $48 | Rake $0.50
Board [3c Ts 6s Td 4h]
Seat 9: chipsdigme86 (big blind) showed [3s 4s] and won ($47.50) with two pair, Tens and Fours
Seat 10: MTails (button) (small blind) mucked


PokerStars Hand #144409404957:  Hold'em Limit ($3/$6 USD) - 2015/11/26 9:57:15 ET
Table 'Agena III' 10-max Seat #9 is the button
Seat 9: chipsdigme86 ($58.92 in chips)
Seat 10: MTails ($115.04 in chips)
chipsdigme86: posts small blind $1
MTails: posts big blind $3
*** HOLE CARDS ***
chipsdigme86: raises $3 to $6
MTails: calls $3
*** FLOP *** [3c Ah 8d]
MTails: checks
chipsdigme86: bets $3
MTails: folds
Uncalled bet ($3) returned to chipsdigme86
chipsdigme86 collected $11.76 from pot
*** SUMMARY ***
Total pot $12 | Rake $0.24
Board [3c Ah 8d]
Seat 9: chipsdigme86 (button) (small blind) collected ($11.76)
Seat 10: MTails (big blind) folded on the Flop


PokerStars Hand #144409401837:  Hold'em Limit ($3/$6 USD) - 2015/11/26 9:57:09 ET
Table 'Agena III' 10-max Seat #10 is the button
Seat 9: chipsdigme86 ($61.92 in chips)
Seat 10: MTails ($112.04 in chips)
MTails: posts small blind $1
chipsdigme86: posts big blind $3
*** HOLE CARDS ***
MTails: raises $3 to $6
chipsdigme86: folds
Uncalled bet ($3) returned to MTails
MTails collected $6 from pot
*** SUMMARY ***
Total pot $6 | Rake $0
Seat 9: chipsdigme86 (big blind) folded before Flop
Seat 10: MTails (button) (small blind) collected ($6)


PokerStars Hand #144409391358:  Hold'em Limit ($3/$6 USD) - 2015/11/26 9:56:47 ET
Table 'Agena III' 10-max Seat #9 is the button
Seat 9: chipsdigme86 ($82.92 in chips)
Seat 10: MTails ($91.54 in chips)
chipsdigme86: posts small blind $1
MTails: posts big blind $3
*** HOLE CARDS ***
chipsdigme86: raises $3 to $6
MTails: calls $3
*** FLOP *** [8d 5d 6d]
MTails: checks
chipsdigme86: bets $3
MTails: raises $3 to $6
chipsdigme86: raises $3 to $9
MTails: calls $3
*** TURN *** [8d 5d 6d] [8s]
MTails: checks
chipsdigme86: checks
*** RIVER *** [8d 5d 6d 8s] [Ah]
MTails: bets $6
chipsdigme86: calls $6
*** SHOW DOWN ***
MTails: shows [Td Qh] (a pair of Eights)
chipsdigme86: mucks hand
MTails collected $41.50 from pot
*** SUMMARY ***
Total pot $42 | Rake $0.50
Board [8d 5d 6d 8s Ah]
Seat 9: chipsdigme86 (button) (small blind) mucked
Seat 10: MTails (big blind) showed [Td Qh] and won ($41.50) with a pair of Eights


PokerStars Hand #144409383344:  Hold'em Limit ($3/$6 USD) - 2015/11/26 9:56:30 ET
Table 'Agena III' 10-max Seat #10 is the button
Seat 9: chipsdigme86 ($103.92 in chips)
Seat 10: MTails ($71.04 in chips)
MTails: posts small blind $1
chipsdigme86: posts big blind $3
*** HOLE CARDS ***
MTails: raises $3 to $6
chipsdigme86: calls $3
*** FLOP *** [Qc 8s 7s]
chipsdigme86: bets $3
MTails: calls $3
*** TURN *** [Qc 8s 7s] [7h]
chipsdigme86: bets $6
MTails: calls $6
*** RIVER *** [Qc 8s 7s 7h] [Ks]
chipsdigme86: checks
MTails: bets $6
chipsdigme86: calls $6
*** SHOW DOWN ***
MTails: shows [Ah Kc] (two pair, Kings and Sevens)
chipsdigme86: mucks hand
MTails collected $41.50 from pot
*** SUMMARY ***
Total pot $42 | Rake $0.50
Board [Qc 8s 7s 7h Ks]
Seat 9: chipsdigme86 (big blind) mucked
Seat 10: MTails (button) (small blind) showed [Ah Kc] and won ($41.50) with two pair, Kings and Sevens


PokerStars Hand #144409430203:  Hold'em Limit ($3/$6 USD) - 2015/11/26 9:58:06 ET
Table 'Agena III' 10-max Seat #9 is the button
Seat 9: chipsdigme86 ($34.68 in chips)
Seat 10: MTails ($138.54 in chips)
chipsdigme86: posts small blind $1
MTails: posts big blind $3
*** HOLE CARDS ***
chipsdigme86: raises $3 to $6
MTails: calls $3
*** FLOP *** [2h Js Jc]
MTails: checks
chipsdigme86: bets $3
MTails: raises $3 to $6
chipsdigme86: calls $3
*** TURN *** [2h Js Jc] [Ad]
MTails: bets $6
chipsdigme86: folds
Uncalled bet ($6) returned to MTails
MTails collected $23.52 from pot
*** SUMMARY ***
Total pot $24 | Rake $0.48
Board [2h Js Jc Ad]
Seat 9: chipsdigme86 (button) (small blind) folded on the Turn
Seat 10: MTails (big blind) collected ($23.52)


PokerStars Hand #144409415009:  Hold'em Limit ($3/$6 USD) - 2015/11/26 9:57:35 ET
Table 'Agena III' 10-max Seat #10 is the button
Seat 9: chipsdigme86 ($64.68 in chips)
Seat 10: MTails ($109.04 in chips)
MTails: posts small blind $1
chipsdigme86: posts big blind $3
*** HOLE CARDS ***
MTails: raises $3 to $6
chipsdigme86: raises $3 to $9
MTails: calls $3
*** FLOP *** [9h 7d 6c]
chipsdigme86: checks
MTails: bets $3
chipsdigme86: calls $3
*** TURN *** [9h 7d 6c] [4s]
chipsdigme86: checks
MTails: bets $6
chipsdigme86: calls $6
*** RIVER *** [9h 7d 6c 4s] [2c]
chipsdigme86: checks
MTails: bets $6
chipsdigme86: raises $6 to $12
MTails: calls $6
*** SHOW DOWN ***
chipsdigme86: shows [Ac 7c] (a pair of Sevens)
MTails: shows [9c 3h] (a pair of Nines)
MTails collected $59.50 from pot
*** SUMMARY ***
Total pot $60 | Rake $0.50
Board [9h 7d 6c 4s 2c]
Seat 9: chipsdigme86 (big blind) showed [Ac 7c] and lost with a pair of Sevens
Seat 10: MTails (button) (small blind) showed [9c 3h] and won ($59.50) with a pair of Nines


PokerStars Hand #144409725378:  Hold'em Limit ($3/$6 USD) - 2015/11/26 10:06:17 ET
Table 'Agena III' 10-max Seat #10 is the button
Seat 1: Bajdan ($105 in chips)
Seat 10: MTails ($186.74 in chips)
MTails: posts small blind $1
Bajdan: posts big blind $3
*** HOLE CARDS ***
MTails: raises $3 to $6
Bajdan: calls $3
*** FLOP *** [5h 7s Jh]
Bajdan: checks
MTails: bets $3
Bajdan: folds
Uncalled bet ($3) returned to MTails
MTails collected $11.76 from pot
*** SUMMARY ***
Total pot $12 | Rake $0.24
Board [5h 7s Jh]
Seat 1: Bajdan (big blind) folded on the Flop
Seat 10: MTails (button) (small blind) collected ($11.76)


PokerStars Hand #144413313552:  Hold'em Limit ($3/$6 USD) - 2015/11/26 11:30:49 ET
Table 'Agena III' 10-max Seat #5 is the button
Seat 3: scorpio04 ($72 in chips)
Seat 5: B_loJkl ($137.51 in chips)
B_loJkl: posts small blind $1
SirRomanov: is sitting out
scorpio04: posts big blind $3
*** HOLE CARDS ***
SirRomanov leaves the table
B_loJkl: raises $3 to $6
scorpio04: raises $3 to $9
B_loJkl: calls $3
*** FLOP *** [As 2d 8d]
scorpio04: bets $3
B_loJkl: calls $3
*** TURN *** [As 2d 8d] [Jh]
scorpio04: bets $6
B_loJkl: calls $6
*** RIVER *** [As 2d 8d Jh] [Ah]
scorpio04: bets $6
B_loJkl: calls $6
*** SHOW DOWN ***
scorpio04: shows [Ac Tc] (three of a kind, Aces)
B_loJkl: mucks hand
scorpio04 collected $47.50 from pot
*** SUMMARY ***
Total pot $48 | Rake $0.50
Board [As 2d 8d Jh Ah]
Seat 3: scorpio04 (big blind) showed [Ac Tc] and won ($47.50) with three of a kind, Aces
Seat 5: B_loJkl (button) (small blind) mucked


