PokerStars Hand #154863881524:  Hold'em Limit ($3/$6 USD) - 2016/06/17 16:39:50 ET
Table 'Agena II' 6-max Seat #1 is the button
Seat 1: WillemDuit ($84.92 in chips)
Seat 4: Actionni13 ($164.52 in chips)
WillemDuit: posts small blind $1
Actionni13: posts big blind $3
*** HOLE CARDS ***
WillemDuit: folds
Uncalled bet ($2) returned to Actionni13
Actionni13 collected $2 from pot
Actionni13: doesn't show hand
*** SUMMARY ***
Total pot $2 | Rake $0
Seat 1: WillemDuit (button) (small blind) folded before Flop
Seat 4: Actionni13 (big blind) collected ($2)


PokerStars Hand #154863872507:  Hold'em Limit ($3/$6 USD) - 2016/06/17 16:39:38 ET
Table 'Agena II' 6-max Seat #4 is the button
Seat 1: WillemDuit ($87.92 in chips)
Seat 4: Actionni13 ($161.52 in chips)
Actionni13: posts small blind $1
WillemDuit: posts big blind $3
*** HOLE CARDS ***
Actionni13: raises $3 to $6
WillemDuit: folds
Uncalled bet ($3) returned to Actionni13
Actionni13 collected $6 from pot
Actionni13: doesn't show hand
*** SUMMARY ***
Total pot $6 | Rake $0
Seat 1: WillemDuit (big blind) folded before Flop
Seat 4: Actionni13 (button) (small blind) collected ($6)


PokerStars Hand #154863853934:  Hold'em Limit ($3/$6 USD) - 2016/06/17 16:39:13 ET
Table 'Agena II' 6-max Seat #1 is the button
Seat 1: WillemDuit ($99.92 in chips)
Seat 4: Actionni13 ($150 in chips)
WillemDuit: posts small blind $1
Actionni13: posts big blind $3
*** HOLE CARDS ***
WillemDuit: raises $3 to $6
Actionni13: raises $3 to $9
WillemDuit: calls $3
*** FLOP *** [Qc 8d Tc]
Actionni13: bets $3
WillemDuit: calls $3
*** TURN *** [Qc 8d Tc] [8h]
Actionni13: checks
WillemDuit: checks
*** RIVER *** [Qc 8d Tc 8h] [8s]
Actionni13: checks
WillemDuit: checks
*** SHOW DOWN ***
Actionni13: shows [9h Ac] (three of a kind, Eights)
WillemDuit: mucks hand
Actionni13 collected $23.52 from pot
*** SUMMARY ***
Total pot $24 | Rake $0.48
Board [Qc 8d Tc 8h 8s]
Seat 1: WillemDuit (button) (small blind) mucked
Seat 4: Actionni13 (big blind) showed [9h Ac] and won ($23.52) with three of a kind, Eights


PokerStars Hand #154863918805:  Hold'em Limit ($3/$6 USD) - 2016/06/17 16:40:40 ET
Table 'Agena II' 6-max Seat #1 is the button
Seat 1: WillemDuit ($72.92 in chips)
Seat 4: Actionni13 ($176.02 in chips)
WillemDuit: posts small blind $1
Actionni13: posts big blind $3
*** HOLE CARDS ***
WillemDuit: raises $3 to $6
LordBorzi II joins the table at seat #5
Actionni13: calls $3
*** FLOP *** [5d Ks 5c]
Actionni13: checks
WillemDuit: bets $3
Actionni13: raises $3 to $6
WillemDuit: calls $3
*** TURN *** [5d Ks 5c] [Qh]
Actionni13: checks
WillemDuit: checks
*** RIVER *** [5d Ks 5c Qh] [Kc]
Actionni13: bets $6
WillemDuit: calls $6
*** SHOW DOWN ***
Actionni13: shows [9c Qd] (two pair, Kings and Queens)
WillemDuit: mucks hand
Actionni13 collected $35.50 from pot
*** SUMMARY ***
Total pot $36 | Rake $0.50
Board [5d Ks 5c Qh Kc]
Seat 1: WillemDuit (button) (small blind) mucked
Seat 4: Actionni13 (big blind) showed [9c Qd] and won ($35.50) with two pair, Kings and Queens


PokerStars Hand #154863915150:  Hold'em Limit ($3/$6 USD) - 2016/06/17 16:40:35 ET
Table 'Agena II' 6-max Seat #4 is the button
Seat 1: WillemDuit ($71.92 in chips)
Seat 4: Actionni13 ($177.02 in chips)
Actionni13: posts small blind $1
WillemDuit: posts big blind $3
*** HOLE CARDS ***
Raggatazz joins the table at seat #6
Actionni13: folds
Uncalled bet ($2) returned to WillemDuit
WillemDuit collected $2 from pot
WillemDuit: doesn't show hand
*** SUMMARY ***
Total pot $2 | Rake $0
Seat 1: WillemDuit (big blind) collected ($2)
Seat 4: Actionni13 (button) (small blind) folded before Flop


PokerStars Hand #154863905769:  Hold'em Limit ($3/$6 USD) - 2016/06/17 16:40:23 ET
Table 'Agena II' 6-max Seat #1 is the button
Seat 1: WillemDuit ($68.92 in chips)
Seat 4: Actionni13 ($180.02 in chips)
WillemDuit: posts small blind $1
Actionni13: posts big blind $3
*** HOLE CARDS ***
WillemDuit: raises $3 to $6
Actionni13: folds
Uncalled bet ($3) returned to WillemDuit
WillemDuit collected $6 from pot
WillemDuit: doesn't show hand
*** SUMMARY ***
Total pot $6 | Rake $0
Seat 1: WillemDuit (button) (small blind) collected ($6)
Seat 4: Actionni13 (big blind) folded before Flop


PokerStars Hand #154863886214:  Hold'em Limit ($3/$6 USD) - 2016/06/17 16:39:56 ET
Table 'Agena II' 6-max Seat #4 is the button
Seat 1: WillemDuit ($83.92 in chips)
Seat 4: Actionni13 ($165.52 in chips)
Actionni13: posts small blind $1
WillemDuit: posts big blind $3
*** HOLE CARDS ***
Actionni13: raises $3 to $6
WillemDuit: calls $3
*** FLOP *** [Qc Ad Qd]
WillemDuit: checks
Actionni13: bets $3
WillemDuit: calls $3
*** TURN *** [Qc Ad Qd] [Jh]
WillemDuit: checks
Actionni13: checks
*** RIVER *** [Qc Ad Qd Jh] [Qh]
WillemDuit: bets $6
Actionni13: calls $6
*** SHOW DOWN ***
WillemDuit: shows [6d 7d] (three of a kind, Queens)
Actionni13: shows [Ts Jd] (a full house, Queens full of Jacks)
Actionni13 collected $29.50 from pot
*** SUMMARY ***
Total pot $30 | Rake $0.50
Board [Qc Ad Qd Jh Qh]
Seat 1: WillemDuit (big blind) showed [6d 7d] and lost with three of a kind, Queens
Seat 4: Actionni13 (button) (small blind) showed [Ts Jd] and won ($29.50) with a full house, Queens full of Jacks


PokerStars Hand #154864046178:  Hold'em Limit ($3/$6 USD) - 2016/06/17 16:43:28 ET
Table 'Agena II' 6-max Seat #3 is the button
Seat 3: Luanto 14 ($297 in chips)
Seat 5: LordBorzi II ($211.02 in chips)
Luanto 14: posts small blind $1
Actionni13: is sitting out
LordBorzi II: posts big blind $3
*** HOLE CARDS ***
Luanto 14: raises $3 to $6
Actionni13 leaves the table
LordBorzi II: calls $3
*** FLOP *** [Js 3s 8h]
LordBorzi II: checks
Luanto 14: bets $3
LordBorzi II: raises $3 to $6
Luanto 14: calls $3
*** TURN *** [Js 3s 8h] [Qc]
LordBorzi II: bets $6
Luanto 14: calls $6
*** RIVER *** [Js 3s 8h Qc] [4d]
LordBorzi II: bets $6
Luanto 14: calls $6
*** SHOW DOWN ***
LordBorzi II: shows [3h Th] (a pair of Threes)
Luanto 14: shows [Ts Tc] (a pair of Tens)
Luanto 14 collected $47.50 from pot
*** SUMMARY ***
Total pot $48 | Rake $0.50
Board [Js 3s 8h Qc 4d]
Seat 3: Luanto 14 (button) (small blind) showed [Ts Tc] and won ($47.50) with a pair of Tens
Seat 5: LordBorzi II (big blind) showed [3h Th] and lost with a pair of Threes


PokerStars Hand #154864057575:  Hold'em Limit ($3/$6 USD) - 2016/06/17 16:43:44 ET
Table 'Agena II' 6-max Seat #5 is the button
Seat 3: Luanto 14 ($320.50 in chips)
Seat 5: LordBorzi II ($187.02 in chips)
LordBorzi II: posts small blind $1
Luanto 14: posts big blind $3
*** HOLE CARDS ***
LordBorzi II: folds
Uncalled bet ($2) returned to Luanto 14
Luanto 14 collected $2 from pot
Luanto 14: doesn't show hand
*** SUMMARY ***
Total pot $2 | Rake $0
Seat 3: Luanto 14 (big blind) collected ($2)
Seat 5: LordBorzi II (button) (small blind) folded before Flop


