PokerStars Hand #146250255819:  Hold'em Limit ($3/$6 USD) - 2015/12/31 19:09:31 ET
Table 'Agena II' 2-max Seat #1 is the button
Seat 1: Sharp(Gosu) ($135.40 in chips)
Seat 2: DoctorGonzo7 ($104 in chips)
Sharp(Gosu): posts small blind $1
DoctorGonzo7: posts big blind $3
*** HOLE CARDS ***
Sharp(Gosu): folds
Uncalled bet ($2) returned to DoctorGonzo7
DoctorGonzo7 collected $2 from pot
DoctorGonzo7: doesn't show hand
*** SUMMARY ***
Total pot $2 | Rake $0
Seat 1: Sharp(Gosu) (button) (small blind) folded before Flop
Seat 2: DoctorGonzo7 (big blind) collected ($2)


PokerStars Hand #146250250947:  Hold'em Limit ($3/$6 USD) - 2015/12/31 19:09:20 ET
Table 'Agena II' 2-max Seat #2 is the button
Seat 1: Sharp(Gosu) ($126.76 in chips)
Seat 2: DoctorGonzo7 ($113 in chips)
DoctorGonzo7: posts small blind $1
Sharp(Gosu): posts big blind $3
*** HOLE CARDS ***
DoctorGonzo7: raises $3 to $6
Sharp(Gosu): raises $3 to $9
DoctorGonzo7: calls $3
*** FLOP *** [Ks 8h 3h]
Sharp(Gosu): bets $3
DoctorGonzo7: folds
Uncalled bet ($3) returned to Sharp(Gosu)
Sharp(Gosu) collected $17.64 from pot
Sharp(Gosu): doesn't show hand
*** SUMMARY ***
Total pot $18 | Rake $0.36
Board [Ks 8h 3h]
Seat 1: Sharp(Gosu) (big blind) collected ($17.64)
Seat 2: DoctorGonzo7 (button) (small blind) folded on the Flop


PokerStars Hand #146250243628:  Hold'em Limit ($3/$6 USD) - 2015/12/31 19:09:05 ET
Table 'Agena II' 2-max Seat #1 is the button
Seat 1: Sharp(Gosu) ($121 in chips)
Seat 2: DoctorGonzo7 ($119 in chips)
Sharp(Gosu): posts small blind $1
DoctorGonzo7: posts big blind $3
*** HOLE CARDS ***
Sharp(Gosu): raises $3 to $6
DoctorGonzo7: calls $3
*** FLOP *** [6d 2d 5d]
DoctorGonzo7: checks
Sharp(Gosu): bets $3
DoctorGonzo7: folds
Uncalled bet ($3) returned to Sharp(Gosu)
Sharp(Gosu) collected $11.76 from pot
Sharp(Gosu): doesn't show hand
*** SUMMARY ***
Total pot $12 | Rake $0.24
Board [6d 2d 5d]
Seat 1: Sharp(Gosu) (button) (small blind) collected ($11.76)
Seat 2: DoctorGonzo7 (big blind) folded on the Flop


PokerStars Hand #146250287685:  Hold'em Limit ($3/$6 USD) - 2015/12/31 19:10:39 ET
Table 'Agena II' 2-max Seat #1 is the button
Seat 1: Sharp(Gosu) ($128.90 in chips)
Seat 2: DoctorGonzo7 ($109.50 in chips)
Sharp(Gosu): posts small blind $1
DoctorGonzo7: posts big blind $3
*** HOLE CARDS ***
Sharp(Gosu): folds
Uncalled bet ($2) returned to DoctorGonzo7
DoctorGonzo7 collected $2 from pot
DoctorGonzo7: doesn't show hand
*** SUMMARY ***
Total pot $2 | Rake $0
Seat 1: Sharp(Gosu) (button) (small blind) folded before Flop
Seat 2: DoctorGonzo7 (big blind) collected ($2)


PokerStars Hand #146250285693:  Hold'em Limit ($3/$6 USD) - 2015/12/31 19:10:34 ET
Table 'Agena II' 2-max Seat #2 is the button
Seat 1: Sharp(Gosu) ($127.90 in chips)
Seat 2: DoctorGonzo7 ($110.50 in chips)
DoctorGonzo7: posts small blind $1
Sharp(Gosu): posts big blind $3
*** HOLE CARDS ***
DoctorGonzo7: folds
Uncalled bet ($2) returned to Sharp(Gosu)
Sharp(Gosu) collected $2 from pot
Sharp(Gosu): doesn't show hand
*** SUMMARY ***
Total pot $2 | Rake $0
Seat 1: Sharp(Gosu) (big blind) collected ($2)
Seat 2: DoctorGonzo7 (button) (small blind) folded before Flop


PokerStars Hand #146250271115:  Hold'em Limit ($3/$6 USD) - 2015/12/31 19:10:03 ET
Table 'Agena II' 2-max Seat #1 is the button
Seat 1: Sharp(Gosu) ($110.40 in chips)
Seat 2: DoctorGonzo7 ($128.50 in chips)
Sharp(Gosu): posts small blind $1
DoctorGonzo7: posts big blind $3
*** HOLE CARDS ***
Sharp(Gosu): raises $3 to $6
DoctorGonzo7: calls $3
*** FLOP *** [4c 7h 9d]
DoctorGonzo7: checks
Sharp(Gosu): bets $3
DoctorGonzo7: raises $3 to $6
Sharp(Gosu): calls $3
*** TURN *** [4c 7h 9d] [Kh]
DoctorGonzo7: bets $6
Sharp(Gosu): calls $6
*** RIVER *** [4c 7h 9d Kh] [2s]
DoctorGonzo7: checks
Sharp(Gosu): checks
*** SHOW DOWN ***
DoctorGonzo7: shows [6s 4h] (a pair of Fours)
Sharp(Gosu): shows [7c 8h] (a pair of Sevens)
Sharp(Gosu) collected $35.50 from pot
*** SUMMARY ***
Total pot $36 | Rake $0.50
Board [4c 7h 9d Kh 2s]
Seat 1: Sharp(Gosu) (button) (small blind) showed [7c 8h] and won ($35.50) with a pair of Sevens
Seat 2: DoctorGonzo7 (big blind) showed [6s 4h] and lost with a pair of Fours


PokerStars Hand #146250258150:  Hold'em Limit ($3/$6 USD) - 2015/12/31 19:09:36 ET
Table 'Agena II' 2-max Seat #2 is the button
Seat 1: Sharp(Gosu) ($134.40 in chips)
Seat 2: DoctorGonzo7 ($105 in chips)
DoctorGonzo7: posts small blind $1
Sharp(Gosu): posts big blind $3
*** HOLE CARDS ***
DoctorGonzo7: raises $3 to $6
Sharp(Gosu): raises $3 to $9
DoctorGonzo7: calls $3
*** FLOP *** [4h Ah Ad]
Sharp(Gosu): bets $3
DoctorGonzo7: calls $3
*** TURN *** [4h Ah Ad] [8s]
Sharp(Gosu): bets $6
DoctorGonzo7: calls $6
*** RIVER *** [4h Ah Ad 8s] [Ts]
Sharp(Gosu): bets $6
DoctorGonzo7: calls $6
*** SHOW DOWN ***
Sharp(Gosu): shows [7h 5h] (a pair of Aces)
DoctorGonzo7: shows [3h 3c] (two pair, Aces and Threes)
DoctorGonzo7 collected $47.50 from pot
*** SUMMARY ***
Total pot $48 | Rake $0.50
Board [4h Ah Ad 8s Ts]
Seat 1: Sharp(Gosu) (big blind) showed [7h 5h] and lost with a pair of Aces
Seat 2: DoctorGonzo7 (button) (small blind) showed [3h 3c] and won ($47.50) with two pair, Aces and Threes


PokerStars Hand #146250312241:  Hold'em Limit ($3/$6 USD) - 2015/12/31 19:11:31 ET
Table 'Agena II' 2-max Seat #1 is the button
Seat 1: Sharp(Gosu) ($156.16 in chips)
Seat 2: DoctorGonzo7 ($81.50 in chips)
Sharp(Gosu): posts small blind $1
DoctorGonzo7: posts big blind $3
*** HOLE CARDS ***
Sharp(Gosu): raises $3 to $6
DoctorGonzo7: calls $3
*** FLOP *** [Ac Td 6h]
DoctorGonzo7: checks
Sharp(Gosu): bets $3
DoctorGonzo7: folds
Uncalled bet ($3) returned to Sharp(Gosu)
Sharp(Gosu) collected $11.76 from pot
Sharp(Gosu): doesn't show hand
*** SUMMARY ***
Total pot $12 | Rake $0.24
Board [Ac Td 6h]
Seat 1: Sharp(Gosu) (button) (small blind) collected ($11.76)
Seat 2: DoctorGonzo7 (big blind) folded on the Flop


PokerStars Hand #146250301148:  Hold'em Limit ($3/$6 USD) - 2015/12/31 19:11:07 ET
Table 'Agena II' 2-max Seat #2 is the button
Seat 1: Sharp(Gosu) ($132.66 in chips)
Seat 2: DoctorGonzo7 ($105.50 in chips)
DoctorGonzo7: posts small blind $1
Sharp(Gosu): posts big blind $3
*** HOLE CARDS ***
DoctorGonzo7: raises $3 to $6
Sharp(Gosu): calls $3
*** FLOP *** [8c 9d Kc]
Sharp(Gosu): checks
DoctorGonzo7: checks
*** TURN *** [8c 9d Kc] [Js]
Sharp(Gosu): checks
DoctorGonzo7: bets $6
Sharp(Gosu): raises $6 to $12
DoctorGonzo7: raises $6 to $18
Sharp(Gosu): calls $6
*** RIVER *** [8c 9d Kc Js] [3d]
Sharp(Gosu): checks
DoctorGonzo7: checks
*** SHOW DOWN ***
Sharp(Gosu): shows [Kd 7h] (a pair of Kings)
DoctorGonzo7: mucks hand
Sharp(Gosu) collected $47.50 from pot
*** SUMMARY ***
Total pot $48 | Rake $0.50
Board [8c 9d Kc Js 3d]
Seat 1: Sharp(Gosu) (big blind) showed [Kd 7h] and won ($47.50) with a pair of Kings
Seat 2: DoctorGonzo7 (button) (small blind) mucked


PokerStars Hand #146250298406:  Hold'em Limit ($3/$6 USD) - 2015/12/31 19:11:01 ET
Table 'Agena II' 2-max Seat #1 is the button
Seat 1: Sharp(Gosu) ($133.66 in chips)
Seat 2: DoctorGonzo7 ($104.50 in chips)
Sharp(Gosu): posts small blind $1
DoctorGonzo7: posts big blind $3
*** HOLE CARDS ***
Sharp(Gosu): folds
Uncalled bet ($2) returned to DoctorGonzo7
DoctorGonzo7 collected $2 from pot
DoctorGonzo7: doesn't show hand
*** SUMMARY ***
Total pot $2 | Rake $0
Seat 1: Sharp(Gosu) (button) (small blind) folded before Flop
Seat 2: DoctorGonzo7 (big blind) collected ($2)


PokerStars Hand #146250291102:  Hold'em Limit ($3/$6 USD) - 2015/12/31 19:10:45 ET
Table 'Agena II' 2-max Seat #2 is the button
Seat 1: Sharp(Gosu) ($127.90 in chips)
Seat 2: DoctorGonzo7 ($110.50 in chips)
DoctorGonzo7: posts small blind $1
Sharp(Gosu): posts big blind $3
*** HOLE CARDS ***
DoctorGonzo7: raises $3 to $6
Sharp(Gosu): calls $3
*** FLOP *** [5h 9h 3d]
Sharp(Gosu): checks
DoctorGonzo7: checks
*** TURN *** [5h 9h 3d] [8h]
Sharp(Gosu): bets $6
DoctorGonzo7: folds
Uncalled bet ($6) returned to Sharp(Gosu)
Sharp(Gosu) collected $11.76 from pot
Sharp(Gosu): doesn't show hand
*** SUMMARY ***
Total pot $12 | Rake $0.24
Board [5h 9h 3d 8h]
Seat 1: Sharp(Gosu) (big blind) collected ($11.76)
Seat 2: DoctorGonzo7 (button) (small blind) folded on the Turn


PokerStars Hand #146250340401:  Hold'em Limit ($3/$6 USD) - 2015/12/31 19:12:31 ET
Table 'Agena II' 2-max Seat #1 is the button
Seat 1: Sharp(Gosu) ($140.92 in chips)
Seat 2: DoctorGonzo7 ($95.64 in chips)
Sharp(Gosu): posts small blind $1
DoctorGonzo7: posts big blind $3
*** HOLE CARDS ***
Sharp(Gosu): raises $3 to $6
DoctorGonzo7: calls $3
*** FLOP *** [9c 8c 6s]
DoctorGonzo7: checks
Sharp(Gosu): bets $3
DoctorGonzo7: raises $3 to $6
Sharp(Gosu): folds
Uncalled bet ($3) returned to DoctorGonzo7
DoctorGonzo7 collected $17.64 from pot
DoctorGonzo7: doesn't show hand
*** SUMMARY ***
Total pot $18 | Rake $0.36
Board [9c 8c 6s]
Seat 1: Sharp(Gosu) (button) (small blind) folded on the Flop
Seat 2: DoctorGonzo7 (big blind) collected ($17.64)


PokerStars Hand #146250329595:  Hold'em Limit ($3/$6 USD) - 2015/12/31 19:12:08 ET
Table 'Agena II' 2-max Seat #2 is the button
Seat 1: Sharp(Gosu) ($155.92 in chips)
Seat 2: DoctorGonzo7 ($81.14 in chips)
DoctorGonzo7: posts small blind $1
Sharp(Gosu): posts big blind $3
*** HOLE CARDS ***
DoctorGonzo7: raises $3 to $6
Sharp(Gosu): calls $3
*** FLOP *** [8h 9c Jh]
Sharp(Gosu): checks
DoctorGonzo7: bets $3
Sharp(Gosu): calls $3
*** TURN *** [8h 9c Jh] [6d]
Sharp(Gosu): checks
DoctorGonzo7: checks
*** RIVER *** [8h 9c Jh 6d] [Td]
Sharp(Gosu): bets $6
DoctorGonzo7: calls $6
*** SHOW DOWN ***
Sharp(Gosu): shows [4c 4s] (a pair of Fours)
DoctorGonzo7: shows [Ts 3d] (a pair of Tens)
DoctorGonzo7 collected $29.50 from pot
*** SUMMARY ***
Total pot $30 | Rake $0.50
Board [8h 9c Jh 6d Td]
Seat 1: Sharp(Gosu) (big blind) showed [4c 4s] and lost with a pair of Fours
Seat 2: DoctorGonzo7 (button) (small blind) showed [Ts 3d] and won ($29.50) with a pair of Tens


PokerStars Hand #146250326738:  Hold'em Limit ($3/$6 USD) - 2015/12/31 19:12:02 ET
Table 'Agena II' 2-max Seat #1 is the button
Seat 1: Sharp(Gosu) ($152.92 in chips)
Seat 2: DoctorGonzo7 ($84.14 in chips)
Sharp(Gosu): posts small blind $1
DoctorGonzo7: posts big blind $3
*** HOLE CARDS ***
Sharp(Gosu): raises $3 to $6
DoctorGonzo7: folds
Uncalled bet ($3) returned to Sharp(Gosu)
Sharp(Gosu) collected $6 from pot
Sharp(Gosu): doesn't show hand
*** SUMMARY ***
Total pot $6 | Rake $0
Seat 1: Sharp(Gosu) (button) (small blind) collected ($6)
Seat 2: DoctorGonzo7 (big blind) folded before Flop


PokerStars Hand #146250316488:  Hold'em Limit ($3/$6 USD) - 2015/12/31 19:11:40 ET
Table 'Agena II' 2-max Seat #2 is the button
Seat 1: Sharp(Gosu) ($161.92 in chips)
Seat 2: DoctorGonzo7 ($75.50 in chips)
DoctorGonzo7: posts small blind $1
Sharp(Gosu): posts big blind $3
*** HOLE CARDS ***
DoctorGonzo7: raises $3 to $6
Sharp(Gosu): calls $3
*** FLOP *** [5c Kc 2d]
Sharp(Gosu): checks
DoctorGonzo7: bets $3
Sharp(Gosu): calls $3
*** TURN *** [5c Kc 2d] [5h]
Sharp(Gosu): checks
DoctorGonzo7: checks
*** RIVER *** [5c Kc 2d 5h] [7d]
Sharp(Gosu): checks
DoctorGonzo7: checks
*** SHOW DOWN ***
Sharp(Gosu): shows [3h As] (a pair of Fives)
DoctorGonzo7: shows [Ac 8s] (a pair of Fives - Ace+King+Eight kicker)
DoctorGonzo7 collected $17.64 from pot
*** SUMMARY ***
Total pot $18 | Rake $0.36
Board [5c Kc 2d 5h 7d]
Seat 1: Sharp(Gosu) (big blind) showed [3h As] and lost with a pair of Fives
Seat 2: DoctorGonzo7 (button) (small blind) showed [Ac 8s] and won ($17.64) with a pair of Fives


PokerStars Hand #146250374588:  Hold'em Limit ($3/$6 USD) - 2015/12/31 19:13:46 ET
Table 'Agena II' 2-max Seat #2 is the button
Seat 1: Sharp(Gosu) ($168.92 in chips)
Seat 2: DoctorGonzo7 ($66.04 in chips)
DoctorGonzo7: posts small blind $1
Sharp(Gosu): posts big blind $3
*** HOLE CARDS ***
DoctorGonzo7: folds
Uncalled bet ($2) returned to Sharp(Gosu)
Sharp(Gosu) collected $2 from pot
Sharp(Gosu): doesn't show hand
*** SUMMARY ***
Total pot $2 | Rake $0
Seat 1: Sharp(Gosu) (big blind) collected ($2)
Seat 2: DoctorGonzo7 (button) (small blind) folded before Flop


PokerStars Hand #146250372294:  Hold'em Limit ($3/$6 USD) - 2015/12/31 19:13:40 ET
Table 'Agena II' 2-max Seat #1 is the button
Seat 1: Sharp(Gosu) ($169.92 in chips)
Seat 2: DoctorGonzo7 ($65.04 in chips)
Sharp(Gosu): posts small blind $1
DoctorGonzo7: posts big blind $3
*** HOLE CARDS ***
Sharp(Gosu): folds
Uncalled bet ($2) returned to DoctorGonzo7
DoctorGonzo7 collected $2 from pot
DoctorGonzo7: doesn't show hand
*** SUMMARY ***
Total pot $2 | Rake $0
Seat 1: Sharp(Gosu) (button) (small blind) folded before Flop
Seat 2: DoctorGonzo7 (big blind) collected ($2)


PokerStars Hand #146250364540:  Hold'em Limit ($3/$6 USD) - 2015/12/31 19:13:24 ET
Table 'Agena II' 2-max Seat #2 is the button
Seat 1: Sharp(Gosu) ($146.42 in chips)
Seat 2: DoctorGonzo7 ($89.04 in chips)
DoctorGonzo7: posts small blind $1
Sharp(Gosu): posts big blind $3
*** HOLE CARDS ***
DoctorGonzo7: raises $3 to $6
Sharp(Gosu): raises $3 to $9
DoctorGonzo7: calls $3
*** FLOP *** [5s 9h 8c]
Sharp(Gosu): bets $3
DoctorGonzo7: calls $3
*** TURN *** [5s 9h 8c] [Kc]
Sharp(Gosu): bets $6
DoctorGonzo7: calls $6
*** RIVER *** [5s 9h 8c Kc] [9d]
Sharp(Gosu): bets $6
DoctorGonzo7: calls $6
*** SHOW DOWN ***
Sharp(Gosu): shows [Ah 8d] (two pair, Nines and Eights)
DoctorGonzo7: mucks hand
Sharp(Gosu) collected $47.50 from pot
*** SUMMARY ***
Total pot $48 | Rake $0.50
Board [5s 9h 8c Kc 9d]
Seat 1: Sharp(Gosu) (big blind) showed [Ah 8d] and won ($47.50) with two pair, Nines and Eights
Seat 2: DoctorGonzo7 (button) (small blind) mucked


PokerStars Hand #146250353375:  Hold'em Limit ($3/$6 USD) - 2015/12/31 19:12:59 ET
Table 'Agena II' 2-max Seat #1 is the button
Seat 1: Sharp(Gosu) ($125.92 in chips)
Seat 2: DoctorGonzo7 ($110.04 in chips)
Sharp(Gosu): posts small blind $1
DoctorGonzo7: posts big blind $3
*** HOLE CARDS ***
Sharp(Gosu): raises $3 to $6
DoctorGonzo7: calls $3
*** FLOP *** [2d 7h 3h]
DoctorGonzo7: checks
Sharp(Gosu): bets $3
DoctorGonzo7: calls $3
*** TURN *** [2d 7h 3h] [4d]
DoctorGonzo7: checks
Sharp(Gosu): bets $6
DoctorGonzo7: calls $6
*** RIVER *** [2d 7h 3h 4d] [6s]
DoctorGonzo7: checks
Sharp(Gosu): bets $6
DoctorGonzo7: calls $6
*** SHOW DOWN ***
Sharp(Gosu): shows [Qc Qd] (a pair of Queens)
DoctorGonzo7: mucks hand
Sharp(Gosu) collected $41.50 from pot
*** SUMMARY ***
Total pot $42 | Rake $0.50
Board [2d 7h 3h 4d 6s]
Seat 1: Sharp(Gosu) (button) (small blind) showed [Qc Qd] and won ($41.50) with a pair of Queens
Seat 2: DoctorGonzo7 (big blind) mucked


PokerStars Hand #146250347300:  Hold'em Limit ($3/$6 USD) - 2015/12/31 19:12:46 ET
Table 'Agena II' 2-max Seat #2 is the button
Seat 1: Sharp(Gosu) ($131.92 in chips)
Seat 2: DoctorGonzo7 ($104.28 in chips)
DoctorGonzo7: posts small blind $1
Sharp(Gosu): posts big blind $3
*** HOLE CARDS ***
DoctorGonzo7: raises $3 to $6
Sharp(Gosu): calls $3
*** FLOP *** [9d 3s 5d]
Sharp(Gosu): checks
DoctorGonzo7: bets $3
Sharp(Gosu): folds
Uncalled bet ($3) returned to DoctorGonzo7
DoctorGonzo7 collected $11.76 from pot
DoctorGonzo7: doesn't show hand
*** SUMMARY ***
Total pot $12 | Rake $0.24
Board [9d 3s 5d]
Seat 1: Sharp(Gosu) (big blind) folded on the Flop
Seat 2: DoctorGonzo7 (button) (small blind) collected ($11.76)


PokerStars Hand #146250399273:  Hold'em Limit ($3/$6 USD) - 2015/12/31 19:14:39 ET
Table 'Agena II' 2-max Seat #1 is the button
Seat 1: Sharp(Gosu) ($108.92 in chips)
Seat 2: DoctorGonzo7 ($124.80 in chips)
Sharp(Gosu): posts small blind $1
DoctorGonzo7: posts big blind $3
*** HOLE CARDS ***
Sharp(Gosu): folds
Uncalled bet ($2) returned to DoctorGonzo7
DoctorGonzo7 collected $2 from pot
DoctorGonzo7: doesn't show hand
*** SUMMARY ***
Total pot $2 | Rake $0
Seat 1: Sharp(Gosu) (button) (small blind) folded before Flop
Seat 2: DoctorGonzo7 (big blind) collected ($2)


PokerStars Hand #146250392161:  Hold'em Limit ($3/$6 USD) - 2015/12/31 19:14:23 ET
Table 'Agena II' 2-max Seat #2 is the button
Seat 1: Sharp(Gosu) ($126.92 in chips)
Seat 2: DoctorGonzo7 ($107.30 in chips)
DoctorGonzo7: posts small blind $1
Sharp(Gosu): posts big blind $3
*** HOLE CARDS ***
DoctorGonzo7: raises $3 to $6
Sharp(Gosu): raises $3 to $9
DoctorGonzo7: calls $3
*** FLOP *** [Jh 2c 2s]
Sharp(Gosu): bets $3
DoctorGonzo7: calls $3
*** TURN *** [Jh 2c 2s] [Qc]
Sharp(Gosu): bets $6
DoctorGonzo7: raises $6 to $12
Sharp(Gosu): folds
Uncalled bet ($6) returned to DoctorGonzo7
DoctorGonzo7 collected $35.50 from pot
DoctorGonzo7: doesn't show hand
*** SUMMARY ***
Total pot $36 | Rake $0.50
Board [Jh 2c 2s Qc]
Seat 1: Sharp(Gosu) (big blind) folded on the Turn
Seat 2: DoctorGonzo7 (button) (small blind) collected ($35.50)


PokerStars Hand #146250390019:  Hold'em Limit ($3/$6 USD) - 2015/12/31 19:14:18 ET
Table 'Agena II' 2-max Seat #1 is the button
Seat 1: Sharp(Gosu) ($127.92 in chips)
Seat 2: DoctorGonzo7 ($106.30 in chips)
Sharp(Gosu): posts small blind $1
DoctorGonzo7: posts big blind $3
*** HOLE CARDS ***
Sharp(Gosu): folds
Uncalled bet ($2) returned to DoctorGonzo7
DoctorGonzo7 collected $2 from pot
DoctorGonzo7: doesn't show hand
*** SUMMARY ***
Total pot $2 | Rake $0
Seat 1: Sharp(Gosu) (button) (small blind) folded before Flop
Seat 2: DoctorGonzo7 (big blind) collected ($2)


PokerStars Hand #146250386202:  Hold'em Limit ($3/$6 USD) - 2015/12/31 19:14:10 ET
Table 'Agena II' 2-max Seat #2 is the button
Seat 1: Sharp(Gosu) ($133.92 in chips)
Seat 2: DoctorGonzo7 ($100.54 in chips)
DoctorGonzo7: posts small blind $1
Sharp(Gosu): posts big blind $3
*** HOLE CARDS ***
DoctorGonzo7: raises $3 to $6
Sharp(Gosu): calls $3
*** FLOP *** [Js Ks 8s]
Sharp(Gosu): checks
DoctorGonzo7: bets $3
Sharp(Gosu): folds
Uncalled bet ($3) returned to DoctorGonzo7
DoctorGonzo7 collected $11.76 from pot
DoctorGonzo7: doesn't show hand
*** SUMMARY ***
Total pot $12 | Rake $0.24
Board [Js Ks 8s]
Seat 1: Sharp(Gosu) (big blind) folded on the Flop
Seat 2: DoctorGonzo7 (button) (small blind) collected ($11.76)


PokerStars Hand #146250376651:  Hold'em Limit ($3/$6 USD) - 2015/12/31 19:13:50 ET
Table 'Agena II' 2-max Seat #1 is the button
Seat 1: Sharp(Gosu) ($169.92 in chips)
Seat 2: DoctorGonzo7 ($65.04 in chips)
Sharp(Gosu): posts small blind $1
DoctorGonzo7: posts big blind $3
*** HOLE CARDS ***
Sharp(Gosu): raises $3 to $6
DoctorGonzo7: raises $3 to $9
Sharp(Gosu): calls $3
*** FLOP *** [8c Ah 3h]
DoctorGonzo7: bets $3
Sharp(Gosu): calls $3
*** TURN *** [8c Ah 3h] [8d]
DoctorGonzo7: bets $6
Sharp(Gosu): calls $6
*** RIVER *** [8c Ah 3h 8d] [2s]
DoctorGonzo7: bets $6
Sharp(Gosu): raises $6 to $12
DoctorGonzo7: raises $6 to $18
Sharp(Gosu): calls $6
*** SHOW DOWN ***
DoctorGonzo7: shows [3c 3d] (a full house, Threes full of Eights)
Sharp(Gosu): mucks hand
DoctorGonzo7 collected $71.50 from pot
*** SUMMARY ***
Total pot $72 | Rake $0.50
Board [8c Ah 3h 8d 2s]
Seat 1: Sharp(Gosu) (button) (small blind) mucked
Seat 2: DoctorGonzo7 (big blind) showed [3c 3d] and won ($71.50) with a full house, Threes full of Eights


PokerStars Hand #146250421447:  Hold'em Limit ($3/$6 USD) - 2015/12/31 19:15:27 ET
Table 'Agena II' 2-max Seat #1 is the button
Seat 1: Sharp(Gosu) ($83.44 in chips)
Seat 2: DoctorGonzo7 ($149.30 in chips)
Sharp(Gosu): posts small blind $1
DoctorGonzo7: posts big blind $3
*** HOLE CARDS ***
Sharp(Gosu): raises $3 to $6
DoctorGonzo7: calls $3
*** FLOP *** [Qc Th Td]
DoctorGonzo7: checks
Sharp(Gosu): bets $3
DoctorGonzo7: folds
Uncalled bet ($3) returned to Sharp(Gosu)
Sharp(Gosu) collected $11.76 from pot
Sharp(Gosu): doesn't show hand
*** SUMMARY ***
Total pot $12 | Rake $0.24
Board [Qc Th Td]
Seat 1: Sharp(Gosu) (button) (small blind) collected ($11.76)
Seat 2: DoctorGonzo7 (big blind) folded on the Flop


PokerStars Hand #146250411295:  Hold'em Limit ($3/$6 USD) - 2015/12/31 19:15:05 ET
Table 'Agena II' 2-max Seat #2 is the button
Seat 1: Sharp(Gosu) ($119.44 in chips)
Seat 2: DoctorGonzo7 ($113.80 in chips)
DoctorGonzo7: posts small blind $1
Sharp(Gosu): posts big blind $3
*** HOLE CARDS ***
DoctorGonzo7: raises $3 to $6
Sharp(Gosu): raises $3 to $9
DoctorGonzo7: calls $3
*** FLOP *** [2d Td 9s]
Sharp(Gosu): bets $3
DoctorGonzo7: raises $3 to $6
Sharp(Gosu): raises $3 to $9
DoctorGonzo7: calls $3
*** TURN *** [2d Td 9s] [4s]
Sharp(Gosu): bets $6
DoctorGonzo7: raises $6 to $12
Sharp(Gosu): calls $6
*** RIVER *** [2d Td 9s 4s] [5d]
Sharp(Gosu): checks
DoctorGonzo7: bets $6
Sharp(Gosu): calls $6
*** SHOW DOWN ***
DoctorGonzo7: shows [Ad Ac] (a pair of Aces)
Sharp(Gosu): mucks hand
DoctorGonzo7 collected $71.50 from pot
*** SUMMARY ***
Total pot $72 | Rake $0.50
Board [2d Td 9s 4s 5d]
Seat 1: Sharp(Gosu) (big blind) mucked
Seat 2: DoctorGonzo7 (button) (small blind) showed [Ad Ac] and won ($71.50) with a pair of Aces


PokerStars Hand #146250406604:  Hold'em Limit ($3/$6 USD) - 2015/12/31 19:14:55 ET
Table 'Agena II' 2-max Seat #1 is the button
Seat 1: Sharp(Gosu) ($113.68 in chips)
Seat 2: DoctorGonzo7 ($119.80 in chips)
Sharp(Gosu): posts small blind $1
DoctorGonzo7: posts big blind $3
*** HOLE CARDS ***
Sharp(Gosu): raises $3 to $6
DoctorGonzo7: calls $3
*** FLOP *** [Ks Tc Th]
DoctorGonzo7: checks
Sharp(Gosu): bets $3
DoctorGonzo7: folds
Uncalled bet ($3) returned to Sharp(Gosu)
Sharp(Gosu) collected $11.76 from pot
Sharp(Gosu): doesn't show hand
*** SUMMARY ***
Total pot $12 | Rake $0.24
Board [Ks Tc Th]
Seat 1: Sharp(Gosu) (button) (small blind) collected ($11.76)
Seat 2: DoctorGonzo7 (big blind) folded on the Flop


PokerStars Hand #146250401291:  Hold'em Limit ($3/$6 USD) - 2015/12/31 19:14:43 ET
Table 'Agena II' 2-max Seat #2 is the button
Seat 1: Sharp(Gosu) ($107.92 in chips)
Seat 2: DoctorGonzo7 ($125.80 in chips)
DoctorGonzo7: posts small blind $1
Sharp(Gosu): posts big blind $3
*** HOLE CARDS ***
DoctorGonzo7: raises $3 to $6
Sharp(Gosu): calls $3
*** FLOP *** [6c 4c 6h]
Sharp(Gosu): checks
DoctorGonzo7: checks
*** TURN *** [6c 4c 6h] [8s]
Sharp(Gosu): bets $6
DoctorGonzo7: folds
Uncalled bet ($6) returned to Sharp(Gosu)
Sharp(Gosu) collected $11.76 from pot
Sharp(Gosu): doesn't show hand
*** SUMMARY ***
Total pot $12 | Rake $0.24
Board [6c 4c 6h 8s]
Seat 1: Sharp(Gosu) (big blind) collected ($11.76)
Seat 2: DoctorGonzo7 (button) (small blind) folded on the Turn


PokerStars Hand #146250457960:  Hold'em Limit ($3/$6 USD) - 2015/12/31 19:16:45 ET
Table 'Agena II' 2-max Seat #1 is the button
Seat 1: Sharp(Gosu) ($99.46 in chips)
Seat 2: DoctorGonzo7 ($131.80 in chips)
Sharp(Gosu): posts small blind $1
DoctorGonzo7: posts big blind $3
*** HOLE CARDS ***
Sharp(Gosu): folds
Uncalled bet ($2) returned to DoctorGonzo7
DoctorGonzo7 collected $2 from pot
DoctorGonzo7: doesn't show hand
*** SUMMARY ***
Total pot $2 | Rake $0
Seat 1: Sharp(Gosu) (button) (small blind) folded before Flop
Seat 2: DoctorGonzo7 (big blind) collected ($2)


PokerStars Hand #146250455422:  Hold'em Limit ($3/$6 USD) - 2015/12/31 19:16:40 ET
Table 'Agena II' 2-max Seat #2 is the button
Seat 1: Sharp(Gosu) ($102.46 in chips)
Seat 2: DoctorGonzo7 ($128.80 in chips)
DoctorGonzo7: posts small blind $1
Sharp(Gosu): posts big blind $3
*** HOLE CARDS ***
DoctorGonzo7: raises $3 to $6
Sharp(Gosu): folds
Uncalled bet ($3) returned to DoctorGonzo7
DoctorGonzo7 collected $6 from pot
DoctorGonzo7: doesn't show hand
*** SUMMARY ***
Total pot $6 | Rake $0
Seat 1: Sharp(Gosu) (big blind) folded before Flop
Seat 2: DoctorGonzo7 (button) (small blind) collected ($6)


PokerStars Hand #146250445725:  Hold'em Limit ($3/$6 USD) - 2015/12/31 19:16:19 ET
Table 'Agena II' 2-max Seat #1 is the button
Seat 1: Sharp(Gosu) ($117.46 in chips)
Seat 2: DoctorGonzo7 ($114.30 in chips)
Sharp(Gosu): posts small blind $1
DoctorGonzo7: posts big blind $3
*** HOLE CARDS ***
Sharp(Gosu): raises $3 to $6
DoctorGonzo7: calls $3
*** FLOP *** [4s 7s Qh]
DoctorGonzo7: checks
Sharp(Gosu): bets $3
DoctorGonzo7: calls $3
*** TURN *** [4s 7s Qh] [8h]
DoctorGonzo7: checks
Sharp(Gosu): bets $6
DoctorGonzo7: raises $6 to $12
Sharp(Gosu): folds
Uncalled bet ($6) returned to DoctorGonzo7
DoctorGonzo7 collected $29.50 from pot
DoctorGonzo7: doesn't show hand
*** SUMMARY ***
Total pot $30 | Rake $0.50
Board [4s 7s Qh 8h]
Seat 1: Sharp(Gosu) (button) (small blind) folded on the Turn
Seat 2: DoctorGonzo7 (big blind) collected ($29.50)


PokerStars Hand #146250436993:  Hold'em Limit ($3/$6 USD) - 2015/12/31 19:16:00 ET
Table 'Agena II' 2-max Seat #2 is the button
Seat 1: Sharp(Gosu) ($93.96 in chips)
Seat 2: DoctorGonzo7 ($138.30 in chips)
DoctorGonzo7: posts small blind $1
Sharp(Gosu): posts big blind $3
*** HOLE CARDS ***
DoctorGonzo7: raises $3 to $6
Sharp(Gosu): calls $3
*** FLOP *** [Js Ts 3h]
Sharp(Gosu): checks
DoctorGonzo7: checks
*** TURN *** [Js Ts 3h] [Th]
Sharp(Gosu): bets $6
DoctorGonzo7: raises $6 to $12
Sharp(Gosu): raises $6 to $18
DoctorGonzo7: calls $6
*** RIVER *** [Js Ts 3h Th] [4s]
Sharp(Gosu): bets $6
DoctorGonzo7: folds
Uncalled bet ($6) returned to Sharp(Gosu)
Sharp(Gosu) collected $47.50 from pot
Sharp(Gosu): doesn't show hand
*** SUMMARY ***
Total pot $48 | Rake $0.50
Board [Js Ts 3h Th 4s]
Seat 1: Sharp(Gosu) (big blind) collected ($47.50)
Seat 2: DoctorGonzo7 (button) (small blind) folded on the River


PokerStars Hand #146250434911:  Hold'em Limit ($3/$6 USD) - 2015/12/31 19:15:56 ET
Table 'Agena II' 2-max Seat #1 is the button
Seat 1: Sharp(Gosu) ($94.96 in chips)
Seat 2: DoctorGonzo7 ($137.30 in chips)
Sharp(Gosu): posts small blind $1
DoctorGonzo7: posts big blind $3
*** HOLE CARDS ***
Sharp(Gosu): folds
Uncalled bet ($2) returned to DoctorGonzo7
DoctorGonzo7 collected $2 from pot
DoctorGonzo7: doesn't show hand
*** SUMMARY ***
Total pot $2 | Rake $0
Seat 1: Sharp(Gosu) (button) (small blind) folded before Flop
Seat 2: DoctorGonzo7 (big blind) collected ($2)


PokerStars Hand #146250428544:  Hold'em Limit ($3/$6 USD) - 2015/12/31 19:15:42 ET
Table 'Agena II' 2-max Seat #2 is the button
Seat 1: Sharp(Gosu) ($89.20 in chips)
Seat 2: DoctorGonzo7 ($143.30 in chips)
DoctorGonzo7: posts small blind $1
Sharp(Gosu): posts big blind $3
*** HOLE CARDS ***
DoctorGonzo7: raises $3 to $6
Sharp(Gosu): calls $3
*** FLOP *** [Qh 5s Ts]
Sharp(Gosu): checks
DoctorGonzo7: checks
*** TURN *** [Qh 5s Ts] [7d]
Sharp(Gosu): checks
DoctorGonzo7: checks
*** RIVER *** [Qh 5s Ts 7d] [5d]
Sharp(Gosu): bets $6
DoctorGonzo7: folds
Uncalled bet ($6) returned to Sharp(Gosu)
Sharp(Gosu) collected $11.76 from pot
Sharp(Gosu): doesn't show hand
*** SUMMARY ***
Total pot $12 | Rake $0.24
Board [Qh 5s Ts 7d 5d]
Seat 1: Sharp(Gosu) (big blind) collected ($11.76)
Seat 2: DoctorGonzo7 (button) (small blind) folded on the River


PokerStars Hand #146250486178:  Hold'em Limit ($3/$6 USD) - 2015/12/31 19:17:46 ET
Table 'Agena II' 2-max Seat #2 is the button
Seat 1: Sharp(Gosu) ($112.72 in chips)
Seat 2: DoctorGonzo7 ($117.56 in chips)
DoctorGonzo7: posts small blind $1
Sharp(Gosu): posts big blind $3
*** HOLE CARDS ***
DoctorGonzo7: raises $3 to $6
Sharp(Gosu): folds
Uncalled bet ($3) returned to DoctorGonzo7
DoctorGonzo7 collected $6 from pot
DoctorGonzo7: doesn't show hand
*** SUMMARY ***
Total pot $6 | Rake $0
Seat 1: Sharp(Gosu) (big blind) folded before Flop
Seat 2: DoctorGonzo7 (button) (small blind) collected ($6)


PokerStars Hand #146250482181:  Hold'em Limit ($3/$6 USD) - 2015/12/31 19:17:37 ET
Table 'Agena II' 2-max Seat #1 is the button
Seat 1: Sharp(Gosu) ($106.96 in chips)
Seat 2: DoctorGonzo7 ($123.56 in chips)
Sharp(Gosu): posts small blind $1
DoctorGonzo7: posts big blind $3
*** HOLE CARDS ***
Sharp(Gosu): raises $3 to $6
DoctorGonzo7: calls $3
*** FLOP *** [3d 5d Kd]
DoctorGonzo7: checks
Sharp(Gosu): bets $3
DoctorGonzo7: folds
Uncalled bet ($3) returned to Sharp(Gosu)
Sharp(Gosu) collected $11.76 from pot
Sharp(Gosu): doesn't show hand
*** SUMMARY ***
Total pot $12 | Rake $0.24
Board [3d 5d Kd]
Seat 1: Sharp(Gosu) (button) (small blind) collected ($11.76)
Seat 2: DoctorGonzo7 (big blind) folded on the Flop


PokerStars Hand #146250478969:  Hold'em Limit ($3/$6 USD) - 2015/12/31 19:17:30 ET
Table 'Agena II' 2-max Seat #2 is the button
Seat 1: Sharp(Gosu) ($109.96 in chips)
Seat 2: DoctorGonzo7 ($120.56 in chips)
DoctorGonzo7: posts small blind $1
Sharp(Gosu): posts big blind $3
*** HOLE CARDS ***
DoctorGonzo7: raises $3 to $6
Sharp(Gosu): folds
Uncalled bet ($3) returned to DoctorGonzo7
DoctorGonzo7 collected $6 from pot
DoctorGonzo7: doesn't show hand
*** SUMMARY ***
Total pot $6 | Rake $0
Seat 1: Sharp(Gosu) (big blind) folded before Flop
Seat 2: DoctorGonzo7 (button) (small blind) collected ($6)


PokerStars Hand #146250476727:  Hold'em Limit ($3/$6 USD) - 2015/12/31 19:17:25 ET
Table 'Agena II' 2-max Seat #1 is the button
Seat 1: Sharp(Gosu) ($110.96 in chips)
Seat 2: DoctorGonzo7 ($119.56 in chips)
Sharp(Gosu): posts small blind $1
DoctorGonzo7: posts big blind $3
*** HOLE CARDS ***
Sharp(Gosu): folds
Uncalled bet ($2) returned to DoctorGonzo7
DoctorGonzo7 collected $2 from pot
DoctorGonzo7: doesn't show hand
*** SUMMARY ***
Total pot $2 | Rake $0
Seat 1: Sharp(Gosu) (button) (small blind) folded before Flop
Seat 2: DoctorGonzo7 (big blind) collected ($2)


PokerStars Hand #146250474653:  Hold'em Limit ($3/$6 USD) - 2015/12/31 19:17:21 ET
Table 'Agena II' 2-max Seat #2 is the button
Seat 1: Sharp(Gosu) ($109.96 in chips)
Seat 2: DoctorGonzo7 ($120.56 in chips)
DoctorGonzo7: posts small blind $1
Sharp(Gosu): posts big blind $3
*** HOLE CARDS ***
DoctorGonzo7: folds
Uncalled bet ($2) returned to Sharp(Gosu)
Sharp(Gosu) collected $2 from pot
Sharp(Gosu): doesn't show hand
*** SUMMARY ***
Total pot $2 | Rake $0
Seat 1: Sharp(Gosu) (big blind) collected ($2)
Seat 2: DoctorGonzo7 (button) (small blind) folded before Flop


PokerStars Hand #146250465175:  Hold'em Limit ($3/$6 USD) - 2015/12/31 19:17:01 ET
Table 'Agena II' 2-max Seat #1 is the button
Seat 1: Sharp(Gosu) ($92.46 in chips)
Seat 2: DoctorGonzo7 ($138.56 in chips)
Sharp(Gosu): posts small blind $1
DoctorGonzo7: posts big blind $3
*** HOLE CARDS ***
Sharp(Gosu): raises $3 to $6
DoctorGonzo7: calls $3
*** FLOP *** [8c Ts Jd]
DoctorGonzo7: checks
Sharp(Gosu): checks
*** TURN *** [8c Ts Jd] [Kd]
DoctorGonzo7: checks
Sharp(Gosu): bets $6
DoctorGonzo7: calls $6
*** RIVER *** [8c Ts Jd Kd] [9d]
DoctorGonzo7: checks
Sharp(Gosu): bets $6
DoctorGonzo7: calls $6
*** SHOW DOWN ***
Sharp(Gosu): shows [7c 5h] (a straight, Seven to Jack)
DoctorGonzo7: mucks hand
Sharp(Gosu) collected $35.50 from pot
*** SUMMARY ***
Total pot $36 | Rake $0.50
Board [8c Ts Jd Kd 9d]
Seat 1: Sharp(Gosu) (button) (small blind) showed [7c 5h] and won ($35.50) with a straight, Seven to Jack
Seat 2: DoctorGonzo7 (big blind) mucked


PokerStars Hand #146250460162:  Hold'em Limit ($3/$6 USD) - 2015/12/31 19:16:50 ET
Table 'Agena II' 2-max Seat #2 is the button
Seat 1: Sharp(Gosu) ($98.46 in chips)
Seat 2: DoctorGonzo7 ($132.80 in chips)
DoctorGonzo7: posts small blind $1
Sharp(Gosu): posts big blind $3
*** HOLE CARDS ***
DoctorGonzo7: raises $3 to $6
Sharp(Gosu): calls $3
*** FLOP *** [9h 3h Js]
Sharp(Gosu): checks
DoctorGonzo7: bets $3
Sharp(Gosu): folds
Uncalled bet ($3) returned to DoctorGonzo7
DoctorGonzo7 collected $11.76 from pot
DoctorGonzo7: doesn't show hand
*** SUMMARY ***
Total pot $12 | Rake $0.24
Board [9h 3h Js]
Seat 1: Sharp(Gosu) (big blind) folded on the Flop
Seat 2: DoctorGonzo7 (button) (small blind) collected ($11.76)


PokerStars Hand #146250511910:  Hold'em Limit ($3/$6 USD) - 2015/12/31 19:18:40 ET
Table 'Agena II' 2-max Seat #2 is the button
Seat 1: Sharp(Gosu) ($98.54 in chips)
Seat 2: DoctorGonzo7 ($130.90 in chips)
DoctorGonzo7: posts small blind $1
Sharp(Gosu): posts big blind $3
*** HOLE CARDS ***
DoctorGonzo7: raises $3 to $6
Sharp(Gosu): folds
Uncalled bet ($3) returned to DoctorGonzo7
DoctorGonzo7 collected $6 from pot
DoctorGonzo7: doesn't show hand
*** SUMMARY ***
Total pot $6 | Rake $0
Seat 1: Sharp(Gosu) (big blind) folded before Flop
Seat 2: DoctorGonzo7 (button) (small blind) collected ($6)


PokerStars Hand #146250501986:  Hold'em Limit ($3/$6 USD) - 2015/12/31 19:18:19 ET
Table 'Agena II' 2-max Seat #1 is the button
Seat 1: Sharp(Gosu) ($98.72 in chips)
Seat 2: DoctorGonzo7 ($131.08 in chips)
Sharp(Gosu): posts small blind $1
DoctorGonzo7: posts big blind $3
*** HOLE CARDS ***
Sharp(Gosu): raises $3 to $6
DoctorGonzo7: calls $3
*** FLOP *** [Qd Ad Qc]
DoctorGonzo7: checks
Sharp(Gosu): bets $3
DoctorGonzo7: calls $3
*** TURN *** [Qd Ad Qc] [Qh]
DoctorGonzo7: checks
Sharp(Gosu): checks
*** RIVER *** [Qd Ad Qc Qh] [6s]
DoctorGonzo7: checks
Sharp(Gosu): checks
*** SHOW DOWN ***
DoctorGonzo7: shows [Ts Kh] (three of a kind, Queens)
Sharp(Gosu): shows [Kc 4s] (three of a kind, Queens)
DoctorGonzo7 collected $8.82 from pot
Sharp(Gosu) collected $8.82 from pot
*** SUMMARY ***
Total pot $18 | Rake $0.36
Board [Qd Ad Qc Qh 6s]
Seat 1: Sharp(Gosu) (button) (small blind) showed [Kc 4s] and won ($8.82) with three of a kind, Queens
Seat 2: DoctorGonzo7 (big blind) showed [Ts Kh] and won ($8.82) with three of a kind, Queens


PokerStars Hand #146250499957:  Hold'em Limit ($3/$6 USD) - 2015/12/31 19:18:15 ET
Table 'Agena II' 2-max Seat #2 is the button
Seat 1: Sharp(Gosu) ($97.72 in chips)
Seat 2: DoctorGonzo7 ($132.08 in chips)
DoctorGonzo7: posts small blind $1
Sharp(Gosu): posts big blind $3
*** HOLE CARDS ***
DoctorGonzo7: folds
Uncalled bet ($2) returned to Sharp(Gosu)
Sharp(Gosu) collected $2 from pot
Sharp(Gosu): doesn't show hand
*** SUMMARY ***
Total pot $2 | Rake $0
Seat 1: Sharp(Gosu) (big blind) collected ($2)
Seat 2: DoctorGonzo7 (button) (small blind) folded before Flop


PokerStars Hand #146250488916:  Hold'em Limit ($3/$6 USD) - 2015/12/31 19:17:51 ET
Table 'Agena II' 2-max Seat #1 is the button
Seat 1: Sharp(Gosu) ($109.72 in chips)
Seat 2: DoctorGonzo7 ($120.56 in chips)
Sharp(Gosu): posts small blind $1
DoctorGonzo7: posts big blind $3
*** HOLE CARDS ***
Sharp(Gosu): raises $3 to $6
DoctorGonzo7: calls $3
*** FLOP *** [7d 5s 9s]
DoctorGonzo7: checks
Sharp(Gosu): checks
*** TURN *** [7d 5s 9s] [8s]
DoctorGonzo7: bets $6
Sharp(Gosu): calls $6
*** RIVER *** [7d 5s 9s 8s] [5c]
DoctorGonzo7: checks
Sharp(Gosu): checks
*** SHOW DOWN ***
DoctorGonzo7: shows [8h 9c] (two pair, Nines and Eights)
Sharp(Gosu): mucks hand
DoctorGonzo7 collected $23.52 from pot
*** SUMMARY ***
Total pot $24 | Rake $0.48
Board [7d 5s 9s 8s 5c]
Seat 1: Sharp(Gosu) (button) (small blind) mucked
Seat 2: DoctorGonzo7 (big blind) showed [8h 9c] and won ($23.52) with two pair, Nines and Eights


PokerStars Hand #146250543679:  Hold'em Limit ($3/$6 USD) - 2015/12/31 19:19:48 ET
Table 'Agena II' 2-max Seat #2 is the button
Seat 1: Sharp(Gosu) ($121.68 in chips)
Seat 2: DoctorGonzo7 ($106.42 in chips)
DoctorGonzo7: posts small blind $1
Sharp(Gosu): posts big blind $3
*** HOLE CARDS ***
DoctorGonzo7: folds
Uncalled bet ($2) returned to Sharp(Gosu)
Sharp(Gosu) collected $2 from pot
Sharp(Gosu): doesn't show hand
*** SUMMARY ***
Total pot $2 | Rake $0
Seat 1: Sharp(Gosu) (big blind) collected ($2)
Seat 2: DoctorGonzo7 (button) (small blind) folded before Flop


PokerStars Hand #146250541379:  Hold'em Limit ($3/$6 USD) - 2015/12/31 19:19:43 ET
Table 'Agena II' 2-max Seat #1 is the button
Seat 1: Sharp(Gosu) ($122.68 in chips)
Seat 2: DoctorGonzo7 ($105.42 in chips)
Sharp(Gosu): posts small blind $1
DoctorGonzo7: posts big blind $3
*** HOLE CARDS ***
Sharp(Gosu): folds
Uncalled bet ($2) returned to DoctorGonzo7
DoctorGonzo7 collected $2 from pot
DoctorGonzo7: doesn't show hand
*** SUMMARY ***
Total pot $2 | Rake $0
Seat 1: Sharp(Gosu) (button) (small blind) folded before Flop
Seat 2: DoctorGonzo7 (big blind) collected ($2)


PokerStars Hand #146250533482:  Hold'em Limit ($3/$6 USD) - 2015/12/31 19:19:26 ET
Table 'Agena II' 2-max Seat #2 is the button
Seat 1: Sharp(Gosu) ($114.04 in chips)
Seat 2: DoctorGonzo7 ($114.42 in chips)
DoctorGonzo7: posts small blind $1
Sharp(Gosu): posts big blind $3
*** HOLE CARDS ***
DoctorGonzo7: raises $3 to $6
Sharp(Gosu): calls $3
*** FLOP *** [7d 9s 8c]
Sharp(Gosu): checks
DoctorGonzo7: bets $3
Sharp(Gosu): calls $3
*** TURN *** [7d 9s 8c] [Qd]
Sharp(Gosu): checks
DoctorGonzo7: checks
*** RIVER *** [7d 9s 8c Qd] [Kd]
Sharp(Gosu): bets $6
DoctorGonzo7: folds
Uncalled bet ($6) returned to Sharp(Gosu)
Sharp(Gosu) collected $17.64 from pot
Sharp(Gosu): doesn't show hand
*** SUMMARY ***
Total pot $18 | Rake $0.36
Board [7d 9s 8c Qd Kd]
Seat 1: Sharp(Gosu) (big blind) collected ($17.64)
Seat 2: DoctorGonzo7 (button) (small blind) folded on the River


PokerStars Hand #146250526702:  Hold'em Limit ($3/$6 USD) - 2015/12/31 19:19:12 ET
Table 'Agena II' 2-max Seat #1 is the button
Seat 1: Sharp(Gosu) ($126.04 in chips)
Seat 2: DoctorGonzo7 ($102.90 in chips)
Sharp(Gosu): posts small blind $1
DoctorGonzo7: posts big blind $3
*** HOLE CARDS ***
Sharp(Gosu): raises $3 to $6
DoctorGonzo7: calls $3
*** FLOP *** [Ks 4h 5h]
DoctorGonzo7: checks
Sharp(Gosu): bets $3
DoctorGonzo7: raises $3 to $6
Sharp(Gosu): calls $3
*** TURN *** [Ks 4h 5h] [9h]
DoctorGonzo7: bets $6
Sharp(Gosu): folds
Uncalled bet ($6) returned to DoctorGonzo7
DoctorGonzo7 collected $23.52 from pot
DoctorGonzo7: doesn't show hand
*** SUMMARY ***
Total pot $24 | Rake $0.48
Board [Ks 4h 5h 9h]
Seat 1: Sharp(Gosu) (button) (small blind) folded on the Turn
Seat 2: DoctorGonzo7 (big blind) collected ($23.52)


PokerStars Hand #146250524610:  Hold'em Limit ($3/$6 USD) - 2015/12/31 19:19:07 ET
Table 'Agena II' 2-max Seat #2 is the button
Seat 1: Sharp(Gosu) ($125.04 in chips)
Seat 2: DoctorGonzo7 ($103.90 in chips)
DoctorGonzo7: posts small blind $1
Sharp(Gosu): posts big blind $3
*** HOLE CARDS ***
DoctorGonzo7: folds
Uncalled bet ($2) returned to Sharp(Gosu)
Sharp(Gosu) collected $2 from pot
Sharp(Gosu): doesn't show hand
*** SUMMARY ***
Total pot $2 | Rake $0
Seat 1: Sharp(Gosu) (big blind) collected ($2)
Seat 2: DoctorGonzo7 (button) (small blind) folded before Flop


PokerStars Hand #146250514780:  Hold'em Limit ($3/$6 USD) - 2015/12/31 19:18:47 ET
Table 'Agena II' 2-max Seat #1 is the button
Seat 1: Sharp(Gosu) ($95.54 in chips)
Seat 2: DoctorGonzo7 ($133.90 in chips)
Sharp(Gosu): posts small blind $1
DoctorGonzo7: posts big blind $3
*** HOLE CARDS ***
Sharp(Gosu): raises $3 to $6
DoctorGonzo7: calls $3
*** FLOP *** [4c 3d 5s]
DoctorGonzo7: checks
Sharp(Gosu): bets $3
DoctorGonzo7: raises $3 to $6
Sharp(Gosu): calls $3
*** TURN *** [4c 3d 5s] [Th]
DoctorGonzo7: bets $6
Sharp(Gosu): raises $6 to $12
DoctorGonzo7: calls $6
*** RIVER *** [4c 3d 5s Th] [Js]
DoctorGonzo7: checks
Sharp(Gosu): bets $6
DoctorGonzo7: calls $6
*** SHOW DOWN ***
Sharp(Gosu): shows [Jc 7d] (a pair of Jacks)
DoctorGonzo7: mucks hand
Sharp(Gosu) collected $59.50 from pot
*** SUMMARY ***
Total pot $60 | Rake $0.50
Board [4c 3d 5s Th Js]
Seat 1: Sharp(Gosu) (button) (small blind) showed [Jc 7d] and won ($59.50) with a pair of Jacks
Seat 2: DoctorGonzo7 (big blind) mucked


PokerStars Hand #146250564626:  Hold'em Limit ($3/$6 USD) - 2015/12/31 19:20:33 ET
Table 'Agena II' 2-max Seat #2 is the button
Seat 1: Sharp(Gosu) ($130.96 in chips)
Seat 2: DoctorGonzo7 ($96.06 in chips)
DoctorGonzo7: posts small blind $1
Sharp(Gosu): posts big blind $3
*** HOLE CARDS ***
DoctorGonzo7: raises $3 to $6
Sharp(Gosu): calls $3
*** FLOP *** [6c Qs 4h]
Sharp(Gosu): checks
DoctorGonzo7: bets $3
Sharp(Gosu): raises $3 to $6
DoctorGonzo7: calls $3
*** TURN *** [6c Qs 4h] [9h]
Sharp(Gosu): bets $6
DoctorGonzo7: calls $6
*** RIVER *** [6c Qs 4h 9h] [5s]
Sharp(Gosu): bets $6
DoctorGonzo7: calls $6
*** SHOW DOWN ***
Sharp(Gosu): shows [Qh 8h] (a pair of Queens)
DoctorGonzo7: mucks hand
Sharp(Gosu) collected $47.50 from pot
*** SUMMARY ***
Total pot $48 | Rake $0.50
Board [6c Qs 4h 9h 5s]
Seat 1: Sharp(Gosu) (big blind) showed [Qh 8h] and won ($47.50) with a pair of Queens
Seat 2: DoctorGonzo7 (button) (small blind) mucked


PokerStars Hand #146250559526:  Hold'em Limit ($3/$6 USD) - 2015/12/31 19:20:22 ET
Table 'Agena II' 2-max Seat #1 is the button
Seat 1: Sharp(Gosu) ($139.96 in chips)
Seat 2: DoctorGonzo7 ($87.42 in chips)
Sharp(Gosu): posts small blind $1
DoctorGonzo7: posts big blind $3
*** HOLE CARDS ***
Sharp(Gosu): raises $3 to $6
DoctorGonzo7: raises $3 to $9
Sharp(Gosu): calls $3
*** FLOP *** [2h 9c 8s]
DoctorGonzo7: bets $3
Sharp(Gosu): folds
Uncalled bet ($3) returned to DoctorGonzo7
DoctorGonzo7 collected $17.64 from pot
DoctorGonzo7: doesn't show hand
*** SUMMARY ***
Total pot $18 | Rake $0.36
Board [2h 9c 8s]
Seat 1: Sharp(Gosu) (button) (small blind) folded on the Flop
Seat 2: DoctorGonzo7 (big blind) collected ($17.64)


PokerStars Hand #146250549957:  Hold'em Limit ($3/$6 USD) - 2015/12/31 19:20:02 ET
Table 'Agena II' 2-max Seat #2 is the button
Seat 1: Sharp(Gosu) ($128.44 in chips)
Seat 2: DoctorGonzo7 ($99.42 in chips)
DoctorGonzo7: posts small blind $1
Sharp(Gosu): posts big blind $3
*** HOLE CARDS ***
DoctorGonzo7: raises $3 to $6
Sharp(Gosu): raises $3 to $9
DoctorGonzo7: calls $3
*** FLOP *** [Kh 8h 5d]
Sharp(Gosu): bets $3
DoctorGonzo7: calls $3
*** TURN *** [Kh 8h 5d] [2s]
Sharp(Gosu): bets $6
DoctorGonzo7: folds
Uncalled bet ($6) returned to Sharp(Gosu)
Sharp(Gosu) collected $23.52 from pot
Sharp(Gosu): doesn't show hand
*** SUMMARY ***
Total pot $24 | Rake $0.48
Board [Kh 8h 5d 2s]
Seat 1: Sharp(Gosu) (big blind) collected ($23.52)
Seat 2: DoctorGonzo7 (button) (small blind) folded on the Turn


PokerStars Hand #146250545781:  Hold'em Limit ($3/$6 USD) - 2015/12/31 19:19:53 ET
Table 'Agena II' 2-max Seat #1 is the button
Seat 1: Sharp(Gosu) ($122.68 in chips)
Seat 2: DoctorGonzo7 ($105.42 in chips)
Sharp(Gosu): posts small blind $1
DoctorGonzo7: posts big blind $3
*** HOLE CARDS ***
Sharp(Gosu): raises $3 to $6
DoctorGonzo7: calls $3
*** FLOP *** [Qd 2c 4c]
DoctorGonzo7: checks
Sharp(Gosu): bets $3
DoctorGonzo7: folds
Uncalled bet ($3) returned to Sharp(Gosu)
Sharp(Gosu) collected $11.76 from pot
Sharp(Gosu): doesn't show hand
*** SUMMARY ***
Total pot $12 | Rake $0.24
Board [Qd 2c 4c]
Seat 1: Sharp(Gosu) (button) (small blind) collected ($11.76)
Seat 2: DoctorGonzo7 (big blind) folded on the Flop


PokerStars Hand #146250586057:  Hold'em Limit ($3/$6 USD) - 2015/12/31 19:21:19 ET
Table 'Agena II' 2-max Seat #1 is the button
Seat 1: Sharp(Gosu) ($137.46 in chips)
Seat 2: DoctorGonzo7 ($88.56 in chips)
Sharp(Gosu): posts small blind $1
DoctorGonzo7: posts big blind $3
*** HOLE CARDS ***
Sharp(Gosu): raises $3 to $6
DoctorGonzo7: calls $3
*** FLOP *** [3c Ac 6h]
DoctorGonzo7: checks
Sharp(Gosu): bets $3
DoctorGonzo7: raises $3 to $6
Sharp(Gosu): calls $3
*** TURN *** [3c Ac 6h] [Tc]
DoctorGonzo7: bets $6
Sharp(Gosu): raises $6 to $12
DoctorGonzo7: calls $6
*** RIVER *** [3c Ac 6h Tc] [9h]
DoctorGonzo7: checks
Sharp(Gosu): checks
*** SHOW DOWN ***
DoctorGonzo7: shows [Ad 7c] (a pair of Aces)
Sharp(Gosu): mucks hand
DoctorGonzo7 collected $47.50 from pot
*** SUMMARY ***
Total pot $48 | Rake $0.50
Board [3c Ac 6h Tc 9h]
Seat 1: Sharp(Gosu) (button) (small blind) mucked
Seat 2: DoctorGonzo7 (big blind) showed [Ad 7c] and won ($47.50) with a pair of Aces


PokerStars Hand #146250584089:  Hold'em Limit ($3/$6 USD) - 2015/12/31 19:21:15 ET
Table 'Agena II' 2-max Seat #2 is the button
Seat 1: Sharp(Gosu) ($136.46 in chips)
Seat 2: DoctorGonzo7 ($89.56 in chips)
DoctorGonzo7: posts small blind $1
Sharp(Gosu): posts big blind $3
*** HOLE CARDS ***
DoctorGonzo7: folds
Uncalled bet ($2) returned to Sharp(Gosu)
Sharp(Gosu) collected $2 from pot
Sharp(Gosu): doesn't show hand
*** SUMMARY ***
Total pot $2 | Rake $0
Seat 1: Sharp(Gosu) (big blind) collected ($2)
Seat 2: DoctorGonzo7 (button) (small blind) folded before Flop


PokerStars Hand #146250573574:  Hold'em Limit ($3/$6 USD) - 2015/12/31 19:20:53 ET
Table 'Agena II' 2-max Seat #1 is the button
Seat 1: Sharp(Gosu) ($154.46 in chips)
Seat 2: DoctorGonzo7 ($72.06 in chips)
Sharp(Gosu): posts small blind $1
DoctorGonzo7: posts big blind $3
*** HOLE CARDS ***
Sharp(Gosu): raises $3 to $6
DoctorGonzo7: calls $3
*** FLOP *** [Tc 2s 4h]
DoctorGonzo7: checks
Sharp(Gosu): bets $3
DoctorGonzo7: raises $3 to $6
Sharp(Gosu): calls $3
*** TURN *** [Tc 2s 4h] [6c]
DoctorGonzo7: bets $6
Sharp(Gosu): calls $6
*** RIVER *** [Tc 2s 4h 6c] [Qh]
DoctorGonzo7: bets $6
Sharp(Gosu): folds
Uncalled bet ($6) returned to DoctorGonzo7
DoctorGonzo7 collected $35.50 from pot
DoctorGonzo7: doesn't show hand
*** SUMMARY ***
Total pot $36 | Rake $0.50
Board [Tc 2s 4h 6c Qh]
Seat 1: Sharp(Gosu) (button) (small blind) folded on the River
Seat 2: DoctorGonzo7 (big blind) collected ($35.50)


PokerStars Hand #146250593640:  Hold'em Limit ($3/$6 USD) - 2015/12/31 19:21:36 ET
Table 'Agena II' 2-max Seat #2 is the button
Seat 1: Sharp(Gosu) ($113.46 in chips)
Seat 2: DoctorGonzo7 ($112.06 in chips)
DoctorGonzo7: posts small blind $1
Sharp(Gosu): posts big blind $3
*** HOLE CARDS ***
DoctorGonzo7: raises $3 to $6
Sharp(Gosu): calls $3
*** FLOP *** [As 4s 4c]
Sharp(Gosu): checks
DoctorGonzo7: checks
*** TURN *** [As 4s 4c] [2s]
Sharp(Gosu): checks
DoctorGonzo7: checks
*** RIVER *** [As 4s 4c 2s] [Th]
Sharp(Gosu): checks
DoctorGonzo7: checks
*** SHOW DOWN ***
Sharp(Gosu): shows [9c Jh] (a pair of Fours)
DoctorGonzo7: shows [Jd 8h] (a pair of Fours)
Sharp(Gosu) collected $5.88 from pot
DoctorGonzo7 collected $5.88 from pot
*** SUMMARY ***
Total pot $12 | Rake $0.24
Board [As 4s 4c 2s Th]
Seat 1: Sharp(Gosu) (big blind) showed [9c Jh] and won ($5.88) with a pair of Fours
Seat 2: DoctorGonzo7 (button) (small blind) showed [Jd 8h] and won ($5.88) with a pair of Fours


PokerStars Hand #146250602497:  Hold'em Limit ($3/$6 USD) - 2015/12/31 19:21:55 ET
Table 'Agena II' 2-max Seat #1 is the button
Seat 1: Sharp(Gosu) ($113.34 in chips)
Seat 2: DoctorGonzo7 ($111.94 in chips)
Sharp(Gosu): posts small blind $1
DoctorGonzo7: posts big blind $3
*** HOLE CARDS ***
Sharp(Gosu): raises $3 to $6
DoctorGonzo7: calls $3
*** FLOP *** [2c 8s 6s]
DoctorGonzo7: checks
Sharp(Gosu): bets $3
DoctorGonzo7: folds
Uncalled bet ($3) returned to Sharp(Gosu)
Sharp(Gosu) collected $11.76 from pot
Sharp(Gosu): doesn't show hand
*** SUMMARY ***
Total pot $12 | Rake $0.24
Board [2c 8s 6s]
Seat 1: Sharp(Gosu) (button) (small blind) collected ($11.76)
Seat 2: DoctorGonzo7 (big blind) folded on the Flop


PokerStars Hand #146250613453:  Hold'em Limit ($3/$6 USD) - 2015/12/31 19:22:19 ET
Table 'Agena II' 2-max Seat #2 is the button
Seat 1: Sharp(Gosu) ($112.10 in chips)
Seat 2: DoctorGonzo7 ($112.70 in chips)
DoctorGonzo7: posts small blind $1
Sharp(Gosu): posts big blind $3
*** HOLE CARDS ***
DoctorGonzo7: folds
Uncalled bet ($2) returned to Sharp(Gosu)
Sharp(Gosu) collected $2 from pot
Sharp(Gosu): doesn't show hand
*** SUMMARY ***
Total pot $2 | Rake $0
Seat 1: Sharp(Gosu) (big blind) collected ($2)
Seat 2: DoctorGonzo7 (button) (small blind) folded before Flop


PokerStars Hand #146250611312:  Hold'em Limit ($3/$6 USD) - 2015/12/31 19:22:14 ET
Table 'Agena II' 2-max Seat #1 is the button
Seat 1: Sharp(Gosu) ($113.10 in chips)
Seat 2: DoctorGonzo7 ($111.70 in chips)
Sharp(Gosu): posts small blind $1
DoctorGonzo7: posts big blind $3
*** HOLE CARDS ***
Sharp(Gosu): folds
Uncalled bet ($2) returned to DoctorGonzo7
DoctorGonzo7 collected $2 from pot
DoctorGonzo7: doesn't show hand
*** SUMMARY ***
Total pot $2 | Rake $0
Seat 1: Sharp(Gosu) (button) (small blind) folded before Flop
Seat 2: DoctorGonzo7 (big blind) collected ($2)


PokerStars Hand #146250606915:  Hold'em Limit ($3/$6 USD) - 2015/12/31 19:22:05 ET
Table 'Agena II' 2-max Seat #2 is the button
Seat 1: Sharp(Gosu) ($119.10 in chips)
Seat 2: DoctorGonzo7 ($105.94 in chips)
DoctorGonzo7: posts small blind $1
Sharp(Gosu): posts big blind $3
*** HOLE CARDS ***
DoctorGonzo7: raises $3 to $6
Sharp(Gosu): calls $3
*** FLOP *** [Ad 5s 9s]
Sharp(Gosu): checks
DoctorGonzo7: bets $3
Sharp(Gosu): folds
Uncalled bet ($3) returned to DoctorGonzo7
DoctorGonzo7 collected $11.76 from pot
DoctorGonzo7: doesn't show hand
*** SUMMARY ***
Total pot $12 | Rake $0.24
Board [Ad 5s 9s]
Seat 1: Sharp(Gosu) (big blind) folded on the Flop
Seat 2: DoctorGonzo7 (button) (small blind) collected ($11.76)


PokerStars Hand #146250615565:  Hold'em Limit ($3/$6 USD) - 2015/12/31 19:22:23 ET
Table 'Agena II' 2-max Seat #1 is the button
Seat 1: Sharp(Gosu) ($113.10 in chips)
Seat 2: DoctorGonzo7 ($111.70 in chips)
Sharp(Gosu): posts small blind $1
DoctorGonzo7: posts big blind $3
*** HOLE CARDS ***
Sharp(Gosu): raises $3 to $6
DoctorGonzo7: calls $3
*** FLOP *** [9h 2s 9d]
DoctorGonzo7: checks
Sharp(Gosu): bets $3
DoctorGonzo7: folds
Uncalled bet ($3) returned to Sharp(Gosu)
Sharp(Gosu) collected $11.76 from pot
Sharp(Gosu): doesn't show hand
*** SUMMARY ***
Total pot $12 | Rake $0.24
Board [9h 2s 9d]
Seat 1: Sharp(Gosu) (button) (small blind) collected ($11.76)
Seat 2: DoctorGonzo7 (big blind) folded on the Flop


PokerStars Hand #146250619860:  Hold'em Limit ($3/$6 USD) - 2015/12/31 19:22:33 ET
Table 'Agena II' 2-max Seat #2 is the button
Seat 1: Sharp(Gosu) ($118.86 in chips)
Seat 2: DoctorGonzo7 ($105.70 in chips)
DoctorGonzo7: posts small blind $1
Sharp(Gosu): posts big blind $3
*** HOLE CARDS ***
DoctorGonzo7: raises $3 to $6
Sharp(Gosu): calls $3
*** FLOP *** [6c 8s Ac]
Sharp(Gosu): checks
DoctorGonzo7: bets $3
Sharp(Gosu): calls $3
*** TURN *** [6c 8s Ac] [5c]
Sharp(Gosu): checks
DoctorGonzo7: bets $6
Sharp(Gosu): calls $6
*** RIVER *** [6c 8s Ac 5c] [2d]
Sharp(Gosu): checks
DoctorGonzo7: checks
*** SHOW DOWN ***
Sharp(Gosu): shows [6d Kd] (a pair of Sixes)
DoctorGonzo7: mucks hand
Sharp(Gosu) collected $29.50 from pot
*** SUMMARY ***
Total pot $30 | Rake $0.50
Board [6c 8s Ac 5c 2d]
Seat 1: Sharp(Gosu) (big blind) showed [6d Kd] and won ($29.50) with a pair of Sixes
Seat 2: DoctorGonzo7 (button) (small blind) mucked


PokerStars Hand #146250631019:  Hold'em Limit ($3/$6 USD) - 2015/12/31 19:22:57 ET
Table 'Agena II' 2-max Seat #2 is the button
Seat 1: Sharp(Gosu) ($136.36 in chips)
Seat 2: DoctorGonzo7 ($87.70 in chips)
DoctorGonzo7: posts small blind $1
Sharp(Gosu): posts big blind $3
*** HOLE CARDS ***
DoctorGonzo7: raises $3 to $6
Sharp(Gosu): folds
Uncalled bet ($3) returned to DoctorGonzo7
DoctorGonzo7 collected $6 from pot
DoctorGonzo7: doesn't show hand
*** SUMMARY ***
Total pot $6 | Rake $0
Seat 1: Sharp(Gosu) (big blind) folded before Flop
Seat 2: DoctorGonzo7 (button) (small blind) collected ($6)


PokerStars Hand #146250628054:  Hold'em Limit ($3/$6 USD) - 2015/12/31 19:22:51 ET
Table 'Agena II' 2-max Seat #1 is the button
Seat 1: Sharp(Gosu) ($133.36 in chips)
Seat 2: DoctorGonzo7 ($90.70 in chips)
Sharp(Gosu): posts small blind $1
DoctorGonzo7: posts big blind $3
*** HOLE CARDS ***
Sharp(Gosu): raises $3 to $6
DoctorGonzo7: folds
Uncalled bet ($3) returned to Sharp(Gosu)
Sharp(Gosu) collected $6 from pot
Sharp(Gosu): doesn't show hand
*** SUMMARY ***
Total pot $6 | Rake $0
Seat 1: Sharp(Gosu) (button) (small blind) collected ($6)
Seat 2: DoctorGonzo7 (big blind) folded before Flop


PokerStars Hand #146250633915:  Hold'em Limit ($3/$6 USD) - 2015/12/31 19:23:03 ET
Table 'Agena II' 2-max Seat #1 is the button
Seat 1: Sharp(Gosu) ($133.36 in chips)
Seat 2: DoctorGonzo7 ($90.70 in chips)
Sharp(Gosu): posts small blind $1
DoctorGonzo7: posts big blind $3
*** HOLE CARDS ***
Sharp(Gosu): folds
Uncalled bet ($2) returned to DoctorGonzo7
DoctorGonzo7 collected $2 from pot
DoctorGonzo7: doesn't show hand
*** SUMMARY ***
Total pot $2 | Rake $0
Seat 1: Sharp(Gosu) (button) (small blind) folded before Flop
Seat 2: DoctorGonzo7 (big blind) collected ($2)


PokerStars Hand #146250636017:  Hold'em Limit ($3/$6 USD) - 2015/12/31 19:23:08 ET
Table 'Agena II' 2-max Seat #2 is the button
Seat 1: Sharp(Gosu) ($132.36 in chips)
Seat 2: DoctorGonzo7 ($91.70 in chips)
DoctorGonzo7: posts small blind $1
Sharp(Gosu): posts big blind $3
*** HOLE CARDS ***
DoctorGonzo7: raises $3 to $6
Sharp(Gosu): raises $3 to $9
DoctorGonzo7: calls $3
*** FLOP *** [6c Ah 2c]
Sharp(Gosu): bets $3
DoctorGonzo7: calls $3
*** TURN *** [6c Ah 2c] [6s]
Sharp(Gosu): bets $6
DoctorGonzo7: folds
Uncalled bet ($6) returned to Sharp(Gosu)
Sharp(Gosu) collected $23.52 from pot
Sharp(Gosu): doesn't show hand
*** SUMMARY ***
Total pot $24 | Rake $0.48
Board [6c Ah 2c 6s]
Seat 1: Sharp(Gosu) (big blind) collected ($23.52)
Seat 2: DoctorGonzo7 (button) (small blind) folded on the Turn


PokerStars Hand #146250642409:  Hold'em Limit ($3/$6 USD) - 2015/12/31 19:23:22 ET
Table 'Agena II' 2-max Seat #1 is the button
Seat 1: Sharp(Gosu) ($143.88 in chips)
Seat 2: DoctorGonzo7 ($79.70 in chips)
Sharp(Gosu): posts small blind $1
DoctorGonzo7: posts big blind $3
*** HOLE CARDS ***
Sharp(Gosu): raises $3 to $6
DoctorGonzo7: calls $3
*** FLOP *** [Tc 4c Qs]
DoctorGonzo7: checks
Sharp(Gosu): bets $3
DoctorGonzo7: calls $3
*** TURN *** [Tc 4c Qs] [Jd]
DoctorGonzo7: checks
Sharp(Gosu): bets $6
DoctorGonzo7: folds
Uncalled bet ($6) returned to Sharp(Gosu)
Sharp(Gosu) collected $17.64 from pot
Sharp(Gosu): doesn't show hand
*** SUMMARY ***
Total pot $18 | Rake $0.36
Board [Tc 4c Qs Jd]
Seat 1: Sharp(Gosu) (button) (small blind) collected ($17.64)
Seat 2: DoctorGonzo7 (big blind) folded on the Turn


PokerStars Hand #146250650376:  Hold'em Limit ($3/$6 USD) - 2015/12/31 19:23:39 ET
Table 'Agena II' 2-max Seat #2 is the button
Seat 1: Sharp(Gosu) ($152.52 in chips)
Seat 2: DoctorGonzo7 ($70.70 in chips)
DoctorGonzo7: posts small blind $1
Sharp(Gosu): posts big blind $3
*** HOLE CARDS ***
DoctorGonzo7: raises $3 to $6
Sharp(Gosu): calls $3
*** FLOP *** [Ah 7h 2d]
Sharp(Gosu): checks
DoctorGonzo7: bets $3
Sharp(Gosu): raises $3 to $6
DoctorGonzo7: folds
Uncalled bet ($3) returned to Sharp(Gosu)
Sharp(Gosu) collected $17.64 from pot
Sharp(Gosu): doesn't show hand
*** SUMMARY ***
Total pot $18 | Rake $0.36
Board [Ah 7h 2d]
Seat 1: Sharp(Gosu) (big blind) collected ($17.64)
Seat 2: DoctorGonzo7 (button) (small blind) folded on the Flop


PokerStars Hand #146250657941:  Hold'em Limit ($3/$6 USD) - 2015/12/31 19:23:55 ET
Table 'Agena II' 2-max Seat #2 is the button
Seat 1: Sharp(Gosu) ($160.16 in chips)
Seat 2: DoctorGonzo7 ($62.70 in chips)
DoctorGonzo7: posts small blind $1
Sharp(Gosu): posts big blind $3
*** HOLE CARDS ***
DoctorGonzo7: folds
Uncalled bet ($2) returned to Sharp(Gosu)
Sharp(Gosu) collected $2 from pot
Sharp(Gosu): doesn't show hand
*** SUMMARY ***
Total pot $2 | Rake $0
Seat 1: Sharp(Gosu) (big blind) collected ($2)
Seat 2: DoctorGonzo7 (button) (small blind) folded before Flop


PokerStars Hand #146250655731:  Hold'em Limit ($3/$6 USD) - 2015/12/31 19:23:51 ET
Table 'Agena II' 2-max Seat #1 is the button
Seat 1: Sharp(Gosu) ($161.16 in chips)
Seat 2: DoctorGonzo7 ($61.70 in chips)
Sharp(Gosu): posts small blind $1
DoctorGonzo7: posts big blind $3
*** HOLE CARDS ***
Sharp(Gosu): folds
Uncalled bet ($2) returned to DoctorGonzo7
DoctorGonzo7 collected $2 from pot
DoctorGonzo7: doesn't show hand
*** SUMMARY ***
Total pot $2 | Rake $0
Seat 1: Sharp(Gosu) (button) (small blind) folded before Flop
Seat 2: DoctorGonzo7 (big blind) collected ($2)


PokerStars Hand #146250667068:  Hold'em Limit ($3/$6 USD) - 2015/12/31 19:24:15 ET
Table 'Agena II' 2-max Seat #2 is the button
Seat 1: Sharp(Gosu) ($146.16 in chips)
Seat 2: DoctorGonzo7 ($76.20 in chips)
DoctorGonzo7: posts small blind $1
Sharp(Gosu): posts big blind $3
*** HOLE CARDS ***
DoctorGonzo7: folds
Uncalled bet ($2) returned to Sharp(Gosu)
Sharp(Gosu) collected $2 from pot
Sharp(Gosu): doesn't show hand
*** SUMMARY ***
Total pot $2 | Rake $0
Seat 1: Sharp(Gosu) (big blind) collected ($2)
Seat 2: DoctorGonzo7 (button) (small blind) folded before Flop


PokerStars Hand #146250660038:  Hold'em Limit ($3/$6 USD) - 2015/12/31 19:24:00 ET
Table 'Agena II' 2-max Seat #1 is the button
Seat 1: Sharp(Gosu) ($161.16 in chips)
Seat 2: DoctorGonzo7 ($61.70 in chips)
Sharp(Gosu): posts small blind $1
DoctorGonzo7: posts big blind $3
*** HOLE CARDS ***
Sharp(Gosu): raises $3 to $6
DoctorGonzo7: calls $3
*** FLOP *** [7h 2c Qc]
DoctorGonzo7: checks
Sharp(Gosu): bets $3
DoctorGonzo7: calls $3
*** TURN *** [7h 2c Qc] [4h]
DoctorGonzo7: checks
Sharp(Gosu): checks
*** RIVER *** [7h 2c Qc 4h] [5c]
DoctorGonzo7: bets $6
Sharp(Gosu): calls $6
*** SHOW DOWN ***
DoctorGonzo7: shows [2h 5d] (two pair, Fives and Deuces)
Sharp(Gosu): mucks hand
DoctorGonzo7 collected $29.50 from pot
*** SUMMARY ***
Total pot $30 | Rake $0.50
Board [7h 2c Qc 4h 5c]
Seat 1: Sharp(Gosu) (button) (small blind) mucked
Seat 2: DoctorGonzo7 (big blind) showed [2h 5d] and won ($29.50) with two pair, Fives and Deuces


PokerStars Hand #146250669530:  Hold'em Limit ($3/$6 USD) - 2015/12/31 19:24:20 ET
Table 'Agena II' 2-max Seat #1 is the button
Seat 1: Sharp(Gosu) ($147.16 in chips)
Seat 2: DoctorGonzo7 ($75.20 in chips)
Sharp(Gosu): posts small blind $1
DoctorGonzo7: posts big blind $3
*** HOLE CARDS ***
Sharp(Gosu): raises $3 to $6
DoctorGonzo7: calls $3
*** FLOP *** [2s Jc As]
DoctorGonzo7: checks
Sharp(Gosu): bets $3
DoctorGonzo7: calls $3
*** TURN *** [2s Jc As] [3s]
DoctorGonzo7: checks
Sharp(Gosu): bets $6
DoctorGonzo7: calls $6
*** RIVER *** [2s Jc As 3s] [7d]
DoctorGonzo7: checks
Sharp(Gosu): bets $6
DoctorGonzo7: calls $6
*** SHOW DOWN ***
Sharp(Gosu): shows [Qh Qd] (a pair of Queens)
DoctorGonzo7: mucks hand
Sharp(Gosu) collected $41.50 from pot
*** SUMMARY ***
Total pot $42 | Rake $0.50
Board [2s Jc As 3s 7d]
Seat 1: Sharp(Gosu) (button) (small blind) showed [Qh Qd] and won ($41.50) with a pair of Queens
Seat 2: DoctorGonzo7 (big blind) mucked


PokerStars Hand #146250678344:  Hold'em Limit ($3/$6 USD) - 2015/12/31 19:24:39 ET
Table 'Agena II' 2-max Seat #2 is the button
Seat 1: Sharp(Gosu) ($167.66 in chips)
Seat 2: DoctorGonzo7 ($54.20 in chips)
DoctorGonzo7: posts small blind $1
Sharp(Gosu): posts big blind $3
*** HOLE CARDS ***
DoctorGonzo7: raises $3 to $6
Sharp(Gosu): calls $3
*** FLOP *** [3d Qd Ah]
Sharp(Gosu): checks
DoctorGonzo7: checks
*** TURN *** [3d Qd Ah] [Qc]
Sharp(Gosu): checks
DoctorGonzo7: checks
*** RIVER *** [3d Qd Ah Qc] [Td]
Sharp(Gosu): bets $6
DoctorGonzo7: folds
Uncalled bet ($6) returned to Sharp(Gosu)
Sharp(Gosu) collected $11.76 from pot
Sharp(Gosu): doesn't show hand
*** SUMMARY ***
Total pot $12 | Rake $0.24
Board [3d Qd Ah Qc Td]
Seat 1: Sharp(Gosu) (big blind) collected ($11.76)
Seat 2: DoctorGonzo7 (button) (small blind) folded on the River


PokerStars Hand #146250685815:  Hold'em Limit ($3/$6 USD) - 2015/12/31 19:24:56 ET
Table 'Agena II' 2-max Seat #1 is the button
Seat 1: Sharp(Gosu) ($173.42 in chips)
Seat 2: DoctorGonzo7 ($48.20 in chips)
Sharp(Gosu): posts small blind $1
DoctorGonzo7: posts big blind $3
*** HOLE CARDS ***
Sharp(Gosu): raises $3 to $6
DoctorGonzo7: calls $3
*** FLOP *** [5h Ts Th]
DoctorGonzo7: checks
Sharp(Gosu): bets $3
DoctorGonzo7: raises $3 to $6
Sharp(Gosu): calls $3
*** TURN *** [5h Ts Th] [Ah]
DoctorGonzo7: bets $6
Sharp(Gosu): raises $6 to $12
DoctorGonzo7: calls $6
*** RIVER *** [5h Ts Th Ah] [2c]
DoctorGonzo7: checks
Sharp(Gosu): bets $6
DoctorGonzo7: calls $6
*** SHOW DOWN ***
Sharp(Gosu): shows [Jd Tc] (three of a kind, Tens)
DoctorGonzo7: mucks hand
Sharp(Gosu) collected $59.50 from pot
*** SUMMARY ***
Total pot $60 | Rake $0.50
Board [5h Ts Th Ah 2c]
Seat 1: Sharp(Gosu) (button) (small blind) showed [Jd Tc] and won ($59.50) with three of a kind, Tens
Seat 2: DoctorGonzo7 (big blind) mucked


PokerStars Hand #146250695371:  Hold'em Limit ($3/$6 USD) - 2015/12/31 19:25:16 ET
Table 'Agena II' 2-max Seat #2 is the button
Seat 1: Sharp(Gosu) ($202.92 in chips)
Seat 2: DoctorGonzo7 ($18.20 in chips)
DoctorGonzo7: posts small blind $1
Sharp(Gosu): posts big blind $3
*** HOLE CARDS ***
DoctorGonzo7: raises $3 to $6
Sharp(Gosu): calls $3
*** FLOP *** [Ac Jd 2s]
Sharp(Gosu): checks
DoctorGonzo7: bets $3
Sharp(Gosu): calls $3
*** TURN *** [Ac Jd 2s] [7d]
Sharp(Gosu): checks
DoctorGonzo7: bets $6
Sharp(Gosu): raises $6 to $12
DoctorGonzo7: calls $3.20 and is all-in
Uncalled bet ($2.80) returned to Sharp(Gosu)
*** RIVER *** [Ac Jd 2s 7d] [Ad]
*** SHOW DOWN ***
Sharp(Gosu): shows [2d Ah] (a full house, Aces full of Deuces)
DoctorGonzo7: shows [Kd 7h] (two pair, Aces and Sevens)
Sharp(Gosu) collected $35.90 from pot
DoctorGonzo7 leaves the table
*** SUMMARY ***
Total pot $36.40 | Rake $0.50
Board [Ac Jd 2s 7d Ad]
Seat 1: Sharp(Gosu) (big blind) showed [2d Ah] and won ($35.90) with a full house, Aces full of Deuces
Seat 2: DoctorGonzo7 (button) (small blind) showed [Kd 7h] and lost with two pair, Aces and Sevens


