PokerStars Hand #168592755614:  Hold'em Limit ($3/$6 USD) - 2017/04/04 21:18:35 ET
Table 'Agenor' 6-max Seat #3 is the button
Seat 1: rascal_319 ($46.66 in chips)
Seat 3: B_loJkl ($67.55 in chips)
B_loJkl: posts small blind $1
rascal_319: posts big blind $3
*** HOLE CARDS ***
B_loJkl: raises $3 to $6
rascal_319: folds
Uncalled bet ($3) returned to B_loJkl
B_loJkl collected $6 from pot
B_loJkl: doesn't show hand
*** SUMMARY ***
Total pot $6 | Rake $0
Seat 1: rascal_319 (big blind) folded before Flop
Seat 3: B_loJkl (button) (small blind) collected ($6)


PokerStars Hand #168592761539:  Hold'em Limit ($3/$6 USD) - 2017/04/04 21:18:49 ET
Table 'Agenor' 6-max Seat #1 is the button
Seat 1: rascal_319 ($43.66 in chips)
Seat 3: B_loJkl ($70.55 in chips)
rascal_319: posts small blind $1
B_loJkl: posts big blind $3
*** HOLE CARDS ***
rascal_319: raises $3 to $6
B_loJkl: folds
Uncalled bet ($3) returned to rascal_319
rascal_319 collected $6 from pot
rascal_319: doesn't show hand
*** SUMMARY ***
Total pot $6 | Rake $0
Seat 1: rascal_319 (button) (small blind) collected ($6)
Seat 3: B_loJkl (big blind) folded before Flop


PokerStars Hand #168592764534:  Hold'em Limit ($3/$6 USD) - 2017/04/04 21:18:56 ET
Table 'Agenor' 6-max Seat #3 is the button
Seat 1: rascal_319 ($46.66 in chips)
Seat 3: B_loJkl ($67.55 in chips)
B_loJkl: posts small blind $1
rascal_319: posts big blind $3
*** HOLE CARDS ***
B_loJkl: raises $3 to $6
rascal_319: raises $3 to $9
B_loJkl: calls $3
*** FLOP *** [8s Qs Ts]
rascal_319: checks
B_loJkl: bets $3
rascal_319: folds
Uncalled bet ($3) returned to B_loJkl
B_loJkl collected $17.64 from pot
B_loJkl: doesn't show hand
*** SUMMARY ***
Total pot $18 | Rake $0.36
Board [8s Qs Ts]
Seat 1: rascal_319 (big blind) folded on the Flop
Seat 3: B_loJkl (button) (small blind) collected ($17.64)


PokerStars Hand #168592852262:  Hold'em Limit ($3/$6 USD) - 2017/04/04 21:22:09 ET
Table 'Agenor' 6-max Seat #3 is the button
Seat 2: rabeh1981 ($353.45 in chips)
Seat 3: B_loJkl ($80.43 in chips)
B_loJkl: posts small blind $1
rabeh1981: posts big blind $3
*** HOLE CARDS ***
B_loJkl: raises $3 to $6
rabeh1981: folds
Uncalled bet ($3) returned to B_loJkl
B_loJkl collected $6 from pot
B_loJkl: doesn't show hand
*** SUMMARY ***
Total pot $6 | Rake $0
Seat 2: rabeh1981 (big blind) folded before Flop
Seat 3: B_loJkl (button) (small blind) collected ($6)


PokerStars Hand #168592850163:  Hold'em Limit ($3/$6 USD) - 2017/04/04 21:22:04 ET
Table 'Agenor' 6-max Seat #2 is the button
Seat 2: rabeh1981 ($354.45 in chips)
Seat 3: B_loJkl ($79.43 in chips)
rabeh1981: posts small blind $1
B_loJkl: posts big blind $3
*** HOLE CARDS ***
rabeh1981: folds
Uncalled bet ($2) returned to B_loJkl
B_loJkl collected $2 from pot
B_loJkl: doesn't show hand
*** SUMMARY ***
Total pot $2 | Rake $0
Seat 2: rabeh1981 (button) (small blind) folded before Flop
Seat 3: B_loJkl (big blind) collected ($2)


PokerStars Hand #168592829952:  Hold'em Limit ($3/$6 USD) - 2017/04/04 21:21:17 ET
Table 'Agenor' 6-max Seat #3 is the button
Seat 2: rabeh1981 ($372.45 in chips)
Seat 3: B_loJkl ($61.93 in chips)
B_loJkl: posts small blind $1
rascal_319: is sitting out
rabeh1981: posts big blind $3
*** HOLE CARDS ***
B_loJkl: raises $3 to $6
rabeh1981: calls $3
*** FLOP *** [Qs Kd 9s]
rabeh1981: checks
B_loJkl: bets $3
rabeh1981: raises $3 to $6
B_loJkl: calls $3
*** TURN *** [Qs Kd 9s] [Jc]
rabeh1981: checks
B_loJkl: checks
*** RIVER *** [Qs Kd 9s Jc] [Qh]
rabeh1981: bets $6
B_loJkl: calls $6
*** SHOW DOWN ***
rabeh1981: shows [4s 5s] (a pair of Queens)
B_loJkl: shows [Kh 2d] (two pair, Kings and Queens)
B_loJkl collected $35.50 from pot
*** SUMMARY ***
Total pot $36 | Rake $0.50
Board [Qs Kd 9s Jc Qh]
Seat 2: rabeh1981 (big blind) showed [4s 5s] and lost with a pair of Queens
Seat 3: B_loJkl (button) (small blind) showed [Kh 2d] and won ($35.50) with two pair, Kings and Queens


PokerStars Hand #168592859358:  Hold'em Limit ($3/$6 USD) - 2017/04/04 21:22:25 ET
Table 'Agenor' 6-max Seat #2 is the button
Seat 2: rabeh1981 ($350.45 in chips)
Seat 3: B_loJkl ($83.43 in chips)
rabeh1981: posts small blind $1
B_loJkl: posts big blind $3
*** HOLE CARDS ***
rabeh1981: raises $3 to $6
B_loJkl: raises $3 to $9
rabeh1981: calls $3
*** FLOP *** [3c 9s 4h]
iupeli joins the table at seat #5
B_loJkl: bets $3
rabeh1981: calls $3
*** TURN *** [3c 9s 4h] [Qs]
B_loJkl: bets $6
rabeh1981: calls $6
*** RIVER *** [3c 9s 4h Qs] [Js]
B_loJkl: checks
rabeh1981: checks
*** SHOW DOWN ***
B_loJkl: shows [Kc Ad] (high card Ace)
rabeh1981: mucks hand
B_loJkl collected $35.50 from pot
*** SUMMARY ***
Total pot $36 | Rake $0.50
Board [3c 9s 4h Qs Js]
Seat 2: rabeh1981 (button) (small blind) mucked
Seat 3: B_loJkl (big blind) showed [Kc Ad] and won ($35.50) with high card Ace


PokerStars Hand #168594898829:  Hold'em Limit ($3/$6 USD) - 2017/04/04 22:50:28 ET
Table 'Agenor' 6-max Seat #4 is the button
Seat 4: nicostn ($356.16 in chips)
Seat 5: iupeli ($425.33 in chips)
nicostn: posts small blind $1
iupeli: posts big blind $3
*** HOLE CARDS ***
nicostn: raises $3 to $6
iupeli: folds
Uncalled bet ($3) returned to nicostn
nicostn collected $6 from pot
nicostn: doesn't show hand
*** SUMMARY ***
Total pot $6 | Rake $0
Seat 4: nicostn (button) (small blind) collected ($6)
Seat 5: iupeli (big blind) folded before Flop


PokerStars Hand #168594901236:  Hold'em Limit ($3/$6 USD) - 2017/04/04 22:50:35 ET
Table 'Agenor' 6-max Seat #5 is the button
Seat 4: nicostn ($359.16 in chips)
Seat 5: iupeli ($422.33 in chips)
Gullbrann said, "yeah.."
iupeli: posts small blind $1
nicostn: posts big blind $3
*** HOLE CARDS ***
iupeli: raises $3 to $6
Gullbrann leaves the table
nicostn: calls $3
*** FLOP *** [9d Qc Kc]
nicostn: checks
iupeli: bets $3
nicostn: calls $3
*** TURN *** [9d Qc Kc] [3s]
nicostn: checks
iupeli: bets $6
nicostn: calls $6
*** RIVER *** [9d Qc Kc 3s] [Ts]
nicostn: checks
iupeli: bets $6
nicostn: calls $6
*** SHOW DOWN ***
iupeli: shows [Td Th] (three of a kind, Tens)
nicostn: mucks hand
iupeli collected $41.50 from pot
*** SUMMARY ***
Total pot $42 | Rake $0.50
Board [9d Qc Kc 3s Ts]
Seat 4: nicostn (big blind) mucked
Seat 5: iupeli (button) (small blind) showed [Td Th] and won ($41.50) with three of a kind, Tens


PokerStars Hand #168594907273:  Hold'em Limit ($3/$6 USD) - 2017/04/04 22:50:52 ET
Table 'Agenor' 6-max Seat #4 is the button
Seat 4: nicostn ($338.16 in chips)
Seat 5: iupeli ($442.83 in chips)
nicostn: posts small blind $1
iupeli: posts big blind $3
*** HOLE CARDS ***
nicostn: raises $3 to $6
iupeli: calls $3
*** FLOP *** [Kd As 7c]
iupeli: checks
nicostn: bets $3
iupeli: calls $3
*** TURN *** [Kd As 7c] [3h]
iupeli: checks
nicostn: bets $6
iupeli: calls $6
*** RIVER *** [Kd As 7c 3h] [Qc]
iupeli: checks
nicostn: bets $6
iupeli: calls $6
*** SHOW DOWN ***
nicostn: shows [Js Ah] (a pair of Aces)
iupeli: mucks hand
nicostn collected $41.50 from pot
*** SUMMARY ***
Total pot $42 | Rake $0.50
Board [Kd As 7c 3h Qc]
Seat 4: nicostn (button) (small blind) showed [Js Ah] and won ($41.50) with a pair of Aces
Seat 5: iupeli (big blind) mucked


PokerStars Hand #168594913833:  Hold'em Limit ($3/$6 USD) - 2017/04/04 22:51:12 ET
Table 'Agenor' 6-max Seat #5 is the button
Seat 4: nicostn ($358.66 in chips)
Seat 5: iupeli ($421.83 in chips)
iupeli: posts small blind $1
nicostn: posts big blind $3
*** HOLE CARDS ***
iupeli: folds
Uncalled bet ($2) returned to nicostn
nicostn collected $2 from pot
nicostn: doesn't show hand
*** SUMMARY ***
Total pot $2 | Rake $0
Seat 4: nicostn (big blind) collected ($2)
Seat 5: iupeli (button) (small blind) folded before Flop


PokerStars Hand #168594915631:  Hold'em Limit ($3/$6 USD) - 2017/04/04 22:51:17 ET
Table 'Agenor' 6-max Seat #4 is the button
Seat 4: nicostn ($359.66 in chips)
Seat 5: iupeli ($420.83 in chips)
nicostn: posts small blind $1
iupeli: posts big blind $3
*** HOLE CARDS ***
nicostn: raises $3 to $6
iupeli: calls $3
*** FLOP *** [5h 9c 8d]
iupeli: checks
nicostn: bets $3
iupeli: folds
Uncalled bet ($3) returned to nicostn
nicostn collected $11.76 from pot
nicostn: doesn't show hand
*** SUMMARY ***
Total pot $12 | Rake $0.24
Board [5h 9c 8d]
Seat 4: nicostn (button) (small blind) collected ($11.76)
Seat 5: iupeli (big blind) folded on the Flop


PokerStars Hand #168594934506:  Hold'em Limit ($3/$6 USD) - 2017/04/04 22:52:13 ET
Table 'Agenor' 6-max Seat #4 is the button
Seat 4: nicostn ($368.92 in chips)
Seat 5: iupeli ($410.33 in chips)
nicostn: posts small blind $1
iupeli: posts big blind $3
*** HOLE CARDS ***
nicostn: raises $3 to $6
iupeli: calls $3
*** FLOP *** [9s Ks Td]
iupeli: checks
nicostn: bets $3
iupeli: folds
Uncalled bet ($3) returned to nicostn
nicostn collected $11.76 from pot
nicostn: doesn't show hand
*** SUMMARY ***
Total pot $12 | Rake $0.24
Board [9s Ks Td]
Seat 4: nicostn (button) (small blind) collected ($11.76)
Seat 5: iupeli (big blind) folded on the Flop


PokerStars Hand #168594932666:  Hold'em Limit ($3/$6 USD) - 2017/04/04 22:52:07 ET
Table 'Agenor' 6-max Seat #5 is the button
Seat 4: nicostn ($367.92 in chips)
Seat 5: iupeli ($411.33 in chips)
iupeli: posts small blind $1
nicostn: posts big blind $3
*** HOLE CARDS ***
iupeli: folds
Uncalled bet ($2) returned to nicostn
nicostn collected $2 from pot
nicostn: doesn't show hand
*** SUMMARY ***
Total pot $2 | Rake $0
Seat 4: nicostn (big blind) collected ($2)
Seat 5: iupeli (button) (small blind) folded before Flop


PokerStars Hand #168594926213:  Hold'em Limit ($3/$6 USD) - 2017/04/04 22:51:48 ET
Table 'Agenor' 6-max Seat #4 is the button
Seat 4: nicostn ($385.92 in chips)
Seat 5: iupeli ($393.83 in chips)
nicostn: posts small blind $1
iupeli: posts big blind $3
*** HOLE CARDS ***
nicostn: raises $3 to $6
iupeli: calls $3
*** FLOP *** [Kh 4s 5h]
iupeli: checks
nicostn: checks
*** TURN *** [Kh 4s 5h] [3d]
iupeli: checks
nicostn: bets $6
iupeli: calls $6
*** RIVER *** [Kh 4s 5h 3d] [2s]
iupeli: checks
nicostn: bets $6
iupeli: raises $6 to $12
nicostn: folds
Uncalled bet ($6) returned to iupeli
iupeli collected $35.50 from pot
*** SUMMARY ***
Total pot $36 | Rake $0.50
Board [Kh 4s 5h 3d 2s]
Seat 4: nicostn (button) (small blind) folded on the River
Seat 5: iupeli (big blind) collected ($35.50)


PokerStars Hand #168594938195:  Hold'em Limit ($3/$6 USD) - 2017/04/04 22:52:24 ET
Table 'Agenor' 6-max Seat #5 is the button
Seat 4: nicostn ($374.68 in chips)
Seat 5: iupeli ($404.33 in chips)
iupeli: posts small blind $1
nicostn: posts big blind $3
*** HOLE CARDS ***
iupeli: raises $3 to $6
nicostn: calls $3
*** FLOP *** [8c 5d Ah]
nicostn: checks
iupeli: bets $3
nicostn: calls $3
*** TURN *** [8c 5d Ah] [2s]
nicostn: checks
iupeli: bets $6
nicostn: calls $6
*** RIVER *** [8c 5d Ah 2s] [Jc]
nicostn: checks
iupeli: checks
*** SHOW DOWN ***
nicostn: shows [Kc 4c] (high card Ace)
iupeli: shows [5h Qd] (a pair of Fives)
iupeli collected $29.50 from pot
*** SUMMARY ***
Total pot $30 | Rake $0.50
Board [8c 5d Ah 2s Jc]
Seat 4: nicostn (big blind) showed [Kc 4c] and lost with high card Ace
Seat 5: iupeli (button) (small blind) showed [5h Qd] and won ($29.50) with a pair of Fives


PokerStars Hand #168594919393:  Hold'em Limit ($3/$6 USD) - 2017/04/04 22:51:28 ET
Table 'Agenor' 6-max Seat #5 is the button
Seat 4: nicostn ($365.42 in chips)
Seat 5: iupeli ($414.83 in chips)
iupeli: posts small blind $1
nicostn: posts big blind $3
*** HOLE CARDS ***
iupeli: raises $3 to $6
nicostn: calls $3
*** FLOP *** [2s 9c As]
nicostn: checks
iupeli: bets $3
nicostn: calls $3
*** TURN *** [2s 9c As] [8s]
nicostn: bets $6
iupeli: calls $6
*** RIVER *** [2s 9c As 8s] [Td]
nicostn: bets $6
iupeli: calls $6
*** SHOW DOWN ***
nicostn: shows [Ts Kh] (a pair of Tens)
iupeli: mucks hand
nicostn collected $41.50 from pot
*** SUMMARY ***
Total pot $42 | Rake $0.50
Board [2s 9c As 8s Td]
Seat 4: nicostn (big blind) showed [Ts Kh] and won ($41.50) with a pair of Tens
Seat 5: iupeli (button) (small blind) mucked


PokerStars Hand #168594957850:  Hold'em Limit ($3/$6 USD) - 2017/04/04 22:53:22 ET
Table 'Agenor' 6-max Seat #4 is the button
Seat 4: nicostn ($400.68 in chips)
Seat 5: iupeli ($376.83 in chips)
nicostn: posts small blind $1
iupeli: posts big blind $3
*** HOLE CARDS ***
nicostn: calls $2
iupeli: raises $3 to $6
nicostn: calls $3
*** FLOP *** [9h Ad 6h]
iupeli: bets $3
nicostn: folds
Uncalled bet ($3) returned to iupeli
iupeli collected $11.76 from pot
*** SUMMARY ***
Total pot $12 | Rake $0.24
Board [9h Ad 6h]
Seat 4: nicostn (button) (small blind) folded on the Flop
Seat 5: iupeli (big blind) collected ($11.76)


PokerStars Hand #168594950758:  Hold'em Limit ($3/$6 USD) - 2017/04/04 22:53:01 ET
Table 'Agenor' 6-max Seat #5 is the button
Seat 4: nicostn ($380.18 in chips)
Seat 5: iupeli ($397.83 in chips)
iupeli: posts small blind $1
nicostn: posts big blind $3
*** HOLE CARDS ***
iupeli: raises $3 to $6
nicostn: calls $3
*** FLOP *** [7s 4s 2s]
nicostn: checks
iupeli: bets $3
nicostn: calls $3
*** TURN *** [7s 4s 2s] [9h]
nicostn: checks
iupeli: bets $6
nicostn: calls $6
*** RIVER *** [7s 4s 2s 9h] [2c]
nicostn: checks
iupeli: bets $6
nicostn: raises $6 to $12
iupeli: folds
Uncalled bet ($6) returned to nicostn
nicostn collected $41.50 from pot
nicostn: doesn't show hand
*** SUMMARY ***
Total pot $42 | Rake $0.50
Board [7s 4s 2s 9h 2c]
Seat 4: nicostn (big blind) collected ($41.50)
Seat 5: iupeli (button) (small blind) folded on the River


PokerStars Hand #168594944139:  Hold'em Limit ($3/$6 USD) - 2017/04/04 22:52:41 ET
Table 'Agenor' 6-max Seat #4 is the button
Seat 4: nicostn ($359.68 in chips)
Seat 5: iupeli ($418.83 in chips)
nicostn: posts small blind $1
iupeli: posts big blind $3
*** HOLE CARDS ***
nicostn: raises $3 to $6
iupeli: calls $3
*** FLOP *** [Ks 5s 8h]
iupeli: checks
nicostn: bets $3
iupeli: calls $3
*** TURN *** [Ks 5s 8h] [2s]
iupeli: checks
nicostn: bets $6
iupeli: calls $6
*** RIVER *** [Ks 5s 8h 2s] [6c]
iupeli: checks
nicostn: bets $6
iupeli: calls $6
*** SHOW DOWN ***
nicostn: shows [Ah Ac] (a pair of Aces)
iupeli: mucks hand
nicostn collected $41.50 from pot
*** SUMMARY ***
Total pot $42 | Rake $0.50
Board [Ks 5s 8h 2s 6c]
Seat 4: nicostn (button) (small blind) showed [Ah Ac] and won ($41.50) with a pair of Aces
Seat 5: iupeli (big blind) mucked


PokerStars Hand #168594961716:  Hold'em Limit ($3/$6 USD) - 2017/04/04 22:53:33 ET
Table 'Agenor' 6-max Seat #5 is the button
Seat 4: nicostn ($394.68 in chips)
Seat 5: iupeli ($382.59 in chips)
iupeli: posts small blind $1
nicostn: posts big blind $3
*** HOLE CARDS ***
iupeli: raises $3 to $6
nicostn: calls $3
*** FLOP *** [7d As 4h]
nicostn: checks
iupeli: bets $3
nicostn: calls $3
*** TURN *** [7d As 4h] [7s]
nicostn: checks
iupeli: bets $6
nicostn: raises $6 to $12
iupeli: folds
Uncalled bet ($6) returned to nicostn
nicostn collected $29.50 from pot
nicostn: doesn't show hand
*** SUMMARY ***
Total pot $30 | Rake $0.50
Board [7d As 4h 7s]
Seat 4: nicostn (big blind) collected ($29.50)
Seat 5: iupeli (button) (small blind) folded on the Turn


PokerStars Hand #168594977954:  Hold'em Limit ($3/$6 USD) - 2017/04/04 22:54:21 ET
Table 'Agenor' 6-max Seat #5 is the button
Seat 4: nicostn ($415.94 in chips)
Seat 5: iupeli ($360.59 in chips)
iupeli: posts small blind $1
nicostn: posts big blind $3
*** HOLE CARDS ***
iupeli: folds
Uncalled bet ($2) returned to nicostn
nicostn collected $2 from pot
nicostn: doesn't show hand
*** SUMMARY ***
Total pot $2 | Rake $0
Seat 4: nicostn (big blind) collected ($2)
Seat 5: iupeli (button) (small blind) folded before Flop


PokerStars Hand #168594973102:  Hold'em Limit ($3/$6 USD) - 2017/04/04 22:54:07 ET
Table 'Agenor' 6-max Seat #4 is the button
Seat 4: nicostn ($413.06 in chips)
Seat 5: iupeli ($363.59 in chips)
nicostn: posts small blind $1
iupeli: posts big blind $3
*** HOLE CARDS ***
nicostn: calls $2
iupeli: checks
*** FLOP *** [Kd Th 2h]
iupeli: checks
nicostn: checks
*** TURN *** [Kd Th 2h] [Ks]
iupeli: checks
nicostn: checks
*** RIVER *** [Kd Th 2h Ks] [6d]
iupeli: checks
nicostn: checks
*** SHOW DOWN ***
iupeli: shows [4s 3h] (a pair of Kings)
nicostn: shows [8h Qc] (a pair of Kings - Queen kicker)
nicostn collected $5.88 from pot
*** SUMMARY ***
Total pot $6 | Rake $0.12
Board [Kd Th 2h Ks 6d]
Seat 4: nicostn (button) (small blind) showed [8h Qc] and won ($5.88) with a pair of Kings
Seat 5: iupeli (big blind) showed [4s 3h] and lost with a pair of Kings


PokerStars Hand #168594971313:  Hold'em Limit ($3/$6 USD) - 2017/04/04 22:54:01 ET
Table 'Agenor' 6-max Seat #5 is the button
Seat 4: nicostn ($412.06 in chips)
Seat 5: iupeli ($364.59 in chips)
iupeli: posts small blind $1
nicostn: posts big blind $3
*** HOLE CARDS ***
iupeli: folds
Uncalled bet ($2) returned to nicostn
nicostn collected $2 from pot
nicostn: doesn't show hand
*** SUMMARY ***
Total pot $2 | Rake $0
Seat 4: nicostn (big blind) collected ($2)
Seat 5: iupeli (button) (small blind) folded before Flop


PokerStars Hand #168594967350:  Hold'em Limit ($3/$6 USD) - 2017/04/04 22:53:49 ET
Table 'Agenor' 6-max Seat #4 is the button
Seat 4: nicostn ($409.18 in chips)
Seat 5: iupeli ($367.59 in chips)
nicostn: posts small blind $1
iupeli: posts big blind $3
*** HOLE CARDS ***
nicostn: calls $2
iupeli: checks
*** FLOP *** [8d Ts 7h]
iupeli: checks
nicostn: bets $3
iupeli: folds
Uncalled bet ($3) returned to nicostn
nicostn collected $5.88 from pot
nicostn: doesn't show hand
*** SUMMARY ***
Total pot $6 | Rake $0.12
Board [8d Ts 7h]
Seat 4: nicostn (button) (small blind) collected ($5.88)
Seat 5: iupeli (big blind) folded on the Flop


PokerStars Hand #168594999019:  Hold'em Limit ($3/$6 USD) - 2017/04/04 22:55:25 ET
Table 'Agenor' 6-max Seat #5 is the button
Seat 4: nicostn ($385.94 in chips)
Seat 5: iupeli ($389.49 in chips)
marod14 joins the table at seat #1
iupeli: posts small blind $1
nicostn: posts big blind $3
*** HOLE CARDS ***
iupeli: raises $3 to $6
nicostn: folds
Uncalled bet ($3) returned to iupeli
iupeli collected $6 from pot
*** SUMMARY ***
Total pot $6 | Rake $0
Seat 4: nicostn (big blind) folded before Flop
Seat 5: iupeli (button) (small blind) collected ($6)


PokerStars Hand #168594997456:  Hold'em Limit ($3/$6 USD) - 2017/04/04 22:55:20 ET
Table 'Agenor' 6-max Seat #4 is the button
Seat 4: nicostn ($386.94 in chips)
Seat 5: iupeli ($388.49 in chips)
nicostn: posts small blind $1
iupeli: posts big blind $3
*** HOLE CARDS ***
nicostn: folds
Uncalled bet ($2) returned to iupeli
iupeli collected $2 from pot
*** SUMMARY ***
Total pot $2 | Rake $0
Seat 4: nicostn (button) (small blind) folded before Flop
Seat 5: iupeli (big blind) collected ($2)


PokerStars Hand #168594991741:  Hold'em Limit ($3/$6 USD) - 2017/04/04 22:55:02 ET
Table 'Agenor' 6-max Seat #5 is the button
Seat 4: nicostn ($395.94 in chips)
Seat 5: iupeli ($379.85 in chips)
iupeli: posts small blind $1
nicostn: posts big blind $3
*** HOLE CARDS ***
iupeli: raises $3 to $6
nicostn: calls $3
*** FLOP *** [Jh 7c 4h]
nicostn: checks
iupeli: bets $3
nicostn: calls $3
*** TURN *** [Jh 7c 4h] [Th]
nicostn: checks
iupeli: bets $6
nicostn: folds
Uncalled bet ($6) returned to iupeli
iupeli collected $17.64 from pot
*** SUMMARY ***
Total pot $18 | Rake $0.36
Board [Jh 7c 4h Th]
Seat 4: nicostn (big blind) folded on the Turn
Seat 5: iupeli (button) (small blind) collected ($17.64)


PokerStars Hand #168594989595:  Hold'em Limit ($3/$6 USD) - 2017/04/04 22:54:56 ET
Table 'Agenor' 6-max Seat #4 is the button
Seat 4: nicostn ($392.94 in chips)
Seat 5: iupeli ($382.85 in chips)
nicostn: posts small blind $1
iupeli: posts big blind $3
*** HOLE CARDS ***
nicostn: raises $3 to $6
iupeli: folds
Uncalled bet ($3) returned to nicostn
nicostn collected $6 from pot
nicostn: doesn't show hand
*** SUMMARY ***
Total pot $6 | Rake $0
Seat 4: nicostn (button) (small blind) collected ($6)
Seat 5: iupeli (big blind) folded before Flop


PokerStars Hand #168594985896:  Hold'em Limit ($3/$6 USD) - 2017/04/04 22:54:45 ET
Table 'Agenor' 6-max Seat #5 is the button
Seat 4: nicostn ($398.94 in chips)
Seat 5: iupeli ($377.09 in chips)
iupeli: posts small blind $1
nicostn: posts big blind $3
*** HOLE CARDS ***
iupeli: raises $3 to $6
nicostn: calls $3
*** FLOP *** [4s Qh 9d]
nicostn: checks
iupeli: bets $3
nicostn: folds
Uncalled bet ($3) returned to iupeli
iupeli collected $11.76 from pot
*** SUMMARY ***
Total pot $12 | Rake $0.24
Board [4s Qh 9d]
Seat 4: nicostn (big blind) folded on the Flop
Seat 5: iupeli (button) (small blind) collected ($11.76)


PokerStars Hand #168594979794:  Hold'em Limit ($3/$6 USD) - 2017/04/04 22:54:27 ET
Table 'Agenor' 6-max Seat #4 is the button
Seat 4: nicostn ($416.94 in chips)
Seat 5: iupeli ($359.59 in chips)
nicostn: posts small blind $1
iupeli: posts big blind $3
*** HOLE CARDS ***
nicostn: raises $3 to $6
iupeli: calls $3
*** FLOP *** [8s 9h Jh]
iupeli: checks
nicostn: checks
*** TURN *** [8s 9h Jh] [9s]
iupeli: bets $6
nicostn: calls $6
*** RIVER *** [8s 9h Jh 9s] [Ad]
iupeli: checks
nicostn: bets $6
iupeli: calls $6
*** SHOW DOWN ***
nicostn: shows [6c 5d] (a pair of Nines)
iupeli: shows [8h Th] (two pair, Nines and Eights)
iupeli collected $35.50 from pot
*** SUMMARY ***
Total pot $36 | Rake $0.50
Board [8s 9h Jh 9s Ad]
Seat 4: nicostn (button) (small blind) showed [6c 5d] and lost with a pair of Nines
Seat 5: iupeli (big blind) showed [8h Th] and won ($35.50) with two pair, Nines and Eights


PokerStars Hand #168595000896:  Hold'em Limit ($3/$6 USD) - 2017/04/04 22:55:32 ET
Table 'Agenor' 6-max Seat #4 is the button
Seat 4: nicostn ($382.94 in chips)
Seat 5: iupeli ($392.49 in chips)
nicostn: posts small blind $1
iupeli: posts big blind $3
*** HOLE CARDS ***
DismasX joins the table at seat #6
nicostn: raises $3 to $6
iupeli: calls $3
*** FLOP *** [8h 8d 3h]
iupeli: checks
nicostn: bets $3
iupeli: folds
Uncalled bet ($3) returned to nicostn
nicostn collected $11.76 from pot
nicostn: doesn't show hand
*** SUMMARY ***
Total pot $12 | Rake $0.24
Board [8h 8d 3h]
Seat 4: nicostn (button) (small blind) collected ($11.76)
Seat 5: iupeli (big blind) folded on the Flop


PokerStars Hand #168598530542:  Hold'em Limit ($3/$6 USD) - 2017/04/05 2:24:21 ET
Table 'Agenor' 6-max Seat #1 is the button
Seat 1: CharginWapos ($230.33 in chips)
Seat 3: Elements29 ($39.62 in chips)
CharginWapos: posts small blind $1
Elements29: posts big blind $3
*** HOLE CARDS ***
CharginWapos: raises $3 to $6
Elements29: folds
Uncalled bet ($3) returned to CharginWapos
CharginWapos collected $6 from pot
CharginWapos: doesn't show hand
*** SUMMARY ***
Total pot $6 | Rake $0
Seat 1: CharginWapos (button) (small blind) collected ($6)
Seat 3: Elements29 (big blind) folded before Flop


PokerStars Hand #168598528585:  Hold'em Limit ($3/$6 USD) - 2017/04/05 2:24:13 ET
Table 'Agenor' 6-max Seat #3 is the button
Seat 1: CharginWapos ($229.33 in chips)
Seat 3: Elements29 ($40.62 in chips)
Elements29: posts small blind $1
CharginWapos: posts big blind $3
*** HOLE CARDS ***
Elements29: folds
Uncalled bet ($2) returned to CharginWapos
CharginWapos collected $2 from pot
CharginWapos: doesn't show hand
*** SUMMARY ***
Total pot $2 | Rake $0
Seat 1: CharginWapos (big blind) collected ($2)
Seat 3: Elements29 (button) (small blind) folded before Flop


PokerStars Hand #168598527022:  Hold'em Limit ($3/$6 USD) - 2017/04/05 2:24:08 ET
Table 'Agenor' 6-max Seat #1 is the button
Seat 1: CharginWapos ($230.33 in chips)
Seat 3: Elements29 ($39.62 in chips)
CharginWapos: posts small blind $1
Elements29: posts big blind $3
*** HOLE CARDS ***
CharginWapos: folds
Uncalled bet ($2) returned to Elements29
Elements29 collected $2 from pot
Elements29: doesn't show hand
*** SUMMARY ***
Total pot $2 | Rake $0
Seat 1: CharginWapos (button) (small blind) folded before Flop
Seat 3: Elements29 (big blind) collected ($2)


PokerStars Hand #168598520960:  Hold'em Limit ($3/$6 USD) - 2017/04/05 2:23:45 ET
Table 'Agenor' 6-max Seat #3 is the button
Seat 1: CharginWapos ($221.69 in chips)
Seat 3: Elements29 ($48.62 in chips)
Elements29: posts small blind $1
DismasX: is sitting out
CharginWapos: posts big blind $3
*** HOLE CARDS ***
Elements29: raises $3 to $6
CharginWapos: raises $3 to $9
Elements29: calls $3
*** FLOP *** [8d Qd Qs]
CharginWapos: checks
Elements29: checks
*** TURN *** [8d Qd Qs] [5s]
CharginWapos: checks
Elements29: checks
*** RIVER *** [8d Qd Qs 5s] [4c]
CharginWapos: checks
Elements29: checks
*** SHOW DOWN ***
CharginWapos: shows [Ac Js] (a pair of Queens)
Elements29: mucks hand
CharginWapos collected $17.64 from pot
*** SUMMARY ***
Total pot $18 | Rake $0.36
Board [8d Qd Qs 5s 4c]
Seat 1: CharginWapos (big blind) showed [Ac Js] and won ($17.64) with a pair of Queens
Seat 3: Elements29 (button) (small blind) mucked


PokerStars Hand #168598552130:  Hold'em Limit ($3/$6 USD) - 2017/04/05 2:25:41 ET
Table 'Agenor' 6-max Seat #3 is the button
Seat 3: Elements29 ($63.12 in chips)
Seat 6: an201745 ($73 in chips)
Elements29: posts small blind $1
an201745: posts big blind $3
*** HOLE CARDS ***
Elements29: folds
Uncalled bet ($2) returned to an201745
an201745 collected $2 from pot
an201745: doesn't show hand
*** SUMMARY ***
Total pot $2 | Rake $0
Seat 3: Elements29 (button) (small blind) folded before Flop
Seat 6: an201745 (big blind) collected ($2)


PokerStars Hand #168598545630:  Hold'em Limit ($3/$6 USD) - 2017/04/05 2:25:17 ET
Table 'Agenor' 6-max Seat #6 is the button
Seat 3: Elements29 ($39.62 in chips)
Seat 6: an201745 ($97 in chips)
an201745: posts small blind $1
Elements29: posts big blind $3
*** HOLE CARDS ***
an201745: raises $3 to $6
Elements29: calls $3
*** FLOP *** [4h 5c Ah]
Elements29: checks
an201745: bets $3
Elements29: raises $3 to $6
an201745: calls $3
*** TURN *** [4h 5c Ah] [Qs]
Elements29: bets $6
an201745: calls $6
*** RIVER *** [4h 5c Ah Qs] [2s]
Elements29: bets $6
an201745: calls $6
*** SHOW DOWN ***
Elements29: shows [3h 3s] (a straight, Ace to Five)
an201745: mucks hand
Elements29 collected $47.50 from pot
*** SUMMARY ***
Total pot $48 | Rake $0.50
Board [4h 5c Ah Qs 2s]
Seat 3: Elements29 (big blind) showed [3h 3s] and won ($47.50) with a straight, Ace to Five
Seat 6: an201745 (button) (small blind) mucked


PokerStars Hand #168598543393:  Hold'em Limit ($3/$6 USD) - 2017/04/05 2:25:09 ET
Table 'Agenor' 6-max Seat #3 is the button
Seat 3: Elements29 ($36.62 in chips)
Seat 6: an201745 ($100 in chips)
Elements29: posts small blind $1
an201745: posts big blind $3
*** HOLE CARDS ***
Elements29: raises $3 to $6
an201745: folds
Uncalled bet ($3) returned to Elements29
Elements29 collected $6 from pot
Elements29: doesn't show hand
*** SUMMARY ***
Total pot $6 | Rake $0
Seat 3: Elements29 (button) (small blind) collected ($6)
Seat 6: an201745 (big blind) folded before Flop


PokerStars Hand #168600850844:  Hold'em Limit ($3/$6 USD) - 2017/04/05 4:35:57 ET
Table 'Agenor' 6-max Seat #4 is the button
Seat 1: kolaz03 ($72 in chips)
Seat 4: komornik ($192.26 in chips)
komornik: posts small blind $1
CharginWapos: is sitting out
kolaz03: posts big blind $3
*** HOLE CARDS ***
Auge72 joins the table at seat #5
CharginWapos leaves the table
komornik: raises $3 to $6
kolaz03: calls $3
*** FLOP *** [Td 6c 6h]
kolaz03: checks
komornik: bets $3
kolaz03: raises $3 to $6
komornik: folds
Uncalled bet ($3) returned to kolaz03
kolaz03 collected $17.64 from pot
kolaz03: doesn't show hand
*** SUMMARY ***
Total pot $18 | Rake $0.36
Board [Td 6c 6h]
Seat 1: kolaz03 (big blind) collected ($17.64)
Seat 4: komornik (button) (small blind) folded on the Flop


PokerStars Hand #168600876317:  Hold'em Limit ($3/$6 USD) - 2017/04/05 4:37:12 ET
Table 'Agenor' 6-max Seat #1 is the button
Seat 1: kolaz03 ($102.14 in chips)
Seat 5: Auge72 ($50 in chips)
HAL9QQQ joins the table at seat #6
kolaz03: posts small blind $1
Auge72: posts big blind $3
*** HOLE CARDS ***
kolaz03: folds
Uncalled bet ($2) returned to Auge72
Auge72 collected $2 from pot
Auge72: doesn't show hand
*** SUMMARY ***
Total pot $2 | Rake $0
Seat 1: kolaz03 (button) (small blind) folded before Flop
Seat 5: Auge72 (big blind) collected ($2)


PokerStars Hand #168600874815:  Hold'em Limit ($3/$6 USD) - 2017/04/05 4:37:07 ET
Table 'Agenor' 6-max Seat #5 is the button
Seat 1: kolaz03 ($101.14 in chips)
Seat 5: Auge72 ($51 in chips)
Auge72: posts small blind $1
kolaz03: posts big blind $3
*** HOLE CARDS ***
Auge72: folds
Uncalled bet ($2) returned to kolaz03
kolaz03 collected $2 from pot
kolaz03: doesn't show hand
*** SUMMARY ***
Total pot $2 | Rake $0
Seat 1: kolaz03 (big blind) collected ($2)
Seat 5: Auge72 (button) (small blind) folded before Flop


PokerStars Hand #168600866253:  Hold'em Limit ($3/$6 USD) - 2017/04/05 4:36:42 ET
Table 'Agenor' 6-max Seat #1 is the button
Seat 1: kolaz03 ($80.64 in chips)
Seat 5: Auge72 ($72 in chips)
kolaz03: posts small blind $1
Auge72: posts big blind $3
*** HOLE CARDS ***
kolaz03: raises $3 to $6
Auge72: calls $3
*** FLOP *** [7s 8c As]
Auge72: checks
kolaz03: bets $3
Auge72: calls $3
*** TURN *** [7s 8c As] [Td]
Auge72: checks
kolaz03: bets $6
Auge72: calls $6
*** RIVER *** [7s 8c As Td] [5h]
Auge72: checks
kolaz03: bets $6
Auge72: calls $6
*** SHOW DOWN ***
kolaz03: shows [Tc 8s] (two pair, Tens and Eights)
Auge72: mucks hand
kolaz03 collected $41.50 from pot
*** SUMMARY ***
Total pot $42 | Rake $0.50
Board [7s 8c As Td 5h]
Seat 1: kolaz03 (button) (small blind) showed [Tc 8s] and won ($41.50) with two pair, Tens and Eights
Seat 5: Auge72 (big blind) mucked


PokerStars Hand #168601136769:  Hold'em Limit ($3/$6 USD) - 2017/04/05 4:49:20 ET
Table 'Agenor' 6-max Seat #2 is the button
Seat 2: CharginWapos ($83.73 in chips)
Seat 6: HAL9QQQ ($157.58 in chips)
CharginWapos: posts small blind $1
Auge72: is sitting out
HAL9QQQ: posts big blind $3
*** HOLE CARDS ***
Auge72 leaves the table
CharginWapos: raises $3 to $6
HAL9QQQ: folds
Uncalled bet ($3) returned to CharginWapos
CharginWapos collected $6 from pot
CharginWapos: doesn't show hand
*** SUMMARY ***
Total pot $6 | Rake $0
Seat 2: CharginWapos (button) (small blind) collected ($6)
Seat 6: HAL9QQQ (big blind) folded before Flop


