PokerStars Hand #148583164665:  Hold'em Limit ($3/$6 USD) - 2016/02/10 16:46:01 ET
Table 'Agenor' 10-max Seat #7 is the button
Seat 1: hossi399 ($113.62 in chips)
Seat 7: Pandakey ($114 in chips)
Pandakey: posts small blind $1
hossi399: posts big blind $3
*** HOLE CARDS ***
Pandakey: raises $3 to $6
hossi399: calls $3
*** FLOP *** [9h 2h Td]
hossi399: checks
Pandakey: bets $3
hossi399: raises $3 to $6
Pandakey: calls $3
*** TURN *** [9h 2h Td] [4h]
hossi399: bets $6
Pandakey: calls $6
*** RIVER *** [9h 2h Td 4h] [5h]
hossi399: checks
Pandakey: bets $6
hossi399: calls $6
*** SHOW DOWN ***
Pandakey: shows [9s 8h] (a flush, Nine high)
hossi399: mucks hand
Pandakey collected $47.50 from pot
*** SUMMARY ***
Total pot $48 | Rake $0.50
Board [9h 2h Td 4h 5h]
Seat 1: hossi399 (big blind) mucked
Seat 7: Pandakey (button) (small blind) showed [9s 8h] and won ($47.50) with a flush, Nine high


PokerStars Hand #148583206809:  Hold'em Limit ($3/$6 USD) - 2016/02/10 16:46:41 ET
Table 'Agenor' 10-max Seat #7 is the button
Seat 1: hossi399 ($95.38 in chips)
Seat 7: Pandakey ($131.50 in chips)
Pandakey: posts small blind $1
hossi399: posts big blind $3
*** HOLE CARDS ***
Pandakey: raises $3 to $6
hossi399: calls $3
*** FLOP *** [6d 9h Ac]
hossi399: checks
Pandakey: bets $3
hossi399: raises $3 to $6
Pandakey: calls $3
*** TURN *** [6d 9h Ac] [2s]
hossi399: bets $6
Pandakey: calls $6
*** RIVER *** [6d 9h Ac 2s] [5h]
hossi399: checks
Pandakey: checks
*** SHOW DOWN ***
hossi399: shows [Qh 4c] (high card Ace)
Pandakey: shows [9d Js] (a pair of Nines)
Pandakey collected $35.50 from pot
*** SUMMARY ***
Total pot $36 | Rake $0.50
Board [6d 9h Ac 2s 5h]
Seat 1: hossi399 (big blind) showed [Qh 4c] and lost with high card Ace
Seat 7: Pandakey (button) (small blind) showed [9d Js] and won ($35.50) with a pair of Nines


PokerStars Hand #148583234801:  Hold'em Limit ($3/$6 USD) - 2016/02/10 16:47:06 ET
Table 'Agenor' 10-max Seat #1 is the button
Seat 1: hossi399 ($77.38 in chips)
Seat 7: Pandakey ($149 in chips)
hossi399: posts small blind $1
Pandakey: posts big blind $3
*** HOLE CARDS ***
hossi399: raises $3 to $6
Pandakey: calls $3
*** FLOP *** [Ad Qh 6d]
Pandakey: checks
hossi399: bets $3
Pandakey: folds
Uncalled bet ($3) returned to hossi399
hossi399 collected $11.76 from pot
hossi399: doesn't show hand
*** SUMMARY ***
Total pot $12 | Rake $0.24
Board [Ad Qh 6d]
Seat 1: hossi399 (button) (small blind) collected ($11.76)
Seat 7: Pandakey (big blind) folded on the Flop


PokerStars Hand #148583253252:  Hold'em Limit ($3/$6 USD) - 2016/02/10 16:47:21 ET
Table 'Agenor' 10-max Seat #1 is the button
Seat 1: hossi399 ($84.14 in chips)
Seat 7: Pandakey ($142 in chips)
hossi399: posts small blind $1
Pandakey: posts big blind $3
*** HOLE CARDS ***
hossi399: folds
Uncalled bet ($2) returned to Pandakey
Pandakey collected $2 from pot
Pandakey: doesn't show hand
*** SUMMARY ***
Total pot $2 | Rake $0
Seat 1: hossi399 (button) (small blind) folded before Flop
Seat 7: Pandakey (big blind) collected ($2)


PokerStars Hand #148583247950:  Hold'em Limit ($3/$6 USD) - 2016/02/10 16:47:17 ET
Table 'Agenor' 10-max Seat #7 is the button
Seat 1: hossi399 ($83.14 in chips)
Seat 7: Pandakey ($143 in chips)
Pandakey: posts small blind $1
hossi399: posts big blind $3
*** HOLE CARDS ***
Pandakey: folds
Uncalled bet ($2) returned to hossi399
hossi399 collected $2 from pot
hossi399: doesn't show hand
*** SUMMARY ***
Total pot $2 | Rake $0
Seat 1: hossi399 (big blind) collected ($2)
Seat 7: Pandakey (button) (small blind) folded before Flop


PokerStars Hand #148583195275:  Hold'em Limit ($3/$6 USD) - 2016/02/10 16:46:31 ET
Table 'Agenor' 10-max Seat #1 is the button
Seat 1: hossi399 ($89.62 in chips)
Seat 7: Pandakey ($137.50 in chips)
hossi399: posts small blind $1
Pandakey: posts big blind $3
*** HOLE CARDS ***
hossi399: raises $3 to $6
Pandakey: calls $3
*** FLOP *** [8c 2d Ah]
Pandakey: checks
hossi399: bets $3
Pandakey: folds
Uncalled bet ($3) returned to hossi399
hossi399 collected $11.76 from pot
hossi399: doesn't show hand
*** SUMMARY ***
Total pot $12 | Rake $0.24
Board [8c 2d Ah]
Seat 1: hossi399 (button) (small blind) collected ($11.76)
Seat 7: Pandakey (big blind) folded on the Flop


PokerStars Hand #148583259339:  Hold'em Limit ($3/$6 USD) - 2016/02/10 16:47:26 ET
Table 'Agenor' 10-max Seat #7 is the button
Seat 1: hossi399 ($83.14 in chips)
Seat 7: Pandakey ($143 in chips)
Pandakey: posts small blind $1
hossi399: posts big blind $3
*** HOLE CARDS ***
Pandakey: raises $3 to $6
hossi399: calls $3
*** FLOP *** [Ac 2h 5h]
hossi399: checks
Pandakey: bets $3
hossi399: raises $3 to $6
Pandakey: calls $3
*** TURN *** [Ac 2h 5h] [As]
hossi399: bets $6
Pandakey: raises $6 to $12
hossi399: calls $6
*** RIVER *** [Ac 2h 5h As] [8d]
hossi399: checks
Pandakey: bets $6
hossi399: folds
Uncalled bet ($6) returned to Pandakey
Pandakey collected $47.50 from pot
Pandakey: doesn't show hand
*** SUMMARY ***
Total pot $48 | Rake $0.50
Board [Ac 2h 5h As 8d]
Seat 1: hossi399 (big blind) folded on the River
Seat 7: Pandakey (button) (small blind) collected ($47.50)


PokerStars Hand #148583293549:  Hold'em Limit ($3/$6 USD) - 2016/02/10 16:47:53 ET
Table 'Agenor' 10-max Seat #1 is the button
Seat 1: hossi399 ($59.14 in chips)
Seat 7: Pandakey ($166.50 in chips)
hossi399: posts small blind $1
Pandakey: posts big blind $3
*** HOLE CARDS ***
hossi399: raises $3 to $6
Pandakey: calls $3
*** FLOP *** [Ah 8c 9c]
Pandakey: checks
hossi399: bets $3
Pandakey: folds
Uncalled bet ($3) returned to hossi399
hossi399 collected $11.76 from pot
hossi399: doesn't show hand
*** SUMMARY ***
Total pot $12 | Rake $0.24
Board [Ah 8c 9c]
Seat 1: hossi399 (button) (small blind) collected ($11.76)
Seat 7: Pandakey (big blind) folded on the Flop


PokerStars Hand #148583333695:  Hold'em Limit ($3/$6 USD) - 2016/02/10 16:48:28 ET
Table 'Agenor' 10-max Seat #1 is the button
Seat 1: hossi399 ($64.78 in chips)
Seat 7: Pandakey ($160.38 in chips)
hossi399: posts small blind $1
Pandakey: posts big blind $3
*** HOLE CARDS ***
hossi399: folds
Uncalled bet ($2) returned to Pandakey
Pandakey collected $2 from pot
Pandakey: doesn't show hand
*** SUMMARY ***
Total pot $2 | Rake $0
Seat 1: hossi399 (button) (small blind) folded before Flop
Seat 7: Pandakey (big blind) collected ($2)


PokerStars Hand #148583306257:  Hold'em Limit ($3/$6 USD) - 2016/02/10 16:48:03 ET
Table 'Agenor' 10-max Seat #7 is the button
Seat 1: hossi399 ($64.90 in chips)
Seat 7: Pandakey ($160.50 in chips)
Pandakey: posts small blind $1
hossi399: posts big blind $3
*** HOLE CARDS ***
Pandakey: raises $3 to $6
hossi399: calls $3
*** FLOP *** [7c 6c 9h]
hossi399: checks
Pandakey: checks
*** TURN *** [7c 6c 9h] [9s]
hossi399: checks
Pandakey: checks
*** RIVER *** [7c 6c 9h 9s] [2h]
hossi399: checks
Pandakey: checks
*** SHOW DOWN ***
hossi399: shows [Qh 4c] (a pair of Nines)
Pandakey: shows [5h Qd] (a pair of Nines)
hossi399 collected $5.88 from pot
Pandakey collected $5.88 from pot
*** SUMMARY ***
Total pot $12 | Rake $0.24
Board [7c 6c 9h 9s 2h]
Seat 1: hossi399 (big blind) showed [Qh 4c] and won ($5.88) with a pair of Nines
Seat 7: Pandakey (button) (small blind) showed [5h Qd] and won ($5.88) with a pair of Nines


PokerStars Hand #148583376400:  Hold'em Limit ($3/$6 USD) - 2016/02/10 16:49:03 ET
Table 'Agenor' 10-max Seat #7 is the button
Seat 1: hossi399 ($63.54 in chips)
Seat 7: Pandakey ($161.14 in chips)
Pandakey: posts small blind $1
hossi399: posts big blind $3
*** HOLE CARDS ***
Pandakey: raises $3 to $6
hossi399: calls $3
*** FLOP *** [Th 8h 5d]
hossi399: checks
Pandakey: checks
*** TURN *** [Th 8h 5d] [7s]
hossi399: checks
Pandakey: bets $6
hossi399: calls $6
*** RIVER *** [Th 8h 5d 7s] [9c]
hossi399: checks
Pandakey: bets $6
hossi399: folds
Uncalled bet ($6) returned to Pandakey
Pandakey collected $23.52 from pot
Pandakey: doesn't show hand
*** SUMMARY ***
Total pot $24 | Rake $0.48
Board [Th 8h 5d 7s 9c]
Seat 1: hossi399 (big blind) folded on the River
Seat 7: Pandakey (button) (small blind) collected ($23.52)


PokerStars Hand #148583339928:  Hold'em Limit ($3/$6 USD) - 2016/02/10 16:48:33 ET
Table 'Agenor' 10-max Seat #7 is the button
Seat 1: hossi399 ($63.78 in chips)
Seat 7: Pandakey ($161.38 in chips)
Pandakey: posts small blind $1
hossi399: posts big blind $3
*** HOLE CARDS ***
Pandakey: raises $3 to $6
hossi399: calls $3
*** FLOP *** [9s Qd 5d]
hossi399: checks
Pandakey: bets $3
hossi399: folds
Uncalled bet ($3) returned to Pandakey
Pandakey collected $11.76 from pot
Pandakey: doesn't show hand
*** SUMMARY ***
Total pot $12 | Rake $0.24
Board [9s Qd 5d]
Seat 1: hossi399 (big blind) folded on the Flop
Seat 7: Pandakey (button) (small blind) collected ($11.76)


PokerStars Hand #148583360276:  Hold'em Limit ($3/$6 USD) - 2016/02/10 16:48:50 ET
Table 'Agenor' 10-max Seat #1 is the button
Seat 1: hossi399 ($57.78 in chips)
Seat 7: Pandakey ($167.14 in chips)
hossi399: posts small blind $1
Pandakey: posts big blind $3
*** HOLE CARDS ***
BelSv joins the table at seat #2
hossi399: raises $3 to $6
Pandakey: calls $3
*** FLOP *** [Qc Jc Td]
Pandakey: checks
hossi399: bets $3
Pandakey: folds
Uncalled bet ($3) returned to hossi399
hossi399 collected $11.76 from pot
hossi399: doesn't show hand
*** SUMMARY ***
Total pot $12 | Rake $0.24
Board [Qc Jc Td]
Seat 1: hossi399 (button) (small blind) collected ($11.76)
Seat 7: Pandakey (big blind) folded on the Flop


PokerStars Hand #148584272706:  Hold'em Limit ($3/$6 USD) - 2016/02/10 17:03:20 ET
Table 'Agenor' 10-max Seat #1 is the button
Seat 1: hossi399 ($96.06 in chips)
Seat 2: BelSv ($29.18 in chips)
hossi399: posts small blind $1
BelSv: posts big blind $3
*** HOLE CARDS ***
hossi399: raises $3 to $6
BelSv: folds
Uncalled bet ($3) returned to hossi399
hossi399 collected $6 from pot
hossi399: doesn't show hand
*** SUMMARY ***
Total pot $6 | Rake $0
Seat 1: hossi399 (button) (small blind) collected ($6)
Seat 2: BelSv (big blind) folded before Flop


PokerStars Hand #148584258951:  Hold'em Limit ($3/$6 USD) - 2016/02/10 17:03:07 ET
Table 'Agenor' 10-max Seat #2 is the button
Seat 1: hossi399 ($87.42 in chips)
Seat 2: BelSv ($38.18 in chips)
BelSv: posts small blind $1
hossi399: posts big blind $3
*** HOLE CARDS ***
BelSv: raises $3 to $6
hossi399: calls $3
*** FLOP *** [7d 5d 2c]
hossi399: checks
BelSv: bets $3
hossi399: raises $3 to $6
BelSv: folds
Uncalled bet ($3) returned to hossi399
hossi399 collected $17.64 from pot
hossi399: doesn't show hand
*** SUMMARY ***
Total pot $18 | Rake $0.36
Board [7d 5d 2c]
Seat 1: hossi399 (big blind) collected ($17.64)
Seat 2: BelSv (button) (small blind) folded on the Flop


PokerStars Hand #148584251286:  Hold'em Limit ($3/$6 USD) - 2016/02/10 17:03:00 ET
Table 'Agenor' 10-max Seat #1 is the button
Seat 1: hossi399 ($84.42 in chips)
Seat 2: BelSv ($41.18 in chips)
hossi399: posts small blind $1
BelSv: posts big blind $3
*** HOLE CARDS ***
hossi399: raises $3 to $6
BelSv: folds
Uncalled bet ($3) returned to hossi399
hossi399 collected $6 from pot
hossi399: doesn't show hand
*** SUMMARY ***
Total pot $6 | Rake $0
Seat 1: hossi399 (button) (small blind) collected ($6)
Seat 2: BelSv (big blind) folded before Flop


PokerStars Hand #148584235742:  Hold'em Limit ($3/$6 USD) - 2016/02/10 17:02:46 ET
Table 'Agenor' 10-max Seat #2 is the button
Seat 1: hossi399 ($75.78 in chips)
Seat 2: BelSv ($50.18 in chips)
BelSv: posts small blind $1
perten: is sitting out
hossi399: posts big blind $3
*** HOLE CARDS ***
BelSv: raises $3 to $6
hossi399: calls $3
*** FLOP *** [Kc 5d Kh]
hossi399: checks
BelSv: bets $3
hossi399: raises $3 to $6
BelSv: folds
Uncalled bet ($3) returned to hossi399
hossi399 collected $17.64 from pot
hossi399: doesn't show hand
*** SUMMARY ***
Total pot $18 | Rake $0.36
Board [Kc 5d Kh]
Seat 1: hossi399 (big blind) collected ($17.64)
Seat 2: BelSv (button) (small blind) folded on the Flop


PokerStars Hand #148584312913:  Hold'em Limit ($3/$6 USD) - 2016/02/10 17:03:58 ET
Table 'Agenor' 10-max Seat #2 is the button
Seat 1: hossi399 ($83.06 in chips)
Seat 2: BelSv ($41.68 in chips)
BelSv: posts small blind $1
hossi399: posts big blind $3
*** HOLE CARDS ***
BelSv: raises $3 to $6
hossi399: calls $3
*** FLOP *** [5d 4d Th]
hossi399: checks
BelSv: checks
*** TURN *** [5d 4d Th] [Ah]
hossi399: checks
BelSv: bets $6
hossi399: folds
Uncalled bet ($6) returned to BelSv
BelSv collected $11.76 from pot
BelSv: doesn't show hand
*** SUMMARY ***
Total pot $12 | Rake $0.24
Board [5d 4d Th Ah]
Seat 1: hossi399 (big blind) folded on the Turn
Seat 2: BelSv (button) (small blind) collected ($11.76)


PokerStars Hand #148584307185:  Hold'em Limit ($3/$6 USD) - 2016/02/10 17:03:53 ET
Table 'Agenor' 10-max Seat #1 is the button
Seat 1: hossi399 ($84.06 in chips)
Seat 2: BelSv ($40.68 in chips)
hossi399: posts small blind $1
BelSv: posts big blind $3
*** HOLE CARDS ***
hossi399: folds
Uncalled bet ($2) returned to BelSv
BelSv collected $2 from pot
BelSv: doesn't show hand
*** SUMMARY ***
Total pot $2 | Rake $0
Seat 1: hossi399 (button) (small blind) folded before Flop
Seat 2: BelSv (big blind) collected ($2)


PokerStars Hand #148584279836:  Hold'em Limit ($3/$6 USD) - 2016/02/10 17:03:27 ET
Table 'Agenor' 10-max Seat #2 is the button
Seat 1: hossi399 ($99.06 in chips)
Seat 2: BelSv ($26.18 in chips)
BelSv: posts small blind $1
hossi399: posts big blind $3
*** HOLE CARDS ***
BelSv: raises $3 to $6
hossi399: calls $3
*** FLOP *** [5s Th Jc]
hossi399: checks
BelSv: bets $3
hossi399: calls $3
*** TURN *** [5s Th Jc] [4h]
hossi399: checks
BelSv: bets $6
hossi399: calls $6
*** RIVER *** [5s Th Jc 4h] [7c]
hossi399: checks
BelSv: bets $6
hossi399: folds
Uncalled bet ($6) returned to BelSv
BelSv collected $29.50 from pot
BelSv: doesn't show hand
*** SUMMARY ***
Total pot $30 | Rake $0.50
Board [5s Th Jc 4h 7c]
Seat 1: hossi399 (big blind) folded on the River
Seat 2: BelSv (button) (small blind) collected ($29.50)


PokerStars Hand #148584354554:  Hold'em Limit ($3/$6 USD) - 2016/02/10 17:04:37 ET
Table 'Agenor' 10-max Seat #2 is the button
Seat 1: hossi399 ($106.56 in chips)
Seat 2: BelSv ($17.44 in chips)
BelSv: posts small blind $1
hossi399: posts big blind $3
*** HOLE CARDS ***
BelSv: folds
Uncalled bet ($2) returned to hossi399
hossi399 collected $2 from pot
hossi399: doesn't show hand
*** SUMMARY ***
Total pot $2 | Rake $0
Seat 1: hossi399 (big blind) collected ($2)
Seat 2: BelSv (button) (small blind) folded before Flop


PokerStars Hand #148584329546:  Hold'em Limit ($3/$6 USD) - 2016/02/10 17:04:14 ET
Table 'Agenor' 10-max Seat #1 is the button
Seat 1: hossi399 ($77.06 in chips)
Seat 2: BelSv ($47.44 in chips)
hossi399: posts small blind $1
BelSv: posts big blind $3
*** HOLE CARDS ***
hossi399: raises $3 to $6
BelSv: raises $3 to $9
hossi399: calls $3
*** FLOP *** [6s 9c 3s]
BelSv: bets $3
hossi399: calls $3
*** TURN *** [6s 9c 3s] [8s]
BelSv: bets $6
hossi399: raises $6 to $12
BelSv: calls $6
*** RIVER *** [6s 9c 3s 8s] [Ac]
BelSv: checks
hossi399: bets $6
BelSv: calls $6
*** SHOW DOWN ***
hossi399: shows [Td 7c] (a straight, Six to Ten)
BelSv: mucks hand
hossi399 collected $59.50 from pot
*** SUMMARY ***
Total pot $60 | Rake $0.50
Board [6s 9c 3s 8s Ac]
Seat 1: hossi399 (button) (small blind) showed [Td 7c] and won ($59.50) with a straight, Six to Ten
Seat 2: BelSv (big blind) mucked


PokerStars Hand #148584359540:  Hold'em Limit ($3/$6 USD) - 2016/02/10 17:04:42 ET
Table 'Agenor' 10-max Seat #1 is the button
Seat 1: hossi399 ($107.56 in chips)
Seat 2: BelSv ($16.44 in chips)
hossi399: posts small blind $1
BelSv: posts big blind $3
*** HOLE CARDS ***
hossi399: raises $3 to $6
BelSv: calls $3
*** FLOP *** [3d 8c 5c]
BelSv: checks
hossi399: bets $3
BelSv: raises $3 to $6
hossi399: raises $3 to $9
BelSv: calls $3
*** TURN *** [3d 8c 5c] [Qs]
BelSv: checks
hossi399: bets $6
BelSv: calls $1.44 and is all-in
Uncalled bet ($4.56) returned to hossi399
*** RIVER *** [3d 8c 5c Qs] [7d]
*** SHOW DOWN ***
BelSv: shows [3h Qc] (two pair, Queens and Threes)
hossi399: shows [9h 8h] (a pair of Eights)
BelSv collected $32.38 from pot
*** SUMMARY ***
Total pot $32.88 | Rake $0.50
Board [3d 8c 5c Qs 7d]
Seat 1: hossi399 (button) (small blind) showed [9h 8h] and lost with a pair of Eights
Seat 2: BelSv (big blind) showed [3h Qc] and won ($32.38) with two pair, Queens and Threes


PokerStars Hand #148584408636:  Hold'em Limit ($3/$6 USD) - 2016/02/10 17:05:28 ET
Table 'Agenor' 10-max Seat #1 is the button
Seat 1: hossi399 ($105.62 in chips)
Seat 2: BelSv ($17.38 in chips)
hossi399: posts small blind $1
BelSv: posts big blind $3
*** HOLE CARDS ***
hossi399: folds
Uncalled bet ($2) returned to BelSv
BelSv collected $2 from pot
BelSv: doesn't show hand
*** SUMMARY ***
Total pot $2 | Rake $0
Seat 1: hossi399 (button) (small blind) folded before Flop
Seat 2: BelSv (big blind) collected ($2)


PokerStars Hand #148584383093:  Hold'em Limit ($3/$6 USD) - 2016/02/10 17:05:03 ET
Table 'Agenor' 10-max Seat #2 is the button
Seat 1: hossi399 ($91.12 in chips)
Seat 2: BelSv ($32.38 in chips)
BelSv: posts small blind $1
hossi399: posts big blind $3
*** HOLE CARDS ***
BelSv: raises $3 to $6
hossi399: raises $3 to $9
BelSv: calls $3
*** FLOP *** [Js Jc 9h]
hossi399: bets $3
BelSv: raises $3 to $6
hossi399: calls $3
*** TURN *** [Js Jc 9h] [2h]
hossi399: checks
BelSv: checks
*** RIVER *** [Js Jc 9h 2h] [6d]
hossi399: checks
BelSv: checks
*** SHOW DOWN ***
hossi399: shows [8d Ah] (a pair of Jacks)
BelSv: mucks hand
hossi399 collected $29.50 from pot
*** SUMMARY ***
Total pot $30 | Rake $0.50
Board [Js Jc 9h 2h 6d]
Seat 1: hossi399 (big blind) showed [8d Ah] and won ($29.50) with a pair of Jacks
Seat 2: BelSv (button) (small blind) mucked


PokerStars Hand #148584438571:  Hold'em Limit ($3/$6 USD) - 2016/02/10 17:05:56 ET
Table 'Agenor' 10-max Seat #1 is the button
Seat 1: hossi399 ($86.24 in chips)
Seat 2: BelSv ($36.26 in chips)
hossi399: posts small blind $1
BelSv: posts big blind $3
*** HOLE CARDS ***
hossi399: folds
Uncalled bet ($2) returned to BelSv
BelSv collected $2 from pot
BelSv: doesn't show hand
*** SUMMARY ***
Total pot $2 | Rake $0
Seat 1: hossi399 (button) (small blind) folded before Flop
Seat 2: BelSv (big blind) collected ($2)


PokerStars Hand #148584414351:  Hold'em Limit ($3/$6 USD) - 2016/02/10 17:05:33 ET
Table 'Agenor' 10-max Seat #2 is the button
Seat 1: hossi399 ($104.62 in chips)
Seat 2: BelSv ($18.38 in chips)
BelSv: posts small blind $1
hossi399: posts big blind $3
*** HOLE CARDS ***
BelSv: raises $3 to $6
hossi399: raises $3 to $9
BelSv: calls $3
*** FLOP *** [5d 2h Qc]
hossi399: bets $3
BelSv: calls $3
*** TURN *** [5d 2h Qc] [3c]
hossi399: bets $6
BelSv: calls $6
*** RIVER *** [5d 2h Qc 3c] [Ac]
hossi399: bets $6
BelSv: calls $0.38 and is all-in
Uncalled bet ($5.62) returned to hossi399
*** SHOW DOWN ***
hossi399: shows [Ad 2s] (two pair, Aces and Deuces)
BelSv: shows [5h Ah] (two pair, Aces and Fives)
BelSv collected $36.26 from pot
*** SUMMARY ***
Total pot $36.76 | Rake $0.50
Board [5d 2h Qc 3c Ac]
Seat 1: hossi399 (big blind) showed [Ad 2s] and lost with two pair, Aces and Deuces
Seat 2: BelSv (button) (small blind) showed [5h Ah] and won ($36.26) with two pair, Aces and Fives


PokerStars Hand #148584444707:  Hold'em Limit ($3/$6 USD) - 2016/02/10 17:06:03 ET
Table 'Agenor' 10-max Seat #2 is the button
Seat 1: hossi399 ($85.24 in chips)
Seat 2: BelSv ($37.26 in chips)
BelSv: posts small blind $1
hossi399: posts big blind $3
*** HOLE CARDS ***
BelSv: raises $3 to $6
hossi399: raises $3 to $9
BelSv: calls $3
*** FLOP *** [Qd 6c Kc]
hossi399: bets $3
BelSv: calls $3
*** TURN *** [Qd 6c Kc] [6s]
hossi399: bets $6
BelSv: raises $6 to $12
hossi399: calls $6
*** RIVER *** [Qd 6c Kc 6s] [3h]
hossi399: checks
BelSv: bets $6
hossi399: raises $6 to $12
BelSv: calls $6
*** SHOW DOWN ***
hossi399: shows [Qc Qh] (a full house, Queens full of Sixes)
BelSv: mucks hand
hossi399 collected $71.50 from pot
*** SUMMARY ***
Total pot $72 | Rake $0.50
Board [Qd 6c Kc 6s 3h]
Seat 1: hossi399 (big blind) showed [Qc Qh] and won ($71.50) with a full house, Queens full of Sixes
Seat 2: BelSv (button) (small blind) mucked


PokerStars Hand #148584477812:  Hold'em Limit ($3/$6 USD) - 2016/02/10 17:06:34 ET
Table 'Agenor' 10-max Seat #1 is the button
Seat 1: hossi399 ($120.74 in chips)
Seat 2: BelSv ($74.01 in chips)
hossi399: posts small blind $1
BelSv: posts big blind $3
*** HOLE CARDS ***
hossi399: raises $3 to $6
BelSv: folds
Uncalled bet ($3) returned to hossi399
hossi399 collected $6 from pot
hossi399: doesn't show hand
*** SUMMARY ***
Total pot $6 | Rake $0
Seat 1: hossi399 (button) (small blind) collected ($6)
Seat 2: BelSv (big blind) folded before Flop


PokerStars Hand #148584504803:  Hold'em Limit ($3/$6 USD) - 2016/02/10 17:06:59 ET
Table 'Agenor' 10-max Seat #1 is the button
Seat 1: hossi399 ($111.74 in chips)
Seat 2: BelSv ($82.53 in chips)
hossi399: posts small blind $1
BelSv: posts big blind $3
*** HOLE CARDS ***
hossi399: raises $3 to $6
BelSv: calls $3
*** FLOP *** [5h 4s 6c]
BelSv: checks
hossi399: checks
*** TURN *** [5h 4s 6c] [Ks]
BelSv: bets $6
hossi399: calls $6
*** RIVER *** [5h 4s 6c Ks] [5s]
BelSv: bets $6
hossi399: calls $6
*** SHOW DOWN ***
BelSv: shows [Kc 6h] (two pair, Kings and Sixes)
hossi399: mucks hand
BelSv collected $35.50 from pot
*** SUMMARY ***
Total pot $36 | Rake $0.50
Board [5h 4s 6c Ks 5s]
Seat 1: hossi399 (button) (small blind) mucked
Seat 2: BelSv (big blind) showed [Kc 6h] and won ($35.50) with two pair, Kings and Sixes


PokerStars Hand #148584484620:  Hold'em Limit ($3/$6 USD) - 2016/02/10 17:06:40 ET
Table 'Agenor' 10-max Seat #2 is the button
Seat 1: hossi399 ($123.74 in chips)
Seat 2: BelSv ($71.01 in chips)
BelSv: posts small blind $1
hossi399: posts big blind $3
*** HOLE CARDS ***
BelSv: raises $3 to $6
hossi399: raises $3 to $9
BelSv: calls $3
*** FLOP *** [Kc 6h Jh]
hossi399: bets $3
BelSv: calls $3
*** TURN *** [Kc 6h Jh] [4c]
hossi399: checks
BelSv: bets $6
hossi399: folds
Uncalled bet ($6) returned to BelSv
BelSv collected $23.52 from pot
BelSv: doesn't show hand
*** SUMMARY ***
Total pot $24 | Rake $0.48
Board [Kc 6h Jh 4c]
Seat 1: hossi399 (big blind) folded on the Turn
Seat 2: BelSv (button) (small blind) collected ($23.52)


PokerStars Hand #148584522424:  Hold'em Limit ($3/$6 USD) - 2016/02/10 17:07:16 ET
Table 'Agenor' 10-max Seat #2 is the button
Seat 1: hossi399 ($93.74 in chips)
Seat 2: BelSv ($100.03 in chips)
BelSv: posts small blind $1
hossi399: posts big blind $3
*** HOLE CARDS ***
BelSv: raises $3 to $6
hossi399: calls $3
*** FLOP *** [5s Qd Qs]
hossi399: checks
BelSv: bets $3
hossi399: raises $3 to $6
BelSv: folds
Uncalled bet ($3) returned to hossi399
hossi399 collected $17.64 from pot
hossi399: doesn't show hand
*** SUMMARY ***
Total pot $18 | Rake $0.36
Board [5s Qd Qs]
Seat 1: hossi399 (big blind) collected ($17.64)
Seat 2: BelSv (button) (small blind) folded on the Flop


PokerStars Hand #148584536045:  Hold'em Limit ($3/$6 USD) - 2016/02/10 17:07:29 ET
Table 'Agenor' 10-max Seat #1 is the button
Seat 1: hossi399 ($102.38 in chips)
Seat 2: BelSv ($91.03 in chips)
hossi399: posts small blind $1
BelSv: posts big blind $3
*** HOLE CARDS ***
hossi399: raises $3 to $6
BelSv: calls $3
*** FLOP *** [Qs 8s 8d]
BelSv: checks
hossi399: bets $3
BelSv: folds
Uncalled bet ($3) returned to hossi399
hossi399 collected $11.76 from pot
hossi399: doesn't show hand
*** SUMMARY ***
Total pot $12 | Rake $0.24
Board [Qs 8s 8d]
Seat 1: hossi399 (button) (small blind) collected ($11.76)
Seat 2: BelSv (big blind) folded on the Flop


PokerStars Hand #148584557154:  Hold'em Limit ($3/$6 USD) - 2016/02/10 17:07:50 ET
Table 'Agenor' 10-max Seat #1 is the button
Seat 1: hossi399 ($109.14 in chips)
Seat 2: BelSv ($84.03 in chips)
hossi399: posts small blind $1
BelSv: posts big blind $3
*** HOLE CARDS ***
hossi399: folds
Uncalled bet ($2) returned to BelSv
BelSv collected $2 from pot
BelSv: doesn't show hand
*** SUMMARY ***
Total pot $2 | Rake $0
Seat 1: hossi399 (button) (small blind) folded before Flop
Seat 2: BelSv (big blind) collected ($2)


PokerStars Hand #148584551859:  Hold'em Limit ($3/$6 USD) - 2016/02/10 17:07:45 ET
Table 'Agenor' 10-max Seat #2 is the button
Seat 1: hossi399 ($108.14 in chips)
Seat 2: BelSv ($85.03 in chips)
BelSv: posts small blind $1
hossi399: posts big blind $3
*** HOLE CARDS ***
BelSv: folds
Uncalled bet ($2) returned to hossi399
hossi399 collected $2 from pot
hossi399: doesn't show hand
*** SUMMARY ***
Total pot $2 | Rake $0
Seat 1: hossi399 (big blind) collected ($2)
Seat 2: BelSv (button) (small blind) folded before Flop


PokerStars Hand #148584584579:  Hold'em Limit ($3/$6 USD) - 2016/02/10 17:08:16 ET
Table 'Agenor' 10-max Seat #1 is the button
Seat 1: hossi399 ($84.14 in chips)
Seat 2: BelSv ($108.53 in chips)
hossi399: posts small blind $1
BelSv: posts big blind $3
*** HOLE CARDS ***
hossi399: folds
Uncalled bet ($2) returned to BelSv
BelSv collected $2 from pot
BelSv: doesn't show hand
*** SUMMARY ***
Total pot $2 | Rake $0
Seat 1: hossi399 (button) (small blind) folded before Flop
Seat 2: BelSv (big blind) collected ($2)


PokerStars Hand #148584563259:  Hold'em Limit ($3/$6 USD) - 2016/02/10 17:07:55 ET
Table 'Agenor' 10-max Seat #2 is the button
Seat 1: hossi399 ($108.14 in chips)
Seat 2: BelSv ($85.03 in chips)
BelSv: posts small blind $1
hossi399: posts big blind $3
*** HOLE CARDS ***
BelSv: raises $3 to $6
hossi399: calls $3
*** FLOP *** [2c As 8h]
hossi399: checks
BelSv: checks
*** TURN *** [2c As 8h] [4h]
hossi399: bets $6
BelSv: raises $6 to $12
hossi399: calls $6
*** RIVER *** [2c As 8h 4h] [9c]
hossi399: checks
BelSv: bets $6
hossi399: calls $6
*** SHOW DOWN ***
BelSv: shows [5h Ac] (a pair of Aces)
hossi399: mucks hand
BelSv collected $47.50 from pot
*** SUMMARY ***
Total pot $48 | Rake $0.50
Board [2c As 8h 4h 9c]
Seat 1: hossi399 (big blind) mucked
Seat 2: BelSv (button) (small blind) showed [5h Ac] and won ($47.50) with a pair of Aces


PokerStars Hand #148584914817:  Hold'em Limit ($3/$6 USD) - 2016/02/10 17:13:36 ET
Table 'Agenor' 10-max Seat #2 is the button
Seat 1: hossi399 ($12.43 in chips)
Seat 2: BelSv ($231.28 in chips)
BelSv: posts small blind $1
perten: is sitting out
hossi399: posts big blind $3
*** HOLE CARDS ***
BelSv: raises $3 to $6
hossi399: raises $3 to $9
perten leaves the table
BelSv: calls $3
*** FLOP *** [8h 2h 9c]
hossi399: bets $3
BelSv: calls $3
*** TURN *** [8h 2h 9c] [5s]
hossi399: bets $0.43 and is all-in
BelSv: calls $0.43
*** RIVER *** [8h 2h 9c 5s] [Ad]
*** SHOW DOWN ***
hossi399: shows [Ks Kc] (a pair of Kings)
BelSv: shows [8d 9h] (two pair, Nines and Eights)
BelSv collected $24.36 from pot
*** SUMMARY ***
Total pot $24.86 | Rake $0.50
Board [8h 2h 9c 5s Ad]
Seat 1: hossi399 (big blind) showed [Ks Kc] and lost with a pair of Kings
Seat 2: BelSv (button) (small blind) showed [8d 9h] and won ($24.36) with two pair, Nines and Eights


