PokerStars Hand #169740585970:  Hold'em Limit ($3/$6 USD) - 2017/04/29 20:12:58 ET
Table 'Agenor' 10-max Seat #2 is the button
Seat 1: leungting684 ($287.95 in chips)
Seat 2: krytalex ($72 in chips)
krytalex: posts small blind $1
Widegermany: is sitting out
UT23HS: is sitting out
leungting684: posts big blind $3
*** HOLE CARDS ***
krytalex: folds
Uncalled bet ($2) returned to leungting684
leungting684 collected $2 from pot
leungting684: doesn't show hand
*** SUMMARY ***
Total pot $2 | Rake $0
Seat 1: leungting684 (big blind) collected ($2)
Seat 2: krytalex (button) (small blind) folded before Flop


PokerStars Hand #169740592258:  Hold'em Limit ($3/$6 USD) - 2017/04/29 20:13:10 ET
Table 'Agenor' 10-max Seat #1 is the button
Seat 1: leungting684 ($288.95 in chips)
Seat 2: krytalex ($72 in chips)
leungting684: posts small blind $1
krytalex: posts big blind $3
*** HOLE CARDS ***
leungting684: raises $3 to $6
krytalex: folds
Uncalled bet ($3) returned to leungting684
leungting684 collected $6 from pot
leungting684: doesn't show hand
*** SUMMARY ***
Total pot $6 | Rake $0
Seat 1: leungting684 (button) (small blind) collected ($6)
Seat 2: krytalex (big blind) folded before Flop


PokerStars Hand #169740597609:  Hold'em Limit ($3/$6 USD) - 2017/04/29 20:13:20 ET
Table 'Agenor' 10-max Seat #2 is the button
Seat 1: leungting684 ($291.95 in chips)
Seat 2: krytalex ($72 in chips)
krytalex: posts small blind $1
leungting684: posts big blind $3
*** HOLE CARDS ***
UT23HS leaves the table
krytalex: raises $3 to $6
leungting684: raises $3 to $9
krytalex: calls $3
*** FLOP *** [8c Ac Js]
leungting684: bets $3
krytalex: folds
Uncalled bet ($3) returned to leungting684
leungting684 collected $17.64 from pot
leungting684: doesn't show hand
*** SUMMARY ***
Total pot $18 | Rake $0.36
Board [8c Ac Js]
Seat 1: leungting684 (big blind) collected ($17.64)
Seat 2: krytalex (button) (small blind) folded on the Flop


PokerStars Hand #169740629577:  Hold'em Limit ($3/$6 USD) - 2017/04/29 20:14:22 ET
Table 'Agenor' 10-max Seat #1 is the button
Seat 1: leungting684 ($307.35 in chips)
Seat 2: krytalex ($72 in chips)
leungting684: posts small blind $1
krytalex: posts big blind $3
*** HOLE CARDS ***
leungting684: raises $3 to $6
krytalex: calls $3
*** FLOP *** [7d 8d 7c]
krytalex: checks
leungting684: checks
*** TURN *** [7d 8d 7c] [3c]
krytalex: checks
leungting684: bets $6
krytalex: folds
Uncalled bet ($6) returned to leungting684
leungting684 collected $11.76 from pot
leungting684: doesn't show hand
*** SUMMARY ***
Total pot $12 | Rake $0.24
Board [7d 8d 7c 3c]
Seat 1: leungting684 (button) (small blind) collected ($11.76)
Seat 2: krytalex (big blind) folded on the Turn


PokerStars Hand #169740627113:  Hold'em Limit ($3/$6 USD) - 2017/04/29 20:14:18 ET
Table 'Agenor' 10-max Seat #2 is the button
Seat 1: leungting684 ($306.35 in chips)
Seat 2: krytalex ($72 in chips)
krytalex: posts small blind $1
leungting684: posts big blind $3
*** HOLE CARDS ***
krytalex: folds
Uncalled bet ($2) returned to leungting684
leungting684 collected $2 from pot
leungting684: doesn't show hand
*** SUMMARY ***
Total pot $2 | Rake $0
Seat 1: leungting684 (big blind) collected ($2)
Seat 2: krytalex (button) (small blind) folded before Flop


PokerStars Hand #169740612999:  Hold'em Limit ($3/$6 USD) - 2017/04/29 20:13:50 ET
Table 'Agenor' 10-max Seat #1 is the button
Seat 1: leungting684 ($300.59 in chips)
Seat 2: krytalex ($72 in chips)
leungting684: posts small blind $1
krytalex: posts big blind $3
*** HOLE CARDS ***
leungting684: raises $3 to $6
krytalex: calls $3
*** FLOP *** [4s 9d 2d]
krytalex: checks
leungting684: bets $3
krytalex: folds
Uncalled bet ($3) returned to leungting684
leungting684 collected $11.76 from pot
leungting684: doesn't show hand
*** SUMMARY ***
Total pot $12 | Rake $0.24
Board [4s 9d 2d]
Seat 1: leungting684 (button) (small blind) collected ($11.76)
Seat 2: krytalex (big blind) folded on the Flop


PokerStars Hand #169740667913:  Hold'em Limit ($3/$6 USD) - 2017/04/29 20:15:37 ET
Table 'Agenor' 10-max Seat #2 is the button
Seat 1: leungting684 ($315.87 in chips)
Seat 2: krytalex ($74.88 in chips)
krytalex: posts small blind $1
leungting684: posts big blind $3
*** HOLE CARDS ***
krytalex: raises $3 to $6
leungting684: calls $3
*** FLOP *** [Ac 9h Kd]
leungting684: bets $3
krytalex: raises $3 to $6
leungting684: folds
Uncalled bet ($3) returned to krytalex
krytalex collected $17.64 from pot
*** SUMMARY ***
Total pot $18 | Rake $0.36
Board [Ac 9h Kd]
Seat 1: leungting684 (big blind) folded on the Flop
Seat 2: krytalex (button) (small blind) collected ($17.64)


PokerStars Hand #169740650767:  Hold'em Limit ($3/$6 USD) - 2017/04/29 20:15:04 ET
Table 'Agenor' 10-max Seat #2 is the button
Seat 1: leungting684 ($313.11 in chips)
Seat 2: krytalex ($72 in chips)
krytalex: posts small blind $1
leungting684: posts big blind $3
*** HOLE CARDS ***
krytalex: raises $3 to $6
leungting684: calls $3
*** FLOP *** [9s Jc Jd]
leungting684: bets $3
krytalex: folds
Uncalled bet ($3) returned to leungting684
leungting684 collected $11.76 from pot
leungting684: doesn't show hand
*** SUMMARY ***
Total pot $12 | Rake $0.24
Board [9s Jc Jd]
Seat 1: leungting684 (big blind) collected ($11.76)
Seat 2: krytalex (button) (small blind) folded on the Flop


PokerStars Hand #169740658571:  Hold'em Limit ($3/$6 USD) - 2017/04/29 20:15:19 ET
Table 'Agenor' 10-max Seat #1 is the button
Seat 1: leungting684 ($318.87 in chips)
Seat 2: krytalex ($72 in chips)
leungting684: posts small blind $1
krytalex: posts big blind $3
*** HOLE CARDS ***
leungting684: calls $2
krytalex: checks
*** FLOP *** [Kd Th Jd]
krytalex: bets $3
leungting684: folds
Uncalled bet ($3) returned to krytalex
krytalex collected $5.88 from pot
*** SUMMARY ***
Total pot $6 | Rake $0.12
Board [Kd Th Jd]
Seat 1: leungting684 (button) (small blind) folded on the Flop
Seat 2: krytalex (big blind) collected ($5.88)


PokerStars Hand #169740675295:  Hold'em Limit ($3/$6 USD) - 2017/04/29 20:15:52 ET
Table 'Agenor' 10-max Seat #1 is the button
Seat 1: leungting684 ($306.87 in chips)
Seat 2: krytalex ($83.52 in chips)
leungting684: posts small blind $1
krytalex: posts big blind $3
*** HOLE CARDS ***
leungting684: calls $2
krytalex: raises $3 to $6
leungting684: calls $3
*** FLOP *** [7d Qc Js]
krytalex: bets $3
leungting684: folds
Uncalled bet ($3) returned to krytalex
krytalex collected $11.76 from pot
*** SUMMARY ***
Total pot $12 | Rake $0.24
Board [7d Qc Js]
Seat 1: leungting684 (button) (small blind) folded on the Flop
Seat 2: krytalex (big blind) collected ($11.76)


PokerStars Hand #169740703746:  Hold'em Limit ($3/$6 USD) - 2017/04/29 20:16:48 ET
Table 'Agenor' 10-max Seat #1 is the button
Seat 1: leungting684 ($306.63 in chips)
Seat 2: krytalex ($83.28 in chips)
leungting684: posts small blind $1
krytalex: posts big blind $3
*** HOLE CARDS ***
leungting684: raises $3 to $6
krytalex: calls $3
*** FLOP *** [5d 9d Ts]
krytalex: checks
leungting684: bets $3
krytalex: calls $3
*** TURN *** [5d 9d Ts] [Td]
krytalex: checks
leungting684: bets $6
krytalex: folds
Uncalled bet ($6) returned to leungting684
leungting684 collected $17.64 from pot
leungting684: doesn't show hand
*** SUMMARY ***
Total pot $18 | Rake $0.36
Board [5d 9d Ts Td]
Seat 1: leungting684 (button) (small blind) collected ($17.64)
Seat 2: krytalex (big blind) folded on the Turn


PokerStars Hand #169743438741:  Hold'em Limit ($3/$6 USD) - 2017/04/29 21:59:06 ET
Table 'Agenor' 10-max Seat #2 is the button
Seat 2: krytalex ($146.36 in chips)
Seat 10: Mr.Buster ($212.31 in chips)
krytalex: posts small blind $1
Mr.Buster: posts big blind $3
*** HOLE CARDS ***
krytalex: raises $3 to $6
Mr.Buster: calls $3
*** FLOP *** [Qh 3h Qs]
Mr.Buster: checks
krytalex: bets $3
Mr.Buster: raises $3 to $6
krytalex: calls $3
*** TURN *** [Qh 3h Qs] [7c]
Mr.Buster: bets $6
krytalex: calls $6
*** RIVER *** [Qh 3h Qs 7c] [Jd]
Mr.Buster: checks
krytalex: checks
*** SHOW DOWN ***
Mr.Buster: shows [Ac 6s] (a pair of Queens)
krytalex: shows [3s As] (two pair, Queens and Threes)
krytalex collected $35.50 from pot
*** SUMMARY ***
Total pot $36 | Rake $0.50
Board [Qh 3h Qs 7c Jd]
Seat 2: krytalex (button) (small blind) showed [3s As] and won ($35.50) with two pair, Queens and Threes
Seat 10: Mr.Buster (big blind) showed [Ac 6s] and lost with a pair of Queens


