PokerStars Hand #176251330733:  Hold'em Limit ($3/$6 USD) - 2017/09/28 21:24:11 ET
Table 'Agena' 6-max Seat #3 is the button
Seat 2: libaikang ($108.52 in chips)
Seat 3: Ag3r0n ($82.50 in chips)
Ag3r0n: posts small blind $1
libaikang: posts big blind $3
*** HOLE CARDS ***
Ag3r0n: folds
Uncalled bet ($2) returned to libaikang
libaikang collected $2 from pot
libaikang: doesn't show hand
*** SUMMARY ***
Total pot $2 | Rake $0
Seat 2: libaikang (big blind) collected ($2)
Seat 3: Ag3r0n (button) (small blind) folded before Flop


PokerStars Hand #176251324695:  Hold'em Limit ($3/$6 USD) - 2017/09/28 21:23:55 ET
Table 'Agena' 6-max Seat #2 is the button
Seat 2: libaikang ($97 in chips)
Seat 3: Ag3r0n ($94.50 in chips)
libaikang: posts small blind $1
Ag3r0n: posts big blind $3
*** HOLE CARDS ***
libaikang: raises $3 to $6
Ag3r0n: calls $3
*** FLOP *** [5h Ad 2d]
Ag3r0n: bets $3
libaikang: raises $3 to $6
Ag3r0n: calls $3
*** TURN *** [5h Ad 2d] [4d]
Ag3r0n: checks
libaikang: bets $6
Ag3r0n: folds
Uncalled bet ($6) returned to libaikang
libaikang collected $23.52 from pot
libaikang: doesn't show hand
*** SUMMARY ***
Total pot $24 | Rake $0.48
Board [5h Ad 2d 4d]
Seat 2: libaikang (button) (small blind) collected ($23.52)
Seat 3: Ag3r0n (big blind) folded on the Turn


PokerStars Hand #176251313720:  Hold'em Limit ($3/$6 USD) - 2017/09/28 21:23:27 ET
Table 'Agena' 6-max Seat #2 is the button
Seat 2: libaikang ($120 in chips)
Seat 3: Ag3r0n ($72 in chips)
libaikang: posts small blind $1
Ag3r0n: posts big blind $3
*** HOLE CARDS ***
libaikang: raises $3 to $6
Ag3r0n: calls $3
*** FLOP *** [3c Qs 9d]
Ag3r0n: checks
libaikang: bets $3
Ag3r0n: raises $3 to $6
libaikang: calls $3
*** TURN *** [3c Qs 9d] [6h]
Ag3r0n: bets $6
libaikang: calls $6
*** RIVER *** [3c Qs 9d 6h] [6s]
Ag3r0n: bets $6
libaikang: calls $6
*** SHOW DOWN ***
Ag3r0n: shows [Qc 3d] (two pair, Queens and Sixes)
libaikang: mucks hand
Ag3r0n collected $47.50 from pot
*** SUMMARY ***
Total pot $48 | Rake $0.50
Board [3c Qs 9d 6h 6s]
Seat 2: libaikang (button) (small blind) mucked
Seat 3: Ag3r0n (big blind) showed [Qc 3d] and won ($47.50) with two pair, Queens and Sixes


PokerStars Hand #176251322695:  Hold'em Limit ($3/$6 USD) - 2017/09/28 21:23:50 ET
Table 'Agena' 6-max Seat #3 is the button
Seat 2: libaikang ($96 in chips)
Seat 3: Ag3r0n ($95.50 in chips)
Ag3r0n: posts small blind $1
libaikang: posts big blind $3
*** HOLE CARDS ***
Ag3r0n: folds
Uncalled bet ($2) returned to libaikang
libaikang collected $2 from pot
libaikang: doesn't show hand
*** SUMMARY ***
Total pot $2 | Rake $0
Seat 2: libaikang (big blind) collected ($2)
Seat 3: Ag3r0n (button) (small blind) folded before Flop


PokerStars Hand #176251347188:  Hold'em Limit ($3/$6 USD) - 2017/09/28 21:24:53 ET
Table 'Agena' 6-max Seat #2 is the button
Seat 2: libaikang ($91.16 in chips)
Seat 3: Ag3r0n ($99 in chips)
libaikang: posts small blind $1
Ag3r0n: posts big blind $3
*** HOLE CARDS ***
libaikang: raises $3 to $6
Ag3r0n: folds
Uncalled bet ($3) returned to libaikang
libaikang collected $6 from pot
libaikang: doesn't show hand
*** SUMMARY ***
Total pot $6 | Rake $0
Seat 2: libaikang (button) (small blind) collected ($6)
Seat 3: Ag3r0n (big blind) folded before Flop


PokerStars Hand #176251342774:  Hold'em Limit ($3/$6 USD) - 2017/09/28 21:24:42 ET
Table 'Agena' 6-max Seat #3 is the button
Seat 2: libaikang ($82.52 in chips)
Seat 3: Ag3r0n ($108 in chips)
Ag3r0n: posts small blind $1
libaikang: posts big blind $3
*** HOLE CARDS ***
Ag3r0n: raises $3 to $6
libaikang: raises $3 to $9
Ag3r0n: calls $3
*** FLOP *** [5h Ts 5d]
libaikang: bets $3
Ag3r0n: folds
Uncalled bet ($3) returned to libaikang
libaikang collected $17.64 from pot
libaikang: doesn't show hand
*** SUMMARY ***
Total pot $18 | Rake $0.36
Board [5h Ts 5d]
Seat 2: libaikang (big blind) collected ($17.64)
Seat 3: Ag3r0n (button) (small blind) folded on the Flop


PokerStars Hand #176251332871:  Hold'em Limit ($3/$6 USD) - 2017/09/28 21:24:16 ET
Table 'Agena' 6-max Seat #2 is the button
Seat 2: libaikang ($109.52 in chips)
Seat 3: Ag3r0n ($81.50 in chips)
libaikang: posts small blind $1
Ag3r0n: posts big blind $3
*** HOLE CARDS ***
libaikang: raises $3 to $6
Ag3r0n: raises $3 to $9
libaikang: calls $3
*** FLOP *** [Jh 7s 8d]
Ag3r0n: bets $3
libaikang: raises $3 to $6
Ag3r0n: raises $3 to $9
libaikang: raises $3 to $12
Betting is capped
Ag3r0n: calls $3
*** TURN *** [Jh 7s 8d] [Qc]
Ag3r0n: checks
libaikang: checks
*** RIVER *** [Jh 7s 8d Qc] [Kd]
Ag3r0n: bets $6
libaikang: calls $6
*** SHOW DOWN ***
Ag3r0n: shows [Tc 9c] (a straight, Nine to King)
libaikang: mucks hand
Ag3r0n collected $53.50 from pot
*** SUMMARY ***
Total pot $54 | Rake $0.50
Board [Jh 7s 8d Qc Kd]
Seat 2: libaikang (button) (small blind) mucked
Seat 3: Ag3r0n (big blind) showed [Tc 9c] and won ($53.50) with a straight, Nine to King


PokerStars Hand #176251349304:  Hold'em Limit ($3/$6 USD) - 2017/09/28 21:24:59 ET
Table 'Agena' 6-max Seat #3 is the button
Seat 2: libaikang ($94.16 in chips)
Seat 3: Ag3r0n ($96 in chips)
Ag3r0n: posts small blind $1
libaikang: posts big blind $3
*** HOLE CARDS ***
Ag3r0n: raises $3 to $6
libaikang: calls $3
*** FLOP *** [9h 2c 7s]
libaikang: checks
Ag3r0n: checks
*** TURN *** [9h 2c 7s] [7h]
libaikang: checks
Ag3r0n: checks
*** RIVER *** [9h 2c 7s 7h] [4c]
libaikang: checks
Ag3r0n: checks
*** SHOW DOWN ***
libaikang: shows [5c Th] (a pair of Sevens)
Ag3r0n: shows [Kh 5h] (a pair of Sevens - King kicker)
Ag3r0n collected $11.76 from pot
*** SUMMARY ***
Total pot $12 | Rake $0.24
Board [9h 2c 7s 7h 4c]
Seat 2: libaikang (big blind) showed [5c Th] and lost with a pair of Sevens
Seat 3: Ag3r0n (button) (small blind) showed [Kh 5h] and won ($11.76) with a pair of Sevens


PokerStars Hand #176251372767:  Hold'em Limit ($3/$6 USD) - 2017/09/28 21:26:00 ET
Table 'Agena' 6-max Seat #2 is the button
Seat 2: libaikang ($104.68 in chips)
Seat 3: Ag3r0n ($84.76 in chips)
libaikang: posts small blind $1
Ag3r0n: posts big blind $3
*** HOLE CARDS ***
libaikang: raises $3 to $6
Ag3r0n: calls $3
*** FLOP *** [Kd Ks 7c]
Ag3r0n: checks
libaikang: bets $3
Ag3r0n: folds
Uncalled bet ($3) returned to libaikang
libaikang collected $11.76 from pot
libaikang: doesn't show hand
*** SUMMARY ***
Total pot $12 | Rake $0.24
Board [Kd Ks 7c]
Seat 2: libaikang (button) (small blind) collected ($11.76)
Seat 3: Ag3r0n (big blind) folded on the Flop


PokerStars Hand #176251369584:  Hold'em Limit ($3/$6 USD) - 2017/09/28 21:25:51 ET
Table 'Agena' 6-max Seat #3 is the button
Seat 2: libaikang ($103.68 in chips)
Seat 3: Ag3r0n ($85.76 in chips)
Ag3r0n: posts small blind $1
libaikang: posts big blind $3
*** HOLE CARDS ***
belik555 joins the table at seat #4
Ag3r0n: folds
Uncalled bet ($2) returned to libaikang
libaikang collected $2 from pot
libaikang: doesn't show hand
*** SUMMARY ***
Total pot $2 | Rake $0
Seat 2: libaikang (big blind) collected ($2)
Seat 3: Ag3r0n (button) (small blind) folded before Flop


PokerStars Hand #176251361922:  Hold'em Limit ($3/$6 USD) - 2017/09/28 21:25:31 ET
Table 'Agena' 6-max Seat #2 is the button
Seat 2: libaikang ($92.16 in chips)
Seat 3: Ag3r0n ($97.76 in chips)
libaikang: posts small blind $1
Ag3r0n: posts big blind $3
*** HOLE CARDS ***
libaikang: raises $3 to $6
Ag3r0n: raises $3 to $9
libaikang: calls $3
*** FLOP *** [5d 9s Kh]
Ag3r0n: bets $3
libaikang: calls $3
*** TURN *** [5d 9s Kh] [8d]
Ag3r0n: checks
libaikang: bets $6
Ag3r0n: folds
Uncalled bet ($6) returned to libaikang
libaikang collected $23.52 from pot
libaikang: doesn't show hand
*** SUMMARY ***
Total pot $24 | Rake $0.48
Board [5d 9s Kh 8d]
Seat 2: libaikang (button) (small blind) collected ($23.52)
Seat 3: Ag3r0n (big blind) folded on the Turn


PokerStars Hand #176251359612:  Hold'em Limit ($3/$6 USD) - 2017/09/28 21:25:25 ET
Table 'Agena' 6-max Seat #3 is the button
Seat 2: libaikang ($91.16 in chips)
Seat 3: Ag3r0n ($98.76 in chips)
Ag3r0n: posts small blind $1
libaikang: posts big blind $3
*** HOLE CARDS ***
Ag3r0n: folds
Uncalled bet ($2) returned to libaikang
libaikang collected $2 from pot
libaikang: doesn't show hand
*** SUMMARY ***
Total pot $2 | Rake $0
Seat 2: libaikang (big blind) collected ($2)
Seat 3: Ag3r0n (button) (small blind) folded before Flop


PokerStars Hand #176251355450:  Hold'em Limit ($3/$6 USD) - 2017/09/28 21:25:14 ET
Table 'Agena' 6-max Seat #2 is the button
Seat 2: libaikang ($88.16 in chips)
Seat 3: Ag3r0n ($101.76 in chips)
libaikang: posts small blind $1
Ag3r0n: posts big blind $3
*** HOLE CARDS ***
libaikang: raises $3 to $6
Ag3r0n: folds
Uncalled bet ($3) returned to libaikang
libaikang collected $6 from pot
libaikang: doesn't show hand
*** SUMMARY ***
Total pot $6 | Rake $0
Seat 2: libaikang (button) (small blind) collected ($6)
Seat 3: Ag3r0n (big blind) folded before Flop


PokerStars Hand #176251377468:  Hold'em Limit ($3/$6 USD) - 2017/09/28 21:26:12 ET
Table 'Agena' 6-max Seat #3 is the button
Seat 3: Ag3r0n ($78.76 in chips)
Seat 4: belik555 ($90 in chips)
Ag3r0n: posts small blind $1
belik555: posts big blind $3
*** HOLE CARDS ***
Ag3r0n: raises $3 to $6
belik555: folds
Uncalled bet ($3) returned to Ag3r0n
Ag3r0n collected $6 from pot
Ag3r0n: doesn't show hand
*** SUMMARY ***
Total pot $6 | Rake $0
Seat 3: Ag3r0n (button) (small blind) collected ($6)
Seat 4: belik555 (big blind) folded before Flop


PokerStars Hand #176251396619:  Hold'em Limit ($3/$6 USD) - 2017/09/28 21:27:03 ET
Table 'Agena' 6-max Seat #3 is the button
Seat 3: Ag3r0n ($72 in chips)
Seat 4: belik555 ($107.50 in chips)
Ag3r0n: posts small blind $1
belik555: posts big blind $3
*** HOLE CARDS ***
Ag3r0n: folds
Uncalled bet ($2) returned to belik555
belik555 collected $2 from pot
belik555: doesn't show hand
*** SUMMARY ***
Total pot $2 | Rake $0
Seat 3: Ag3r0n (button) (small blind) folded before Flop
Seat 4: belik555 (big blind) collected ($2)


PokerStars Hand #176251383339:  Hold'em Limit ($3/$6 USD) - 2017/09/28 21:26:28 ET
Table 'Agena' 6-max Seat #4 is the button
Seat 3: Ag3r0n ($81.76 in chips)
Seat 4: belik555 ($90 in chips)
belik555: posts small blind $1
Ag3r0n: posts big blind $3
*** HOLE CARDS ***
belik555: raises $3 to $6
Ag3r0n: raises $3 to $9
belik555: calls $3
*** FLOP *** [9h 5d 3s]
Ag3r0n: bets $3
belik555: calls $3
*** TURN *** [9h 5d 3s] [6c]
Ag3r0n: checks
belik555: bets $6
Ag3r0n: calls $6
*** RIVER *** [9h 5d 3s 6c] [9s]
Ag3r0n: checks
belik555: bets $6
Ag3r0n: folds
Uncalled bet ($6) returned to belik555
belik555 collected $35.50 from pot
belik555: doesn't show hand
*** SUMMARY ***
Total pot $36 | Rake $0.50
Board [9h 5d 3s 6c 9s]
Seat 3: Ag3r0n (big blind) folded on the River
Seat 4: belik555 (button) (small blind) collected ($35.50)


PokerStars Hand #176251467027:  Hold'em Limit ($3/$6 USD) - 2017/09/28 21:30:09 ET
Table 'Agena' 6-max Seat #2 is the button
Seat 2: libaikang ($100.58 in chips)
Seat 3: Ag3r0n ($140.86 in chips)
libaikang: posts small blind $1
Ag3r0n: posts big blind $3
*** HOLE CARDS ***
belik555 leaves the table
libaikang: folds
Uncalled bet ($2) returned to Ag3r0n
Ag3r0n collected $2 from pot
Ag3r0n: doesn't show hand
*** SUMMARY ***
Total pot $2 | Rake $0
Seat 2: libaikang (button) (small blind) folded before Flop
Seat 3: Ag3r0n (big blind) collected ($2)


PokerStars Hand #176251457931:  Hold'em Limit ($3/$6 USD) - 2017/09/28 21:29:45 ET
Table 'Agena' 6-max Seat #3 is the button
Seat 2: libaikang ($124.58 in chips)
Seat 3: Ag3r0n ($117.36 in chips)
Ag3r0n: posts small blind $1
belik555: is sitting out
libaikang: posts big blind $3
*** HOLE CARDS ***
Ag3r0n: raises $3 to $6
libaikang: raises $3 to $9
Ag3r0n: calls $3
*** FLOP *** [9d Qd 3h]
libaikang: bets $3
Ag3r0n: calls $3
*** TURN *** [9d Qd 3h] [4c]
libaikang: bets $6
Ag3r0n: raises $6 to $12
libaikang: calls $6
*** RIVER *** [9d Qd 3h 4c] [9c]
libaikang: checks
Ag3r0n: checks
*** SHOW DOWN ***
libaikang: shows [Ac 3s] (two pair, Nines and Threes)
Ag3r0n: shows [Qs 4h] (two pair, Queens and Nines)
Ag3r0n collected $47.50 from pot
*** SUMMARY ***
Total pot $48 | Rake $0.50
Board [9d Qd 3h 4c 9c]
Seat 2: libaikang (big blind) showed [Ac 3s] and lost with two pair, Nines and Threes
Seat 3: Ag3r0n (button) (small blind) showed [Qs 4h] and won ($47.50) with two pair, Queens and Nines


PokerStars Hand #176251480279:  Hold'em Limit ($3/$6 USD) - 2017/09/28 21:30:43 ET
Table 'Agena' 6-max Seat #3 is the button
Seat 2: libaikang ($122.08 in chips)
Seat 3: Ag3r0n ($118.86 in chips)
Ag3r0n: posts small blind $1
libaikang: posts big blind $3
*** HOLE CARDS ***
Ag3r0n: raises $3 to $6
libaikang: calls $3
*** FLOP *** [Qd 6s 8h]
libaikang: checks
Ag3r0n: bets $3
libaikang: raises $3 to $6
Ag3r0n: calls $3
*** TURN *** [Qd 6s 8h] [Kc]
libaikang: checks
Ag3r0n: checks
*** RIVER *** [Qd 6s 8h Kc] [8d]
libaikang: bets $6
Ag3r0n: raises $6 to $12
libaikang: raises $6 to $18
Ag3r0n: calls $6
*** SHOW DOWN ***
libaikang: shows [Ks 8c] (a full house, Eights full of Kings)
Ag3r0n: mucks hand
libaikang collected $59.50 from pot
*** SUMMARY ***
Total pot $60 | Rake $0.50
Board [Qd 6s 8h Kc 8d]
Seat 2: libaikang (big blind) showed [Ks 8c] and won ($59.50) with a full house, Eights full of Kings
Seat 3: Ag3r0n (button) (small blind) mucked


PokerStars Hand #176251478219:  Hold'em Limit ($3/$6 USD) - 2017/09/28 21:30:38 ET
Table 'Agena' 6-max Seat #2 is the button
Seat 2: libaikang ($123.08 in chips)
Seat 3: Ag3r0n ($117.86 in chips)
libaikang: posts small blind $1
Ag3r0n: posts big blind $3
*** HOLE CARDS ***
libaikang: folds
Uncalled bet ($2) returned to Ag3r0n
Ag3r0n collected $2 from pot
Ag3r0n: doesn't show hand
*** SUMMARY ***
Total pot $2 | Rake $0
Seat 2: libaikang (button) (small blind) folded before Flop
Seat 3: Ag3r0n (big blind) collected ($2)


PokerStars Hand #176251469184:  Hold'em Limit ($3/$6 USD) - 2017/09/28 21:30:14 ET
Table 'Agena' 6-max Seat #3 is the button
Seat 2: libaikang ($99.58 in chips)
Seat 3: Ag3r0n ($141.86 in chips)
Ag3r0n: posts small blind $1
libaikang: posts big blind $3
*** HOLE CARDS ***
Ag3r0n: raises $3 to $6
libaikang: raises $3 to $9
Ag3r0n: calls $3
*** FLOP *** [7d 9h Qc]
libaikang: bets $3
Ag3r0n: raises $3 to $6
libaikang: raises $3 to $9
Ag3r0n: calls $3
*** TURN *** [7d 9h Qc] [2d]
libaikang: bets $6
Ag3r0n: calls $6
*** RIVER *** [7d 9h Qc 2d] [3h]
libaikang: bets $6
Ag3r0n: folds
Uncalled bet ($6) returned to libaikang
libaikang collected $47.50 from pot
libaikang: doesn't show hand
*** SUMMARY ***
Total pot $48 | Rake $0.50
Board [7d 9h Qc 2d 3h]
Seat 2: libaikang (big blind) collected ($47.50)
Seat 3: Ag3r0n (button) (small blind) folded on the River


PokerStars Hand #176251501986:  Hold'em Limit ($3/$6 USD) - 2017/09/28 21:31:41 ET
Table 'Agena' 6-max Seat #3 is the button
Seat 2: libaikang ($130.58 in chips)
Seat 3: Ag3r0n ($109.36 in chips)
Ag3r0n: posts small blind $1
libaikang: posts big blind $3
*** HOLE CARDS ***
Ag3r0n: raises $3 to $6
libaikang: calls $3
*** FLOP *** [Kd 4d 5d]
libaikang: checks
Ag3r0n: checks
*** TURN *** [Kd 4d 5d] [4c]
libaikang: checks
Ag3r0n: bets $6
libaikang: folds
Uncalled bet ($6) returned to Ag3r0n
Ag3r0n collected $11.76 from pot
Ag3r0n: doesn't show hand
*** SUMMARY ***
Total pot $12 | Rake $0.24
Board [Kd 4d 5d 4c]
Seat 2: libaikang (big blind) folded on the Turn
Seat 3: Ag3r0n (button) (small blind) collected ($11.76)


PokerStars Hand #176251492183:  Hold'em Limit ($3/$6 USD) - 2017/09/28 21:31:15 ET
Table 'Agena' 6-max Seat #2 is the button
Seat 2: libaikang ($151.58 in chips)
Seat 3: Ag3r0n ($88.86 in chips)
libaikang: posts small blind $1
Ag3r0n: posts big blind $3
*** HOLE CARDS ***
libaikang: calls $2
Ag3r0n: raises $3 to $6
libaikang: calls $3
*** FLOP *** [3c 5h Ts]
Ag3r0n: bets $3
libaikang: calls $3
*** TURN *** [3c 5h Ts] [8d]
Ag3r0n: checks
libaikang: bets $6
Ag3r0n: calls $6
*** RIVER *** [3c 5h Ts 8d] [Ac]
Ag3r0n: bets $6
libaikang: calls $6
*** SHOW DOWN ***
Ag3r0n: shows [7h As] (a pair of Aces)
libaikang: mucks hand
Ag3r0n collected $41.50 from pot
*** SUMMARY ***
Total pot $42 | Rake $0.50
Board [3c 5h Ts 8d Ac]
Seat 2: libaikang (button) (small blind) mucked
Seat 3: Ag3r0n (big blind) showed [7h As] and won ($41.50) with a pair of Aces


