PokerStars Hand #150114629529:  Hold'em Limit ($3/$6 USD) - 2016/03/09 22:15:47 ET
Table 'Agena II' 6-max Seat #5 is the button
Seat 1: Molson848 ($24 in chips)
Seat 5: VolkovDmitri ($125.76 in chips)
VolkovDmitri: posts small blind $1
Molson848: posts big blind $3
*** HOLE CARDS ***
VolkovDmitri: raises $3 to $6
Molson848: raises $3 to $9
VolkovDmitri: calls $3
*** FLOP *** [Ts 7h 9d]
Molson848: bets $3
VolkovDmitri: folds
Uncalled bet ($3) returned to Molson848
Molson848 collected $17.64 from pot
Molson848: doesn't show hand
*** SUMMARY ***
Total pot $18 | Rake $0.36
Board [Ts 7h 9d]
Seat 1: Molson848 (big blind) collected ($17.64)
Seat 5: VolkovDmitri (button) (small blind) folded on the Flop


PokerStars Hand #150114624401:  Hold'em Limit ($3/$6 USD) - 2016/03/09 22:15:33 ET
Table 'Agena II' 6-max Seat #1 is the button
Seat 1: Molson848 ($30 in chips)
Seat 5: VolkovDmitri ($120 in chips)
Molson848: posts small blind $1
VolkovDmitri: posts big blind $3
*** HOLE CARDS ***
Molson848: calls $2
VolkovDmitri: raises $3 to $6
Molson848: calls $3
*** FLOP *** [9d 4c 7s]
VolkovDmitri: bets $3
Molson848: folds
Uncalled bet ($3) returned to VolkovDmitri
VolkovDmitri collected $11.76 from pot
VolkovDmitri: doesn't show hand
*** SUMMARY ***
Total pot $12 | Rake $0.24
Board [9d 4c 7s]
Seat 1: Molson848 (button) (small blind) folded on the Flop
Seat 5: VolkovDmitri (big blind) collected ($11.76)


PokerStars Hand #150114654518:  Hold'em Limit ($3/$6 USD) - 2016/03/09 22:16:55 ET
Table 'Agena II' 6-max Seat #1 is the button
Seat 1: Molson848 ($14.40 in chips)
Seat 5: VolkovDmitri ($143.50 in chips)
Molson848: posts small blind $1
VolkovDmitri: posts big blind $3
*** HOLE CARDS ***
Molson848: folds
Uncalled bet ($2) returned to VolkovDmitri
VolkovDmitri collected $2 from pot
VolkovDmitri: doesn't show hand
*** SUMMARY ***
Total pot $2 | Rake $0
Seat 1: Molson848 (button) (small blind) folded before Flop
Seat 5: VolkovDmitri (big blind) collected ($2)


PokerStars Hand #150114640325:  Hold'em Limit ($3/$6 USD) - 2016/03/09 22:16:17 ET
Table 'Agena II' 6-max Seat #5 is the button
Seat 1: Molson848 ($38.40 in chips)
Seat 5: VolkovDmitri ($120 in chips)
VolkovDmitri: posts small blind $1
Molson848: posts big blind $3
*** HOLE CARDS ***
VolkovDmitri: calls $2
Molson848: checks
*** FLOP *** [7h 5c 6h]
Molson848: bets $3
VolkovDmitri: raises $3 to $6
Molson848: raises $3 to $9
VolkovDmitri: calls $3
*** TURN *** [7h 5c 6h] [Td]
Molson848: bets $6
VolkovDmitri: calls $6
*** RIVER *** [7h 5c 6h Td] [2s]
Molson848: bets $6
VolkovDmitri: calls $6
*** SHOW DOWN ***
Molson848: shows [Qh 5h] (a pair of Fives)
VolkovDmitri: shows [7d 2d] (two pair, Sevens and Deuces)
VolkovDmitri collected $47.50 from pot
*** SUMMARY ***
Total pot $48 | Rake $0.50
Board [7h 5c 6h Td 2s]
Seat 1: Molson848 (big blind) showed [Qh 5h] and lost with a pair of Fives
Seat 5: VolkovDmitri (button) (small blind) showed [7d 2d] and won ($47.50) with two pair, Sevens and Deuces


PokerStars Hand #150114633852:  Hold'em Limit ($3/$6 USD) - 2016/03/09 22:15:59 ET
Table 'Agena II' 6-max Seat #1 is the button
Seat 1: Molson848 ($32.64 in chips)
Seat 5: VolkovDmitri ($120 in chips)
Molson848: posts small blind $1
VolkovDmitri: posts big blind $3
*** HOLE CARDS ***
Molson848: raises $3 to $6
VolkovDmitri: calls $3
*** FLOP *** [Tc 3s 5d]
VolkovDmitri: checks
Molson848: bets $3
VolkovDmitri: folds
Uncalled bet ($3) returned to Molson848
Molson848 collected $11.76 from pot
Molson848: doesn't show hand
*** SUMMARY ***
Total pot $12 | Rake $0.24
Board [Tc 3s 5d]
Seat 1: Molson848 (button) (small blind) collected ($11.76)
Seat 5: VolkovDmitri (big blind) folded on the Flop


PokerStars Hand #150114669012:  Hold'em Limit ($3/$6 USD) - 2016/03/09 22:17:35 ET
Table 'Agena II' 6-max Seat #5 is the button
Seat 1: Molson848 ($14.50 in chips)
Seat 5: VolkovDmitri ($142.86 in chips)
VolkovDmitri: posts small blind $1
Molson848: posts big blind $3
*** HOLE CARDS ***
VolkovDmitri: raises $3 to $6
Molson848: calls $3
*** FLOP *** [3d 7s 8h]
Molson848: bets $3
VolkovDmitri: calls $3
*** TURN *** [3d 7s 8h] [9d]
Molson848: bets $5.50 and is all-in
VolkovDmitri: calls $5.50
*** RIVER *** [3d 7s 8h 9d] [4d]
*** SHOW DOWN ***
Molson848: shows [8d 9s] (two pair, Nines and Eights)
VolkovDmitri: shows [Kc 6s] (high card King)
Molson848 collected $28.50 from pot
*** SUMMARY ***
Total pot $29 | Rake $0.50
Board [3d 7s 8h 9d 4d]
Seat 1: Molson848 (big blind) showed [8d 9s] and won ($28.50) with two pair, Nines and Eights
Seat 5: VolkovDmitri (button) (small blind) showed [Kc 6s] and lost with high card King


PokerStars Hand #150114663341:  Hold'em Limit ($3/$6 USD) - 2016/03/09 22:17:20 ET
Table 'Agena II' 6-max Seat #1 is the button
Seat 1: Molson848 ($7.40 in chips)
Seat 5: VolkovDmitri ($150.26 in chips)
Molson848: posts small blind $1
VolkovDmitri: posts big blind $3
*** HOLE CARDS ***
Molson848: raises $3 to $6
VolkovDmitri: raises $3 to $9
Molson848: calls $1.40 and is all-in
Uncalled bet ($1.60) returned to VolkovDmitri
*** FLOP *** [7d Ac Td]
*** TURN *** [7d Ac Td] [8h]
*** RIVER *** [7d Ac Td 8h] [Ah]
*** SHOW DOWN ***
VolkovDmitri: shows [4h 6c] (a pair of Aces)
Molson848: shows [4c Jd] (a pair of Aces - Jack kicker)
Molson848 collected $14.50 from pot
*** SUMMARY ***
Total pot $14.80 | Rake $0.30
Board [7d Ac Td 8h Ah]
Seat 1: Molson848 (button) (small blind) showed [4c Jd] and won ($14.50) with a pair of Aces
Seat 5: VolkovDmitri (big blind) showed [4h 6c] and lost with a pair of Aces


PokerStars Hand #150114656281:  Hold'em Limit ($3/$6 USD) - 2016/03/09 22:17:00 ET
Table 'Agena II' 6-max Seat #5 is the button
Seat 1: Molson848 ($13.40 in chips)
Seat 5: VolkovDmitri ($144.50 in chips)
VolkovDmitri: posts small blind $1
Molson848: posts big blind $3
*** HOLE CARDS ***
VolkovDmitri: raises $3 to $6
Molson848: calls $3
*** FLOP *** [5s 4d Ad]
Molson848: checks
VolkovDmitri: checks
*** TURN *** [5s 4d Ad] [Qs]
Molson848: checks
VolkovDmitri: bets $6
Molson848: folds
Uncalled bet ($6) returned to VolkovDmitri
VolkovDmitri collected $11.76 from pot
VolkovDmitri: doesn't show hand
*** SUMMARY ***
Total pot $12 | Rake $0.24
Board [5s 4d Ad Qs]
Seat 1: Molson848 (big blind) folded on the Turn
Seat 5: VolkovDmitri (button) (small blind) collected ($11.76)


PokerStars Hand #150114675101:  Hold'em Limit ($3/$6 USD) - 2016/03/09 22:17:52 ET
Table 'Agena II' 6-max Seat #1 is the button
Seat 1: Molson848 ($28.50 in chips)
Seat 5: VolkovDmitri ($128.36 in chips)
Molson848: posts small blind $1
VolkovDmitri: posts big blind $3
*** HOLE CARDS ***
Molson848: raises $3 to $6
VolkovDmitri: raises $3 to $9
Molson848: raises $3 to $12
Betting is capped
VolkovDmitri: calls $3
*** FLOP *** [Qd 4d Jc]
VolkovDmitri: checks
Molson848: bets $3
VolkovDmitri: calls $3
*** TURN *** [Qd 4d Jc] [3s]
VolkovDmitri: checks
Molson848: bets $6
VolkovDmitri: raises $6 to $12
Molson848: raises $1.50 to $13.50 and is all-in
VolkovDmitri: calls $1.50
*** RIVER *** [Qd 4d Jc 3s] [Jd]
*** SHOW DOWN ***
VolkovDmitri: shows [9h 9s] (two pair, Jacks and Nines)
Molson848: shows [Ah 8d] (a pair of Jacks)
VolkovDmitri collected $56.50 from pot
*** SUMMARY ***
Total pot $57 | Rake $0.50
Board [Qd 4d Jc 3s Jd]
Seat 1: Molson848 (button) (small blind) showed [Ah 8d] and lost with a pair of Jacks
Seat 5: VolkovDmitri (big blind) showed [9h 9s] and won ($56.50) with two pair, Jacks and Nines


