PokerStars Hand #173733483345:  Hold'em Limit ($3/$6 USD) - 2017/07/30 23:20:25 ET
Table 'Aglaja' 6-max Seat #6 is the button
Seat 3: hot3handle ($113.76 in chips)
Seat 6: Pepperlina ($125.52 in chips)
Pepperlina: posts small blind $1
hot3handle: posts big blind $3
*** HOLE CARDS ***
Pepperlina: raises $3 to $6
hot3handle: folds
Uncalled bet ($3) returned to Pepperlina
Pepperlina collected $6 from pot
Pepperlina: doesn't show hand
*** SUMMARY ***
Total pot $6 | Rake $0
Seat 3: hot3handle (big blind) folded before Flop
Seat 6: Pepperlina (button) (small blind) collected ($6)


PokerStars Hand #173733474018:  Hold'em Limit ($3/$6 USD) - 2017/07/30 23:19:52 ET
Table 'Aglaja' 6-max Seat #3 is the button
Seat 3: hot3handle ($125.76 in chips)
Seat 6: Pepperlina ($114 in chips)
hot3handle: posts small blind $1
Pepperlina: posts big blind $3
*** HOLE CARDS ***
hot3handle: calls $2
Pepperlina: checks
*** FLOP *** [Ac 7d Ad]
Pepperlina: checks
hot3handle: bets $3
Pepperlina: calls $3
*** TURN *** [Ac 7d Ad] [3d]
Pepperlina: checks
hot3handle: bets $6
Pepperlina: calls $6
*** RIVER *** [Ac 7d Ad 3d] [Jc]
Pepperlina: checks
hot3handle: checks
*** SHOW DOWN ***
Pepperlina: shows [Kc 9s] (a pair of Aces)
hot3handle: mucks hand
Pepperlina collected $23.52 from pot
*** SUMMARY ***
Total pot $24 | Rake $0.48
Board [Ac 7d Ad 3d Jc]
Seat 3: hot3handle (button) (small blind) mucked
Seat 6: Pepperlina (big blind) showed [Kc 9s] and won ($23.52) with a pair of Aces


PokerStars Hand #173733466051:  Hold'em Limit ($3/$6 USD) - 2017/07/30 23:19:24 ET
Table 'Aglaja' 6-max Seat #6 is the button
Seat 3: hot3handle ($120 in chips)
Seat 6: Pepperlina ($120 in chips)
Pepperlina: posts small blind $1
hot3handle: posts big blind $3
*** HOLE CARDS ***
Pepperlina: raises $3 to $6
hot3handle: calls $3
*** FLOP *** [2c Kc As]
hot3handle: bets $3
Pepperlina: folds
Uncalled bet ($3) returned to hot3handle
hot3handle collected $11.76 from pot
*** SUMMARY ***
Total pot $12 | Rake $0.24
Board [2c Kc As]
Seat 3: hot3handle (big blind) collected ($11.76)
Seat 6: Pepperlina (button) (small blind) folded on the Flop


PokerStars Hand #173733499208:  Hold'em Limit ($3/$6 USD) - 2017/07/30 23:21:20 ET
Table 'Aglaja' 6-max Seat #3 is the button
Seat 3: hot3handle ($110.26 in chips)
Seat 6: Pepperlina ($128.02 in chips)
hot3handle: posts small blind $1
Pepperlina: posts big blind $3
*** HOLE CARDS ***
hot3handle: calls $2
Pepperlina: checks
*** FLOP *** [4s Ks As]
Pepperlina: bets $3
hot3handle: raises $3 to $6
Pepperlina: folds
Uncalled bet ($3) returned to hot3handle
hot3handle collected $11.76 from pot
*** SUMMARY ***
Total pot $12 | Rake $0.24
Board [4s Ks As]
Seat 3: hot3handle (button) (small blind) collected ($11.76)
Seat 6: Pepperlina (big blind) folded on the Flop


PokerStars Hand #173733493010:  Hold'em Limit ($3/$6 USD) - 2017/07/30 23:20:58 ET
Table 'Aglaja' 6-max Seat #6 is the button
Seat 3: hot3handle ($95.76 in chips)
Seat 6: Pepperlina ($143.02 in chips)
Pepperlina: posts small blind $1
hot3handle: posts big blind $3
*** HOLE CARDS ***
Pepperlina: raises $3 to $6
hot3handle: raises $3 to $9
Pepperlina: calls $3
*** FLOP *** [Qc 9d 9s]
hot3handle: bets $3
Pepperlina: raises $3 to $6
hot3handle: calls $3
*** TURN *** [Qc 9d 9s] [9h]
hot3handle: bets $6
Pepperlina: folds
Uncalled bet ($6) returned to hot3handle
hot3handle collected $29.50 from pot
*** SUMMARY ***
Total pot $30 | Rake $0.50
Board [Qc 9d 9s 9h]
Seat 3: hot3handle (big blind) collected ($29.50)
Seat 6: Pepperlina (button) (small blind) folded on the Turn


PokerStars Hand #173733486400:  Hold'em Limit ($3/$6 USD) - 2017/07/30 23:20:35 ET
Table 'Aglaja' 6-max Seat #3 is the button
Seat 3: hot3handle ($110.76 in chips)
Seat 6: Pepperlina ($128.52 in chips)
hot3handle: posts small blind $1
Pepperlina: posts big blind $3
*** HOLE CARDS ***
hot3handle: calls $2
Pepperlina: raises $3 to $6
hot3handle: calls $3
*** FLOP *** [Js Kc Tc]
Pepperlina: bets $3
hot3handle: calls $3
*** TURN *** [Js Kc Tc] [4h]
Pepperlina: bets $6
hot3handle: calls $6
*** RIVER *** [Js Kc Tc 4h] [3c]
Pepperlina: bets $6
hot3handle: folds
Uncalled bet ($6) returned to Pepperlina
Pepperlina collected $29.50 from pot
Pepperlina: doesn't show hand
*** SUMMARY ***
Total pot $30 | Rake $0.50
Board [Js Kc Tc 4h 3c]
Seat 3: hot3handle (button) (small blind) folded on the River
Seat 6: Pepperlina (big blind) collected ($29.50)


PokerStars Hand #173733512864:  Hold'em Limit ($3/$6 USD) - 2017/07/30 23:22:08 ET
Table 'Aglaja' 6-max Seat #3 is the button
Seat 3: hot3handle ($136.52 in chips)
Seat 6: Pepperlina ($101.02 in chips)
hot3handle: posts small blind $1
Pepperlina: posts big blind $3
*** HOLE CARDS ***
hot3handle: folds
Uncalled bet ($2) returned to Pepperlina
Pepperlina collected $2 from pot
Pepperlina: doesn't show hand
*** SUMMARY ***
Total pot $2 | Rake $0
Seat 3: hot3handle (button) (small blind) folded before Flop
Seat 6: Pepperlina (big blind) collected ($2)


PokerStars Hand #173733504574:  Hold'em Limit ($3/$6 USD) - 2017/07/30 23:21:39 ET
Table 'Aglaja' 6-max Seat #6 is the button
Seat 3: hot3handle ($116.02 in chips)
Seat 6: Pepperlina ($122.02 in chips)
Pepperlina: posts small blind $1
hot3handle: posts big blind $3
*** HOLE CARDS ***
Pepperlina: raises $3 to $6
hot3handle: calls $3
*** FLOP *** [9h Td Kh]
hot3handle: bets $3
Pepperlina: calls $3
*** TURN *** [9h Td Kh] [9c]
hot3handle: bets $6
Pepperlina: calls $6
*** RIVER *** [9h Td Kh 9c] [Qh]
hot3handle: bets $6
Pepperlina: calls $6
*** SHOW DOWN ***
hot3handle: shows [8d Qs] (two pair, Queens and Nines)
Pepperlina: mucks hand
hot3handle collected $41.50 from pot
*** SUMMARY ***
Total pot $42 | Rake $0.50
Board [9h Td Kh 9c Qh]
Seat 3: hot3handle (big blind) showed [8d Qs] and won ($41.50) with two pair, Queens and Nines
Seat 6: Pepperlina (button) (small blind) mucked


PokerStars Hand #173733540276:  Hold'em Limit ($3/$6 USD) - 2017/07/30 23:23:44 ET
Table 'Aglaja' 6-max Seat #3 is the button
Seat 3: hot3handle ($156.68 in chips)
Seat 6: Pepperlina ($80.02 in chips)
hot3handle: posts small blind $1
Pepperlina: posts big blind $3
*** HOLE CARDS ***
hot3handle: folds
Uncalled bet ($2) returned to Pepperlina
Pepperlina collected $2 from pot
Pepperlina: doesn't show hand
*** SUMMARY ***
Total pot $2 | Rake $0
Seat 3: hot3handle (button) (small blind) folded before Flop
Seat 6: Pepperlina (big blind) collected ($2)


PokerStars Hand #173733538911:  Hold'em Limit ($3/$6 USD) - 2017/07/30 23:23:39 ET
Table 'Aglaja' 6-max Seat #6 is the button
Seat 3: hot3handle ($155.68 in chips)
Seat 6: Pepperlina ($81.02 in chips)
Pepperlina: posts small blind $1
hot3handle: posts big blind $3
*** HOLE CARDS ***
Pepperlina: folds
Uncalled bet ($2) returned to hot3handle
hot3handle collected $2 from pot
*** SUMMARY ***
Total pot $2 | Rake $0
Seat 3: hot3handle (big blind) collected ($2)
Seat 6: Pepperlina (button) (small blind) folded before Flop


PokerStars Hand #173733527775:  Hold'em Limit ($3/$6 USD) - 2017/07/30 23:23:00 ET
Table 'Aglaja' 6-max Seat #3 is the button
Seat 3: hot3handle ($147.04 in chips)
Seat 6: Pepperlina ($90.02 in chips)
hot3handle: posts small blind $1
Pepperlina: posts big blind $3
*** HOLE CARDS ***
hot3handle: calls $2
Pepperlina: checks
*** FLOP *** [Ah 6s 8h]
Pepperlina: checks
hot3handle: checks
*** TURN *** [Ah 6s 8h] [9h]
Pepperlina: checks
hot3handle: checks
*** RIVER *** [Ah 6s 8h 9h] [2d]
Pepperlina: checks
hot3handle: bets $6
Pepperlina: calls $6
*** SHOW DOWN ***
hot3handle: shows [4c 4s] (a pair of Fours)
Pepperlina: mucks hand
hot3handle collected $17.64 from pot
*** SUMMARY ***
Total pot $18 | Rake $0.36
Board [Ah 6s 8h 9h 2d]
Seat 3: hot3handle (button) (small blind) showed [4c 4s] and won ($17.64) with a pair of Fours
Seat 6: Pepperlina (big blind) mucked


PokerStars Hand #173733515906:  Hold'em Limit ($3/$6 USD) - 2017/07/30 23:22:18 ET
Table 'Aglaja' 6-max Seat #6 is the button
Seat 3: hot3handle ($135.52 in chips)
Seat 6: Pepperlina ($102.02 in chips)
Pepperlina: posts small blind $1
hot3handle: posts big blind $3
*** HOLE CARDS ***
Pepperlina: raises $3 to $6
hot3handle: calls $3
*** FLOP *** [8h 4s Tc]
hot3handle: checks
Pepperlina: checks
*** TURN *** [8h 4s Tc] [6h]
hot3handle: bets $6
Pepperlina: calls $6
*** RIVER *** [8h 4s Tc 6h] [3h]
hot3handle: bets $6
Pepperlina: folds
Uncalled bet ($6) returned to hot3handle
hot3handle collected $23.52 from pot
*** SUMMARY ***
Total pot $24 | Rake $0.48
Board [8h 4s Tc 6h 3h]
Seat 3: hot3handle (big blind) collected ($23.52)
Seat 6: Pepperlina (button) (small blind) folded on the River


PokerStars Hand #173733541920:  Hold'em Limit ($3/$6 USD) - 2017/07/30 23:23:50 ET
Table 'Aglaja' 6-max Seat #6 is the button
Seat 3: hot3handle ($155.68 in chips)
Seat 6: Pepperlina ($81.02 in chips)
Pepperlina: posts small blind $1
hot3handle: posts big blind $3
*** HOLE CARDS ***
Pepperlina: raises $3 to $6
hot3handle: folds
Uncalled bet ($3) returned to Pepperlina
hot3handle leaves the table
Pepperlina collected $6 from pot
Pepperlina: doesn't show hand
*** SUMMARY ***
Total pot $6 | Rake $0
Seat 3: hot3handle (big blind) folded before Flop
Seat 6: Pepperlina (button) (small blind) collected ($6)


