PokerStars Hand #162811151944:  Hold'em Limit ($3/$6 USD) - 2016/12/11 23:29:53 ET
Table 'Aglaja' 6-max Seat #6 is the button
Seat 1: LifeisagameX ($84 in chips)
Seat 6: Brama Br ($120 in chips)
Brama Br: posts small blind $1
LifeisagameX: posts big blind $3
*** HOLE CARDS ***
Brama Br: folds
Uncalled bet ($2) returned to LifeisagameX
LifeisagameX collected $2 from pot
LifeisagameX: doesn't show hand
*** SUMMARY ***
Total pot $2 | Rake $0
Seat 1: LifeisagameX (big blind) collected ($2)
Seat 6: Brama Br (button) (small blind) folded before Flop


PokerStars Hand #162811154600:  Hold'em Limit ($3/$6 USD) - 2016/12/11 23:30:03 ET
Table 'Aglaja' 6-max Seat #1 is the button
Seat 1: LifeisagameX ($85 in chips)
Seat 6: Brama Br ($119 in chips)
LifeisagameX: posts small blind $1
Brama Br: posts big blind $3
*** HOLE CARDS ***
LifeisagameX: raises $3 to $6
Brama Br: calls $3
*** FLOP *** [Ah Tc 4s]
Brama Br: checks
LifeisagameX: bets $3
Brama Br: raises $3 to $6
Hannibal2211 joins the table at seat #2
LifeisagameX: calls $3
*** TURN *** [Ah Tc 4s] [4d]
Brama Br: bets $6
LifeisagameX: folds
Uncalled bet ($6) returned to Brama Br
Brama Br collected $23.52 from pot
Brama Br: doesn't show hand
*** SUMMARY ***
Total pot $24 | Rake $0.48
Board [Ah Tc 4s 4d]
Seat 1: LifeisagameX (button) (small blind) folded on the Turn
Seat 6: Brama Br (big blind) collected ($23.52)


PokerStars Hand #162811162817:  Hold'em Limit ($3/$6 USD) - 2016/12/11 23:30:32 ET
Table 'Aglaja' 6-max Seat #6 is the button
Seat 1: LifeisagameX ($84 in chips)
Seat 6: Brama Br ($130.52 in chips)
Brama Br: posts small blind $1
LifeisagameX: posts big blind $3
*** HOLE CARDS ***
Brama Br: raises $3 to $6
LifeisagameX: folds
Uncalled bet ($3) returned to Brama Br
Brama Br collected $6 from pot
Brama Br: doesn't show hand
*** SUMMARY ***
Total pot $6 | Rake $0
Seat 1: LifeisagameX (big blind) folded before Flop
Seat 6: Brama Br (button) (small blind) collected ($6)


PokerStars Hand #162811175389:  Hold'em Limit ($3/$6 USD) - 2016/12/11 23:31:16 ET
Table 'Aglaja' 6-max Seat #2 is the button
Seat 2: Hannibal2211 ($137.89 in chips)
Seat 6: Brama Br ($115.52 in chips)
Hannibal2211: posts small blind $1
Brama Br: posts big blind $3
*** HOLE CARDS ***
Hannibal2211: raises $3 to $6
Brama Br: calls $3
*** FLOP *** [Kc 4s 2c]
Brama Br: bets $3
Hannibal2211: calls $3
*** TURN *** [Kc 4s 2c] [9c]
Brama Br: bets $6
Hannibal2211: folds
Uncalled bet ($6) returned to Brama Br
Brama Br collected $17.64 from pot
Brama Br: doesn't show hand
*** SUMMARY ***
Total pot $18 | Rake $0.36
Board [Kc 4s 2c 9c]
Seat 2: Hannibal2211 (button) (small blind) folded on the Turn
Seat 6: Brama Br (big blind) collected ($17.64)


PokerStars Hand #162811179860:  Hold'em Limit ($3/$6 USD) - 2016/12/11 23:31:32 ET
Table 'Aglaja' 6-max Seat #6 is the button
Seat 2: Hannibal2211 ($128.89 in chips)
Seat 6: Brama Br ($124.16 in chips)
Brama Br: posts small blind $1
Hannibal2211: posts big blind $3
*** HOLE CARDS ***
Brama Br: raises $3 to $6
Hannibal2211: raises $3 to $9
Brama Br: raises $3 to $12
Betting is capped
Hannibal2211: calls $3
*** FLOP *** [5d 8s 9d]
Hannibal2211: checks
Brama Br: bets $3
Hannibal2211: raises $3 to $6
Brama Br: raises $3 to $9
Hannibal2211: calls $3
*** TURN *** [5d 8s 9d] [Js]
Hannibal2211: checks
Brama Br: bets $6
Hannibal2211: calls $6
*** RIVER *** [5d 8s 9d Js] [Td]
Hannibal2211: checks
Brama Br: bets $6
Hannibal2211: calls $6
*** SHOW DOWN ***
Brama Br: shows [Kd Ad] (a flush, Ace high)
Hannibal2211: mucks hand
Brama Br collected $65.50 from pot
*** SUMMARY ***
Total pot $66 | Rake $0.50
Board [5d 8s 9d Js Td]
Seat 2: Hannibal2211 (big blind) mucked
Seat 6: Brama Br (button) (small blind) showed [Kd Ad] and won ($65.50) with a flush, Ace high


PokerStars Hand #162811192263:  Hold'em Limit ($3/$6 USD) - 2016/12/11 23:32:16 ET
Table 'Aglaja' 6-max Seat #6 is the button
Seat 2: Hannibal2211 ($98.89 in chips)
Seat 6: Brama Br ($153.66 in chips)
Brama Br: posts small blind $1
Hannibal2211: posts big blind $3
*** HOLE CARDS ***
Brama Br: folds
Uncalled bet ($2) returned to Hannibal2211
Hannibal2211 collected $2 from pot
Hannibal2211: doesn't show hand
*** SUMMARY ***
Total pot $2 | Rake $0
Seat 2: Hannibal2211 (big blind) collected ($2)
Seat 6: Brama Br (button) (small blind) folded before Flop


PokerStars Hand #162811189769:  Hold'em Limit ($3/$6 USD) - 2016/12/11 23:32:08 ET
Table 'Aglaja' 6-max Seat #2 is the button
Seat 2: Hannibal2211 ($95.89 in chips)
Seat 6: Brama Br ($156.66 in chips)
Hannibal2211: posts small blind $1
Brama Br: posts big blind $3
*** HOLE CARDS ***
Hannibal2211: raises $3 to $6
Brama Br: folds
Uncalled bet ($3) returned to Hannibal2211
Hannibal2211 collected $6 from pot
Hannibal2211: doesn't show hand
*** SUMMARY ***
Total pot $6 | Rake $0
Seat 2: Hannibal2211 (button) (small blind) collected ($6)
Seat 6: Brama Br (big blind) folded before Flop


PokerStars Hand #162811194045:  Hold'em Limit ($3/$6 USD) - 2016/12/11 23:32:23 ET
Table 'Aglaja' 6-max Seat #2 is the button
Seat 2: Hannibal2211 ($99.89 in chips)
Seat 6: Brama Br ($152.66 in chips)
Hannibal2211: posts small blind $1
Brama Br: posts big blind $3
*** HOLE CARDS ***
Hannibal2211: raises $3 to $6
Brama Br: calls $3
*** FLOP *** [Ks 6s 7c]
Brama Br: checks
Hannibal2211: bets $3
Brama Br: raises $3 to $6
Hannibal2211: calls $3
*** TURN *** [Ks 6s 7c] [5d]
Brama Br: bets $6
Hannibal2211: raises $6 to $12
Brama Br: calls $6
*** RIVER *** [Ks 6s 7c 5d] [Jh]
Brama Br: checks
Hannibal2211: bets $6
Brama Br: calls $6
*** SHOW DOWN ***
Hannibal2211: shows [Kc Ad] (a pair of Kings)
Brama Br: mucks hand
Hannibal2211 collected $59.50 from pot
*** SUMMARY ***
Total pot $60 | Rake $0.50
Board [Ks 6s 7c 5d Jh]
Seat 2: Hannibal2211 (button) (small blind) showed [Kc Ad] and won ($59.50) with a pair of Kings
Seat 6: Brama Br (big blind) mucked


PokerStars Hand #162811210947:  Hold'em Limit ($3/$6 USD) - 2016/12/11 23:32:56 ET
Table 'Aglaja' 6-max Seat #2 is the button
Seat 2: Hannibal2211 ($126.39 in chips)
Seat 6: Brama Br ($125.66 in chips)
Hannibal2211: posts small blind $1
Brama Br: posts big blind $3
*** HOLE CARDS ***
Hannibal2211: folds
Uncalled bet ($2) returned to Brama Br
Brama Br collected $2 from pot
Brama Br: doesn't show hand
*** SUMMARY ***
Total pot $2 | Rake $0
Seat 2: Hannibal2211 (button) (small blind) folded before Flop
Seat 6: Brama Br (big blind) collected ($2)


PokerStars Hand #162811201290:  Hold'em Limit ($3/$6 USD) - 2016/12/11 23:32:49 ET
Table 'Aglaja' 6-max Seat #6 is the button
Seat 2: Hannibal2211 ($129.39 in chips)
Seat 6: Brama Br ($122.66 in chips)
Brama Br: posts small blind $1
Hannibal2211: posts big blind $3
*** HOLE CARDS ***
Brama Br: raises $3 to $6
Hannibal2211: folds
Uncalled bet ($3) returned to Brama Br
Brama Br collected $6 from pot
Brama Br: doesn't show hand
*** SUMMARY ***
Total pot $6 | Rake $0
Seat 2: Hannibal2211 (big blind) folded before Flop
Seat 6: Brama Br (button) (small blind) collected ($6)


PokerStars Hand #162811212319:  Hold'em Limit ($3/$6 USD) - 2016/12/11 23:33:01 ET
Table 'Aglaja' 6-max Seat #6 is the button
Seat 2: Hannibal2211 ($125.39 in chips)
Seat 6: Brama Br ($126.66 in chips)
Brama Br: posts small blind $1
Hannibal2211: posts big blind $3
*** HOLE CARDS ***
Brama Br: raises $3 to $6
Hannibal2211: calls $3
*** FLOP *** [9s As Kd]
Hannibal2211: checks
Brama Br: bets $3
Hannibal2211: folds
Uncalled bet ($3) returned to Brama Br
Brama Br collected $11.76 from pot
Brama Br: doesn't show hand
*** SUMMARY ***
Total pot $12 | Rake $0.24
Board [9s As Kd]
Seat 2: Hannibal2211 (big blind) folded on the Flop
Seat 6: Brama Br (button) (small blind) collected ($11.76)


PokerStars Hand #162811216032:  Hold'em Limit ($3/$6 USD) - 2016/12/11 23:33:14 ET
Table 'Aglaja' 6-max Seat #2 is the button
Seat 2: Hannibal2211 ($119.39 in chips)
Seat 6: Brama Br ($132.42 in chips)
Hannibal2211: posts small blind $1
Brama Br: posts big blind $3
*** HOLE CARDS ***
Hannibal2211: raises $3 to $6
Brama Br: raises $3 to $9
Hannibal2211: calls $3
*** FLOP *** [4h Qc Td]
Brama Br: bets $3
Hannibal2211: folds
Uncalled bet ($3) returned to Brama Br
Brama Br collected $17.64 from pot
Brama Br: doesn't show hand
*** SUMMARY ***
Total pot $18 | Rake $0.36
Board [4h Qc Td]
Seat 2: Hannibal2211 (button) (small blind) folded on the Flop
Seat 6: Brama Br (big blind) collected ($17.64)


PokerStars Hand #162811218978:  Hold'em Limit ($3/$6 USD) - 2016/12/11 23:33:25 ET
Table 'Aglaja' 6-max Seat #6 is the button
Seat 2: Hannibal2211 ($110.39 in chips)
Seat 6: Brama Br ($141.06 in chips)
Brama Br: posts small blind $1
Hannibal2211: posts big blind $3
*** HOLE CARDS ***
Brama Br: raises $3 to $6
Hannibal2211: calls $3
*** FLOP *** [Qs Ts Ad]
Hannibal2211: checks
Brama Br: bets $3
Hannibal2211: calls $3
*** TURN *** [Qs Ts Ad] [8d]
Hannibal2211: checks
Brama Br: checks
*** RIVER *** [Qs Ts Ad 8d] [5h]
Hannibal2211: bets $6
Brama Br: calls $6
*** SHOW DOWN ***
Hannibal2211: shows [Th 8h] (two pair, Tens and Eights)
Brama Br: mucks hand
Hannibal2211 collected $29.50 from pot
*** SUMMARY ***
Total pot $30 | Rake $0.50
Board [Qs Ts Ad 8d 5h]
Seat 2: Hannibal2211 (big blind) showed [Th 8h] and won ($29.50) with two pair, Tens and Eights
Seat 6: Brama Br (button) (small blind) mucked


PokerStars Hand #162811224563:  Hold'em Limit ($3/$6 USD) - 2016/12/11 23:33:45 ET
Table 'Aglaja' 6-max Seat #2 is the button
Seat 2: Hannibal2211 ($124.89 in chips)
Seat 6: Brama Br ($126.06 in chips)
Hannibal2211: posts small blind $1
Brama Br: posts big blind $3
*** HOLE CARDS ***
Hannibal2211: folds
Uncalled bet ($2) returned to Brama Br
Brama Br collected $2 from pot
Brama Br: doesn't show hand
*** SUMMARY ***
Total pot $2 | Rake $0
Seat 2: Hannibal2211 (button) (small blind) folded before Flop
Seat 6: Brama Br (big blind) collected ($2)


