PokerStars Hand #155158854192:  Hold'em Limit ($3/$6 USD) - 2016/06/24 19:11:01 ET
Table 'Aglaja' 6-max Seat #3 is the button
Seat 3: REZOLUTION84 ($60 in chips)
Seat 4: Humtum81 ($34.46 in chips)
REZOLUTION84: posts small blind $1
Humtum81: posts big blind $3
*** HOLE CARDS ***
REZOLUTION84: raises $3 to $6
Humtum81: calls $3
*** FLOP *** [Tc 2d Qh]
Humtum81: checks
REZOLUTION84: bets $3
Humtum81: calls $3
*** TURN *** [Tc 2d Qh] [2c]
Humtum81: checks
BARRY133 joins the table at seat #6
REZOLUTION84: bets $6
Humtum81: raises $6 to $12
REZOLUTION84: calls $6
*** RIVER *** [Tc 2d Qh 2c] [7s]
Humtum81: bets $6
REZOLUTION84: calls $6
*** SHOW DOWN ***
Humtum81: shows [Qc 9h] (two pair, Queens and Deuces)
REZOLUTION84: mucks hand
Humtum81 collected $53.50 from pot
*** SUMMARY ***
Total pot $54 | Rake $0.50
Board [Tc 2d Qh 2c 7s]
Seat 3: REZOLUTION84 (button) (small blind) mucked
Seat 4: Humtum81 (big blind) showed [Qc 9h] and won ($53.50) with two pair, Queens and Deuces


PokerStars Hand #155158915823:  Hold'em Limit ($3/$6 USD) - 2016/06/24 19:12:52 ET
Table 'Aglaja' 6-max Seat #3 is the button
Seat 3: REZOLUTION84 ($77.96 in chips)
Seat 6: BARRY133 ($72.85 in chips)
REZOLUTION84: posts small blind $1
BARRY133: posts big blind $3
*** HOLE CARDS ***
REZOLUTION84: raises $3 to $6
BARRY133: calls $3
*** FLOP *** [2d 3h Ts]
BARRY133: checks
REZOLUTION84: bets $3
BARRY133: folds
Uncalled bet ($3) returned to REZOLUTION84
REZOLUTION84 collected $11.76 from pot
REZOLUTION84: doesn't show hand
*** SUMMARY ***
Total pot $12 | Rake $0.24
Board [2d 3h Ts]
Seat 3: REZOLUTION84 (button) (small blind) collected ($11.76)
Seat 6: BARRY133 (big blind) folded on the Flop


PokerStars Hand #155158932603:  Hold'em Limit ($3/$6 USD) - 2016/06/24 19:13:22 ET
Table 'Aglaja' 6-max Seat #6 is the button
Seat 3: REZOLUTION84 ($106.22 in chips)
Seat 6: BARRY133 ($43.85 in chips)
BARRY133: posts small blind $1
REZOLUTION84: posts big blind $3
*** HOLE CARDS ***
BARRY133: folds
Uncalled bet ($2) returned to REZOLUTION84
REZOLUTION84 collected $2 from pot
REZOLUTION84: doesn't show hand
*** SUMMARY ***
Total pot $2 | Rake $0
Seat 3: REZOLUTION84 (big blind) collected ($2)
Seat 6: BARRY133 (button) (small blind) folded before Flop


PokerStars Hand #155158929779:  Hold'em Limit ($3/$6 USD) - 2016/06/24 19:13:17 ET
Table 'Aglaja' 6-max Seat #3 is the button
Seat 3: REZOLUTION84 ($107.22 in chips)
Seat 6: BARRY133 ($42.85 in chips)
REZOLUTION84: posts small blind $1
BARRY133: posts big blind $3
*** HOLE CARDS ***
REZOLUTION84: folds
Uncalled bet ($2) returned to BARRY133
BARRY133 collected $2 from pot
*** SUMMARY ***
Total pot $2 | Rake $0
Seat 3: REZOLUTION84 (button) (small blind) folded before Flop
Seat 6: BARRY133 (big blind) collected ($2)


PokerStars Hand #155158920604:  Hold'em Limit ($3/$6 USD) - 2016/06/24 19:13:00 ET
Table 'Aglaja' 6-max Seat #6 is the button
Seat 3: REZOLUTION84 ($83.72 in chips)
Seat 6: BARRY133 ($66.85 in chips)
BARRY133: posts small blind $1
REZOLUTION84: posts big blind $3
*** HOLE CARDS ***
BARRY133: raises $3 to $6
REZOLUTION84: calls $3
*** FLOP *** [4d 2s 3d]
REZOLUTION84: checks
BARRY133: bets $3
REZOLUTION84: raises $3 to $6
BARRY133: calls $3
*** TURN *** [4d 2s 3d] [Th]
REZOLUTION84: bets $6
BARRY133: calls $6
*** RIVER *** [4d 2s 3d Th] [7s]
REZOLUTION84: bets $6
BARRY133: calls $6
*** SHOW DOWN ***
REZOLUTION84: shows [Kd 4h] (a pair of Fours)
BARRY133: shows [As Kh] (high card Ace)
REZOLUTION84 collected $47.50 from pot
*** SUMMARY ***
Total pot $48 | Rake $0.50
Board [4d 2s 3d Th 7s]
Seat 3: REZOLUTION84 (big blind) showed [Kd 4h] and won ($47.50) with a pair of Fours
Seat 6: BARRY133 (button) (small blind) showed [As Kh] and lost with high card Ace


PokerStars Hand #155158912172:  Hold'em Limit ($3/$6 USD) - 2016/06/24 19:12:45 ET
Table 'Aglaja' 6-max Seat #6 is the button
Seat 3: REZOLUTION84 ($80.96 in chips)
Seat 6: BARRY133 ($69.85 in chips)
BARRY133: posts small blind $1
REZOLUTION84: posts big blind $3
*** HOLE CARDS ***
BARRY133: raises $3 to $6
REZOLUTION84: folds
Uncalled bet ($3) returned to BARRY133
BARRY133 collected $6 from pot
*** SUMMARY ***
Total pot $6 | Rake $0
Seat 3: REZOLUTION84 (big blind) folded before Flop
Seat 6: BARRY133 (button) (small blind) collected ($6)


PokerStars Hand #155158902591:  Hold'em Limit ($3/$6 USD) - 2016/06/24 19:12:28 ET
Table 'Aglaja' 6-max Seat #3 is the button
Seat 3: REZOLUTION84 ($95.96 in chips)
Seat 6: BARRY133 ($55.35 in chips)
REZOLUTION84: posts small blind $1
BARRY133: posts big blind $3
*** HOLE CARDS ***
REZOLUTION84: raises $3 to $6
BARRY133: calls $3
*** FLOP *** [7h 9d 5h]
BARRY133: checks
Humtum81 leaves the table
REZOLUTION84: bets $3
BARRY133: calls $3
*** TURN *** [7h 9d 5h] [Td]
BARRY133: checks
REZOLUTION84: checks
*** RIVER *** [7h 9d 5h Td] [4h]
BARRY133: bets $6
REZOLUTION84: calls $6
*** SHOW DOWN ***
BARRY133: shows [Tc 8s] (a pair of Tens)
REZOLUTION84: mucks hand
BARRY133 collected $29.50 from pot
*** SUMMARY ***
Total pot $30 | Rake $0.50
Board [7h 9d 5h Td 4h]
Seat 3: REZOLUTION84 (button) (small blind) mucked
Seat 6: BARRY133 (big blind) showed [Tc 8s] and won ($29.50) with a pair of Tens


PokerStars Hand #155158952160:  Hold'em Limit ($3/$6 USD) - 2016/06/24 19:13:57 ET
Table 'Aglaja' 6-max Seat #3 is the button
Seat 3: REZOLUTION84 ($117.87 in chips)
Seat 6: BARRY133 ($31.20 in chips)
REZOLUTION84: posts small blind $1
BARRY133: posts big blind $3
*** HOLE CARDS ***
REZOLUTION84: raises $3 to $6
BARRY133: calls $3
*** FLOP *** [Qd 3d 4h]
BARRY133: checks
REZOLUTION84: bets $3
BARRY133: folds
Uncalled bet ($3) returned to REZOLUTION84
REZOLUTION84 collected $11.76 from pot
REZOLUTION84: doesn't show hand
*** SUMMARY ***
Total pot $12 | Rake $0.24
Board [Qd 3d 4h]
Seat 3: REZOLUTION84 (button) (small blind) collected ($11.76)
Seat 6: BARRY133 (big blind) folded on the Flop


PokerStars Hand #155158964713:  Hold'em Limit ($3/$6 USD) - 2016/06/24 19:14:20 ET
Table 'Aglaja' 6-max Seat #6 is the button
Seat 3: REZOLUTION84 ($128.39 in chips)
Seat 6: BARRY133 ($20.20 in chips)
BARRY133: posts small blind $1
REZOLUTION84: posts big blind $3
*** HOLE CARDS ***
BARRY133: folds
Uncalled bet ($2) returned to REZOLUTION84
REZOLUTION84 collected $2 from pot
REZOLUTION84: doesn't show hand
*** SUMMARY ***
Total pot $2 | Rake $0
Seat 3: REZOLUTION84 (big blind) collected ($2)
Seat 6: BARRY133 (button) (small blind) folded before Flop


PokerStars Hand #155158962197:  Hold'em Limit ($3/$6 USD) - 2016/06/24 19:14:15 ET
Table 'Aglaja' 6-max Seat #3 is the button
Seat 3: REZOLUTION84 ($129.39 in chips)
Seat 6: BARRY133 ($19.20 in chips)
REZOLUTION84: posts small blind $1
BARRY133: posts big blind $3
*** HOLE CARDS ***
REZOLUTION84: folds
Uncalled bet ($2) returned to BARRY133
BARRY133 collected $2 from pot
*** SUMMARY ***
Total pot $2 | Rake $0
Seat 3: REZOLUTION84 (button) (small blind) folded before Flop
Seat 6: BARRY133 (big blind) collected ($2)


PokerStars Hand #155158956620:  Hold'em Limit ($3/$6 USD) - 2016/06/24 19:14:05 ET
Table 'Aglaja' 6-max Seat #6 is the button
Seat 3: REZOLUTION84 ($123.63 in chips)
Seat 6: BARRY133 ($25.20 in chips)
BARRY133: posts small blind $1
REZOLUTION84: posts big blind $3
*** HOLE CARDS ***
BARRY133: raises $3 to $6
REZOLUTION84: calls $3
*** FLOP *** [Ks 5s 8s]
REZOLUTION84: checks
BARRY133: checks
*** TURN *** [Ks 5s 8s] [5h]
REZOLUTION84: bets $6
BARRY133: folds
Uncalled bet ($6) returned to REZOLUTION84
REZOLUTION84 collected $11.76 from pot
REZOLUTION84: doesn't show hand
*** SUMMARY ***
Total pot $12 | Rake $0.24
Board [Ks 5s 8s 5h]
Seat 3: REZOLUTION84 (big blind) collected ($11.76)
Seat 6: BARRY133 (button) (small blind) folded on the Turn


PokerStars Hand #155158943998:  Hold'em Limit ($3/$6 USD) - 2016/06/24 19:13:42 ET
Table 'Aglaja' 6-max Seat #6 is the button
Seat 3: REZOLUTION84 ($133.72 in chips)
Seat 6: BARRY133 ($15.85 in chips)
BARRY133: posts small blind $1
REZOLUTION84: posts big blind $3
*** HOLE CARDS ***
BARRY133: raises $3 to $6
REZOLUTION84: calls $3
*** FLOP *** [2h Qh Ah]
REZOLUTION84: checks
BARRY133: bets $3
REZOLUTION84: raises $3 to $6
BARRY133: raises $3 to $9
REZOLUTION84: raises $3 to $12
Betting is capped
BARRY133: calls $0.85 and is all-in
Uncalled bet ($2.15) returned to REZOLUTION84
*** TURN *** [2h Qh Ah] [2d]
*** RIVER *** [2h Qh Ah 2d] [As]
*** SHOW DOWN ***
REZOLUTION84: shows [Qc 2c] (a full house, Deuces full of Aces)
BARRY133: shows [Ad 5c] (a full house, Aces full of Deuces)
BARRY133 collected $31.20 from pot
*** SUMMARY ***
Total pot $31.70 | Rake $0.50
Board [2h Qh Ah 2d As]
Seat 3: REZOLUTION84 (big blind) showed [Qc 2c] and lost with a full house, Deuces full of Aces
Seat 6: BARRY133 (button) (small blind) showed [Ad 5c] and won ($31.20) with a full house, Aces full of Deuces


PokerStars Hand #155158935098:  Hold'em Limit ($3/$6 USD) - 2016/06/24 19:13:27 ET
Table 'Aglaja' 6-max Seat #3 is the button
Seat 3: REZOLUTION84 ($107.22 in chips)
Seat 6: BARRY133 ($42.85 in chips)
REZOLUTION84: posts small blind $1
BARRY133: posts big blind $3
*** HOLE CARDS ***
REZOLUTION84: raises $3 to $6
BARRY133: raises $3 to $9
REZOLUTION84: calls $3
*** FLOP *** [Qh Kh Ks]
BARRY133: checks
REZOLUTION84: bets $3
BARRY133: raises $3 to $6
REZOLUTION84: calls $3
*** TURN *** [Qh Kh Ks] [8h]
BARRY133: bets $6
REZOLUTION84: calls $6
*** RIVER *** [Qh Kh Ks 8h] [5c]
BARRY133: bets $6
REZOLUTION84: calls $6
*** SHOW DOWN ***
BARRY133: shows [Ah 4s] (a pair of Kings)
REZOLUTION84: shows [Qd 4c] (two pair, Kings and Queens)
REZOLUTION84 collected $53.50 from pot
*** SUMMARY ***
Total pot $54 | Rake $0.50
Board [Qh Kh Ks 8h 5c]
Seat 3: REZOLUTION84 (button) (small blind) showed [Qd 4c] and won ($53.50) with two pair, Kings and Queens
Seat 6: BARRY133 (big blind) showed [Ah 4s] and lost with a pair of Kings


PokerStars Hand #155158967448:  Hold'em Limit ($3/$6 USD) - 2016/06/24 19:14:25 ET
Table 'Aglaja' 6-max Seat #3 is the button
Seat 3: REZOLUTION84 ($129.39 in chips)
Seat 6: BARRY133 ($19.20 in chips)
REZOLUTION84: posts small blind $1
BARRY133: posts big blind $3
*** HOLE CARDS ***
REZOLUTION84: raises $3 to $6
BARRY133: raises $3 to $9
REZOLUTION84: calls $3
*** FLOP *** [2c Jc 2d]
BARRY133: bets $3
REZOLUTION84: calls $3
*** TURN *** [2c Jc 2d] [4d]
BARRY133: bets $6
REZOLUTION84: raises $6 to $12
BARRY133: calls $1.20 and is all-in
Uncalled bet ($4.80) returned to REZOLUTION84
*** RIVER *** [2c Jc 2d 4d] [4h]
*** SHOW DOWN ***
BARRY133: shows [As 9c] (two pair, Fours and Deuces)
REZOLUTION84: shows [6s Js] (two pair, Jacks and Fours)
REZOLUTION84 collected $37.90 from pot
*** SUMMARY ***
Total pot $38.40 | Rake $0.50
Board [2c Jc 2d 4d 4h]
Seat 3: REZOLUTION84 (button) (small blind) showed [6s Js] and won ($37.90) with two pair, Jacks and Fours
Seat 6: BARRY133 (big blind) showed [As 9c] and lost with two pair, Fours and Deuces


PokerStars Hand #155159031124:  Hold'em Limit ($3/$6 USD) - 2016/06/24 19:16:20 ET
Table 'Aglaja' 6-max Seat #3 is the button
Seat 1: BARRY133 ($133.88 in chips)
Seat 3: REZOLUTION84 ($172.59 in chips)
REZOLUTION84: posts small blind $1
BARRY133: posts big blind $3
*** HOLE CARDS ***
REZOLUTION84: folds
Uncalled bet ($2) returned to BARRY133
BARRY133 collected $2 from pot
*** SUMMARY ***
Total pot $2 | Rake $0
Seat 1: BARRY133 (big blind) collected ($2)
Seat 3: REZOLUTION84 (button) (small blind) folded before Flop


PokerStars Hand #155159012617:  Hold'em Limit ($3/$6 USD) - 2016/06/24 19:15:46 ET
Table 'Aglaja' 6-max Seat #3 is the button
Seat 3: REZOLUTION84 ($177.59 in chips)
Seat 4: Humtum81 ($9.48 in chips)
REZOLUTION84: posts small blind $1
Humtum81: posts big blind $3
*** HOLE CARDS ***
REZOLUTION84: folds
Uncalled bet ($2) returned to Humtum81
Humtum81 collected $2 from pot
Humtum81: doesn't show hand
*** SUMMARY ***
Total pot $2 | Rake $0
Seat 3: REZOLUTION84 (button) (small blind) folded before Flop
Seat 4: Humtum81 (big blind) collected ($2)


PokerStars Hand #155158992787:  Hold'em Limit ($3/$6 USD) - 2016/06/24 19:15:11 ET
Table 'Aglaja' 6-max Seat #4 is the button
Seat 3: REZOLUTION84 ($148.09 in chips)
Seat 4: Humtum81 ($39.48 in chips)
Humtum81: posts small blind $1
REZOLUTION84: posts big blind $3
*** HOLE CARDS ***
BARRY133 joins the table at seat #1
Humtum81: raises $3 to $6
REZOLUTION84: raises $3 to $9
Humtum81: raises $3 to $12
Betting is capped
REZOLUTION84: calls $3
*** FLOP *** [8c 6c 3h]
REZOLUTION84: bets $3
Humtum81: raises $3 to $6
REZOLUTION84: raises $3 to $9
Humtum81: raises $3 to $12
Betting is capped
REZOLUTION84: calls $3
*** TURN *** [8c 6c 3h] [Js]
REZOLUTION84: bets $6
Humtum81: calls $6
*** RIVER *** [8c 6c 3h Js] [2d]
REZOLUTION84: bets $6
Humtum81: folds
Uncalled bet ($6) returned to REZOLUTION84
REZOLUTION84 collected $59.50 from pot
REZOLUTION84: doesn't show hand
*** SUMMARY ***
Total pot $60 | Rake $0.50
Board [8c 6c 3h Js 2d]
Seat 3: REZOLUTION84 (big blind) collected ($59.50)
Seat 4: Humtum81 (button) (small blind) folded on the River


PokerStars Hand #155159040335:  Hold'em Limit ($3/$6 USD) - 2016/06/24 19:16:37 ET
Table 'Aglaja' 6-max Seat #3 is the button
Seat 1: BARRY133 ($158.38 in chips)
Seat 3: REZOLUTION84 ($147.59 in chips)
REZOLUTION84: posts small blind $1
BARRY133: posts big blind $3
*** HOLE CARDS ***
REZOLUTION84: raises $3 to $6
BARRY133: raises $3 to $9
REZOLUTION84: calls $3
*** FLOP *** [Th 5s Jh]
BARRY133: checks
REZOLUTION84: bets $3
BARRY133: calls $3
*** TURN *** [Th 5s Jh] [As]
BARRY133: checks
LotsaBalls12 joins the table at seat #5
REZOLUTION84: checks
*** RIVER *** [Th 5s Jh As] [Ts]
BARRY133: bets $6
REZOLUTION84: calls $6
*** SHOW DOWN ***
BARRY133: shows [Ad 6d] (two pair, Aces and Tens)
REZOLUTION84: mucks hand
BARRY133 collected $35.50 from pot
*** SUMMARY ***
Total pot $36 | Rake $0.50
Board [Th 5s Jh As Ts]
Seat 1: BARRY133 (big blind) showed [Ad 6d] and won ($35.50) with two pair, Aces and Tens
Seat 3: REZOLUTION84 (button) (small blind) mucked


PokerStars Hand #155159033627:  Hold'em Limit ($3/$6 USD) - 2016/06/24 19:16:24 ET
Table 'Aglaja' 6-max Seat #1 is the button
Seat 1: BARRY133 ($134.88 in chips)
Seat 3: REZOLUTION84 ($171.59 in chips)
BARRY133: posts small blind $1
REZOLUTION84: posts big blind $3
*** HOLE CARDS ***
Humtum81 leaves the table
BARRY133: raises $3 to $6
REZOLUTION84: calls $3
*** FLOP *** [6h 2h 9d]
REZOLUTION84: checks
BARRY133: checks
*** TURN *** [6h 2h 9d] [4s]
REZOLUTION84: bets $6
BARRY133: calls $6
*** RIVER *** [6h 2h 9d 4s] [Jd]
REZOLUTION84: bets $6
BARRY133: raises $6 to $12
REZOLUTION84: calls $6
*** SHOW DOWN ***
BARRY133: shows [Ac Jh] (a pair of Jacks)
REZOLUTION84: mucks hand
BARRY133 collected $47.50 from pot
*** SUMMARY ***
Total pot $48 | Rake $0.50
Board [6h 2h 9d 4s Jd]
Seat 1: BARRY133 (button) (small blind) showed [Ac Jh] and won ($47.50) with a pair of Jacks
Seat 3: REZOLUTION84 (big blind) mucked


PokerStars Hand #155159047859:  Hold'em Limit ($3/$6 USD) - 2016/06/24 19:16:50 ET
Table 'Aglaja' 6-max Seat #1 is the button
Seat 1: BARRY133 ($175.88 in chips)
Seat 3: REZOLUTION84 ($129.59 in chips)
BARRY133: posts small blind $1
REZOLUTION84: posts big blind $3
*** HOLE CARDS ***
BARRY133: raises $3 to $6
REZOLUTION84: raises $3 to $9
BARRY133: calls $3
*** FLOP *** [2h Ts Js]
REZOLUTION84: bets $3
BARRY133: folds
Uncalled bet ($3) returned to REZOLUTION84
REZOLUTION84 collected $17.64 from pot
REZOLUTION84: doesn't show hand
*** SUMMARY ***
Total pot $18 | Rake $0.36
Board [2h Ts Js]
Seat 1: BARRY133 (button) (small blind) folded on the Flop
Seat 3: REZOLUTION84 (big blind) collected ($17.64)


