PokerStars Hand #173477599736:  Hold'em Limit ($3/$6 USD) - 2017/07/25 1:40:06 ET
Table 'Agnia' 10-max Seat #6 is the button
Seat 6: Robisss3 ($55.56 in chips)
Seat 7: VolkovDmitri ($120 in chips)
Robisss3: posts small blind $1
VolkovDmitri: posts big blind $3
*** HOLE CARDS ***
Robisss3: folds
Uncalled bet ($2) returned to VolkovDmitri
VolkovDmitri collected $2 from pot
VolkovDmitri: doesn't show hand
*** SUMMARY ***
Total pot $2 | Rake $0
Seat 6: Robisss3 (button) (small blind) folded before Flop
Seat 7: VolkovDmitri (big blind) collected ($2)


PokerStars Hand #173477601763:  Hold'em Limit ($3/$6 USD) - 2017/07/25 1:40:14 ET
Table 'Agnia' 10-max Seat #7 is the button
Seat 6: Robisss3 ($54.56 in chips)
Seat 7: VolkovDmitri ($121 in chips)
VolkovDmitri: posts small blind $1
Robisss3: posts big blind $3
*** HOLE CARDS ***
VolkovDmitri: raises $3 to $6
Robisss3: calls $3
*** FLOP *** [Kc 7s 8d]
Robisss3: checks
VolkovDmitri: bets $3
Robisss3: folds
Uncalled bet ($3) returned to VolkovDmitri
VolkovDmitri collected $11.76 from pot
VolkovDmitri: doesn't show hand
*** SUMMARY ***
Total pot $12 | Rake $0.24
Board [Kc 7s 8d]
Seat 6: Robisss3 (big blind) folded on the Flop
Seat 7: VolkovDmitri (button) (small blind) collected ($11.76)


PokerStars Hand #173477611486:  Hold'em Limit ($3/$6 USD) - 2017/07/25 1:40:55 ET
Table 'Agnia' 10-max Seat #7 is the button
Seat 6: Robisss3 ($57.20 in chips)
Seat 7: VolkovDmitri ($120 in chips)
VolkovDmitri: posts small blind $1
Robisss3: posts big blind $3
*** HOLE CARDS ***
VolkovDmitri: raises $3 to $6
Robisss3: calls $3
*** FLOP *** [Jh 7d 5h]
Robisss3: checks
VolkovDmitri: bets $3
Robisss3: folds
Uncalled bet ($3) returned to VolkovDmitri
VolkovDmitri collected $11.76 from pot
VolkovDmitri: doesn't show hand
*** SUMMARY ***
Total pot $12 | Rake $0.24
Board [Jh 7d 5h]
Seat 6: Robisss3 (big blind) folded on the Flop
Seat 7: VolkovDmitri (button) (small blind) collected ($11.76)


PokerStars Hand #173477607607:  Hold'em Limit ($3/$6 USD) - 2017/07/25 1:40:39 ET
Table 'Agnia' 10-max Seat #6 is the button
Seat 6: Robisss3 ($48.56 in chips)
Seat 7: VolkovDmitri ($126.76 in chips)
Robisss3: posts small blind $1
VolkovDmitri: posts big blind $3
*** HOLE CARDS ***
Robisss3: raises $3 to $6
VolkovDmitri: calls $3
*** FLOP *** [6d Qh 4c]
VolkovDmitri: checks
Robisss3: bets $3
VolkovDmitri: calls $3
*** TURN *** [6d Qh 4c] [Qd]
VolkovDmitri: checks
Robisss3: bets $6
VolkovDmitri: folds
Uncalled bet ($6) returned to Robisss3
Robisss3 collected $17.64 from pot
*** SUMMARY ***
Total pot $18 | Rake $0.36
Board [6d Qh 4c Qd]
Seat 6: Robisss3 (button) (small blind) collected ($17.64)
Seat 7: VolkovDmitri (big blind) folded on the Turn


PokerStars Hand #173477616277:  Hold'em Limit ($3/$6 USD) - 2017/07/25 1:41:15 ET
Table 'Agnia' 10-max Seat #6 is the button
Seat 6: Robisss3 ($51.20 in chips)
Seat 7: VolkovDmitri ($125.76 in chips)
Robisss3: posts small blind $1
VolkovDmitri: posts big blind $3
*** HOLE CARDS ***
Robisss3: raises $3 to $6
VolkovDmitri: raises $3 to $9
Robisss3: calls $3
*** FLOP *** [Kc Ah 6h]
VolkovDmitri: bets $3
Robisss3: raises $3 to $6
VolkovDmitri: calls $3
*** TURN *** [Kc Ah 6h] [7h]
VolkovDmitri: checks
Robisss3: bets $6
VolkovDmitri: calls $6
*** RIVER *** [Kc Ah 6h 7h] [9c]
VolkovDmitri: checks
Robisss3: bets $6
VolkovDmitri: calls $6
*** SHOW DOWN ***
Robisss3: shows [9s Kh] (two pair, Kings and Nines)
VolkovDmitri: mucks hand
Robisss3 collected $53.50 from pot
*** SUMMARY ***
Total pot $54 | Rake $0.50
Board [Kc Ah 6h 7h 9c]
Seat 6: Robisss3 (button) (small blind) showed [9s Kh] and won ($53.50) with two pair, Kings and Nines
Seat 7: VolkovDmitri (big blind) mucked


PokerStars Hand #173477627313:  Hold'em Limit ($3/$6 USD) - 2017/07/25 1:42:02 ET
Table 'Agnia' 10-max Seat #7 is the button
Seat 6: Robisss3 ($77.70 in chips)
Seat 7: VolkovDmitri ($120 in chips)
VolkovDmitri: posts small blind $1
Robisss3: posts big blind $3
*** HOLE CARDS ***
VolkovDmitri: raises $3 to $6
Robisss3: calls $3
*** FLOP *** [Ts Td 2d]
Robisss3: checks
VolkovDmitri: bets $3
Robisss3: calls $3
*** TURN *** [Ts Td 2d] [7h]
Robisss3: checks
VolkovDmitri: checks
*** RIVER *** [Ts Td 2d 7h] [9s]
Robisss3: bets $6
VolkovDmitri: folds
Uncalled bet ($6) returned to Robisss3
Robisss3 collected $17.64 from pot
*** SUMMARY ***
Total pot $18 | Rake $0.36
Board [Ts Td 2d 7h 9s]
Seat 6: Robisss3 (big blind) collected ($17.64)
Seat 7: VolkovDmitri (button) (small blind) folded on the River


PokerStars Hand #173477639294:  Hold'em Limit ($3/$6 USD) - 2017/07/25 1:42:52 ET
Table 'Agnia' 10-max Seat #6 is the button
Seat 6: Robisss3 ($86.34 in chips)
Seat 7: VolkovDmitri ($120 in chips)
Robisss3: posts small blind $1
VolkovDmitri: posts big blind $3
*** HOLE CARDS ***
Robisss3: raises $3 to $6
VolkovDmitri: folds
Uncalled bet ($3) returned to Robisss3
Robisss3 collected $6 from pot
*** SUMMARY ***
Total pot $6 | Rake $0
Seat 6: Robisss3 (button) (small blind) collected ($6)
Seat 7: VolkovDmitri (big blind) folded before Flop


PokerStars Hand #173477642828:  Hold'em Limit ($3/$6 USD) - 2017/07/25 1:43:07 ET
Table 'Agnia' 10-max Seat #7 is the button
Seat 6: Robisss3 ($89.34 in chips)
Seat 7: VolkovDmitri ($120 in chips)
VolkovDmitri: posts small blind $1
Robisss3: posts big blind $3
*** HOLE CARDS ***
VolkovDmitri: raises $3 to $6
Robisss3: calls $3
*** FLOP *** [4d 3c 8d]
Robisss3: checks
VolkovDmitri: bets $3
Robisss3: raises $3 to $6
VolkovDmitri: calls $3
*** TURN *** [4d 3c 8d] [Qd]
Robisss3: bets $6
VolkovDmitri: calls $6
*** RIVER *** [4d 3c 8d Qd] [3d]
Robisss3: checks
VolkovDmitri: bets $6
Robisss3: folds
Uncalled bet ($6) returned to VolkovDmitri
Robisss3 leaves the table
VolkovDmitri collected $35.50 from pot
VolkovDmitri: doesn't show hand
*** SUMMARY ***
Total pot $36 | Rake $0.50
Board [4d 3c 8d Qd 3d]
Seat 6: Robisss3 (big blind) folded on the River
Seat 7: VolkovDmitri (button) (small blind) collected ($35.50)


