PokerStars Hand #147171499283:  Hold'em Limit ($3/$6 USD) - 2016/01/16 21:17:00 ET
Table 'Agnia' 2-max Seat #2 is the button
Seat 1: knysi ($61.74 in chips)
Seat 2: BuzovaPro ($72 in chips)
BuzovaPro: posts small blind $1
knysi: posts big blind $3
*** HOLE CARDS ***
BuzovaPro: raises $3 to $6
knysi: calls $3
*** FLOP *** [Ts Ac Qc]
knysi: checks
BuzovaPro: bets $3
knysi: calls $3
*** TURN *** [Ts Ac Qc] [Kh]
knysi: checks
BuzovaPro: bets $6
knysi: raises $6 to $12
BuzovaPro: calls $6
*** RIVER *** [Ts Ac Qc Kh] [4s]
knysi: bets $6
BuzovaPro: folds
Uncalled bet ($6) returned to knysi
knysi collected $41.50 from pot
knysi: doesn't show hand
*** SUMMARY ***
Total pot $42 | Rake $0.50
Board [Ts Ac Qc Kh 4s]
Seat 1: knysi (big blind) collected ($41.50)
Seat 2: BuzovaPro (button) (small blind) folded on the River


PokerStars Hand #147171490779:  Hold'em Limit ($3/$6 USD) - 2016/01/16 21:16:43 ET
Table 'Agnia' 2-max Seat #1 is the button
Seat 1: knysi ($47.24 in chips)
Seat 2: BuzovaPro ($72 in chips)
knysi: posts small blind $1
BuzovaPro: posts big blind $3
*** HOLE CARDS ***
knysi: raises $3 to $6
BuzovaPro: calls $3
*** FLOP *** [6c 9d 8h]
BuzovaPro: bets $3
knysi: calls $3
*** TURN *** [6c 9d 8h] [As]
BuzovaPro: checks
knysi: checks
*** RIVER *** [6c 9d 8h As] [9h]
BuzovaPro: bets $6
knysi: raises $6 to $12
BuzovaPro: folds
Uncalled bet ($6) returned to knysi
knysi collected $29.50 from pot
knysi: doesn't show hand
*** SUMMARY ***
Total pot $30 | Rake $0.50
Board [6c 9d 8h As 9h]
Seat 1: knysi (button) (small blind) collected ($29.50)
Seat 2: BuzovaPro (big blind) folded on the River


PokerStars Hand #147171480845:  Hold'em Limit ($3/$6 USD) - 2016/01/16 21:16:23 ET
Table 'Agnia' 2-max Seat #2 is the button
Seat 1: knysi ($32.74 in chips)
Seat 2: BuzovaPro ($72 in chips)
BuzovaPro: posts small blind $1
knysi: posts big blind $3
*** HOLE CARDS ***
BuzovaPro: raises $3 to $6
knysi: calls $3
*** FLOP *** [5h 6d Qs]
knysi: checks
BuzovaPro: bets $3
knysi: calls $3
*** TURN *** [5h 6d Qs] [6h]
knysi: checks
BuzovaPro: checks
*** RIVER *** [5h 6d Qs 6h] [As]
knysi: bets $6
BuzovaPro: calls $6
*** SHOW DOWN ***
knysi: shows [3s Ah] (two pair, Aces and Sixes)
BuzovaPro: mucks hand
knysi collected $29.50 from pot
*** SUMMARY ***
Total pot $30 | Rake $0.50
Board [5h 6d Qs 6h As]
Seat 1: knysi (big blind) showed [3s Ah] and won ($29.50) with two pair, Aces and Sixes
Seat 2: BuzovaPro (button) (small blind) mucked


PokerStars Hand #147171540543:  Hold'em Limit ($3/$6 USD) - 2016/01/16 21:18:23 ET
Table 'Agnia' 2-max Seat #1 is the button
Seat 1: knysi ($111.26 in chips)
Seat 2: BuzovaPro ($77.76 in chips)
knysi: posts small blind $1
BuzovaPro: posts big blind $3
*** HOLE CARDS ***
knysi: raises $3 to $6
BuzovaPro: calls $3
*** FLOP *** [4s Kc 6h]
BuzovaPro: bets $3
knysi: calls $3
*** TURN *** [4s Kc 6h] [3c]
BuzovaPro: bets $6
knysi: calls $6
*** RIVER *** [4s Kc 6h 3c] [8d]
BuzovaPro: bets $6
knysi: calls $6
*** SHOW DOWN ***
BuzovaPro: shows [Ks 7c] (a pair of Kings)
knysi: mucks hand
BuzovaPro collected $41.50 from pot
*** SUMMARY ***
Total pot $42 | Rake $0.50
Board [4s Kc 6h 3c 8d]
Seat 1: knysi (button) (small blind) mucked
Seat 2: BuzovaPro (big blind) showed [Ks 7c] and won ($41.50) with a pair of Kings


PokerStars Hand #147171538182:  Hold'em Limit ($3/$6 USD) - 2016/01/16 21:18:18 ET
Table 'Agnia' 2-max Seat #2 is the button
Seat 1: knysi ($110.26 in chips)
Seat 2: BuzovaPro ($78.76 in chips)
BuzovaPro: posts small blind $1
knysi: posts big blind $3
*** HOLE CARDS ***
BuzovaPro: folds
Uncalled bet ($2) returned to knysi
knysi collected $2 from pot
knysi: doesn't show hand
*** SUMMARY ***
Total pot $2 | Rake $0
Seat 1: knysi (big blind) collected ($2)
Seat 2: BuzovaPro (button) (small blind) folded before Flop


PokerStars Hand #147171535932:  Hold'em Limit ($3/$6 USD) - 2016/01/16 21:18:14 ET
Table 'Agnia' 2-max Seat #1 is the button
Seat 1: knysi ($111.26 in chips)
Seat 2: BuzovaPro ($77.76 in chips)
knysi: posts small blind $1
BuzovaPro: posts big blind $3
*** HOLE CARDS ***
knysi: folds
Uncalled bet ($2) returned to BuzovaPro
BuzovaPro collected $2 from pot
BuzovaPro: doesn't show hand
*** SUMMARY ***
Total pot $2 | Rake $0
Seat 1: knysi (button) (small blind) folded before Flop
Seat 2: BuzovaPro (big blind) collected ($2)


PokerStars Hand #147171531295:  Hold'em Limit ($3/$6 USD) - 2016/01/16 21:18:04 ET
Table 'Agnia' 2-max Seat #2 is the button
Seat 1: knysi ($117.26 in chips)
Seat 2: BuzovaPro ($72 in chips)
BuzovaPro: posts small blind $1
knysi: posts big blind $3
*** HOLE CARDS ***
BuzovaPro: raises $3 to $6
knysi: calls $3
*** FLOP *** [8c Kh 2c]
knysi: checks
BuzovaPro: bets $3
knysi: folds
Uncalled bet ($3) returned to BuzovaPro
BuzovaPro collected $11.76 from pot
BuzovaPro: doesn't show hand
*** SUMMARY ***
Total pot $12 | Rake $0.24
Board [8c Kh 2c]
Seat 1: knysi (big blind) folded on the Flop
Seat 2: BuzovaPro (button) (small blind) collected ($11.76)


PokerStars Hand #147171527987:  Hold'em Limit ($3/$6 USD) - 2016/01/16 21:17:58 ET
Table 'Agnia' 2-max Seat #1 is the button
Seat 1: knysi ($114.26 in chips)
Seat 2: BuzovaPro ($72 in chips)
knysi: posts small blind $1
BuzovaPro: posts big blind $3
*** HOLE CARDS ***
knysi: raises $3 to $6
BuzovaPro: folds
Uncalled bet ($3) returned to knysi
knysi collected $6 from pot
knysi: doesn't show hand
*** SUMMARY ***
Total pot $6 | Rake $0
Seat 1: knysi (button) (small blind) collected ($6)
Seat 2: BuzovaPro (big blind) folded before Flop


PokerStars Hand #147171520444:  Hold'em Limit ($3/$6 USD) - 2016/01/16 21:17:43 ET
Table 'Agnia' 2-max Seat #2 is the button
Seat 1: knysi ($93.76 in chips)
Seat 2: BuzovaPro ($72 in chips)
BuzovaPro: posts small blind $1
knysi: posts big blind $3
*** HOLE CARDS ***
BuzovaPro: raises $3 to $6
knysi: calls $3
*** FLOP *** [Jh 4c 6c]
knysi: checks
BuzovaPro: bets $3
knysi: calls $3
*** TURN *** [Jh 4c 6c] [8d]
knysi: checks
BuzovaPro: checks
*** RIVER *** [Jh 4c 6c 8d] [Kc]
knysi: bets $6
BuzovaPro: raises $6 to $12
knysi: calls $6
*** SHOW DOWN ***
BuzovaPro: shows [5h Kh] (a pair of Kings)
knysi: shows [4h 8c] (two pair, Eights and Fours)
knysi collected $41.50 from pot
*** SUMMARY ***
Total pot $42 | Rake $0.50
Board [Jh 4c 6c 8d Kc]
Seat 1: knysi (big blind) showed [4h 8c] and won ($41.50) with two pair, Eights and Fours
Seat 2: BuzovaPro (button) (small blind) showed [5h Kh] and lost with a pair of Kings


PokerStars Hand #147171509852:  Hold'em Limit ($3/$6 USD) - 2016/01/16 21:17:21 ET
Table 'Agnia' 2-max Seat #1 is the button
Seat 1: knysi ($82.24 in chips)
Seat 2: BuzovaPro ($72 in chips)
knysi: posts small blind $1
BuzovaPro: posts big blind $3
*** HOLE CARDS ***
knysi: raises $3 to $6
BuzovaPro: calls $3
*** FLOP *** [Qc 7h 5d]
BuzovaPro: checks
knysi: checks
*** TURN *** [Qc 7h 5d] [9s]
BuzovaPro: checks
knysi: checks
*** RIVER *** [Qc 7h 5d 9s] [4h]
BuzovaPro: checks
knysi: bets $6
BuzovaPro: calls $6
*** SHOW DOWN ***
knysi: shows [8s 6c] (a straight, Five to Nine)
BuzovaPro: mucks hand
knysi collected $23.52 from pot
*** SUMMARY ***
Total pot $24 | Rake $0.48
Board [Qc 7h 5d 9s 4h]
Seat 1: knysi (button) (small blind) showed [8s 6c] and won ($23.52) with a straight, Five to Nine
Seat 2: BuzovaPro (big blind) mucked


PokerStars Hand #147171562355:  Hold'em Limit ($3/$6 USD) - 2016/01/16 21:19:07 ET
Table 'Agnia' 2-max Seat #1 is the button
Seat 1: knysi ($64.26 in chips)
Seat 2: BuzovaPro ($123.40 in chips)
knysi: posts small blind $1
BuzovaPro: posts big blind $3
*** HOLE CARDS ***
knysi: raises $3 to $6
BuzovaPro: calls $3
*** FLOP *** [3h 8d 2c]
BuzovaPro: checks
knysi: checks
*** TURN *** [3h 8d 2c] [2d]
BuzovaPro: checks
knysi: checks
*** RIVER *** [3h 8d 2c 2d] [Kd]
BuzovaPro: bets $6
knysi: folds
Uncalled bet ($6) returned to BuzovaPro
BuzovaPro collected $11.76 from pot
BuzovaPro: doesn't show hand
*** SUMMARY ***
Total pot $12 | Rake $0.24
Board [3h 8d 2c 2d Kd]
Seat 1: knysi (button) (small blind) folded on the River
Seat 2: BuzovaPro (big blind) collected ($11.76)


PokerStars Hand #147171559491:  Hold'em Limit ($3/$6 USD) - 2016/01/16 21:19:01 ET
Table 'Agnia' 2-max Seat #2 is the button
Seat 1: knysi ($63.26 in chips)
Seat 2: BuzovaPro ($124.40 in chips)
BuzovaPro: posts small blind $1
knysi: posts big blind $3
*** HOLE CARDS ***
BuzovaPro: folds
Uncalled bet ($2) returned to knysi
knysi collected $2 from pot
knysi: doesn't show hand
*** SUMMARY ***
Total pot $2 | Rake $0
Seat 1: knysi (big blind) collected ($2)
Seat 2: BuzovaPro (button) (small blind) folded before Flop


PokerStars Hand #147171553695:  Hold'em Limit ($3/$6 USD) - 2016/01/16 21:18:49 ET
Table 'Agnia' 2-max Seat #1 is the button
Seat 1: knysi ($72.26 in chips)
Seat 2: BuzovaPro ($115.76 in chips)
knysi: posts small blind $1
BuzovaPro: posts big blind $3
*** HOLE CARDS ***
knysi: raises $3 to $6
BuzovaPro: calls $3
*** FLOP *** [Kd 2s 7d]
BuzovaPro: bets $3
knysi: calls $3
*** TURN *** [Kd 2s 7d] [8s]
BuzovaPro: bets $6
knysi: folds
Uncalled bet ($6) returned to BuzovaPro
BuzovaPro collected $17.64 from pot
BuzovaPro: doesn't show hand
*** SUMMARY ***
Total pot $18 | Rake $0.36
Board [Kd 2s 7d 8s]
Seat 1: knysi (button) (small blind) folded on the Turn
Seat 2: BuzovaPro (big blind) collected ($17.64)


PokerStars Hand #147171600267:  Hold'em Limit ($3/$6 USD) - 2016/01/16 21:20:24 ET
Table 'Agnia' 2-max Seat #1 is the button
Seat 1: knysi ($35.26 in chips)
Seat 2: BuzovaPro ($151.42 in chips)
knysi: posts small blind $1
BuzovaPro: posts big blind $3
*** HOLE CARDS ***
knysi: raises $3 to $6
BuzovaPro: calls $3
*** FLOP *** [2d Th Td]
BuzovaPro: checks
knysi: bets $3
BuzovaPro: folds
Uncalled bet ($3) returned to knysi
knysi collected $11.76 from pot
knysi: doesn't show hand
*** SUMMARY ***
Total pot $12 | Rake $0.24
Board [2d Th Td]
Seat 1: knysi (button) (small blind) collected ($11.76)
Seat 2: BuzovaPro (big blind) folded on the Flop


PokerStars Hand #147171597744:  Hold'em Limit ($3/$6 USD) - 2016/01/16 21:20:18 ET
Table 'Agnia' 2-max Seat #2 is the button
Seat 1: knysi ($34.26 in chips)
Seat 2: BuzovaPro ($152.42 in chips)
BuzovaPro: posts small blind $1
knysi: posts big blind $3
*** HOLE CARDS ***
BuzovaPro: folds
Uncalled bet ($2) returned to knysi
knysi collected $2 from pot
knysi: doesn't show hand
*** SUMMARY ***
Total pot $2 | Rake $0
Seat 1: knysi (big blind) collected ($2)
Seat 2: BuzovaPro (button) (small blind) folded before Flop


PokerStars Hand #147171595475:  Hold'em Limit ($3/$6 USD) - 2016/01/16 21:20:14 ET
Table 'Agnia' 2-max Seat #1 is the button
Seat 1: knysi ($35.26 in chips)
Seat 2: BuzovaPro ($151.42 in chips)
knysi: posts small blind $1
BuzovaPro: posts big blind $3
*** HOLE CARDS ***
knysi: folds
Uncalled bet ($2) returned to BuzovaPro
BuzovaPro collected $2 from pot
BuzovaPro: doesn't show hand
*** SUMMARY ***
Total pot $2 | Rake $0
Seat 1: knysi (button) (small blind) folded before Flop
Seat 2: BuzovaPro (big blind) collected ($2)


PokerStars Hand #147171588539:  Hold'em Limit ($3/$6 USD) - 2016/01/16 21:20:00 ET
Table 'Agnia' 2-max Seat #2 is the button
Seat 1: knysi ($34.26 in chips)
Seat 2: BuzovaPro ($152.42 in chips)
BuzovaPro: posts small blind $1
knysi: posts big blind $3
*** HOLE CARDS ***
BuzovaPro: folds
Uncalled bet ($2) returned to knysi
knysi collected $2 from pot
knysi: doesn't show hand
*** SUMMARY ***
Total pot $2 | Rake $0
Seat 1: knysi (big blind) collected ($2)
Seat 2: BuzovaPro (button) (small blind) folded before Flop


PokerStars Hand #147171579688:  Hold'em Limit ($3/$6 USD) - 2016/01/16 21:19:42 ET
Table 'Agnia' 2-max Seat #1 is the button
Seat 1: knysi ($40.26 in chips)
Seat 2: BuzovaPro ($146.66 in chips)
knysi: posts small blind $1
BuzovaPro: posts big blind $3
*** HOLE CARDS ***
knysi: raises $3 to $6
BuzovaPro: calls $3
*** FLOP *** [Jh 7c Td]
BuzovaPro: checks
knysi: checks
*** TURN *** [Jh 7c Td] [9c]
BuzovaPro: checks
knysi: checks
*** RIVER *** [Jh 7c Td 9c] [Ac]
BuzovaPro: checks
knysi: checks
*** SHOW DOWN ***
BuzovaPro: shows [Ah 5h] (a pair of Aces)
knysi: mucks hand
BuzovaPro collected $11.76 from pot
*** SUMMARY ***
Total pot $12 | Rake $0.24
Board [Jh 7c Td 9c Ac]
Seat 1: knysi (button) (small blind) mucked
Seat 2: BuzovaPro (big blind) showed [Ah 5h] and won ($11.76) with a pair of Aces


PokerStars Hand #147171570306:  Hold'em Limit ($3/$6 USD) - 2016/01/16 21:19:23 ET
Table 'Agnia' 2-max Seat #2 is the button
Seat 1: knysi ($58.26 in chips)
Seat 2: BuzovaPro ($129.16 in chips)
BuzovaPro: posts small blind $1
knysi: posts big blind $3
*** HOLE CARDS ***
BuzovaPro: raises $3 to $6
knysi: calls $3
*** FLOP *** [Th Qd Qh]
knysi: checks
BuzovaPro: bets $3
knysi: raises $3 to $6
BuzovaPro: calls $3
*** TURN *** [Th Qd Qh] [8s]
knysi: bets $6
BuzovaPro: raises $6 to $12
knysi: folds
Uncalled bet ($6) returned to BuzovaPro
BuzovaPro collected $35.50 from pot
BuzovaPro: doesn't show hand
*** SUMMARY ***
Total pot $36 | Rake $0.50
Board [Th Qd Qh 8s]
Seat 1: knysi (big blind) folded on the Turn
Seat 2: BuzovaPro (button) (small blind) collected ($35.50)


PokerStars Hand #147171628664:  Hold'em Limit ($3/$6 USD) - 2016/01/16 21:21:21 ET
Table 'Agnia' 2-max Seat #1 is the button
Seat 1: knysi ($35.52 in chips)
Seat 2: BuzovaPro ($149.92 in chips)
knysi: posts small blind $1
BuzovaPro: posts big blind $3
*** HOLE CARDS ***
knysi: raises $3 to $6
BuzovaPro: raises $3 to $9
knysi: calls $3
*** FLOP *** [3s Ad Kd]
BuzovaPro: bets $3
knysi: calls $3
*** TURN *** [3s Ad Kd] [Th]
BuzovaPro: checks
knysi: bets $6
BuzovaPro: calls $6
*** RIVER *** [3s Ad Kd Th] [4h]
BuzovaPro: checks
knysi: bets $6
BuzovaPro: calls $6
*** SHOW DOWN ***
knysi: shows [Kh Ks] (three of a kind, Kings)
BuzovaPro: mucks hand
knysi collected $47.50 from pot
*** SUMMARY ***
Total pot $48 | Rake $0.50
Board [3s Ad Kd Th 4h]
Seat 1: knysi (button) (small blind) showed [Kh Ks] and won ($47.50) with three of a kind, Kings
Seat 2: BuzovaPro (big blind) mucked


PokerStars Hand #147171621235:  Hold'em Limit ($3/$6 USD) - 2016/01/16 21:21:06 ET
Table 'Agnia' 2-max Seat #2 is the button
Seat 1: knysi ($18.02 in chips)
Seat 2: BuzovaPro ($167.92 in chips)
BuzovaPro: posts small blind $1
knysi: posts big blind $3
*** HOLE CARDS ***
BuzovaPro: raises $3 to $6
knysi: calls $3
*** FLOP *** [Th 2s 9d]
knysi: checks
BuzovaPro: bets $3
knysi: raises $3 to $6
BuzovaPro: calls $3
*** TURN *** [Th 2s 9d] [Qd]
knysi: bets $6
BuzovaPro: calls $6
*** RIVER *** [Th 2s 9d Qd] [5d]
knysi: bets $0.02 and is all-in
BuzovaPro: folds
Uncalled bet ($0.02) returned to knysi
knysi collected $35.50 from pot
knysi: doesn't show hand
*** SUMMARY ***
Total pot $36 | Rake $0.50
Board [Th 2s 9d Qd 5d]
Seat 1: knysi (big blind) collected ($35.50)
Seat 2: BuzovaPro (button) (small blind) folded on the River


PokerStars Hand #147171619119:  Hold'em Limit ($3/$6 USD) - 2016/01/16 21:21:02 ET
Table 'Agnia' 2-max Seat #1 is the button
Seat 1: knysi ($19.02 in chips)
Seat 2: BuzovaPro ($166.92 in chips)
knysi: posts small blind $1
BuzovaPro: posts big blind $3
*** HOLE CARDS ***
knysi: folds
Uncalled bet ($2) returned to BuzovaPro
BuzovaPro collected $2 from pot
BuzovaPro: doesn't show hand
*** SUMMARY ***
Total pot $2 | Rake $0
Seat 1: knysi (button) (small blind) folded before Flop
Seat 2: BuzovaPro (big blind) collected ($2)


PokerStars Hand #147171616811:  Hold'em Limit ($3/$6 USD) - 2016/01/16 21:20:57 ET
Table 'Agnia' 2-max Seat #2 is the button
Seat 1: knysi ($18.02 in chips)
Seat 2: BuzovaPro ($167.92 in chips)
BuzovaPro: posts small blind $1
knysi: posts big blind $3
*** HOLE CARDS ***
BuzovaPro: folds
Uncalled bet ($2) returned to knysi
knysi collected $2 from pot
knysi: doesn't show hand
*** SUMMARY ***
Total pot $2 | Rake $0
Seat 1: knysi (big blind) collected ($2)
Seat 2: BuzovaPro (button) (small blind) folded before Flop


PokerStars Hand #147171609641:  Hold'em Limit ($3/$6 USD) - 2016/01/16 21:20:43 ET
Table 'Agnia' 2-max Seat #1 is the button
Seat 1: knysi ($42.02 in chips)
Seat 2: BuzovaPro ($144.42 in chips)
knysi: posts small blind $1
BuzovaPro: posts big blind $3
*** HOLE CARDS ***
knysi: raises $3 to $6
BuzovaPro: raises $3 to $9
knysi: calls $3
*** FLOP *** [6h 3d Qc]
BuzovaPro: bets $3
knysi: calls $3
*** TURN *** [6h 3d Qc] [9c]
BuzovaPro: bets $6
knysi: calls $6
*** RIVER *** [6h 3d Qc 9c] [Kd]
BuzovaPro: bets $6
knysi: calls $6
*** SHOW DOWN ***
BuzovaPro: shows [Js Jh] (a pair of Jacks)
knysi: mucks hand
BuzovaPro collected $47.50 from pot
*** SUMMARY ***
Total pot $48 | Rake $0.50
Board [6h 3d Qc 9c Kd]
Seat 1: knysi (button) (small blind) mucked
Seat 2: BuzovaPro (big blind) showed [Js Jh] and won ($47.50) with a pair of Jacks


PokerStars Hand #147171605297:  Hold'em Limit ($3/$6 USD) - 2016/01/16 21:20:34 ET
Table 'Agnia' 2-max Seat #2 is the button
Seat 1: knysi ($41.02 in chips)
Seat 2: BuzovaPro ($145.42 in chips)
BuzovaPro: posts small blind $1
knysi: posts big blind $3
*** HOLE CARDS ***
BuzovaPro: folds
Uncalled bet ($2) returned to knysi
knysi collected $2 from pot
knysi: doesn't show hand
*** SUMMARY ***
Total pot $2 | Rake $0
Seat 1: knysi (big blind) collected ($2)
Seat 2: BuzovaPro (button) (small blind) folded before Flop


PokerStars Hand #147171650699:  Hold'em Limit ($3/$6 USD) - 2016/01/16 21:22:06 ET
Table 'Agnia' 2-max Seat #2 is the button
Seat 1: knysi ($55.78 in chips)
Seat 2: BuzovaPro ($128.56 in chips)
BuzovaPro: posts small blind $1
knysi: posts big blind $3
*** HOLE CARDS ***
BuzovaPro: raises $3 to $6
knysi: calls $3
*** FLOP *** [Ad Kd 9h]
knysi: checks
BuzovaPro: bets $3
knysi: calls $3
*** TURN *** [Ad Kd 9h] [4c]
knysi: checks
BuzovaPro: checks
*** RIVER *** [Ad Kd 9h 4c] [As]
knysi: bets $6
BuzovaPro: folds
Uncalled bet ($6) returned to knysi
knysi collected $17.64 from pot
knysi: doesn't show hand
*** SUMMARY ***
Total pot $18 | Rake $0.36
Board [Ad Kd 9h 4c As]
Seat 1: knysi (big blind) collected ($17.64)
Seat 2: BuzovaPro (button) (small blind) folded on the River


PokerStars Hand #147171644378:  Hold'em Limit ($3/$6 USD) - 2016/01/16 21:21:53 ET
Table 'Agnia' 2-max Seat #1 is the button
Seat 1: knysi ($50.02 in chips)
Seat 2: BuzovaPro ($134.56 in chips)
knysi: posts small blind $1
BuzovaPro: posts big blind $3
*** HOLE CARDS ***
knysi: raises $3 to $6
BuzovaPro: calls $3
*** FLOP *** [5s 9h 2s]
BuzovaPro: checks
knysi: checks
*** TURN *** [5s 9h 2s] [As]
BuzovaPro: checks
knysi: checks
*** RIVER *** [5s 9h 2s As] [9d]
BuzovaPro: checks
knysi: checks
*** SHOW DOWN ***
BuzovaPro: shows [4h 6s] (a pair of Nines)
knysi: shows [Ks 7h] (a pair of Nines - Ace+King kicker)
knysi collected $11.76 from pot
*** SUMMARY ***
Total pot $12 | Rake $0.24
Board [5s 9h 2s As 9d]
Seat 1: knysi (button) (small blind) showed [Ks 7h] and won ($11.76) with a pair of Nines
Seat 2: BuzovaPro (big blind) showed [4h 6s] and lost with a pair of Nines


PokerStars Hand #147171638126:  Hold'em Limit ($3/$6 USD) - 2016/01/16 21:21:41 ET
Table 'Agnia' 2-max Seat #2 is the button
Seat 1: knysi ($59.02 in chips)
Seat 2: BuzovaPro ($125.92 in chips)
BuzovaPro: posts small blind $1
knysi: posts big blind $3
*** HOLE CARDS ***
BuzovaPro: raises $3 to $6
knysi: calls $3
*** FLOP *** [6c Jd 6h]
knysi: checks
BuzovaPro: bets $3
knysi: calls $3
*** TURN *** [6c Jd 6h] [3c]
knysi: checks
BuzovaPro: bets $6
knysi: folds
Uncalled bet ($6) returned to BuzovaPro
BuzovaPro collected $17.64 from pot
BuzovaPro: doesn't show hand
*** SUMMARY ***
Total pot $18 | Rake $0.36
Board [6c Jd 6h 3c]
Seat 1: knysi (big blind) folded on the Turn
Seat 2: BuzovaPro (button) (small blind) collected ($17.64)


PokerStars Hand #147171692986:  Hold'em Limit ($3/$6 USD) - 2016/01/16 21:23:32 ET
Table 'Agnia' 2-max Seat #2 is the button
Seat 1: knysi ($75.46 in chips)
Seat 2: BuzovaPro ($107.08 in chips)
BuzovaPro: posts small blind $1
knysi: posts big blind $3
*** HOLE CARDS ***
BuzovaPro: folds
Uncalled bet ($2) returned to knysi
knysi collected $2 from pot
knysi: doesn't show hand
*** SUMMARY ***
Total pot $2 | Rake $0
Seat 1: knysi (big blind) collected ($2)
Seat 2: BuzovaPro (button) (small blind) folded before Flop


PokerStars Hand #147171679844:  Hold'em Limit ($3/$6 USD) - 2016/01/16 21:23:05 ET
Table 'Agnia' 2-max Seat #1 is the button
Seat 1: knysi ($63.94 in chips)
Seat 2: BuzovaPro ($119.08 in chips)
knysi: posts small blind $1
BuzovaPro: posts big blind $3
*** HOLE CARDS ***
knysi: raises $3 to $6
BuzovaPro: calls $3
*** FLOP *** [Qs 2c 6h]
BuzovaPro: checks
knysi: checks
*** TURN *** [Qs 2c 6h] [2s]
BuzovaPro: checks
knysi: checks
*** RIVER *** [Qs 2c 6h 2s] [Ts]
BuzovaPro: checks
knysi: bets $6
BuzovaPro: calls $6
*** SHOW DOWN ***
knysi: shows [Th 3h] (two pair, Tens and Deuces)
BuzovaPro: mucks hand
knysi collected $23.52 from pot
*** SUMMARY ***
Total pot $24 | Rake $0.48
Board [Qs 2c 6h 2s Ts]
Seat 1: knysi (button) (small blind) showed [Th 3h] and won ($23.52) with two pair, Tens and Deuces
Seat 2: BuzovaPro (big blind) mucked


PokerStars Hand #147171669972:  Hold'em Limit ($3/$6 USD) - 2016/01/16 21:22:45 ET
Table 'Agnia' 2-max Seat #2 is the button
Seat 1: knysi ($75.94 in chips)
Seat 2: BuzovaPro ($107.56 in chips)
BuzovaPro: posts small blind $1
knysi: posts big blind $3
*** HOLE CARDS ***
BuzovaPro: raises $3 to $6
knysi: calls $3
*** FLOP *** [Qc Kh Qs]
knysi: checks
BuzovaPro: checks
*** TURN *** [Qc Kh Qs] [3c]
knysi: bets $6
BuzovaPro: raises $6 to $12
knysi: folds
Uncalled bet ($6) returned to BuzovaPro
BuzovaPro collected $23.52 from pot
BuzovaPro: doesn't show hand
*** SUMMARY ***
Total pot $24 | Rake $0.48
Board [Qc Kh Qs 3c]
Seat 1: knysi (big blind) folded on the Turn
Seat 2: BuzovaPro (button) (small blind) collected ($23.52)


PokerStars Hand #147171657641:  Hold'em Limit ($3/$6 USD) - 2016/01/16 21:22:20 ET
Table 'Agnia' 2-max Seat #1 is the button
Seat 1: knysi ($64.42 in chips)
Seat 2: BuzovaPro ($119.56 in chips)
knysi: posts small blind $1
BuzovaPro: posts big blind $3
*** HOLE CARDS ***
knysi: raises $3 to $6
BuzovaPro: calls $3
*** FLOP *** [4h 7c 4d]
BuzovaPro: checks
knysi: checks
*** TURN *** [4h 7c 4d] [6c]
BuzovaPro: checks
knysi: checks
*** RIVER *** [4h 7c 4d 6c] [2h]
BuzovaPro: bets $6
knysi: raises $6 to $12
BuzovaPro: folds
Uncalled bet ($6) returned to knysi
knysi collected $23.52 from pot
knysi: doesn't show hand
*** SUMMARY ***
Total pot $24 | Rake $0.48
Board [4h 7c 4d 6c 2h]
Seat 1: knysi (button) (small blind) collected ($23.52)
Seat 2: BuzovaPro (big blind) folded on the River


PokerStars Hand #147171715397:  Hold'em Limit ($3/$6 USD) - 2016/01/16 21:24:18 ET
Table 'Agnia' 2-max Seat #2 is the button
Seat 1: knysi ($64.46 in chips)
Seat 2: BuzovaPro ($117.48 in chips)
BuzovaPro: posts small blind $1
knysi: posts big blind $3
*** HOLE CARDS ***
BuzovaPro: raises $3 to $6
knysi: folds
Uncalled bet ($3) returned to BuzovaPro
BuzovaPro collected $6 from pot
BuzovaPro: doesn't show hand
*** SUMMARY ***
Total pot $6 | Rake $0
Seat 1: knysi (big blind) folded before Flop
Seat 2: BuzovaPro (button) (small blind) collected ($6)


PokerStars Hand #147171713287:  Hold'em Limit ($3/$6 USD) - 2016/01/16 21:24:14 ET
Table 'Agnia' 2-max Seat #1 is the button
Seat 1: knysi ($65.46 in chips)
Seat 2: BuzovaPro ($116.48 in chips)
knysi: posts small blind $1
BuzovaPro: posts big blind $3
*** HOLE CARDS ***
knysi: folds
Uncalled bet ($2) returned to BuzovaPro
BuzovaPro collected $2 from pot
BuzovaPro: doesn't show hand
*** SUMMARY ***
Total pot $2 | Rake $0
Seat 1: knysi (button) (small blind) folded before Flop
Seat 2: BuzovaPro (big blind) collected ($2)


PokerStars Hand #147171706763:  Hold'em Limit ($3/$6 USD) - 2016/01/16 21:24:00 ET
Table 'Agnia' 2-max Seat #2 is the button
Seat 1: knysi ($74.46 in chips)
Seat 2: BuzovaPro ($107.84 in chips)
BuzovaPro: posts small blind $1
knysi: posts big blind $3
*** HOLE CARDS ***
BuzovaPro: raises $3 to $6
knysi: calls $3
*** FLOP *** [Th 3s 4c]
knysi: checks
BuzovaPro: bets $3
knysi: calls $3
*** TURN *** [Th 3s 4c] [Qc]
knysi: checks
BuzovaPro: checks
*** RIVER *** [Th 3s 4c Qc] [5s]
knysi: checks
BuzovaPro: checks
*** SHOW DOWN ***
knysi: shows [Kh 7c] (high card King)
BuzovaPro: shows [3h Jh] (a pair of Threes)
BuzovaPro collected $17.64 from pot
*** SUMMARY ***
Total pot $18 | Rake $0.36
Board [Th 3s 4c Qc 5s]
Seat 1: knysi (big blind) showed [Kh 7c] and lost with high card King
Seat 2: BuzovaPro (button) (small blind) showed [3h Jh] and won ($17.64) with a pair of Threes


PokerStars Hand #147171701306:  Hold'em Limit ($3/$6 USD) - 2016/01/16 21:23:49 ET
Table 'Agnia' 2-max Seat #1 is the button
Seat 1: knysi ($80.46 in chips)
Seat 2: BuzovaPro ($102.08 in chips)
knysi: posts small blind $1
BuzovaPro: posts big blind $3
*** HOLE CARDS ***
knysi: raises $3 to $6
BuzovaPro: calls $3
*** FLOP *** [9c As 5s]
BuzovaPro: checks
knysi: checks
*** TURN *** [9c As 5s] [4d]
BuzovaPro: bets $6
knysi: folds
Uncalled bet ($6) returned to BuzovaPro
BuzovaPro collected $11.76 from pot
BuzovaPro: doesn't show hand
*** SUMMARY ***
Total pot $12 | Rake $0.24
Board [9c As 5s 4d]
Seat 1: knysi (button) (small blind) folded on the Turn
Seat 2: BuzovaPro (big blind) collected ($11.76)


PokerStars Hand #147171698994:  Hold'em Limit ($3/$6 USD) - 2016/01/16 21:23:44 ET
Table 'Agnia' 2-max Seat #2 is the button
Seat 1: knysi ($79.46 in chips)
Seat 2: BuzovaPro ($103.08 in chips)
BuzovaPro: posts small blind $1
knysi: posts big blind $3
*** HOLE CARDS ***
BuzovaPro: folds
Uncalled bet ($2) returned to knysi
knysi collected $2 from pot
knysi: doesn't show hand
*** SUMMARY ***
Total pot $2 | Rake $0
Seat 1: knysi (big blind) collected ($2)
Seat 2: BuzovaPro (button) (small blind) folded before Flop


PokerStars Hand #147171695537:  Hold'em Limit ($3/$6 USD) - 2016/01/16 21:23:37 ET
Table 'Agnia' 2-max Seat #1 is the button
Seat 1: knysi ($76.46 in chips)
Seat 2: BuzovaPro ($106.08 in chips)
knysi: posts small blind $1
BuzovaPro: posts big blind $3
*** HOLE CARDS ***
knysi: raises $3 to $6
BuzovaPro: folds
Uncalled bet ($3) returned to knysi
knysi collected $6 from pot
knysi: doesn't show hand
*** SUMMARY ***
Total pot $6 | Rake $0
Seat 1: knysi (button) (small blind) collected ($6)
Seat 2: BuzovaPro (big blind) folded before Flop


PokerStars Hand #147171741644:  Hold'em Limit ($3/$6 USD) - 2016/01/16 21:25:12 ET
Table 'Agnia' 2-max Seat #2 is the button
Seat 1: knysi ($116.46 in chips)
Seat 2: BuzovaPro ($73 in chips)
BuzovaPro: posts small blind $1
knysi: posts big blind $3
*** HOLE CARDS ***
BuzovaPro: raises $3 to $6
knysi: calls $3
*** FLOP *** [Ad 8d 5s]
knysi: checks
BuzovaPro: bets $3
knysi: calls $3
*** TURN *** [Ad 8d 5s] [6h]
knysi: checks
BuzovaPro: checks
*** RIVER *** [Ad 8d 5s 6h] [Jh]
knysi: bets $6
BuzovaPro: folds
Uncalled bet ($6) returned to knysi
knysi collected $17.64 from pot
knysi: doesn't show hand
*** SUMMARY ***
Total pot $18 | Rake $0.36
Board [Ad 8d 5s 6h Jh]
Seat 1: knysi (big blind) collected ($17.64)
Seat 2: BuzovaPro (button) (small blind) folded on the River


PokerStars Hand #147171739238:  Hold'em Limit ($3/$6 USD) - 2016/01/16 21:25:07 ET
Table 'Agnia' 2-max Seat #1 is the button
Seat 1: knysi ($117.46 in chips)
Seat 2: BuzovaPro ($72 in chips)
knysi: posts small blind $1
BuzovaPro: posts big blind $3
*** HOLE CARDS ***
knysi: folds
Uncalled bet ($2) returned to BuzovaPro
BuzovaPro collected $2 from pot
BuzovaPro: doesn't show hand
*** SUMMARY ***
Total pot $2 | Rake $0
Seat 1: knysi (button) (small blind) folded before Flop
Seat 2: BuzovaPro (big blind) collected ($2)


PokerStars Hand #147171731864:  Hold'em Limit ($3/$6 USD) - 2016/01/16 21:24:52 ET
Table 'Agnia' 2-max Seat #2 is the button
Seat 1: knysi ($102.96 in chips)
Seat 2: BuzovaPro ($78.48 in chips)
BuzovaPro: posts small blind $1
knysi: posts big blind $3
*** HOLE CARDS ***
BuzovaPro: raises $3 to $6
knysi: calls $3
*** FLOP *** [5c 4d Qc]
knysi: checks
BuzovaPro: bets $3
knysi: calls $3
*** TURN *** [5c 4d Qc] [Qh]
knysi: checks
BuzovaPro: bets $6
knysi: raises $6 to $12
BuzovaPro: folds
Uncalled bet ($6) returned to knysi
knysi collected $29.50 from pot
knysi: doesn't show hand
*** SUMMARY ***
Total pot $30 | Rake $0.50
Board [5c 4d Qc Qh]
Seat 1: knysi (big blind) collected ($29.50)
Seat 2: BuzovaPro (button) (small blind) folded on the Turn


PokerStars Hand #147171717809:  Hold'em Limit ($3/$6 USD) - 2016/01/16 21:24:23 ET
Table 'Agnia' 2-max Seat #1 is the button
Seat 1: knysi ($61.46 in chips)
Seat 2: BuzovaPro ($120.48 in chips)
knysi: posts small blind $1
BuzovaPro: posts big blind $3
*** HOLE CARDS ***
knysi: raises $3 to $6
BuzovaPro: raises $3 to $9
knysi: calls $3
*** FLOP *** [5d 9c 3c]
BuzovaPro: bets $3
knysi: calls $3
*** TURN *** [5d 9c 3c] [Ts]
BuzovaPro: bets $6
knysi: raises $6 to $12
BuzovaPro: calls $6
*** RIVER *** [5d 9c 3c Ts] [3d]
BuzovaPro: checks
knysi: bets $6
BuzovaPro: raises $6 to $12
knysi: raises $6 to $18
BuzovaPro: calls $6
*** SHOW DOWN ***
knysi: shows [9s 3s] (a full house, Threes full of Nines)
BuzovaPro: mucks hand
knysi collected $83.50 from pot
*** SUMMARY ***
Total pot $84 | Rake $0.50
Board [5d 9c 3c Ts 3d]
Seat 1: knysi (button) (small blind) showed [9s 3s] and won ($83.50) with a full house, Threes full of Nines
Seat 2: BuzovaPro (big blind) mucked


PokerStars Hand #147171779639:  Hold'em Limit ($3/$6 USD) - 2016/01/16 21:26:30 ET
Table 'Agnia' 2-max Seat #2 is the button
Seat 1: knysi ($109.74 in chips)
Seat 2: BuzovaPro ($86.14 in chips)
BuzovaPro: posts small blind $1
knysi: posts big blind $3
*** HOLE CARDS ***
BuzovaPro: folds
Uncalled bet ($2) returned to knysi
knysi collected $2 from pot
knysi: doesn't show hand
*** SUMMARY ***
Total pot $2 | Rake $0
Seat 1: knysi (big blind) collected ($2)
Seat 2: BuzovaPro (button) (small blind) folded before Flop


PokerStars Hand #147171771219:  Hold'em Limit ($3/$6 USD) - 2016/01/16 21:26:13 ET
Table 'Agnia' 2-max Seat #1 is the button
Seat 1: knysi ($101.10 in chips)
Seat 2: BuzovaPro ($95.14 in chips)
knysi: posts small blind $1
BuzovaPro: posts big blind $3
*** HOLE CARDS ***
knysi: raises $3 to $6
BuzovaPro: calls $3
*** FLOP *** [4s 4h Js]
BuzovaPro: checks
knysi: bets $3
BuzovaPro: calls $3
*** TURN *** [4s 4h Js] [7c]
BuzovaPro: checks
knysi: bets $6
BuzovaPro: folds
Uncalled bet ($6) returned to knysi
knysi collected $17.64 from pot
knysi: doesn't show hand
*** SUMMARY ***
Total pot $18 | Rake $0.36
Board [4s 4h Js 7c]
Seat 1: knysi (button) (small blind) collected ($17.64)
Seat 2: BuzovaPro (big blind) folded on the Turn


PokerStars Hand #147171760544:  Hold'em Limit ($3/$6 USD) - 2016/01/16 21:25:51 ET
Table 'Agnia' 2-max Seat #2 is the button
Seat 1: knysi ($116.10 in chips)
Seat 2: BuzovaPro ($80.64 in chips)
BuzovaPro: posts small blind $1
knysi: posts big blind $3
*** HOLE CARDS ***
BuzovaPro: raises $3 to $6
knysi: calls $3
*** FLOP *** [9s Tc 8c]
knysi: checks
BuzovaPro: bets $3
knysi: calls $3
*** TURN *** [9s Tc 8c] [7c]
knysi: checks
BuzovaPro: bets $6
knysi: calls $6
*** RIVER *** [9s Tc 8c 7c] [Js]
knysi: checks
BuzovaPro: bets $6
knysi: folds
Uncalled bet ($6) returned to BuzovaPro
BuzovaPro collected $29.50 from pot
BuzovaPro: doesn't show hand
*** SUMMARY ***
Total pot $30 | Rake $0.50
Board [9s Tc 8c 7c Js]
Seat 1: knysi (big blind) folded on the River
Seat 2: BuzovaPro (button) (small blind) collected ($29.50)


PokerStars Hand #147171758297:  Hold'em Limit ($3/$6 USD) - 2016/01/16 21:25:46 ET
Table 'Agnia' 2-max Seat #1 is the button
Seat 1: knysi ($117.10 in chips)
Seat 2: BuzovaPro ($79.64 in chips)
knysi: posts small blind $1
BuzovaPro: posts big blind $3
*** HOLE CARDS ***
knysi: folds
Uncalled bet ($2) returned to BuzovaPro
BuzovaPro collected $2 from pot
BuzovaPro: doesn't show hand
*** SUMMARY ***
Total pot $2 | Rake $0
Seat 1: knysi (button) (small blind) folded before Flop
Seat 2: BuzovaPro (big blind) collected ($2)


PokerStars Hand #147171756079:  Hold'em Limit ($3/$6 USD) - 2016/01/16 21:25:42 ET
Table 'Agnia' 2-max Seat #2 is the button
Seat 1: knysi ($116.10 in chips)
Seat 2: BuzovaPro ($80.64 in chips)
BuzovaPro: posts small blind $1
knysi: posts big blind $3
*** HOLE CARDS ***
BuzovaPro: folds
Uncalled bet ($2) returned to knysi
knysi collected $2 from pot
knysi: doesn't show hand
*** SUMMARY ***
Total pot $2 | Rake $0
Seat 1: knysi (big blind) collected ($2)
Seat 2: BuzovaPro (button) (small blind) folded before Flop


PokerStars Hand #147171748339:  Hold'em Limit ($3/$6 USD) - 2016/01/16 21:25:26 ET
Table 'Agnia' 2-max Seat #1 is the button
Seat 1: knysi ($125.10 in chips)
Seat 2: BuzovaPro ($72 in chips)
knysi: posts small blind $1
BuzovaPro: posts big blind $3
*** HOLE CARDS ***
knysi: raises $3 to $6
BuzovaPro: calls $3
*** FLOP *** [Td 4h As]
BuzovaPro: bets $3
knysi: calls $3
*** TURN *** [Td 4h As] [8h]
BuzovaPro: checks
knysi: checks
*** RIVER *** [Td 4h As 8h] [Qs]
BuzovaPro: checks
knysi: checks
*** SHOW DOWN ***
BuzovaPro: shows [4c Jc] (a pair of Fours)
knysi: mucks hand
BuzovaPro collected $17.64 from pot
*** SUMMARY ***
Total pot $18 | Rake $0.36
Board [Td 4h As 8h Qs]
Seat 1: knysi (button) (small blind) mucked
Seat 2: BuzovaPro (big blind) showed [4c Jc] and won ($17.64) with a pair of Fours


PokerStars Hand #147171798755:  Hold'em Limit ($3/$6 USD) - 2016/01/16 21:27:10 ET
Table 'Agnia' 2-max Seat #1 is the button
Seat 1: knysi ($92.50 in chips)
Seat 2: BuzovaPro ($102.64 in chips)
knysi: posts small blind $1
BuzovaPro: posts big blind $3
*** HOLE CARDS ***
knysi: raises $3 to $6
BuzovaPro: raises $3 to $9
knysi: calls $3
*** FLOP *** [3s 8d Jd]
BuzovaPro: bets $3
knysi: calls $3
*** TURN *** [3s 8d Jd] [5h]
BuzovaPro: checks
knysi: bets $6
BuzovaPro: calls $6
*** RIVER *** [3s 8d Jd 5h] [Kc]
BuzovaPro: checks
knysi: checks
*** SHOW DOWN ***
BuzovaPro: shows [6h 6s] (a pair of Sixes)
knysi: shows [8c Qd] (a pair of Eights)
knysi collected $35.50 from pot
*** SUMMARY ***
Total pot $36 | Rake $0.50
Board [3s 8d Jd 5h Kc]
Seat 1: knysi (button) (small blind) showed [8c Qd] and won ($35.50) with a pair of Eights
Seat 2: BuzovaPro (big blind) showed [6h 6s] and lost with a pair of Sixes


PokerStars Hand #147171790865:  Hold'em Limit ($3/$6 USD) - 2016/01/16 21:26:53 ET
Table 'Agnia' 2-max Seat #2 is the button
Seat 1: knysi ($116.50 in chips)
Seat 2: BuzovaPro ($79.14 in chips)
BuzovaPro: posts small blind $1
knysi: posts big blind $3
*** HOLE CARDS ***
BuzovaPro: raises $3 to $6
knysi: calls $3
*** FLOP *** [Ad 6h Js]
knysi: checks
BuzovaPro: bets $3
knysi: raises $3 to $6
BuzovaPro: calls $3
*** TURN *** [Ad 6h Js] [8s]
knysi: bets $6
BuzovaPro: calls $6
*** RIVER *** [Ad 6h Js 8s] [7h]
knysi: bets $6
BuzovaPro: calls $6
*** SHOW DOWN ***
knysi: shows [Th 3c] (high card Ace)
BuzovaPro: shows [Kc Qh] (high card Ace - King kicker)
BuzovaPro collected $47.50 from pot
*** SUMMARY ***
Total pot $48 | Rake $0.50
Board [Ad 6h Js 8s 7h]
Seat 1: knysi (big blind) showed [Th 3c] and lost with high card Ace
Seat 2: BuzovaPro (button) (small blind) showed [Kc Qh] and won ($47.50) with high card Ace


PokerStars Hand #147171781907:  Hold'em Limit ($3/$6 USD) - 2016/01/16 21:26:35 ET
Table 'Agnia' 2-max Seat #1 is the button
Seat 1: knysi ($110.74 in chips)
Seat 2: BuzovaPro ($85.14 in chips)
knysi: posts small blind $1
BuzovaPro: posts big blind $3
*** HOLE CARDS ***
knysi: raises $3 to $6
BuzovaPro: calls $3
*** FLOP *** [5d 8c 7d]
BuzovaPro: checks
knysi: checks
*** TURN *** [5d 8c 7d] [3h]
BuzovaPro: checks
knysi: checks
*** RIVER *** [5d 8c 7d 3h] [8d]
BuzovaPro: checks
knysi: checks
*** SHOW DOWN ***
BuzovaPro: shows [Jh Qc] (a pair of Eights)
knysi: shows [Ac 4d] (a pair of Eights - Ace kicker)
knysi collected $11.76 from pot
*** SUMMARY ***
Total pot $12 | Rake $0.24
Board [5d 8c 7d 3h 8d]
Seat 1: knysi (button) (small blind) showed [Ac 4d] and won ($11.76) with a pair of Eights
Seat 2: BuzovaPro (big blind) showed [Jh Qc] and lost with a pair of Eights


PokerStars Hand #147171815293:  Hold'em Limit ($3/$6 USD) - 2016/01/16 21:27:44 ET
Table 'Agnia' 2-max Seat #1 is the button
Seat 1: knysi ($95 in chips)
Seat 2: BuzovaPro ($99.14 in chips)
knysi: posts small blind $1
BuzovaPro: posts big blind $3
*** HOLE CARDS ***
knysi: raises $3 to $6
BuzovaPro: folds
Uncalled bet ($3) returned to knysi
knysi collected $6 from pot
knysi: doesn't show hand
*** SUMMARY ***
Total pot $6 | Rake $0
Seat 1: knysi (button) (small blind) collected ($6)
Seat 2: BuzovaPro (big blind) folded before Flop


PokerStars Hand #147171807434:  Hold'em Limit ($3/$6 USD) - 2016/01/16 21:27:28 ET
Table 'Agnia' 2-max Seat #2 is the button
Seat 1: knysi ($110 in chips)
Seat 2: BuzovaPro ($84.64 in chips)
BuzovaPro: posts small blind $1
knysi: posts big blind $3
*** HOLE CARDS ***
BuzovaPro: raises $3 to $6
knysi: calls $3
*** FLOP *** [9d Ad Ts]
knysi: checks
BuzovaPro: bets $3
knysi: calls $3
*** TURN *** [9d Ad Ts] [Jh]
knysi: checks
BuzovaPro: bets $6
knysi: calls $6
*** RIVER *** [9d Ad Ts Jh] [2s]
knysi: checks
BuzovaPro: bets $6
knysi: folds
Uncalled bet ($6) returned to BuzovaPro
BuzovaPro collected $29.50 from pot
BuzovaPro: doesn't show hand
*** SUMMARY ***
Total pot $30 | Rake $0.50
Board [9d Ad Ts Jh 2s]
Seat 1: knysi (big blind) folded on the River
Seat 2: BuzovaPro (button) (small blind) collected ($29.50)


PokerStars Hand #147171834598:  Hold'em Limit ($3/$6 USD) - 2016/01/16 21:28:24 ET
Table 'Agnia' 2-max Seat #1 is the button
Seat 1: knysi ($85 in chips)
Seat 2: BuzovaPro ($108.66 in chips)
knysi: posts small blind $1
BuzovaPro: posts big blind $3
*** HOLE CARDS ***
knysi: folds
Uncalled bet ($2) returned to BuzovaPro
knysi leaves the table
BuzovaPro collected $2 from pot
BuzovaPro: doesn't show hand
*** SUMMARY ***
Total pot $2 | Rake $0
Seat 1: knysi (button) (small blind) folded before Flop
Seat 2: BuzovaPro (big blind) collected ($2)


PokerStars Hand #147171828378:  Hold'em Limit ($3/$6 USD) - 2016/01/16 21:28:11 ET
Table 'Agnia' 2-max Seat #2 is the button
Seat 1: knysi ($91 in chips)
Seat 2: BuzovaPro ($102.90 in chips)
BuzovaPro: posts small blind $1
knysi: posts big blind $3
*** HOLE CARDS ***
BuzovaPro: raises $3 to $6
knysi: calls $3
*** FLOP *** [3h 5c 9d]
knysi: checks
BuzovaPro: bets $3
knysi: folds
Uncalled bet ($3) returned to BuzovaPro
BuzovaPro collected $11.76 from pot
BuzovaPro: doesn't show hand
*** SUMMARY ***
Total pot $12 | Rake $0.24
Board [3h 5c 9d]
Seat 1: knysi (big blind) folded on the Flop
Seat 2: BuzovaPro (button) (small blind) collected ($11.76)


PokerStars Hand #147171826168:  Hold'em Limit ($3/$6 USD) - 2016/01/16 21:28:07 ET
Table 'Agnia' 2-max Seat #1 is the button
Seat 1: knysi ($92 in chips)
Seat 2: BuzovaPro ($101.90 in chips)
knysi: posts small blind $1
BuzovaPro: posts big blind $3
*** HOLE CARDS ***
knysi: folds
Uncalled bet ($2) returned to BuzovaPro
BuzovaPro collected $2 from pot
BuzovaPro: doesn't show hand
*** SUMMARY ***
Total pot $2 | Rake $0
Seat 1: knysi (button) (small blind) folded before Flop
Seat 2: BuzovaPro (big blind) collected ($2)


PokerStars Hand #147171818491:  Hold'em Limit ($3/$6 USD) - 2016/01/16 21:27:51 ET
Table 'Agnia' 2-max Seat #2 is the button
Seat 1: knysi ($98 in chips)
Seat 2: BuzovaPro ($96.14 in chips)
BuzovaPro: posts small blind $1
knysi: posts big blind $3
*** HOLE CARDS ***
BuzovaPro: raises $3 to $6
knysi: calls $3
*** FLOP *** [4d 5c 4h]
knysi: checks
BuzovaPro: checks
*** TURN *** [4d 5c 4h] [Qc]
knysi: checks
BuzovaPro: bets $6
knysi: folds
Uncalled bet ($6) returned to BuzovaPro
BuzovaPro collected $11.76 from pot
BuzovaPro: doesn't show hand
*** SUMMARY ***
Total pot $12 | Rake $0.24
Board [4d 5c 4h Qc]
Seat 1: knysi (big blind) folded on the Turn
Seat 2: BuzovaPro (button) (small blind) collected ($11.76)


