PokerStars Hand #161481988212:  Hold'em Limit ($3/$6 USD) - 2016/11/16 6:53:35 ET
Table 'Agrippina II' 6-max Seat #3 is the button
Seat 3: ABATAPP ($106.56 in chips)
Seat 6: StarWoks ($320.80 in chips)
ABATAPP: posts small blind $1
StarWoks: posts big blind $3
*** HOLE CARDS ***
ABATAPP: raises $3 to $6
StarWoks: raises $3 to $9
ABATAPP: calls $3
*** FLOP *** [Kh Jh 9d]
StarWoks: bets $3
ABATAPP: folds
Uncalled bet ($3) returned to StarWoks
StarWoks collected $17.64 from pot
*** SUMMARY ***
Total pot $18 | Rake $0.36
Board [Kh Jh 9d]
Seat 3: ABATAPP (button) (small blind) folded on the Flop
Seat 6: StarWoks (big blind) collected ($17.64)


PokerStars Hand #161481981586:  Hold'em Limit ($3/$6 USD) - 2016/11/16 6:53:21 ET
Table 'Agrippina II' 6-max Seat #6 is the button
Seat 3: ABATAPP ($109.56 in chips)
Seat 6: StarWoks ($317.92 in chips)
StarWoks: posts small blind $1
ABATAPP: posts big blind $3
*** HOLE CARDS ***
StarWoks: calls $2
ABATAPP: checks
*** FLOP *** [Jd 6h Kc]
ABATAPP: checks
StarWoks: bets $3
ABATAPP: folds
Uncalled bet ($3) returned to StarWoks
StarWoks collected $5.88 from pot
*** SUMMARY ***
Total pot $6 | Rake $0.12
Board [Jd 6h Kc]
Seat 3: ABATAPP (big blind) folded on the Flop
Seat 6: StarWoks (button) (small blind) collected ($5.88)


PokerStars Hand #161482005842:  Hold'em Limit ($3/$6 USD) - 2016/11/16 6:54:12 ET
Table 'Agrippina II' 6-max Seat #6 is the button
Seat 3: ABATAPP ($90.56 in chips)
Seat 6: StarWoks ($336.20 in chips)
StarWoks: posts small blind $1
ABATAPP: posts big blind $3
*** HOLE CARDS ***
VolkovDmitri leaves the table
StarWoks: raises $3 to $6
ABATAPP: calls $3
*** FLOP *** [Jh Jc As]
ABATAPP: checks
B_loJkl leaves the table
StarWoks: bets $3
ABATAPP: folds
Uncalled bet ($3) returned to StarWoks
Kevytmaito joins the table at seat #4
StarWoks collected $11.76 from pot
B_loJkl joins the table at seat #1
*** SUMMARY ***
Total pot $12 | Rake $0.24
Board [Jh Jc As]
Seat 3: ABATAPP (big blind) folded on the Flop
Seat 6: StarWoks (button) (small blind) collected ($11.76)


PokerStars Hand #161482001824:  Hold'em Limit ($3/$6 USD) - 2016/11/16 6:54:04 ET
Table 'Agrippina II' 6-max Seat #3 is the button
Seat 3: ABATAPP ($91.56 in chips)
Seat 6: StarWoks ($335.20 in chips)
ABATAPP: posts small blind $1
StarWoks: posts big blind $3
*** HOLE CARDS ***
ABATAPP: folds
Uncalled bet ($2) returned to StarWoks
StarWoks collected $2 from pot
*** SUMMARY ***
Total pot $2 | Rake $0
Seat 3: ABATAPP (button) (small blind) folded before Flop
Seat 6: StarWoks (big blind) collected ($2)


PokerStars Hand #161481995318:  Hold'em Limit ($3/$6 USD) - 2016/11/16 6:53:50 ET
Table 'Agrippina II' 6-max Seat #6 is the button
Seat 3: ABATAPP ($97.56 in chips)
Seat 6: StarWoks ($329.44 in chips)
StarWoks: posts small blind $1
ABATAPP: posts big blind $3
*** HOLE CARDS ***
StarWoks: raises $3 to $6
ABATAPP: calls $3
*** FLOP *** [Ad Th 3s]
ABATAPP: checks
StarWoks: bets $3
ABATAPP: folds
Uncalled bet ($3) returned to StarWoks
StarWoks collected $11.76 from pot
*** SUMMARY ***
Total pot $12 | Rake $0.24
Board [Ad Th 3s]
Seat 3: ABATAPP (big blind) folded on the Flop
Seat 6: StarWoks (button) (small blind) collected ($11.76)


PokerStars Hand #161483326571:  Hold'em Limit ($3/$6 USD) - 2016/11/16 7:40:32 ET
Table 'Agrippina II' 6-max Seat #5 is the button
Seat 3: ABATAPP ($76.62 in chips)
Seat 5: B_loJkl ($91.59 in chips)
B_loJkl: posts small blind $1
ABATAPP: posts big blind $3
*** HOLE CARDS ***
StarWoks leaves the table
B_loJkl: raises $3 to $6
ABATAPP: folds
Uncalled bet ($3) returned to B_loJkl
sim5sim5 leaves the table
B_loJkl collected $6 from pot
B_loJkl: doesn't show hand
*** SUMMARY ***
Total pot $6 | Rake $0
Seat 3: ABATAPP (big blind) folded before Flop
Seat 5: B_loJkl (button) (small blind) collected ($6)


