PokerStars Hand #160710818998:  Hold'em Limit ($3/$6 USD) - 2016/10/31 17:07:10 ET
Table 'Agrippina' 6-max Seat #3 is the button
Seat 3: HettyD ($72.45 in chips)
Seat 4: Actionni13 ($150 in chips)
HettyD: posts small blind $1
Actionni13: posts big blind $3
*** HOLE CARDS ***
vestimokrec joins the table at seat #5
HettyD: folds
Uncalled bet ($2) returned to Actionni13
Actionni13 collected $2 from pot
Actionni13: doesn't show hand
*** SUMMARY ***
Total pot $2 | Rake $0
Seat 3: HettyD (button) (small blind) folded before Flop
Seat 4: Actionni13 (big blind) collected ($2)


PokerStars Hand #160710907235:  Hold'em Limit ($3/$6 USD) - 2016/10/31 17:09:17 ET
Table 'Agrippina' 6-max Seat #3 is the button
Seat 3: HettyD ($87.55 in chips)
Seat 4: Actionni13 ($159.92 in chips)
HettyD: posts small blind $1
Actionni13: posts big blind $3
*** HOLE CARDS ***
HettyD: calls $2
Actionni13: raises $3 to $6
HettyD: calls $3
*** FLOP *** [7s 4h 9s]
Actionni13: bets $3
HettyD: folds
Uncalled bet ($3) returned to Actionni13
Actionni13 collected $11.76 from pot
Actionni13: doesn't show hand
*** SUMMARY ***
Total pot $12 | Rake $0.24
Board [7s 4h 9s]
Seat 3: HettyD (button) (small blind) folded on the Flop
Seat 4: Actionni13 (big blind) collected ($11.76)


PokerStars Hand #160710894631:  Hold'em Limit ($3/$6 USD) - 2016/10/31 17:09:00 ET
Table 'Agrippina' 6-max Seat #4 is the button
Seat 3: HettyD ($78.91 in chips)
Seat 4: Actionni13 ($168.92 in chips)
Actionni13: posts small blind $1
HettyD: posts big blind $3
*** HOLE CARDS ***
Actionni13: raises $3 to $6
HettyD: calls $3
*** FLOP *** [Ac 5c Td]
HettyD: checks
Actionni13: bets $3
HettyD: calls $3
*** TURN *** [Ac 5c Td] [Tc]
HettyD: checks
Actionni13: checks
*** RIVER *** [Ac 5c Td Tc] [8h]
HettyD: checks
Actionni13: checks
*** SHOW DOWN ***
HettyD: shows [5s Qc] (two pair, Tens and Fives)
Actionni13: mucks hand
HettyD collected $17.64 from pot
*** SUMMARY ***
Total pot $18 | Rake $0.36
Board [Ac 5c Td Tc 8h]
Seat 3: HettyD (big blind) showed [5s Qc] and won ($17.64) with two pair, Tens and Fives
Seat 4: Actionni13 (button) (small blind) mucked


PokerStars Hand #160710891244:  Hold'em Limit ($3/$6 USD) - 2016/10/31 17:08:55 ET
Table 'Agrippina' 6-max Seat #3 is the button
Seat 3: HettyD ($79.91 in chips)
Seat 4: Actionni13 ($167.92 in chips)
HettyD: posts small blind $1
Actionni13: posts big blind $3
*** HOLE CARDS ***
HettyD: folds
Uncalled bet ($2) returned to Actionni13
Actionni13 collected $2 from pot
Actionni13: doesn't show hand
*** SUMMARY ***
Total pot $2 | Rake $0
Seat 3: HettyD (button) (small blind) folded before Flop
Seat 4: Actionni13 (big blind) collected ($2)


PokerStars Hand #160710887020:  Hold'em Limit ($3/$6 USD) - 2016/10/31 17:08:49 ET
Table 'Agrippina' 6-max Seat #4 is the button
Seat 3: HettyD ($78.91 in chips)
Seat 4: Actionni13 ($168.92 in chips)
Actionni13: posts small blind $1
HettyD: posts big blind $3
*** HOLE CARDS ***
Actionni13: folds
Uncalled bet ($2) returned to HettyD
HettyD collected $2 from pot
*** SUMMARY ***
Total pot $2 | Rake $0
Seat 3: HettyD (big blind) collected ($2)
Seat 4: Actionni13 (button) (small blind) folded before Flop


PokerStars Hand #160710960055:  Hold'em Limit ($3/$6 USD) - 2016/10/31 17:10:27 ET
Table 'Agrippina' 6-max Seat #3 is the button
Seat 3: HettyD ($90.07 in chips)
Seat 4: Actionni13 ($156.68 in chips)
HettyD: posts small blind $1
Actionni13: posts big blind $3
*** HOLE CARDS ***
HettyD: folds
Uncalled bet ($2) returned to Actionni13
Actionni13 collected $2 from pot
Actionni13: doesn't show hand
*** SUMMARY ***
Total pot $2 | Rake $0
Seat 3: HettyD (button) (small blind) folded before Flop
Seat 4: Actionni13 (big blind) collected ($2)


PokerStars Hand #160710954315:  Hold'em Limit ($3/$6 USD) - 2016/10/31 17:10:19 ET
Table 'Agrippina' 6-max Seat #4 is the button
Seat 3: HettyD ($93.07 in chips)
Seat 4: Actionni13 ($153.68 in chips)
Actionni13: posts small blind $1
HettyD: posts big blind $3
*** HOLE CARDS ***
Actionni13: raises $3 to $6
xxRGx joins the table at seat #2
HettyD: folds
Uncalled bet ($3) returned to Actionni13
Actionni13 collected $6 from pot
Actionni13: doesn't show hand
*** SUMMARY ***
Total pot $6 | Rake $0
Seat 3: HettyD (big blind) folded before Flop
Seat 4: Actionni13 (button) (small blind) collected ($6)


PokerStars Hand #160710934475:  Hold'em Limit ($3/$6 USD) - 2016/10/31 17:09:53 ET
Table 'Agrippina' 6-max Seat #3 is the button
Seat 3: HettyD ($90.19 in chips)
Seat 4: Actionni13 ($156.68 in chips)
HettyD: posts small blind $1
Actionni13: posts big blind $3
*** HOLE CARDS ***
HettyD: calls $2
Actionni13: checks
*** FLOP *** [6s 9c 3h]
Actionni13: checks
HettyD: checks
*** TURN *** [6s 9c 3h] [Qc]
Actionni13: checks
HettyD: checks
*** RIVER *** [6s 9c 3h Qc] [Th]
Actionni13: checks
HettyD: checks
*** SHOW DOWN ***
Actionni13: shows [8d Kc] (high card King)
HettyD: shows [4s 4c] (a pair of Fours)
HettyD collected $5.88 from pot
*** SUMMARY ***
Total pot $6 | Rake $0.12
Board [6s 9c 3h Qc Th]
Seat 3: HettyD (button) (small blind) showed [4s 4c] and won ($5.88) with a pair of Fours
Seat 4: Actionni13 (big blind) showed [8d Kc] and lost with high card King


PokerStars Hand #160710918679:  Hold'em Limit ($3/$6 USD) - 2016/10/31 17:09:33 ET
Table 'Agrippina' 6-max Seat #4 is the button
Seat 3: HettyD ($81.55 in chips)
Seat 4: Actionni13 ($165.68 in chips)
Actionni13: posts small blind $1
HettyD: posts big blind $3
*** HOLE CARDS ***
Actionni13: raises $3 to $6
HettyD: calls $3
*** FLOP *** [Ah Th Qd]
HettyD: checks
Actionni13: bets $3
HettyD: calls $3
*** TURN *** [Ah Th Qd] [6d]
HettyD: checks
Actionni13: checks
*** RIVER *** [Ah Th Qd 6d] [2s]
HettyD: checks
Actionni13: checks
*** SHOW DOWN ***
HettyD: shows [Tc 7d] (a pair of Tens)
Actionni13: mucks hand
HettyD collected $17.64 from pot
*** SUMMARY ***
Total pot $18 | Rake $0.36
Board [Ah Th Qd 6d 2s]
Seat 3: HettyD (big blind) showed [Tc 7d] and won ($17.64) with a pair of Tens
Seat 4: Actionni13 (button) (small blind) mucked


PokerStars Hand #160718516629:  Hold'em Limit ($3/$6 USD) - 2016/10/31 19:56:45 ET
Table 'Agrippina' 6-max Seat #2 is the button
Seat 1: Great_Kang ($365.73 in chips)
Seat 2: Hats007 ($115.51 in chips)
Hats007: posts small blind $1
Great_Kang: posts big blind $3
*** HOLE CARDS ***
Hats007: raises $3 to $6
Great_Kang: calls $3
*** FLOP *** [Th 4c Qh]
DirtyDouble2 leaves the table
Great_Kang: checks
Hats007: bets $3
Great_Kang: folds
Uncalled bet ($3) returned to Hats007
Hats007 collected $11.76 from pot
Hats007: doesn't show hand
*** SUMMARY ***
Total pot $12 | Rake $0.24
Board [Th 4c Qh]
Seat 1: Great_Kang (big blind) folded on the Flop
Seat 2: Hats007 (button) (small blind) collected ($11.76)


PokerStars Hand #160718558725:  Hold'em Limit ($3/$6 USD) - 2016/10/31 19:58:03 ET
Table 'Agrippina' 6-max Seat #1 is the button
Seat 1: Great_Kang ($391.99 in chips)
Seat 2: Hats007 ($88.27 in chips)
Great_Kang: posts small blind $1
Hats007: posts big blind $3
*** HOLE CARDS ***
Great_Kang: raises $3 to $6
Hats007: folds
Uncalled bet ($3) returned to Great_Kang
Great_Kang collected $6 from pot
Great_Kang: doesn't show hand
*** SUMMARY ***
Total pot $6 | Rake $0
Seat 1: Great_Kang (button) (small blind) collected ($6)
Seat 2: Hats007 (big blind) folded before Flop


PokerStars Hand #160718531940:  Hold'em Limit ($3/$6 USD) - 2016/10/31 19:57:13 ET
Table 'Agrippina' 6-max Seat #1 is the button
Seat 1: Great_Kang ($359.73 in chips)
Seat 2: Hats007 ($121.27 in chips)
Great_Kang: posts small blind $1
Hats007: posts big blind $3
*** HOLE CARDS ***
Great_Kang: raises $3 to $6
Hats007: calls $3
*** FLOP *** [Ah 6h Ts]
Hats007: checks
Great_Kang: bets $3
Hats007: folds
Uncalled bet ($3) returned to Great_Kang
Great_Kang collected $11.76 from pot
Great_Kang: doesn't show hand
*** SUMMARY ***
Total pot $12 | Rake $0.24
Board [Ah 6h Ts]
Seat 1: Great_Kang (button) (small blind) collected ($11.76)
Seat 2: Hats007 (big blind) folded on the Flop


PokerStars Hand #160718542955:  Hold'em Limit ($3/$6 USD) - 2016/10/31 19:57:33 ET
Table 'Agrippina' 6-max Seat #2 is the button
Seat 1: Great_Kang ($365.49 in chips)
Seat 2: Hats007 ($115.27 in chips)
Hats007: posts small blind $1
Great_Kang: posts big blind $3
*** HOLE CARDS ***
Hats007: raises $3 to $6
Great_Kang: raises $3 to $9
Hats007: calls $3
*** FLOP *** [Kh 6h 2d]
Great_Kang: bets $3
Hats007: raises $3 to $6
Great_Kang: calls $3
*** TURN *** [Kh 6h 2d] [Kc]
Great_Kang: checks
Hats007: bets $6
Great_Kang: calls $6
*** RIVER *** [Kh 6h 2d Kc] [3d]
Great_Kang: checks
Hats007: bets $6
Great_Kang: calls $6
*** SHOW DOWN ***
Hats007: shows [9h 8h] (a pair of Kings)
Great_Kang: shows [Ah Qd] (a pair of Kings - Ace kicker)
Great_Kang collected $53.50 from pot
*** SUMMARY ***
Total pot $54 | Rake $0.50
Board [Kh 6h 2d Kc 3d]
Seat 1: Great_Kang (big blind) showed [Ah Qd] and won ($53.50) with a pair of Kings
Seat 2: Hats007 (button) (small blind) showed [9h 8h] and lost with a pair of Kings


PokerStars Hand #160718567582:  Hold'em Limit ($3/$6 USD) - 2016/10/31 19:58:19 ET
Table 'Agrippina' 6-max Seat #1 is the button
Seat 1: Great_Kang ($391.99 in chips)
Seat 2: Hats007 ($88.27 in chips)
Great_Kang: posts small blind $1
Hats007: posts big blind $3
*** HOLE CARDS ***
Great_Kang: folds
Uncalled bet ($2) returned to Hats007
Hats007 collected $2 from pot
Hats007: doesn't show hand
*** SUMMARY ***
Total pot $2 | Rake $0
Seat 1: Great_Kang (button) (small blind) folded before Flop
Seat 2: Hats007 (big blind) collected ($2)


PokerStars Hand #160718563307:  Hold'em Limit ($3/$6 USD) - 2016/10/31 19:58:11 ET
Table 'Agrippina' 6-max Seat #2 is the button
Seat 1: Great_Kang ($394.99 in chips)
Seat 2: Hats007 ($85.27 in chips)
Hats007: posts small blind $1
Great_Kang: posts big blind $3
*** HOLE CARDS ***
Hats007: raises $3 to $6
Great_Kang: folds
Uncalled bet ($3) returned to Hats007
Hats007 collected $6 from pot
Hats007: doesn't show hand
*** SUMMARY ***
Total pot $6 | Rake $0
Seat 1: Great_Kang (big blind) folded before Flop
Seat 2: Hats007 (button) (small blind) collected ($6)


