PokerStars Hand #164604639288:  Hold'em Limit ($3/$6 USD) - 2017/01/15 6:07:37 ET
Table 'Agrius' 6-max Seat #1 is the button
Seat 1: rabbit3115 ($30 in chips)
Seat 5: GoliafUa ($120 in chips)
rabbit3115: posts small blind $1
GoliafUa: posts big blind $3
*** HOLE CARDS ***
rabbit3115: calls $2
GoliafUa: checks
*** FLOP *** [8h Qh 4d]
GoliafUa: checks
rabbit3115: checks
*** TURN *** [8h Qh 4d] [8d]
GoliafUa: bets $6
rabbit3115: calls $6
*** RIVER *** [8h Qh 4d 8d] [4s]
GoliafUa: bets $6
rabbit3115: calls $6
*** SHOW DOWN ***
GoliafUa: shows [Jc 4c] (a full house, Fours full of Eights)
rabbit3115: mucks hand
GoliafUa collected $29.50 from pot
*** SUMMARY ***
Total pot $30 | Rake $0.50
Board [8h Qh 4d 8d 4s]
Seat 1: rabbit3115 (button) (small blind) mucked
Seat 5: GoliafUa (big blind) showed [Jc 4c] and won ($29.50) with a full house, Fours full of Eights


PokerStars Hand #164604654638:  Hold'em Limit ($3/$6 USD) - 2017/01/15 6:08:06 ET
Table 'Agrius' 6-max Seat #5 is the button
Seat 1: rabbit3115 ($15 in chips)
Seat 5: GoliafUa ($134.50 in chips)
GoliafUa: posts small blind $1
rabbit3115: posts big blind $3
*** HOLE CARDS ***
GoliafUa: folds
Uncalled bet ($2) returned to rabbit3115
rabbit3115 collected $2 from pot
rabbit3115: doesn't show hand
*** SUMMARY ***
Total pot $2 | Rake $0
Seat 1: rabbit3115 (big blind) collected ($2)
Seat 5: GoliafUa (button) (small blind) folded before Flop


PokerStars Hand #164604657666:  Hold'em Limit ($3/$6 USD) - 2017/01/15 6:08:12 ET
Table 'Agrius' 6-max Seat #1 is the button
Seat 1: rabbit3115 ($16 in chips)
Seat 5: GoliafUa ($133.50 in chips)
rabbit3115: posts small blind $1
GoliafUa: posts big blind $3
*** HOLE CARDS ***
parnishka11 joins the table at seat #3
TinaTurner72 joins the table at seat #2
rabbit3115: calls $2
GoliafUa: checks
*** FLOP *** [Ah 7d Kh]
GoliafUa: checks
rabbit3115: checks
*** TURN *** [Ah 7d Kh] [7h]
GoliafUa: checks
rabbit3115: bets $6
GoliafUa: folds
Uncalled bet ($6) returned to rabbit3115
rabbit3115 collected $5.88 from pot
rabbit3115: doesn't show hand
*** SUMMARY ***
Total pot $6 | Rake $0.12
Board [Ah 7d Kh 7h]
Seat 1: rabbit3115 (button) (small blind) collected ($5.88)
Seat 5: GoliafUa (big blind) folded on the Turn


PokerStars Hand #164604668180:  Hold'em Limit ($3/$6 USD) - 2017/01/15 6:08:32 ET
Table 'Agrius' 6-max Seat #5 is the button
Seat 1: rabbit3115 ($18.88 in chips)
Seat 5: GoliafUa ($130.50 in chips)
GoliafUa: posts small blind $1
rabbit3115: posts big blind $3
*** HOLE CARDS ***
GoliafUa: raises $3 to $6
rabbit3115: calls $3
*** FLOP *** [Td 4d Tc]
volkovsky joins the table at seat #4
rabbit3115: checks
GoliafUa: bets $3
rabbit3115: folds
Uncalled bet ($3) returned to GoliafUa
GoliafUa collected $11.76 from pot
GoliafUa: doesn't show hand
*** SUMMARY ***
Total pot $12 | Rake $0.24
Board [Td 4d Tc]
Seat 1: rabbit3115 (big blind) folded on the Flop
Seat 5: GoliafUa (button) (small blind) collected ($11.76)


PokerStars Hand #164606644104:  Hold'em Limit ($3/$6 USD) - 2017/01/15 7:08:17 ET
Table 'Agrius' 6-max Seat #3 is the button
Seat 2: sokol-max-PS ($184.92 in chips)
Seat 3: kusznak ($177.72 in chips)
kusznak: posts small blind $1
HAL9QQQ: is sitting out
Jigorek1989: is sitting out
sokol-max-PS: posts big blind $3
*** HOLE CARDS ***
kusznak: folds
Uncalled bet ($2) returned to sokol-max-PS
sokol-max-PS collected $2 from pot
*** SUMMARY ***
Total pot $2 | Rake $0
Seat 2: sokol-max-PS (big blind) collected ($2)
Seat 3: kusznak (button) (small blind) folded before Flop


