PokerStars Hand #144453066736:  Hold'em Limit ($3/$6 USD) - 2015/11/27 7:50:36 ET
Table 'Agrippina' 2-max Seat #1 is the button
Seat 1: qwer571 ($65 in chips)
Seat 2: Crspy Bacon ($134.50 in chips)
qwer571: posts small blind $1
Crspy Bacon: posts big blind $3
*** HOLE CARDS ***
qwer571: folds
Uncalled bet ($2) returned to Crspy Bacon
Crspy Bacon collected $2 from pot
Crspy Bacon: doesn't show hand
*** SUMMARY ***
Total pot $2 | Rake $0
Seat 1: qwer571 (button) (small blind) folded before Flop
Seat 2: Crspy Bacon (big blind) collected ($2)


PokerStars Hand #144453047235:  Hold'em Limit ($3/$6 USD) - 2015/11/27 7:49:58 ET
Table 'Agrippina' 2-max Seat #2 is the button
Seat 1: qwer571 ($80 in chips)
Seat 2: Crspy Bacon ($120 in chips)
Crspy Bacon: posts small blind $1
qwer571: posts big blind $3
*** HOLE CARDS ***
Crspy Bacon: raises $3 to $6
qwer571: calls $3
*** FLOP *** [3s 7s 2d]
qwer571: checks
Crspy Bacon: bets $3
qwer571: calls $3
*** TURN *** [3s 7s 2d] [8s]
qwer571: checks
Crspy Bacon: bets $6
qwer571: calls $6
*** RIVER *** [3s 7s 2d 8s] [9s]
qwer571: checks
Crspy Bacon: checks
*** SHOW DOWN ***
qwer571: shows [Th 3d] (a pair of Threes)
Crspy Bacon: shows [Ac 3h] (a pair of Threes - Ace kicker)
Crspy Bacon collected $29.50 from pot
*** SUMMARY ***
Total pot $30 | Rake $0.50
Board [3s 7s 2d 8s 9s]
Seat 1: qwer571 (big blind) showed [Th 3d] and lost with a pair of Threes
Seat 2: Crspy Bacon (button) (small blind) showed [Ac 3h] and won ($29.50) with a pair of Threes


PokerStars Hand #144453071064:  Hold'em Limit ($3/$6 USD) - 2015/11/27 7:50:44 ET
Table 'Agrippina' 2-max Seat #2 is the button
Seat 1: qwer571 ($64 in chips)
Seat 2: Crspy Bacon ($135.50 in chips)
Crspy Bacon: posts small blind $1
qwer571: posts big blind $3
*** HOLE CARDS ***
Crspy Bacon: raises $3 to $6
qwer571: calls $3
*** FLOP *** [Kh 6c 5d]
qwer571: bets $3
Crspy Bacon: folds
Uncalled bet ($3) returned to qwer571
qwer571 collected $11.76 from pot
qwer571: doesn't show hand
*** SUMMARY ***
Total pot $12 | Rake $0.24
Board [Kh 6c 5d]
Seat 1: qwer571 (big blind) collected ($11.76)
Seat 2: Crspy Bacon (button) (small blind) folded on the Flop


PokerStars Hand #144453090291:  Hold'em Limit ($3/$6 USD) - 2015/11/27 7:51:21 ET
Table 'Agrippina' 2-max Seat #2 is the button
Seat 1: qwer571 ($54.76 in chips)
Seat 2: Crspy Bacon ($144 in chips)
Crspy Bacon: posts small blind $1
qwer571: posts big blind $3
*** HOLE CARDS ***
Crspy Bacon: raises $3 to $6
qwer571: calls $3
*** FLOP *** [8d 8h Jh]
qwer571: bets $3
Crspy Bacon: calls $3
*** TURN *** [8d 8h Jh] [Jc]
qwer571: checks
Crspy Bacon: bets $6
qwer571: folds
Uncalled bet ($6) returned to Crspy Bacon
Crspy Bacon collected $17.64 from pot
Crspy Bacon: doesn't show hand
*** SUMMARY ***
Total pot $18 | Rake $0.36
Board [8d 8h Jh Jc]
Seat 1: qwer571 (big blind) folded on the Turn
Seat 2: Crspy Bacon (button) (small blind) collected ($17.64)


PokerStars Hand #144453077113:  Hold'em Limit ($3/$6 USD) - 2015/11/27 7:50:55 ET
Table 'Agrippina' 2-max Seat #1 is the button
Seat 1: qwer571 ($69.76 in chips)
Seat 2: Crspy Bacon ($129.50 in chips)
qwer571: posts small blind $1
Crspy Bacon: posts big blind $3
*** HOLE CARDS ***
qwer571: raises $3 to $6
Crspy Bacon: calls $3
*** FLOP *** [Kc Td Qh]
Crspy Bacon: checks
qwer571: bets $3
Crspy Bacon: calls $3
*** TURN *** [Kc Td Qh] [Jh]
Crspy Bacon: checks
qwer571: bets $6
Crspy Bacon: raises $6 to $12
qwer571: folds
Uncalled bet ($6) returned to Crspy Bacon
Crspy Bacon collected $29.50 from pot
Crspy Bacon: doesn't show hand
*** SUMMARY ***
Total pot $30 | Rake $0.50
Board [Kc Td Qh Jh]
Seat 1: qwer571 (button) (small blind) folded on the Turn
Seat 2: Crspy Bacon (big blind) collected ($29.50)


PokerStars Hand #144453099995:  Hold'em Limit ($3/$6 USD) - 2015/11/27 7:51:39 ET
Table 'Agrippina' 2-max Seat #1 is the button
Seat 1: qwer571 ($45.76 in chips)
Seat 2: Crspy Bacon ($152.64 in chips)
qwer571: posts small blind $1
Crspy Bacon: posts big blind $3
*** HOLE CARDS ***
qwer571: folds
Uncalled bet ($2) returned to Crspy Bacon
Crspy Bacon collected $2 from pot
Crspy Bacon: doesn't show hand
*** SUMMARY ***
Total pot $2 | Rake $0
Seat 1: qwer571 (button) (small blind) folded before Flop
Seat 2: Crspy Bacon (big blind) collected ($2)


PokerStars Hand #144453104515:  Hold'em Limit ($3/$6 USD) - 2015/11/27 7:51:48 ET
Table 'Agrippina' 2-max Seat #2 is the button
Seat 1: qwer571 ($44.76 in chips)
Seat 2: Crspy Bacon ($153.64 in chips)
Crspy Bacon: posts small blind $1
qwer571: posts big blind $3
*** HOLE CARDS ***
Crspy Bacon: raises $3 to $6
qwer571: calls $3
*** FLOP *** [7c Ts 8h]
qwer571: checks
Crspy Bacon: checks
*** TURN *** [7c Ts 8h] [9d]
qwer571: bets $6
Crspy Bacon: folds
Uncalled bet ($6) returned to qwer571
qwer571 collected $11.76 from pot
qwer571: doesn't show hand
*** SUMMARY ***
Total pot $12 | Rake $0.24
Board [7c Ts 8h 9d]
Seat 1: qwer571 (big blind) collected ($11.76)
Seat 2: Crspy Bacon (button) (small blind) folded on the Turn


PokerStars Hand #144453120779:  Hold'em Limit ($3/$6 USD) - 2015/11/27 7:52:20 ET
Table 'Agrippina' 2-max Seat #2 is the button
Seat 1: qwer571 ($35.52 in chips)
Seat 2: Crspy Bacon ($162.14 in chips)
Crspy Bacon: posts small blind $1
qwer571: posts big blind $3
*** HOLE CARDS ***
Crspy Bacon: raises $3 to $6
qwer571: calls $3
*** FLOP *** [9c 8c 8d]
qwer571: bets $3
Crspy Bacon: raises $3 to $6
qwer571: folds
Uncalled bet ($3) returned to Crspy Bacon
Crspy Bacon collected $17.64 from pot
Crspy Bacon: doesn't show hand
*** SUMMARY ***
Total pot $18 | Rake $0.36
Board [9c 8c 8d]
Seat 1: qwer571 (big blind) folded on the Flop
Seat 2: Crspy Bacon (button) (small blind) collected ($17.64)


PokerStars Hand #144453112274:  Hold'em Limit ($3/$6 USD) - 2015/11/27 7:52:03 ET
Table 'Agrippina' 2-max Seat #1 is the button
Seat 1: qwer571 ($50.52 in chips)
Seat 2: Crspy Bacon ($147.64 in chips)
qwer571: posts small blind $1
Crspy Bacon: posts big blind $3
*** HOLE CARDS ***
qwer571: raises $3 to $6
Crspy Bacon: calls $3
*** FLOP *** [Ts 4d 7s]
Crspy Bacon: checks
qwer571: bets $3
Crspy Bacon: calls $3
*** TURN *** [Ts 4d 7s] [7h]
Crspy Bacon: checks
qwer571: bets $6
Crspy Bacon: calls $6
*** RIVER *** [Ts 4d 7s 7h] [8c]
Crspy Bacon: checks
qwer571: checks
*** SHOW DOWN ***
Crspy Bacon: shows [8d Jh] (two pair, Eights and Sevens)
qwer571: mucks hand
Crspy Bacon collected $29.50 from pot
*** SUMMARY ***
Total pot $30 | Rake $0.50
Board [Ts 4d 7s 7h 8c]
Seat 1: qwer571 (button) (small blind) mucked
Seat 2: Crspy Bacon (big blind) showed [8d Jh] and won ($29.50) with two pair, Eights and Sevens


PokerStars Hand #144453132361:  Hold'em Limit ($3/$6 USD) - 2015/11/27 7:52:43 ET
Table 'Agrippina' 2-max Seat #2 is the button
Seat 1: qwer571 ($32.28 in chips)
Seat 2: Crspy Bacon ($164.78 in chips)
Crspy Bacon: posts small blind $1
qwer571: posts big blind $3
*** HOLE CARDS ***
Crspy Bacon: raises $3 to $6
qwer571: calls $3
*** FLOP *** [2c 3c 8h]
qwer571: checks
Crspy Bacon: bets $3
qwer571: calls $3
*** TURN *** [2c 3c 8h] [8s]
qwer571: checks
Crspy Bacon: bets $6
qwer571: calls $6
*** RIVER *** [2c 3c 8h 8s] [Jh]
qwer571: checks
Crspy Bacon: checks
*** SHOW DOWN ***
qwer571: shows [6c Ad] (a pair of Eights)
Crspy Bacon: shows [4c 2h] (two pair, Eights and Deuces)
Crspy Bacon collected $29.50 from pot
*** SUMMARY ***
Total pot $30 | Rake $0.50
Board [2c 3c 8h 8s Jh]
Seat 1: qwer571 (big blind) showed [6c Ad] and lost with a pair of Eights
Seat 2: Crspy Bacon (button) (small blind) showed [4c 2h] and won ($29.50) with two pair, Eights and Deuces


PokerStars Hand #144453144427:  Hold'em Limit ($3/$6 USD) - 2015/11/27 7:53:06 ET
Table 'Agrippina' 2-max Seat #1 is the button
Seat 1: qwer571 ($17.28 in chips)
Seat 2: Crspy Bacon ($179.28 in chips)
qwer571: posts small blind $1
Crspy Bacon: posts big blind $3
*** HOLE CARDS ***
qwer571: raises $3 to $6
Crspy Bacon: calls $3
*** FLOP *** [9d 4s 5h]
Crspy Bacon: checks
qwer571: bets $3
Crspy Bacon: raises $3 to $6
qwer571: calls $3
*** TURN *** [9d 4s 5h] [4c]
Crspy Bacon: bets $6
qwer571: calls $5.28 and is all-in
Uncalled bet ($0.72) returned to Crspy Bacon
*** RIVER *** [9d 4s 5h 4c] [8h]
*** SHOW DOWN ***
Crspy Bacon: shows [6c 9h] (two pair, Nines and Fours)
qwer571: shows [Ad Jc] (a pair of Fours)
Crspy Bacon collected $34.06 from pot
*** SUMMARY ***
Total pot $34.56 | Rake $0.50
Board [9d 4s 5h 4c 8h]
Seat 1: qwer571 (button) (small blind) showed [Ad Jc] and lost with a pair of Fours
Seat 2: Crspy Bacon (big blind) showed [6c 9h] and won ($34.06) with two pair, Nines and Fours


PokerStars Hand #144453127272:  Hold'em Limit ($3/$6 USD) - 2015/11/27 7:52:33 ET
Table 'Agrippina' 2-max Seat #1 is the button
Seat 1: qwer571 ($26.52 in chips)
Seat 2: Crspy Bacon ($170.78 in chips)
qwer571: posts small blind $1
Crspy Bacon: posts big blind $3
*** HOLE CARDS ***
qwer571: raises $3 to $6
Crspy Bacon: calls $3
*** FLOP *** [2h Qh 2d]
Crspy Bacon: checks
qwer571: bets $3
Crspy Bacon: folds
Uncalled bet ($3) returned to qwer571
qwer571 collected $11.76 from pot
qwer571: doesn't show hand
*** SUMMARY ***
Total pot $12 | Rake $0.24
Board [2h Qh 2d]
Seat 1: qwer571 (button) (small blind) collected ($11.76)
Seat 2: Crspy Bacon (big blind) folded on the Flop


