PokerStars Hand #170393431410:  Hold'em Limit ($3/$6 USD) - 2017/05/14 3:00:38 ET
Table 'Agrippina' 6-max Seat #3 is the button
Seat 3: sim5sim5 ($72 in chips)
Seat 4: degal76 ($120 in chips)
sim5sim5: posts small blind $1
degal76: posts big blind $3
*** HOLE CARDS ***
sim5sim5: raises $3 to $6
degal76: folds
Uncalled bet ($3) returned to sim5sim5
sim5sim5 collected $6 from pot
sim5sim5: doesn't show hand
*** SUMMARY ***
Total pot $6 | Rake $0
Seat 3: sim5sim5 (button) (small blind) collected ($6)
Seat 4: degal76 (big blind) folded before Flop


PokerStars Hand #170393434676:  Hold'em Limit ($3/$6 USD) - 2017/05/14 3:00:50 ET
Table 'Agrippina' 6-max Seat #4 is the button
Seat 3: sim5sim5 ($75 in chips)
Seat 4: degal76 ($117 in chips)
degal76: posts small blind $1
sim5sim5: posts big blind $3
*** HOLE CARDS ***
degal76: folds
Uncalled bet ($2) returned to sim5sim5
sim5sim5 collected $2 from pot
sim5sim5: doesn't show hand
*** SUMMARY ***
Total pot $2 | Rake $0
Seat 3: sim5sim5 (big blind) collected ($2)
Seat 4: degal76 (button) (small blind) folded before Flop


PokerStars Hand #170393442126:  Hold'em Limit ($3/$6 USD) - 2017/05/14 3:01:16 ET
Table 'Agrippina' 6-max Seat #4 is the button
Seat 3: sim5sim5 ($84.64 in chips)
Seat 4: degal76 ($107 in chips)
degal76: posts small blind $1
sim5sim5: posts big blind $3
*** HOLE CARDS ***
degal76: folds
Uncalled bet ($2) returned to sim5sim5
sim5sim5 collected $2 from pot
sim5sim5: doesn't show hand
*** SUMMARY ***
Total pot $2 | Rake $0
Seat 3: sim5sim5 (big blind) collected ($2)
Seat 4: degal76 (button) (small blind) folded before Flop


PokerStars Hand #170393436459:  Hold'em Limit ($3/$6 USD) - 2017/05/14 3:00:56 ET
Table 'Agrippina' 6-max Seat #3 is the button
Seat 3: sim5sim5 ($76 in chips)
Seat 4: degal76 ($116 in chips)
sim5sim5: posts small blind $1
degal76: posts big blind $3
*** HOLE CARDS ***
sim5sim5: raises $3 to $6
degal76: calls $3
*** FLOP *** [3c 6h Qc]
degal76: checks
sim5sim5: bets $3
degal76: calls $3
*** TURN *** [3c 6h Qc] [2d]
degal76: checks
sim5sim5: bets $6
degal76: folds
Uncalled bet ($6) returned to sim5sim5
sim5sim5 collected $17.64 from pot
sim5sim5: doesn't show hand
*** SUMMARY ***
Total pot $18 | Rake $0.36
Board [3c 6h Qc 2d]
Seat 3: sim5sim5 (button) (small blind) collected ($17.64)
Seat 4: degal76 (big blind) folded on the Turn


PokerStars Hand #170393443754:  Hold'em Limit ($3/$6 USD) - 2017/05/14 3:01:22 ET
Table 'Agrippina' 6-max Seat #3 is the button
Seat 3: sim5sim5 ($85.64 in chips)
Seat 4: degal76 ($106 in chips)
sim5sim5: posts small blind $1
degal76: posts big blind $3
*** HOLE CARDS ***
sim5sim5: raises $3 to $6
degal76: raises $3 to $9
sim5sim5: calls $3
*** FLOP *** [Qs 5s 8d]
degal76: bets $3
sim5sim5: raises $3 to $6
degal76: calls $3
*** TURN *** [Qs 5s 8d] [7s]
degal76: checks
sim5sim5: bets $6
degal76: calls $6
*** RIVER *** [Qs 5s 8d 7s] [9s]
degal76: bets $6
sim5sim5: calls $6
*** SHOW DOWN ***
degal76: shows [As 9c] (a flush, Ace high)
sim5sim5: mucks hand
degal76 collected $53.50 from pot
*** SUMMARY ***
Total pot $54 | Rake $0.50
Board [Qs 5s 8d 7s 9s]
Seat 3: sim5sim5 (button) (small blind) mucked
Seat 4: degal76 (big blind) showed [As 9c] and won ($53.50) with a flush, Ace high


PokerStars Hand #170393451040:  Hold'em Limit ($3/$6 USD) - 2017/05/14 3:01:47 ET
Table 'Agrippina' 6-max Seat #4 is the button
Seat 3: sim5sim5 ($72 in chips)
Seat 4: degal76 ($132.50 in chips)
degal76: posts small blind $1
sim5sim5: posts big blind $3
*** HOLE CARDS ***
degal76: raises $3 to $6
sim5sim5: raises $3 to $9
degal76: calls $3
*** FLOP *** [Td 3s Ks]
sim5sim5: bets $3
degal76: raises $3 to $6
sim5sim5: calls $3
*** TURN *** [Td 3s Ks] [8c]
sim5sim5: checks
degal76: bets $6
sim5sim5: calls $6
*** RIVER *** [Td 3s Ks 8c] [3d]
sim5sim5: checks
degal76: bets $6
sim5sim5: calls $6
*** SHOW DOWN ***
degal76: shows [Jd Kc] (two pair, Kings and Threes)
sim5sim5: mucks hand
degal76 collected $53.50 from pot
*** SUMMARY ***
Total pot $54 | Rake $0.50
Board [Td 3s Ks 8c 3d]
Seat 3: sim5sim5 (big blind) mucked
Seat 4: degal76 (button) (small blind) showed [Jd Kc] and won ($53.50) with two pair, Kings and Threes


PokerStars Hand #170393464132:  Hold'em Limit ($3/$6 USD) - 2017/05/14 3:02:32 ET
Table 'Agrippina' 6-max Seat #4 is the button
Seat 3: sim5sim5 ($77.76 in chips)
Seat 4: degal76 ($153 in chips)
degal76: posts small blind $1
sim5sim5: posts big blind $3
*** HOLE CARDS ***
degal76: folds
Uncalled bet ($2) returned to sim5sim5
sim5sim5 collected $2 from pot
sim5sim5: doesn't show hand
*** SUMMARY ***
Total pot $2 | Rake $0
Seat 3: sim5sim5 (big blind) collected ($2)
Seat 4: degal76 (button) (small blind) folded before Flop


PokerStars Hand #170393460154:  Hold'em Limit ($3/$6 USD) - 2017/05/14 3:02:18 ET
Table 'Agrippina' 6-max Seat #3 is the button
Seat 3: sim5sim5 ($72 in chips)
Seat 4: degal76 ($159 in chips)
sim5sim5: posts small blind $1
degal76: posts big blind $3
*** HOLE CARDS ***
sim5sim5: raises $3 to $6
degal76: calls $3
*** FLOP *** [6c Jh 8h]
degal76: checks
sim5sim5: bets $3
degal76: folds
Uncalled bet ($3) returned to sim5sim5
sim5sim5 collected $11.76 from pot
sim5sim5: doesn't show hand
*** SUMMARY ***
Total pot $12 | Rake $0.24
Board [6c Jh 8h]
Seat 3: sim5sim5 (button) (small blind) collected ($11.76)
Seat 4: degal76 (big blind) folded on the Flop


PokerStars Hand #170393474413:  Hold'em Limit ($3/$6 USD) - 2017/05/14 3:03:08 ET
Table 'Agrippina' 6-max Seat #3 is the button
Seat 3: sim5sim5 ($79.51 in chips)
Seat 4: degal76 ($150.75 in chips)
sim5sim5: posts small blind $1
degal76: posts big blind $3
*** HOLE CARDS ***
sim5sim5: raises $3 to $6
degal76: calls $3
*** FLOP *** [3h Ad 2s]
degal76: checks
sim5sim5: bets $3
degal76: folds
Uncalled bet ($3) returned to sim5sim5
sim5sim5 collected $11.76 from pot
sim5sim5: doesn't show hand
*** SUMMARY ***
Total pot $12 | Rake $0.24
Board [3h Ad 2s]
Seat 3: sim5sim5 (button) (small blind) collected ($11.76)
Seat 4: degal76 (big blind) folded on the Flop


PokerStars Hand #170393465622:  Hold'em Limit ($3/$6 USD) - 2017/05/14 3:02:37 ET
Table 'Agrippina' 6-max Seat #3 is the button
Seat 3: sim5sim5 ($78.76 in chips)
Seat 4: degal76 ($152 in chips)
sim5sim5: posts small blind $1
degal76: posts big blind $3
*** HOLE CARDS ***
sim5sim5: raises $3 to $6
degal76: raises $3 to $9
sim5sim5: raises $3 to $12
Betting is capped
degal76: calls $3
*** FLOP *** [2c 5s Qd]
degal76: checks
sim5sim5: bets $3
degal76: calls $3
*** TURN *** [2c 5s Qd] [Kc]
degal76: checks
sim5sim5: checks
*** RIVER *** [2c 5s Qd Kc] [Kd]
degal76: checks
sim5sim5: checks
*** SHOW DOWN ***
degal76: shows [Jd Ac] (a pair of Kings)
sim5sim5: shows [Jh Ah] (a pair of Kings)
degal76 collected $14.75 from pot
sim5sim5 collected $14.75 from pot
*** SUMMARY ***
Total pot $30 | Rake $0.50
Board [2c 5s Qd Kc Kd]
Seat 3: sim5sim5 (button) (small blind) showed [Jh Ah] and won ($14.75) with a pair of Kings
Seat 4: degal76 (big blind) showed [Jd Ac] and won ($14.75) with a pair of Kings


PokerStars Hand #170393477740:  Hold'em Limit ($3/$6 USD) - 2017/05/14 3:03:19 ET
Table 'Agrippina' 6-max Seat #4 is the button
Seat 3: sim5sim5 ($85.27 in chips)
Seat 4: degal76 ($144.75 in chips)
degal76: posts small blind $1
sim5sim5: posts big blind $3
*** HOLE CARDS ***
degal76: raises $3 to $6
sim5sim5: calls $3
*** FLOP *** [Tc Ac 4s]
sim5sim5: checks
degal76: bets $3
sim5sim5: calls $3
*** TURN *** [Tc Ac 4s] [3s]
sim5sim5: checks
degal76: checks
*** RIVER *** [Tc Ac 4s 3s] [Ad]
sim5sim5: checks
degal76: checks
*** SHOW DOWN ***
sim5sim5: shows [7s Kd] (a pair of Aces)
degal76: mucks hand
sim5sim5 collected $17.64 from pot
*** SUMMARY ***
Total pot $18 | Rake $0.36
Board [Tc Ac 4s 3s Ad]
Seat 3: sim5sim5 (big blind) showed [7s Kd] and won ($17.64) with a pair of Aces
Seat 4: degal76 (button) (small blind) mucked


PokerStars Hand #170393504027:  Hold'em Limit ($3/$6 USD) - 2017/05/14 3:04:49 ET
Table 'Agrippina' 6-max Seat #3 is the button
Seat 3: sim5sim5 ($76.91 in chips)
Seat 4: degal76 ($171.38 in chips)
sim5sim5: posts small blind $1
degal76: posts big blind $3
*** HOLE CARDS ***
sim5sim5: raises $3 to $6
degal76: calls $3
*** FLOP *** [2c 2h 3c]
degal76: checks
sim5sim5: bets $3
degal76: folds
Uncalled bet ($3) returned to sim5sim5
sim5sim5 collected $11.76 from pot
sim5sim5: doesn't show hand
*** SUMMARY ***
Total pot $12 | Rake $0.24
Board [2c 2h 3c]
Seat 3: sim5sim5 (button) (small blind) collected ($11.76)
Seat 4: degal76 (big blind) folded on the Flop


PokerStars Hand #170393493901:  Hold'em Limit ($3/$6 USD) - 2017/05/14 3:04:14 ET
Table 'Agrippina' 6-max Seat #4 is the button
Seat 3: sim5sim5 ($85.91 in chips)
Seat 4: degal76 ($162.74 in chips)
degal76: posts small blind $1
sim5sim5: posts big blind $3
*** HOLE CARDS ***
degal76: raises $3 to $6
sim5sim5: calls $3
*** FLOP *** [7d Jd 3h]
sim5sim5: bets $3
degal76: raises $3 to $6
sim5sim5: folds
Uncalled bet ($3) returned to degal76
degal76 collected $17.64 from pot
degal76: doesn't show hand
*** SUMMARY ***
Total pot $18 | Rake $0.36
Board [7d Jd 3h]
Seat 3: sim5sim5 (big blind) folded on the Flop
Seat 4: degal76 (button) (small blind) collected ($17.64)


PokerStars Hand #170393500785:  Hold'em Limit ($3/$6 USD) - 2017/05/14 3:04:38 ET
Table 'Agrippina' 6-max Seat #3 is the button
Seat 3: sim5sim5 ($76.91 in chips)
Seat 4: degal76 ($171.38 in chips)
sim5sim5: posts small blind $1
degal76: posts big blind $3
*** HOLE CARDS ***
sim5sim5: folds
Uncalled bet ($2) returned to degal76
degal76 collected $2 from pot
degal76: doesn't show hand
*** SUMMARY ***
Total pot $2 | Rake $0
Seat 3: sim5sim5 (button) (small blind) folded before Flop
Seat 4: degal76 (big blind) collected ($2)


PokerStars Hand #170393492213:  Hold'em Limit ($3/$6 USD) - 2017/05/14 3:04:08 ET
Table 'Agrippina' 6-max Seat #3 is the button
Seat 3: sim5sim5 ($82.91 in chips)
Seat 4: degal76 ($165.74 in chips)
sim5sim5: posts small blind $1
degal76: posts big blind $3
*** HOLE CARDS ***
sim5sim5: raises $3 to $6
degal76: folds
Uncalled bet ($3) returned to sim5sim5
sim5sim5 collected $6 from pot
sim5sim5: doesn't show hand
*** SUMMARY ***
Total pot $6 | Rake $0
Seat 3: sim5sim5 (button) (small blind) collected ($6)
Seat 4: degal76 (big blind) folded before Flop


PokerStars Hand #170393484510:  Hold'em Limit ($3/$6 USD) - 2017/05/14 3:03:42 ET
Table 'Agrippina' 6-max Seat #3 is the button
Seat 3: sim5sim5 ($93.91 in chips)
Seat 4: degal76 ($155.22 in chips)
sim5sim5: posts small blind $1
degal76: posts big blind $3
*** HOLE CARDS ***
sim5sim5: raises $3 to $6
degal76: raises $3 to $9
sim5sim5: calls $3
*** FLOP *** [9h Ks Kh]
degal76: bets $3
sim5sim5: calls $3
*** TURN *** [9h Ks Kh] [9c]
degal76: bets $6
sim5sim5: folds
Uncalled bet ($6) returned to degal76
degal76 collected $23.52 from pot
degal76: doesn't show hand
*** SUMMARY ***
Total pot $24 | Rake $0.48
Board [9h Ks Kh 9c]
Seat 3: sim5sim5 (button) (small blind) folded on the Turn
Seat 4: degal76 (big blind) collected ($23.52)


PokerStars Hand #170393510505:  Hold'em Limit ($3/$6 USD) - 2017/05/14 3:05:12 ET
Table 'Agrippina' 6-max Seat #4 is the button
Seat 3: sim5sim5 ($82.67 in chips)
Seat 4: degal76 ($165.38 in chips)
degal76: posts small blind $1
sim5sim5: posts big blind $3
*** HOLE CARDS ***
degal76: calls $2
sim5sim5: raises $3 to $6
degal76: calls $3
*** FLOP *** [7c 3h 6d]
sim5sim5: bets $3
degal76: raises $3 to $6
sim5sim5: folds
Uncalled bet ($3) returned to degal76
degal76 collected $17.64 from pot
degal76: doesn't show hand
*** SUMMARY ***
Total pot $18 | Rake $0.36
Board [7c 3h 6d]
Seat 3: sim5sim5 (big blind) folded on the Flop
Seat 4: degal76 (button) (small blind) collected ($17.64)


PokerStars Hand #170393507190:  Hold'em Limit ($3/$6 USD) - 2017/05/14 3:05:00 ET
Table 'Agrippina' 6-max Seat #4 is the button
Seat 3: sim5sim5 ($82.67 in chips)
Seat 4: degal76 ($165.38 in chips)
degal76: posts small blind $1
sim5sim5: posts big blind $3
*** HOLE CARDS ***
degal76: folds
Uncalled bet ($2) returned to sim5sim5
sim5sim5 collected $2 from pot
sim5sim5: doesn't show hand
*** SUMMARY ***
Total pot $2 | Rake $0
Seat 3: sim5sim5 (big blind) collected ($2)
Seat 4: degal76 (button) (small blind) folded before Flop


PokerStars Hand #170393516611:  Hold'em Limit ($3/$6 USD) - 2017/05/14 3:05:32 ET
Table 'Agrippina' 6-max Seat #3 is the button
Seat 3: sim5sim5 ($73.67 in chips)
Seat 4: degal76 ($174.02 in chips)
sim5sim5: posts small blind $1
degal76: posts big blind $3
*** HOLE CARDS ***
sim5sim5: raises $3 to $6
degal76: raises $3 to $9
sim5sim5: calls $3
*** FLOP *** [Js 4h Ks]
degal76: bets $3
sim5sim5: calls $3
*** TURN *** [Js 4h Ks] [Ah]
degal76: bets $6
sim5sim5: calls $6
*** RIVER *** [Js 4h Ks Ah] [Jd]
degal76: bets $6
sim5sim5: calls $6
*** SHOW DOWN ***
degal76: shows [3h 3c] (two pair, Jacks and Threes)
sim5sim5: shows [Kd 5s] (two pair, Kings and Jacks)
sim5sim5 collected $47.50 from pot
*** SUMMARY ***
Total pot $48 | Rake $0.50
Board [Js 4h Ks Ah Jd]
Seat 3: sim5sim5 (button) (small blind) showed [Kd 5s] and won ($47.50) with two pair, Kings and Jacks
Seat 4: degal76 (big blind) showed [3h 3c] and lost with two pair, Jacks and Threes


PokerStars Hand #170393538682:  Hold'em Limit ($3/$6 USD) - 2017/05/14 3:06:47 ET
Table 'Agrippina' 6-max Seat #3 is the button
Seat 3: sim5sim5 ($73 in chips)
Seat 4: degal76 ($182.52 in chips)
sim5sim5: posts small blind $1
degal76: posts big blind $3
*** HOLE CARDS ***
sim5sim5: raises $3 to $6
degal76: folds
Uncalled bet ($3) returned to sim5sim5
sim5sim5 collected $6 from pot
sim5sim5: doesn't show hand
*** SUMMARY ***
Total pot $6 | Rake $0
Seat 3: sim5sim5 (button) (small blind) collected ($6)
Seat 4: degal76 (big blind) folded before Flop


PokerStars Hand #170393537008:  Hold'em Limit ($3/$6 USD) - 2017/05/14 3:06:41 ET
Table 'Agrippina' 6-max Seat #4 is the button
Seat 3: sim5sim5 ($72 in chips)
Seat 4: degal76 ($183.52 in chips)
degal76: posts small blind $1
sim5sim5: posts big blind $3
*** HOLE CARDS ***
degal76: folds
Uncalled bet ($2) returned to sim5sim5
sim5sim5 collected $2 from pot
sim5sim5: doesn't show hand
*** SUMMARY ***
Total pot $2 | Rake $0
Seat 3: sim5sim5 (big blind) collected ($2)
Seat 4: degal76 (button) (small blind) folded before Flop


PokerStars Hand #170393524195:  Hold'em Limit ($3/$6 USD) - 2017/05/14 3:05:58 ET
Table 'Agrippina' 6-max Seat #4 is the button
Seat 3: sim5sim5 ($97.17 in chips)
Seat 4: degal76 ($150.02 in chips)
degal76: posts small blind $1
sim5sim5: posts big blind $3
*** HOLE CARDS ***
degal76: raises $3 to $6
sim5sim5: calls $3
*** FLOP *** [9s Kd 6c]
sim5sim5: checks
degal76: bets $3
sim5sim5: calls $3
*** TURN *** [9s Kd 6c] [Ac]
sim5sim5: checks
degal76: bets $6
sim5sim5: raises $6 to $12
degal76: raises $6 to $18
sim5sim5: calls $6
*** RIVER *** [9s Kd 6c Ac] [Th]
sim5sim5: checks
degal76: bets $6
sim5sim5: calls $6
*** SHOW DOWN ***
degal76: shows [Tc Ts] (three of a kind, Tens)
sim5sim5: mucks hand
degal76 collected $65.50 from pot
*** SUMMARY ***
Total pot $66 | Rake $0.50
Board [9s Kd 6c Ac Th]
Seat 3: sim5sim5 (big blind) mucked
Seat 4: degal76 (button) (small blind) showed [Tc Ts] and won ($65.50) with three of a kind, Tens


PokerStars Hand #170393551279:  Hold'em Limit ($3/$6 USD) - 2017/05/14 3:07:29 ET
Table 'Agrippina' 6-max Seat #3 is the button
Seat 3: sim5sim5 ($72 in chips)
Seat 4: degal76 ($190.92 in chips)
sim5sim5: posts small blind $1
degal76: posts big blind $3
*** HOLE CARDS ***
sim5sim5: raises $3 to $6
degal76: folds
Uncalled bet ($3) returned to sim5sim5
sim5sim5 collected $6 from pot
sim5sim5: doesn't show hand
*** SUMMARY ***
Total pot $6 | Rake $0
Seat 3: sim5sim5 (button) (small blind) collected ($6)
Seat 4: degal76 (big blind) folded before Flop


PokerStars Hand #170393545825:  Hold'em Limit ($3/$6 USD) - 2017/05/14 3:07:11 ET
Table 'Agrippina' 6-max Seat #4 is the button
Seat 3: sim5sim5 ($75 in chips)
Seat 4: degal76 ($182.28 in chips)
degal76: posts small blind $1
sim5sim5: posts big blind $3
*** HOLE CARDS ***
degal76: raises $3 to $6
sim5sim5: calls $3
*** FLOP *** [8d Jh 3s]
sim5sim5: checks
degal76: bets $3
sim5sim5: calls $3
*** TURN *** [8d Jh 3s] [Ac]
sim5sim5: checks
degal76: bets $6
sim5sim5: folds
Uncalled bet ($6) returned to degal76
degal76 collected $17.64 from pot
degal76: doesn't show hand
*** SUMMARY ***
Total pot $18 | Rake $0.36
Board [8d Jh 3s Ac]
Seat 3: sim5sim5 (big blind) folded on the Turn
Seat 4: degal76 (button) (small blind) collected ($17.64)


PokerStars Hand #170393553114:  Hold'em Limit ($3/$6 USD) - 2017/05/14 3:07:35 ET
Table 'Agrippina' 6-max Seat #4 is the button
Seat 3: sim5sim5 ($75 in chips)
Seat 4: degal76 ($187.92 in chips)
degal76: posts small blind $1
sim5sim5: posts big blind $3
*** HOLE CARDS ***
degal76: calls $2
sim5sim5: checks
*** FLOP *** [2h Js 9c]
sim5sim5: checks
degal76: bets $3
sim5sim5: folds
Uncalled bet ($3) returned to degal76
degal76 collected $5.88 from pot
degal76: doesn't show hand
*** SUMMARY ***
Total pot $6 | Rake $0.12
Board [2h Js 9c]
Seat 3: sim5sim5 (big blind) folded on the Flop
Seat 4: degal76 (button) (small blind) collected ($5.88)


PokerStars Hand #170393543959:  Hold'em Limit ($3/$6 USD) - 2017/05/14 3:07:05 ET
Table 'Agrippina' 6-max Seat #3 is the button
Seat 3: sim5sim5 ($72 in chips)
Seat 4: degal76 ($185.28 in chips)
sim5sim5: posts small blind $1
degal76: posts big blind $3
*** HOLE CARDS ***
sim5sim5: raises $3 to $6
degal76: folds
Uncalled bet ($3) returned to sim5sim5
sim5sim5 collected $6 from pot
sim5sim5: doesn't show hand
*** SUMMARY ***
Total pot $6 | Rake $0
Seat 3: sim5sim5 (button) (small blind) collected ($6)
Seat 4: degal76 (big blind) folded before Flop


PokerStars Hand #170393540345:  Hold'em Limit ($3/$6 USD) - 2017/05/14 3:06:53 ET
Table 'Agrippina' 6-max Seat #4 is the button
Seat 3: sim5sim5 ($76 in chips)
Seat 4: degal76 ($179.52 in chips)
degal76: posts small blind $1
sim5sim5: posts big blind $3
*** HOLE CARDS ***
degal76: raises $3 to $6
sim5sim5: calls $3
*** FLOP *** [5s Ah 7h]
sim5sim5: checks
degal76: bets $3
sim5sim5: folds
Uncalled bet ($3) returned to degal76
degal76 collected $11.76 from pot
degal76: doesn't show hand
*** SUMMARY ***
Total pot $12 | Rake $0.24
Board [5s Ah 7h]
Seat 3: sim5sim5 (big blind) folded on the Flop
Seat 4: degal76 (button) (small blind) collected ($11.76)


PokerStars Hand #170393569896:  Hold'em Limit ($3/$6 USD) - 2017/05/14 3:08:32 ET
Table 'Agrippina' 6-max Seat #3 is the button
Seat 3: sim5sim5 ($72 in chips)
Seat 4: degal76 ($210.96 in chips)
sim5sim5: posts small blind $1
degal76: posts big blind $3
*** HOLE CARDS ***
sim5sim5: raises $3 to $6
degal76: calls $3
*** FLOP *** [8h 2c 4s]
degal76: checks
sim5sim5: bets $3
degal76: calls $3
*** TURN *** [8h 2c 4s] [Qh]
degal76: checks
sim5sim5: bets $6
degal76: calls $6
*** RIVER *** [8h 2c 4s Qh] [8d]
degal76: checks
sim5sim5: bets $6
degal76: calls $6
*** SHOW DOWN ***
sim5sim5: shows [8s 9c] (three of a kind, Eights)
degal76: mucks hand
sim5sim5 collected $41.50 from pot
*** SUMMARY ***
Total pot $42 | Rake $0.50
Board [8h 2c 4s Qh 8d]
Seat 3: sim5sim5 (button) (small blind) showed [8s 9c] and won ($41.50) with three of a kind, Eights
Seat 4: degal76 (big blind) mucked


PokerStars Hand #170393556544:  Hold'em Limit ($3/$6 USD) - 2017/05/14 3:07:47 ET
Table 'Agrippina' 6-max Seat #3 is the button
Seat 3: sim5sim5 ($72 in chips)
Seat 4: degal76 ($190.80 in chips)
sim5sim5: posts small blind $1
degal76: posts big blind $3
*** HOLE CARDS ***
sim5sim5: raises $3 to $6
degal76: calls $3
*** FLOP *** [5c 2h Td]
degal76: checks
sim5sim5: bets $3
degal76: raises $3 to $6
sim5sim5: calls $3
*** TURN *** [5c 2h Td] [2s]
degal76: bets $6
sim5sim5: folds
Uncalled bet ($6) returned to degal76
degal76 collected $23.52 from pot
degal76: doesn't show hand
*** SUMMARY ***
Total pot $24 | Rake $0.48
Board [5c 2h Td 2s]
Seat 3: sim5sim5 (button) (small blind) folded on the Turn
Seat 4: degal76 (big blind) collected ($23.52)


PokerStars Hand #170393562042:  Hold'em Limit ($3/$6 USD) - 2017/05/14 3:08:06 ET
Table 'Agrippina' 6-max Seat #4 is the button
Seat 3: sim5sim5 ($72 in chips)
Seat 4: degal76 ($202.32 in chips)
degal76: posts small blind $1
sim5sim5: posts big blind $3
*** HOLE CARDS ***
degal76: raises $3 to $6
sim5sim5: calls $3
*** FLOP *** [Kc 3c Js]
sim5sim5: checks
degal76: bets $3
sim5sim5: calls $3
*** TURN *** [Kc 3c Js] [Jd]
sim5sim5: checks
degal76: checks
*** RIVER *** [Kc 3c Js Jd] [Ac]
sim5sim5: checks
degal76: bets $6
sim5sim5: folds
Uncalled bet ($6) returned to degal76
degal76 collected $17.64 from pot
degal76: doesn't show hand
*** SUMMARY ***
Total pot $18 | Rake $0.36
Board [Kc 3c Js Jd Ac]
Seat 3: sim5sim5 (big blind) folded on the River
Seat 4: degal76 (button) (small blind) collected ($17.64)


PokerStars Hand #170393585171:  Hold'em Limit ($3/$6 USD) - 2017/05/14 3:09:23 ET
Table 'Agrippina' 6-max Seat #3 is the button
Seat 3: sim5sim5 ($90.50 in chips)
Seat 4: degal76 ($191.72 in chips)
sim5sim5: posts small blind $1
degal76: posts big blind $3
*** HOLE CARDS ***
sim5sim5: raises $3 to $6
degal76: calls $3
*** FLOP *** [7c Qh 5h]
degal76: checks
sim5sim5: bets $3
degal76: calls $3
*** TURN *** [7c Qh 5h] [8d]
degal76: checks
sim5sim5: bets $6
degal76: calls $6
*** RIVER *** [7c Qh 5h 8d] [9c]
degal76: checks
sim5sim5: checks
*** SHOW DOWN ***
degal76: shows [4s 8s] (a pair of Eights)
sim5sim5: mucks hand
degal76 collected $29.50 from pot
*** SUMMARY ***
Total pot $30 | Rake $0.50
Board [7c Qh 5h 8d 9c]
Seat 3: sim5sim5 (button) (small blind) mucked
Seat 4: degal76 (big blind) showed [4s 8s] and won ($29.50) with a pair of Eights


PokerStars Hand #170393583517:  Hold'em Limit ($3/$6 USD) - 2017/05/14 3:09:18 ET
Table 'Agrippina' 6-max Seat #4 is the button
Seat 3: sim5sim5 ($89.50 in chips)
Seat 4: degal76 ($192.72 in chips)
degal76: posts small blind $1
sim5sim5: posts big blind $3
*** HOLE CARDS ***
degal76: folds
Uncalled bet ($2) returned to sim5sim5
sim5sim5 collected $2 from pot
sim5sim5: doesn't show hand
*** SUMMARY ***
Total pot $2 | Rake $0
Seat 3: sim5sim5 (big blind) collected ($2)
Seat 4: degal76 (button) (small blind) folded before Flop


PokerStars Hand #170393581545:  Hold'em Limit ($3/$6 USD) - 2017/05/14 3:09:11 ET
Table 'Agrippina' 6-max Seat #3 is the button
Seat 3: sim5sim5 ($86.50 in chips)
Seat 4: degal76 ($195.72 in chips)
sim5sim5: posts small blind $1
degal76: posts big blind $3
*** HOLE CARDS ***
sim5sim5: raises $3 to $6
degal76: folds
Uncalled bet ($3) returned to sim5sim5
sim5sim5 collected $6 from pot
sim5sim5: doesn't show hand
*** SUMMARY ***
Total pot $6 | Rake $0
Seat 3: sim5sim5 (button) (small blind) collected ($6)
Seat 4: degal76 (big blind) folded before Flop


PokerStars Hand #170393576808:  Hold'em Limit ($3/$6 USD) - 2017/05/14 3:08:55 ET
Table 'Agrippina' 6-max Seat #4 is the button
Seat 3: sim5sim5 ($92.50 in chips)
Seat 4: degal76 ($189.96 in chips)
degal76: posts small blind $1
sim5sim5: posts big blind $3
*** HOLE CARDS ***
degal76: raises $3 to $6
sim5sim5: calls $3
*** FLOP *** [9h 4h As]
sim5sim5: checks
degal76: bets $3
sim5sim5: folds
Uncalled bet ($3) returned to degal76
degal76 collected $11.76 from pot
degal76: doesn't show hand
*** SUMMARY ***
Total pot $12 | Rake $0.24
Board [9h 4h As]
Seat 3: sim5sim5 (big blind) folded on the Flop
Seat 4: degal76 (button) (small blind) collected ($11.76)


PokerStars Hand #170393592882:  Hold'em Limit ($3/$6 USD) - 2017/05/14 3:09:50 ET
Table 'Agrippina' 6-max Seat #4 is the button
Seat 3: sim5sim5 ($75.50 in chips)
Seat 4: degal76 ($206.22 in chips)
degal76: posts small blind $1
sim5sim5: posts big blind $3
*** HOLE CARDS ***
degal76: calls $2
sim5sim5: checks
*** FLOP *** [7h 3h 3c]
sim5sim5: checks
degal76: checks
*** TURN *** [7h 3h 3c] [7d]
sim5sim5: checks
degal76: checks
*** RIVER *** [7h 3h 3c 7d] [9c]
sim5sim5: bets $6
degal76: folds
Uncalled bet ($6) returned to sim5sim5
sim5sim5 collected $5.88 from pot
sim5sim5: doesn't show hand
*** SUMMARY ***
Total pot $6 | Rake $0.12
Board [7h 3h 3c 7d 9c]
Seat 3: sim5sim5 (big blind) collected ($5.88)
Seat 4: degal76 (button) (small blind) folded on the River


PokerStars Hand #170393609575:  Hold'em Limit ($3/$6 USD) - 2017/05/14 3:10:46 ET
Table 'Agrippina' 6-max Seat #4 is the button
Seat 3: sim5sim5 ($86.88 in chips)
Seat 4: degal76 ($193.86 in chips)
degal76: posts small blind $1
sim5sim5: posts big blind $3
*** HOLE CARDS ***
degal76: raises $3 to $6
sim5sim5: folds
Uncalled bet ($3) returned to degal76
degal76 collected $6 from pot
degal76: doesn't show hand
*** SUMMARY ***
Total pot $6 | Rake $0
Seat 3: sim5sim5 (big blind) folded before Flop
Seat 4: degal76 (button) (small blind) collected ($6)


PokerStars Hand #170393606500:  Hold'em Limit ($3/$6 USD) - 2017/05/14 3:10:36 ET
Table 'Agrippina' 6-max Seat #3 is the button
Seat 3: sim5sim5 ($95.88 in chips)
Seat 4: degal76 ($185.22 in chips)
sim5sim5: posts small blind $1
degal76: posts big blind $3
*** HOLE CARDS ***
sim5sim5: raises $3 to $6
degal76: raises $3 to $9
sim5sim5: calls $3
*** FLOP *** [Qh 5c Ac]
degal76: bets $3
sim5sim5: folds
Uncalled bet ($3) returned to degal76
degal76 collected $17.64 from pot
degal76: doesn't show hand
*** SUMMARY ***
Total pot $18 | Rake $0.36
Board [Qh 5c Ac]
Seat 3: sim5sim5 (button) (small blind) folded on the Flop
Seat 4: degal76 (big blind) collected ($17.64)


PokerStars Hand #170393598322:  Hold'em Limit ($3/$6 USD) - 2017/05/14 3:10:08 ET
Table 'Agrippina' 6-max Seat #3 is the button
Seat 3: sim5sim5 ($78.38 in chips)
Seat 4: degal76 ($203.22 in chips)
sim5sim5: posts small blind $1
degal76: posts big blind $3
*** HOLE CARDS ***
sim5sim5: raises $3 to $6
degal76: folds
Uncalled bet ($3) returned to sim5sim5
sim5sim5 collected $6 from pot
sim5sim5: doesn't show hand
*** SUMMARY ***
Total pot $6 | Rake $0
Seat 3: sim5sim5 (button) (small blind) collected ($6)
Seat 4: degal76 (big blind) folded before Flop


PokerStars Hand #170393600300:  Hold'em Limit ($3/$6 USD) - 2017/05/14 3:10:15 ET
Table 'Agrippina' 6-max Seat #4 is the button
Seat 3: sim5sim5 ($81.38 in chips)
Seat 4: degal76 ($200.22 in chips)
degal76: posts small blind $1
sim5sim5: posts big blind $3
*** HOLE CARDS ***
degal76: raises $3 to $6
sim5sim5: calls $3
*** FLOP *** [2s 8h 6s]
sim5sim5: checks
degal76: bets $3
sim5sim5: calls $3
*** TURN *** [2s 8h 6s] [6d]
sim5sim5: checks
degal76: checks
*** RIVER *** [2s 8h 6s 6d] [6h]
sim5sim5: bets $6
degal76: calls $6
*** SHOW DOWN ***
sim5sim5: shows [Tc Ac] (three of a kind, Sixes)
degal76: mucks hand
sim5sim5 collected $29.50 from pot
*** SUMMARY ***
Total pot $30 | Rake $0.50
Board [2s 8h 6s 6d 6h]
Seat 3: sim5sim5 (big blind) showed [Tc Ac] and won ($29.50) with three of a kind, Sixes
Seat 4: degal76 (button) (small blind) mucked


PokerStars Hand #170393616643:  Hold'em Limit ($3/$6 USD) - 2017/05/14 3:11:10 ET
Table 'Agrippina' 6-max Seat #4 is the button
Seat 3: sim5sim5 ($107.38 in chips)
Seat 4: degal76 ($172.86 in chips)
degal76: posts small blind $1
sim5sim5: posts big blind $3
*** HOLE CARDS ***
degal76: folds
Uncalled bet ($2) returned to sim5sim5
sim5sim5 collected $2 from pot
sim5sim5: doesn't show hand
*** SUMMARY ***
Total pot $2 | Rake $0
Seat 3: sim5sim5 (big blind) collected ($2)
Seat 4: degal76 (button) (small blind) folded before Flop


PokerStars Hand #170393611595:  Hold'em Limit ($3/$6 USD) - 2017/05/14 3:10:53 ET
Table 'Agrippina' 6-max Seat #3 is the button
Seat 3: sim5sim5 ($83.88 in chips)
Seat 4: degal76 ($196.86 in chips)
sim5sim5: posts small blind $1
degal76: posts big blind $3
*** HOLE CARDS ***
sim5sim5: raises $3 to $6
degal76: raises $3 to $9
sim5sim5: calls $3
*** FLOP *** [9s 9c 5s]
degal76: bets $3
sim5sim5: calls $3
*** TURN *** [9s 9c 5s] [Ts]
degal76: bets $6
sim5sim5: calls $6
*** RIVER *** [9s 9c 5s Ts] [Qs]
degal76: bets $6
sim5sim5: calls $6
*** SHOW DOWN ***
degal76: shows [Ac Th] (two pair, Tens and Nines)
sim5sim5: shows [7s Ah] (a flush, Queen high)
sim5sim5 collected $47.50 from pot
*** SUMMARY ***
Total pot $48 | Rake $0.50
Board [9s 9c 5s Ts Qs]
Seat 3: sim5sim5 (button) (small blind) showed [7s Ah] and won ($47.50) with a flush, Queen high
Seat 4: degal76 (big blind) showed [Ac Th] and lost with two pair, Tens and Nines


PokerStars Hand #170393621311:  Hold'em Limit ($3/$6 USD) - 2017/05/14 3:11:26 ET
Table 'Agrippina' 6-max Seat #3 is the button
Seat 3: sim5sim5 ($108.38 in chips)
Seat 4: degal76 ($171.86 in chips)
sim5sim5: posts small blind $1
degal76: posts big blind $3
*** HOLE CARDS ***
sim5sim5: raises $3 to $6
degal76: calls $3
*** FLOP *** [3c As 4d]
degal76: checks
sim5sim5: bets $3
degal76: raises $3 to $6
sim5sim5: calls $3
*** TURN *** [3c As 4d] [6h]
degal76: bets $6
sim5sim5: calls $6
*** RIVER *** [3c As 4d 6h] [6s]
degal76: bets $6
sim5sim5: folds
Uncalled bet ($6) returned to degal76
degal76 collected $35.50 from pot
degal76: doesn't show hand
*** SUMMARY ***
Total pot $36 | Rake $0.50
Board [3c As 4d 6h 6s]
Seat 3: sim5sim5 (button) (small blind) folded on the River
Seat 4: degal76 (big blind) collected ($35.50)


PokerStars Hand #170393636684:  Hold'em Limit ($3/$6 USD) - 2017/05/14 3:12:17 ET
Table 'Agrippina' 6-max Seat #3 is the button
Seat 3: sim5sim5 ($104.88 in chips)
Seat 4: degal76 ($174.36 in chips)
sim5sim5: posts small blind $1
degal76: posts big blind $3
*** HOLE CARDS ***
sim5sim5: raises $3 to $6
degal76: folds
Uncalled bet ($3) returned to sim5sim5
sim5sim5 collected $6 from pot
sim5sim5: doesn't show hand
*** SUMMARY ***
Total pot $6 | Rake $0
Seat 3: sim5sim5 (button) (small blind) collected ($6)
Seat 4: degal76 (big blind) folded before Flop


PokerStars Hand #170393630655:  Hold'em Limit ($3/$6 USD) - 2017/05/14 3:11:57 ET
Table 'Agrippina' 6-max Seat #4 is the button
Seat 3: sim5sim5 ($90.38 in chips)
Seat 4: degal76 ($189.36 in chips)
degal76: posts small blind $1
sim5sim5: posts big blind $3
*** HOLE CARDS ***
degal76: raises $3 to $6
sim5sim5: calls $3
*** FLOP *** [Jc 5s As]
sim5sim5: checks
degal76: bets $3
sim5sim5: calls $3
*** TURN *** [Jc 5s As] [6d]
sim5sim5: checks
degal76: bets $6
sim5sim5: raises $6 to $12
degal76: folds
Uncalled bet ($6) returned to sim5sim5
sim5sim5 collected $29.50 from pot
sim5sim5: doesn't show hand
*** SUMMARY ***
Total pot $30 | Rake $0.50
Board [Jc 5s As 6d]
Seat 3: sim5sim5 (big blind) collected ($29.50)
Seat 4: degal76 (button) (small blind) folded on the Turn


PokerStars Hand #170393647213:  Hold'em Limit ($3/$6 USD) - 2017/05/14 3:12:53 ET
Table 'Agrippina' 6-max Seat #3 is the button
Seat 3: sim5sim5 ($80.88 in chips)
Seat 4: degal76 ($197.86 in chips)
sim5sim5: posts small blind $1
degal76: posts big blind $3
*** HOLE CARDS ***
sim5sim5: folds
Uncalled bet ($2) returned to degal76
degal76 collected $2 from pot
degal76: doesn't show hand
*** SUMMARY ***
Total pot $2 | Rake $0
Seat 3: sim5sim5 (button) (small blind) folded before Flop
Seat 4: degal76 (big blind) collected ($2)


PokerStars Hand #170393638632:  Hold'em Limit ($3/$6 USD) - 2017/05/14 3:12:24 ET
Table 'Agrippina' 6-max Seat #4 is the button
Seat 3: sim5sim5 ($107.88 in chips)
Seat 4: degal76 ($171.36 in chips)
degal76: posts small blind $1
sim5sim5: posts big blind $3
*** HOLE CARDS ***
degal76: calls $2
sim5sim5: checks
*** FLOP *** [5c 2d Kd]
sim5sim5: checks
degal76: bets $3
sim5sim5: raises $3 to $6
degal76: calls $3
*** TURN *** [5c 2d Kd] [8h]
sim5sim5: checks
degal76: bets $6
sim5sim5: raises $6 to $12
degal76: calls $6
*** RIVER *** [5c 2d Kd 8h] [9h]
sim5sim5: bets $6
degal76: calls $6
*** SHOW DOWN ***
sim5sim5: shows [Kc 3c] (a pair of Kings)
degal76: shows [Ks 6s] (a pair of Kings - Nine+Eight+Six kicker)
degal76 collected $53.50 from pot
*** SUMMARY ***
Total pot $54 | Rake $0.50
Board [5c 2d Kd 8h 9h]
Seat 3: sim5sim5 (big blind) showed [Kc 3c] and lost with a pair of Kings
Seat 4: degal76 (button) (small blind) showed [Ks 6s] and won ($53.50) with a pair of Kings


PokerStars Hand #170393666697:  Hold'em Limit ($3/$6 USD) - 2017/05/14 3:13:58 ET
Table 'Agrippina' 6-max Seat #4 is the button
Seat 3: sim5sim5 ($89.52 in chips)
Seat 4: degal76 ($192.38 in chips)
degal76: posts small blind $1
sim5sim5: posts big blind $3
*** HOLE CARDS ***
degal76: folds
Uncalled bet ($2) returned to sim5sim5
sim5sim5 collected $2 from pot
sim5sim5: doesn't show hand
*** SUMMARY ***
Total pot $2 | Rake $0
Seat 3: sim5sim5 (big blind) collected ($2)
Seat 4: degal76 (button) (small blind) folded before Flop


PokerStars Hand #170393664881:  Hold'em Limit ($3/$6 USD) - 2017/05/14 3:13:52 ET
Table 'Agrippina' 6-max Seat #3 is the button
Seat 3: sim5sim5 ($90.52 in chips)
Seat 4: degal76 ($191.38 in chips)
sim5sim5: posts small blind $1
degal76: posts big blind $3
*** HOLE CARDS ***
sim5sim5: folds
Uncalled bet ($2) returned to degal76
degal76 collected $2 from pot
degal76: doesn't show hand
*** SUMMARY ***
Total pot $2 | Rake $0
Seat 3: sim5sim5 (button) (small blind) folded before Flop
Seat 4: degal76 (big blind) collected ($2)


PokerStars Hand #170393656807:  Hold'em Limit ($3/$6 USD) - 2017/05/14 3:13:25 ET
Table 'Agrippina' 6-max Seat #4 is the button
Seat 3: sim5sim5 ($75 in chips)
Seat 4: degal76 ($207.38 in chips)
degal76: posts small blind $1
sim5sim5: posts big blind $3
*** HOLE CARDS ***
degal76: folds
Uncalled bet ($2) returned to sim5sim5
sim5sim5 collected $2 from pot
sim5sim5: doesn't show hand
*** SUMMARY ***
Total pot $2 | Rake $0
Seat 3: sim5sim5 (big blind) collected ($2)
Seat 4: degal76 (button) (small blind) folded before Flop


PokerStars Hand #170393655092:  Hold'em Limit ($3/$6 USD) - 2017/05/14 3:13:19 ET
Table 'Agrippina' 6-max Seat #3 is the button
Seat 3: sim5sim5 ($72 in chips)
Seat 4: degal76 ($210.38 in chips)
sim5sim5: posts small blind $1
degal76: posts big blind $3
*** HOLE CARDS ***
sim5sim5: raises $3 to $6
degal76: folds
Uncalled bet ($3) returned to sim5sim5
sim5sim5 collected $6 from pot
sim5sim5: doesn't show hand
*** SUMMARY ***
Total pot $6 | Rake $0
Seat 3: sim5sim5 (button) (small blind) collected ($6)
Seat 4: degal76 (big blind) folded before Flop


PokerStars Hand #170393649042:  Hold'em Limit ($3/$6 USD) - 2017/05/14 3:12:59 ET
Table 'Agrippina' 6-max Seat #4 is the button
Seat 3: sim5sim5 ($79.88 in chips)
Seat 4: degal76 ($198.86 in chips)
degal76: posts small blind $1
sim5sim5: posts big blind $3
*** HOLE CARDS ***
degal76: raises $3 to $6
sim5sim5: calls $3
*** FLOP *** [4s 7c 4h]
sim5sim5: bets $3
degal76: raises $3 to $6
sim5sim5: calls $3
*** TURN *** [4s 7c 4h] [8s]
sim5sim5: checks
degal76: bets $6
sim5sim5: folds
Uncalled bet ($6) returned to degal76
degal76 collected $23.52 from pot
degal76: doesn't show hand
*** SUMMARY ***
Total pot $24 | Rake $0.48
Board [4s 7c 4h 8s]
Seat 3: sim5sim5 (big blind) folded on the Turn
Seat 4: degal76 (button) (small blind) collected ($23.52)


PokerStars Hand #170393660471:  Hold'em Limit ($3/$6 USD) - 2017/05/14 3:13:37 ET
Table 'Agrippina' 6-max Seat #4 is the button
Seat 3: sim5sim5 ($79 in chips)
Seat 4: degal76 ($203.38 in chips)
degal76: posts small blind $1
sim5sim5: posts big blind $3
*** HOLE CARDS ***
degal76: raises $3 to $6
sim5sim5: raises $3 to $9
degal76: calls $3
*** FLOP *** [3c 4s 9s]
sim5sim5: bets $3
degal76: calls $3
*** TURN *** [3c 4s 9s] [9h]
sim5sim5: bets $6
degal76: folds
Uncalled bet ($6) returned to sim5sim5
sim5sim5 collected $23.52 from pot
sim5sim5: doesn't show hand
*** SUMMARY ***
Total pot $24 | Rake $0.48
Board [3c 4s 9s 9h]
Seat 3: sim5sim5 (big blind) collected ($23.52)
Seat 4: degal76 (button) (small blind) folded on the Turn


PokerStars Hand #170393658483:  Hold'em Limit ($3/$6 USD) - 2017/05/14 3:13:30 ET
Table 'Agrippina' 6-max Seat #3 is the button
Seat 3: sim5sim5 ($76 in chips)
Seat 4: degal76 ($206.38 in chips)
sim5sim5: posts small blind $1
degal76: posts big blind $3
*** HOLE CARDS ***
sim5sim5: raises $3 to $6
degal76: folds
Uncalled bet ($3) returned to sim5sim5
sim5sim5 collected $6 from pot
sim5sim5: doesn't show hand
*** SUMMARY ***
Total pot $6 | Rake $0
Seat 3: sim5sim5 (button) (small blind) collected ($6)
Seat 4: degal76 (big blind) folded before Flop


PokerStars Hand #170393673827:  Hold'em Limit ($3/$6 USD) - 2017/05/14 3:14:22 ET
Table 'Agrippina' 6-max Seat #3 is the button
Seat 3: sim5sim5 ($99.28 in chips)
Seat 4: degal76 ($182.38 in chips)
sim5sim5: posts small blind $1
degal76: posts big blind $3
*** HOLE CARDS ***
sim5sim5: raises $3 to $6
degal76: calls $3
*** FLOP *** [9h Qs 7d]
degal76: checks
sim5sim5: bets $3
degal76: calls $3
*** TURN *** [9h Qs 7d] [2h]
degal76: checks
sim5sim5: bets $6
degal76: folds
Uncalled bet ($6) returned to sim5sim5
sim5sim5 collected $17.64 from pot
sim5sim5: doesn't show hand
*** SUMMARY ***
Total pot $18 | Rake $0.36
Board [9h Qs 7d 2h]
Seat 3: sim5sim5 (button) (small blind) collected ($17.64)
Seat 4: degal76 (big blind) folded on the Turn


PokerStars Hand #170393668282:  Hold'em Limit ($3/$6 USD) - 2017/05/14 3:14:03 ET
Table 'Agrippina' 6-max Seat #3 is the button
Seat 3: sim5sim5 ($90.52 in chips)
Seat 4: degal76 ($191.38 in chips)
sim5sim5: posts small blind $1
degal76: posts big blind $3
*** HOLE CARDS ***
sim5sim5: raises $3 to $6
degal76: folds
Uncalled bet ($3) returned to sim5sim5
sim5sim5 collected $6 from pot
sim5sim5: doesn't show hand
*** SUMMARY ***
Total pot $6 | Rake $0
Seat 3: sim5sim5 (button) (small blind) collected ($6)
Seat 4: degal76 (big blind) folded before Flop


PokerStars Hand #170393670358:  Hold'em Limit ($3/$6 USD) - 2017/05/14 3:14:10 ET
Table 'Agrippina' 6-max Seat #4 is the button
Seat 3: sim5sim5 ($93.52 in chips)
Seat 4: degal76 ($188.38 in chips)
degal76: posts small blind $1
sim5sim5: posts big blind $3
*** HOLE CARDS ***
degal76: calls $2
sim5sim5: raises $3 to $6
degal76: calls $3
*** FLOP *** [Qs Kd Td]
sim5sim5: bets $3
degal76: folds
Uncalled bet ($3) returned to sim5sim5
sim5sim5 collected $11.76 from pot
sim5sim5: doesn't show hand
*** SUMMARY ***
Total pot $12 | Rake $0.24
Board [Qs Kd Td]
Seat 3: sim5sim5 (big blind) collected ($11.76)
Seat 4: degal76 (button) (small blind) folded on the Flop


PokerStars Hand #170393678768:  Hold'em Limit ($3/$6 USD) - 2017/05/14 3:14:38 ET
Table 'Agrippina' 6-max Seat #4 is the button
Seat 3: sim5sim5 ($107.92 in chips)
Seat 4: degal76 ($173.38 in chips)
degal76: posts small blind $1
sim5sim5: posts big blind $3
*** HOLE CARDS ***
degal76: raises $3 to $6
sim5sim5: calls $3
*** FLOP *** [7d 2s 4d]
sim5sim5: checks
degal76: bets $3
sim5sim5: calls $3
*** TURN *** [7d 2s 4d] [7h]
sim5sim5: checks
degal76: bets $6
sim5sim5: calls $6
*** RIVER *** [7d 2s 4d 7h] [Ac]
sim5sim5: checks
degal76: bets $6
sim5sim5: calls $6
*** SHOW DOWN ***
degal76: shows [Ad 9s] (two pair, Aces and Sevens)
sim5sim5: mucks hand
degal76 collected $41.50 from pot
*** SUMMARY ***
Total pot $42 | Rake $0.50
Board [7d 2s 4d 7h Ac]
Seat 3: sim5sim5 (big blind) mucked
Seat 4: degal76 (button) (small blind) showed [Ad 9s] and won ($41.50) with two pair, Aces and Sevens


PokerStars Hand #170393691208:  Hold'em Limit ($3/$6 USD) - 2017/05/14 3:15:19 ET
Table 'Agrippina' 6-max Seat #3 is the button
Seat 3: sim5sim5 ($78.92 in chips)
Seat 4: degal76 ($201.52 in chips)
sim5sim5: posts small blind $1
degal76: posts big blind $3
*** HOLE CARDS ***
sim5sim5: raises $3 to $6
degal76: calls $3
*** FLOP *** [5h Ks 7h]
degal76: checks
sim5sim5: bets $3
degal76: raises $3 to $6
sim5sim5: raises $3 to $9
degal76: raises $3 to $12
Betting is capped
sim5sim5: calls $3
*** TURN *** [5h Ks 7h] [Th]
degal76: bets $6
sim5sim5: raises $6 to $12
degal76: folds
Uncalled bet ($6) returned to sim5sim5
sim5sim5 collected $47.50 from pot
sim5sim5: doesn't show hand
*** SUMMARY ***
Total pot $48 | Rake $0.50
Board [5h Ks 7h Th]
Seat 3: sim5sim5 (button) (small blind) collected ($47.50)
Seat 4: degal76 (big blind) folded on the Turn


PokerStars Hand #170393689482:  Hold'em Limit ($3/$6 USD) - 2017/05/14 3:15:14 ET
Table 'Agrippina' 6-max Seat #4 is the button
Seat 3: sim5sim5 ($77.92 in chips)
Seat 4: degal76 ($202.52 in chips)
degal76: posts small blind $1
sim5sim5: posts big blind $3
*** HOLE CARDS ***
degal76: folds
Uncalled bet ($2) returned to sim5sim5
sim5sim5 collected $2 from pot
sim5sim5: doesn't show hand
*** SUMMARY ***
Total pot $2 | Rake $0
Seat 3: sim5sim5 (big blind) collected ($2)
Seat 4: degal76 (button) (small blind) folded before Flop


PokerStars Hand #170393685682:  Hold'em Limit ($3/$6 USD) - 2017/05/14 3:15:01 ET
Table 'Agrippina' 6-max Seat #3 is the button
Seat 3: sim5sim5 ($86.92 in chips)
Seat 4: degal76 ($193.88 in chips)
sim5sim5: posts small blind $1
degal76: posts big blind $3
*** HOLE CARDS ***
sim5sim5: raises $3 to $6
degal76: calls $3
*** FLOP *** [Jc 2s Ts]
degal76: checks
sim5sim5: bets $3
degal76: raises $3 to $6
sim5sim5: folds
Uncalled bet ($3) returned to degal76
degal76 collected $17.64 from pot
degal76: doesn't show hand
*** SUMMARY ***
Total pot $18 | Rake $0.36
Board [Jc 2s Ts]
Seat 3: sim5sim5 (button) (small blind) folded on the Flop
Seat 4: degal76 (big blind) collected ($17.64)


PokerStars Hand #170393703029:  Hold'em Limit ($3/$6 USD) - 2017/05/14 3:15:59 ET
Table 'Agrippina' 6-max Seat #4 is the button
Seat 3: sim5sim5 ($105.18 in chips)
Seat 4: degal76 ($174.52 in chips)
degal76: posts small blind $1
sim5sim5: posts big blind $3
*** HOLE CARDS ***
degal76: folds
Uncalled bet ($2) returned to sim5sim5
sim5sim5 collected $2 from pot
sim5sim5: doesn't show hand
*** SUMMARY ***
Total pot $2 | Rake $0
Seat 3: sim5sim5 (big blind) collected ($2)
Seat 4: degal76 (button) (small blind) folded before Flop


PokerStars Hand #170393699833:  Hold'em Limit ($3/$6 USD) - 2017/05/14 3:15:48 ET
Table 'Agrippina' 6-max Seat #3 is the button
Seat 3: sim5sim5 ($99.42 in chips)
Seat 4: degal76 ($180.52 in chips)
sim5sim5: posts small blind $1
degal76: posts big blind $3
*** HOLE CARDS ***
sim5sim5: raises $3 to $6
degal76: calls $3
*** FLOP *** [Ts 6c Qc]
degal76: checks
sim5sim5: bets $3
degal76: folds
Uncalled bet ($3) returned to sim5sim5
sim5sim5 collected $11.76 from pot
sim5sim5: doesn't show hand
*** SUMMARY ***
Total pot $12 | Rake $0.24
Board [Ts 6c Qc]
Seat 3: sim5sim5 (button) (small blind) collected ($11.76)
Seat 4: degal76 (big blind) folded on the Flop


PokerStars Hand #170393697521:  Hold'em Limit ($3/$6 USD) - 2017/05/14 3:15:40 ET
Table 'Agrippina' 6-max Seat #4 is the button
Seat 3: sim5sim5 ($102.42 in chips)
Seat 4: degal76 ($177.52 in chips)
degal76: posts small blind $1
sim5sim5: posts big blind $3
*** HOLE CARDS ***
degal76: raises $3 to $6
sim5sim5: folds
Uncalled bet ($3) returned to degal76
degal76 collected $6 from pot
degal76: doesn't show hand
*** SUMMARY ***
Total pot $6 | Rake $0
Seat 3: sim5sim5 (big blind) folded before Flop
Seat 4: degal76 (button) (small blind) collected ($6)


PokerStars Hand #170393709270:  Hold'em Limit ($3/$6 USD) - 2017/05/14 3:16:20 ET
Table 'Agrippina' 6-max Seat #4 is the button
Seat 3: sim5sim5 ($114.82 in chips)
Seat 4: degal76 ($164.52 in chips)
degal76: posts small blind $1
sim5sim5: posts big blind $3
*** HOLE CARDS ***
degal76: folds
Uncalled bet ($2) returned to sim5sim5
sim5sim5 collected $2 from pot
sim5sim5: doesn't show hand
*** SUMMARY ***
Total pot $2 | Rake $0
Seat 3: sim5sim5 (big blind) collected ($2)
Seat 4: degal76 (button) (small blind) folded before Flop


PokerStars Hand #170393704747:  Hold'em Limit ($3/$6 USD) - 2017/05/14 3:16:04 ET
Table 'Agrippina' 6-max Seat #3 is the button
Seat 3: sim5sim5 ($106.18 in chips)
Seat 4: degal76 ($173.52 in chips)
sim5sim5: posts small blind $1
degal76: posts big blind $3
*** HOLE CARDS ***
sim5sim5: raises $3 to $6
degal76: calls $3
*** FLOP *** [9h 7h 3d]
degal76: checks
sim5sim5: bets $3
degal76: calls $3
*** TURN *** [9h 7h 3d] [Kc]
degal76: checks
sim5sim5: bets $6
degal76: folds
Uncalled bet ($6) returned to sim5sim5
sim5sim5 collected $17.64 from pot
sim5sim5: doesn't show hand
*** SUMMARY ***
Total pot $18 | Rake $0.36
Board [9h 7h 3d Kc]
Seat 3: sim5sim5 (button) (small blind) collected ($17.64)
Seat 4: degal76 (big blind) folded on the Turn


PokerStars Hand #170393710938:  Hold'em Limit ($3/$6 USD) - 2017/05/14 3:16:25 ET
Table 'Agrippina' 6-max Seat #3 is the button
Seat 3: sim5sim5 ($115.82 in chips)
Seat 4: degal76 ($163.52 in chips)
sim5sim5: posts small blind $1
degal76: posts big blind $3
*** HOLE CARDS ***
sim5sim5: raises $3 to $6
degal76: calls $3
*** FLOP *** [3d 3h 5d]
degal76: checks
sim5sim5: bets $3
degal76: calls $3
*** TURN *** [3d 3h 5d] [2d]
degal76: checks
sim5sim5: bets $6
degal76: calls $6
*** RIVER *** [3d 3h 5d 2d] [9h]
degal76: checks
sim5sim5: bets $6
degal76: folds
Uncalled bet ($6) returned to sim5sim5
sim5sim5 collected $29.50 from pot
sim5sim5: doesn't show hand
*** SUMMARY ***
Total pot $30 | Rake $0.50
Board [3d 3h 5d 2d 9h]
Seat 3: sim5sim5 (button) (small blind) collected ($29.50)
Seat 4: degal76 (big blind) folded on the River


PokerStars Hand #170393717816:  Hold'em Limit ($3/$6 USD) - 2017/05/14 3:16:48 ET
Table 'Agrippina' 6-max Seat #4 is the button
Seat 3: sim5sim5 ($130.32 in chips)
Seat 4: degal76 ($148.52 in chips)
degal76: posts small blind $1
sim5sim5: posts big blind $3
*** HOLE CARDS ***
degal76: raises $3 to $6
sim5sim5: folds
Uncalled bet ($3) returned to degal76
degal76 collected $6 from pot
degal76: doesn't show hand
*** SUMMARY ***
Total pot $6 | Rake $0
Seat 3: sim5sim5 (big blind) folded before Flop
Seat 4: degal76 (button) (small blind) collected ($6)


PokerStars Hand #170393729835:  Hold'em Limit ($3/$6 USD) - 2017/05/14 3:17:28 ET
Table 'Agrippina' 6-max Seat #3 is the button
Seat 3: sim5sim5 ($148.82 in chips)
Seat 4: degal76 ($129.52 in chips)
sim5sim5: posts small blind $1
degal76: posts big blind $3
*** HOLE CARDS ***
sim5sim5: raises $3 to $6
degal76: raises $3 to $9
sim5sim5: calls $3
*** FLOP *** [6s 7d Kh]
degal76: bets $3
sim5sim5: calls $3
*** TURN *** [6s 7d Kh] [6h]
degal76: bets $6
sim5sim5: folds
Uncalled bet ($6) returned to degal76
degal76 collected $23.52 from pot
degal76: doesn't show hand
*** SUMMARY ***
Total pot $24 | Rake $0.48
Board [6s 7d Kh 6h]
Seat 3: sim5sim5 (button) (small blind) folded on the Turn
Seat 4: degal76 (big blind) collected ($23.52)


PokerStars Hand #170393720115:  Hold'em Limit ($3/$6 USD) - 2017/05/14 3:16:56 ET
Table 'Agrippina' 6-max Seat #3 is the button
Seat 3: sim5sim5 ($127.32 in chips)
Seat 4: degal76 ($151.52 in chips)
sim5sim5: posts small blind $1
degal76: posts big blind $3
*** HOLE CARDS ***
sim5sim5: raises $3 to $6
degal76: raises $3 to $9
sim5sim5: calls $3
*** FLOP *** [9h 3c 5d]
degal76: bets $3
sim5sim5: raises $3 to $6
degal76: calls $3
*** TURN *** [9h 3c 5d] [Ts]
degal76: checks
sim5sim5: bets $6
degal76: calls $6
*** RIVER *** [9h 3c 5d Ts] [8d]
degal76: checks
sim5sim5: checks
*** SHOW DOWN ***
degal76: shows [3s As] (a pair of Threes)
sim5sim5: shows [5h Qs] (a pair of Fives)
sim5sim5 collected $41.50 from pot
*** SUMMARY ***
Total pot $42 | Rake $0.50
Board [9h 3c 5d Ts 8d]
Seat 3: sim5sim5 (button) (small blind) showed [5h Qs] and won ($41.50) with a pair of Fives
Seat 4: degal76 (big blind) showed [3s As] and lost with a pair of Threes


PokerStars Hand #170393728285:  Hold'em Limit ($3/$6 USD) - 2017/05/14 3:17:23 ET
Table 'Agrippina' 6-max Seat #4 is the button
Seat 3: sim5sim5 ($147.82 in chips)
Seat 4: degal76 ($130.52 in chips)
degal76: posts small blind $1
sim5sim5: posts big blind $3
*** HOLE CARDS ***
degal76: folds
Uncalled bet ($2) returned to sim5sim5
sim5sim5 collected $2 from pot
sim5sim5: doesn't show hand
*** SUMMARY ***
Total pot $2 | Rake $0
Seat 3: sim5sim5 (big blind) collected ($2)
Seat 4: degal76 (button) (small blind) folded before Flop


PokerStars Hand #170393754230:  Hold'em Limit ($3/$6 USD) - 2017/05/14 3:18:49 ET
Table 'Agrippina' 6-max Seat #4 is the button
Seat 3: sim5sim5 ($102.58 in chips)
Seat 4: degal76 ($174.04 in chips)
degal76: posts small blind $1
sim5sim5: posts big blind $3
*** HOLE CARDS ***
degal76: folds
Uncalled bet ($2) returned to sim5sim5
sim5sim5 collected $2 from pot
sim5sim5: doesn't show hand
*** SUMMARY ***
Total pot $2 | Rake $0
Seat 3: sim5sim5 (big blind) collected ($2)
Seat 4: degal76 (button) (small blind) folded before Flop


PokerStars Hand #170393751247:  Hold'em Limit ($3/$6 USD) - 2017/05/14 3:18:39 ET
Table 'Agrippina' 6-max Seat #3 is the button
Seat 3: sim5sim5 ($96.82 in chips)
Seat 4: degal76 ($180.04 in chips)
sim5sim5: posts small blind $1
degal76: posts big blind $3
*** HOLE CARDS ***
sim5sim5: raises $3 to $6
degal76: calls $3
*** FLOP *** [Ac As 8h]
degal76: checks
sim5sim5: bets $3
degal76: folds
Uncalled bet ($3) returned to sim5sim5
sim5sim5 collected $11.76 from pot
sim5sim5: doesn't show hand
*** SUMMARY ***
Total pot $12 | Rake $0.24
Board [Ac As 8h]
Seat 3: sim5sim5 (button) (small blind) collected ($11.76)
Seat 4: degal76 (big blind) folded on the Flop


PokerStars Hand #170393744511:  Hold'em Limit ($3/$6 USD) - 2017/05/14 3:18:17 ET
Table 'Agrippina' 6-max Seat #4 is the button
Seat 3: sim5sim5 ($114.82 in chips)
Seat 4: degal76 ($162.54 in chips)
degal76: posts small blind $1
sim5sim5: posts big blind $3
*** HOLE CARDS ***
degal76: raises $3 to $6
sim5sim5: calls $3
*** FLOP *** [7d 8s 8h]
sim5sim5: checks
degal76: bets $3
sim5sim5: raises $3 to $6
degal76: calls $3
*** TURN *** [7d 8s 8h] [7s]
sim5sim5: bets $6
degal76: raises $6 to $12
sim5sim5: folds
Uncalled bet ($6) returned to degal76
degal76 collected $35.50 from pot
degal76: doesn't show hand
*** SUMMARY ***
Total pot $36 | Rake $0.50
Board [7d 8s 8h 7s]
Seat 3: sim5sim5 (big blind) folded on the Turn
Seat 4: degal76 (button) (small blind) collected ($35.50)


PokerStars Hand #170393742672:  Hold'em Limit ($3/$6 USD) - 2017/05/14 3:18:11 ET
Table 'Agrippina' 6-max Seat #3 is the button
Seat 3: sim5sim5 ($115.82 in chips)
Seat 4: degal76 ($161.54 in chips)
sim5sim5: posts small blind $1
degal76: posts big blind $3
*** HOLE CARDS ***
sim5sim5: folds
Uncalled bet ($2) returned to degal76
degal76 collected $2 from pot
degal76: doesn't show hand
*** SUMMARY ***
Total pot $2 | Rake $0
Seat 3: sim5sim5 (button) (small blind) folded before Flop
Seat 4: degal76 (big blind) collected ($2)


PokerStars Hand #170393735026:  Hold'em Limit ($3/$6 USD) - 2017/05/14 3:17:46 ET
Table 'Agrippina' 6-max Seat #4 is the button
Seat 3: sim5sim5 ($136.82 in chips)
Seat 4: degal76 ($141.04 in chips)
degal76: posts small blind $1
sim5sim5: posts big blind $3
*** HOLE CARDS ***
degal76: raises $3 to $6
sim5sim5: calls $3
*** FLOP *** [8h 5s Js]
sim5sim5: checks
degal76: bets $3
sim5sim5: calls $3
*** TURN *** [8h 5s Js] [2c]
sim5sim5: checks
degal76: bets $6
sim5sim5: calls $6
*** RIVER *** [8h 5s Js 2c] [8c]
sim5sim5: checks
degal76: bets $6
sim5sim5: calls $6
*** SHOW DOWN ***
degal76: shows [9h 2h] (two pair, Eights and Deuces)
sim5sim5: mucks hand
degal76 collected $41.50 from pot
*** SUMMARY ***
Total pot $42 | Rake $0.50
Board [8h 5s Js 2c 8c]
Seat 3: sim5sim5 (big blind) mucked
Seat 4: degal76 (button) (small blind) showed [9h 2h] and won ($41.50) with two pair, Eights and Deuces


PokerStars Hand #170393763942:  Hold'em Limit ($3/$6 USD) - 2017/05/14 3:19:22 ET
Table 'Agrippina' 6-max Seat #4 is the button
Seat 3: sim5sim5 ($72 in chips)
Seat 4: degal76 ($208.54 in chips)
degal76: posts small blind $1
sim5sim5: posts big blind $3
*** HOLE CARDS ***
degal76: raises $3 to $6
sim5sim5: folds
Uncalled bet ($3) returned to degal76
degal76 collected $6 from pot
degal76: doesn't show hand
*** SUMMARY ***
Total pot $6 | Rake $0
Seat 3: sim5sim5 (big blind) folded before Flop
Seat 4: degal76 (button) (small blind) collected ($6)


PokerStars Hand #170393755801:  Hold'em Limit ($3/$6 USD) - 2017/05/14 3:18:55 ET
Table 'Agrippina' 6-max Seat #3 is the button
Seat 3: sim5sim5 ($103.58 in chips)
Seat 4: degal76 ($173.04 in chips)
sim5sim5: posts small blind $1
degal76: posts big blind $3
*** HOLE CARDS ***
sim5sim5: raises $3 to $6
degal76: raises $3 to $9
sim5sim5: calls $3
*** FLOP *** [9c 6d Kc]
degal76: bets $3
sim5sim5: calls $3
*** TURN *** [9c 6d Kc] [4h]
degal76: bets $6
sim5sim5: raises $6 to $12
degal76: raises $6 to $18
sim5sim5: calls $6
*** RIVER *** [9c 6d Kc 4h] [Th]
degal76: bets $6
sim5sim5: calls $6
*** SHOW DOWN ***
degal76: shows [Kh Ks] (three of a kind, Kings)
sim5sim5: mucks hand
degal76 collected $71.50 from pot
*** SUMMARY ***
Total pot $72 | Rake $0.50
Board [9c 6d Kc 4h Th]
Seat 3: sim5sim5 (button) (small blind) mucked
Seat 4: degal76 (big blind) showed [Kh Ks] and won ($71.50) with three of a kind, Kings


PokerStars Hand #170393767256:  Hold'em Limit ($3/$6 USD) - 2017/05/14 3:19:33 ET
Table 'Agrippina' 6-max Seat #3 is the button
Seat 3: sim5sim5 ($72 in chips)
Seat 4: degal76 ($211.54 in chips)
sim5sim5: posts small blind $1
degal76: posts big blind $3
*** HOLE CARDS ***
sim5sim5: raises $3 to $6
degal76: calls $3
*** FLOP *** [2c 6c 4d]
degal76: checks
sim5sim5: bets $3
artecris joins the table at seat #2
degal76: calls $3
*** TURN *** [2c 6c 4d] [8h]
degal76: checks
sim5sim5: bets $6
degal76: folds
Uncalled bet ($6) returned to sim5sim5
sim5sim5 collected $17.64 from pot
sim5sim5: doesn't show hand
*** SUMMARY ***
Total pot $18 | Rake $0.36
Board [2c 6c 4d 8h]
Seat 3: sim5sim5 (button) (small blind) collected ($17.64)
Seat 4: degal76 (big blind) folded on the Turn


PokerStars Hand #170393781915:  Hold'em Limit ($3/$6 USD) - 2017/05/14 3:20:21 ET
Table 'Agrippina' 6-max Seat #4 is the button
Seat 3: sim5sim5 ($72.64 in chips)
Seat 4: degal76 ($213.18 in chips)
degal76: posts small blind $1
sim5sim5: posts big blind $3
*** HOLE CARDS ***
degal76: raises $3 to $6
sim5sim5: calls $3
*** FLOP *** [2d 8h Ah]
sim5sim5: checks
degal76: bets $3
sim5sim5: folds
Uncalled bet ($3) returned to degal76
degal76 collected $11.76 from pot
degal76: doesn't show hand
*** SUMMARY ***
Total pot $12 | Rake $0.24
Board [2d 8h Ah]
Seat 3: sim5sim5 (big blind) folded on the Flop
Seat 4: degal76 (button) (small blind) collected ($11.76)


PokerStars Hand #170393778415:  Hold'em Limit ($3/$6 USD) - 2017/05/14 3:20:10 ET
Table 'Agrippina' 6-max Seat #3 is the button
Seat 3: sim5sim5 ($81.64 in chips)
Seat 4: degal76 ($204.54 in chips)
sim5sim5: posts small blind $1
degal76: posts big blind $3
*** HOLE CARDS ***
sim5sim5: raises $3 to $6
degal76: raises $3 to $9
sim5sim5: calls $3
*** FLOP *** [Qh Qc 9h]
degal76: bets $3
sim5sim5: folds
Uncalled bet ($3) returned to degal76
degal76 collected $17.64 from pot
degal76: doesn't show hand
*** SUMMARY ***
Total pot $18 | Rake $0.36
Board [Qh Qc 9h]
Seat 3: sim5sim5 (button) (small blind) folded on the Flop
Seat 4: degal76 (big blind) collected ($17.64)


PokerStars Hand #170393787489:  Hold'em Limit ($3/$6 USD) - 2017/05/14 3:20:40 ET
Table 'Agrippina' 6-max Seat #4 is the button
Seat 3: sim5sim5 ($72 in chips)
Seat 4: degal76 ($219.94 in chips)
degal76: posts small blind $1
sim5sim5: posts big blind $3
*** HOLE CARDS ***
degal76: folds
Uncalled bet ($2) returned to sim5sim5
sim5sim5 collected $2 from pot
sim5sim5: doesn't show hand
*** SUMMARY ***
Total pot $2 | Rake $0
Seat 3: sim5sim5 (big blind) collected ($2)
Seat 4: degal76 (button) (small blind) folded before Flop


PokerStars Hand #170393785691:  Hold'em Limit ($3/$6 USD) - 2017/05/14 3:20:34 ET
Table 'Agrippina' 6-max Seat #3 is the button
Seat 3: sim5sim5 ($72 in chips)
Seat 4: degal76 ($218.94 in chips)
sim5sim5: posts small blind $1
degal76: posts big blind $3
*** HOLE CARDS ***
sim5sim5: folds
Uncalled bet ($2) returned to degal76
degal76 collected $2 from pot
degal76: doesn't show hand
*** SUMMARY ***
Total pot $2 | Rake $0
Seat 3: sim5sim5 (button) (small blind) folded before Flop
Seat 4: degal76 (big blind) collected ($2)


PokerStars Hand #170393793173:  Hold'em Limit ($3/$6 USD) - 2017/05/14 3:20:58 ET
Table 'Agrippina' 6-max Seat #3 is the button
Seat 3: sim5sim5 ($73 in chips)
Seat 4: degal76 ($218.94 in chips)
sim5sim5: posts small blind $1
degal76: posts big blind $3
*** HOLE CARDS ***
sim5sim5: raises $3 to $6
degal76: folds
Uncalled bet ($3) returned to sim5sim5
sim5sim5 collected $6 from pot
sim5sim5: doesn't show hand
*** SUMMARY ***
Total pot $6 | Rake $0
Seat 3: sim5sim5 (button) (small blind) collected ($6)
Seat 4: degal76 (big blind) folded before Flop


PokerStars Hand #170393791445:  Hold'em Limit ($3/$6 USD) - 2017/05/14 3:20:53 ET
Table 'Agrippina' 6-max Seat #4 is the button
Seat 3: sim5sim5 ($72 in chips)
Seat 4: degal76 ($219.94 in chips)
degal76: posts small blind $1
sim5sim5: posts big blind $3
*** HOLE CARDS ***
degal76: folds
Uncalled bet ($2) returned to sim5sim5
sim5sim5 collected $2 from pot
sim5sim5: doesn't show hand
*** SUMMARY ***
Total pot $2 | Rake $0
Seat 3: sim5sim5 (big blind) collected ($2)
Seat 4: degal76 (button) (small blind) folded before Flop


PokerStars Hand #170393776785:  Hold'em Limit ($3/$6 USD) - 2017/05/14 3:20:04 ET
Table 'Agrippina' 6-max Seat #4 is the button
Seat 3: sim5sim5 ($80.64 in chips)
Seat 4: degal76 ($205.54 in chips)
degal76: posts small blind $1
sim5sim5: posts big blind $3
*** HOLE CARDS ***
degal76: folds
Uncalled bet ($2) returned to sim5sim5
sim5sim5 collected $2 from pot
sim5sim5: doesn't show hand
*** SUMMARY ***
Total pot $2 | Rake $0
Seat 3: sim5sim5 (big blind) collected ($2)
Seat 4: degal76 (button) (small blind) folded before Flop


PokerStars Hand #170393789224:  Hold'em Limit ($3/$6 USD) - 2017/05/14 3:20:45 ET
Table 'Agrippina' 6-max Seat #3 is the button
Seat 3: sim5sim5 ($73 in chips)
Seat 4: degal76 ($218.94 in chips)
sim5sim5: posts small blind $1
degal76: posts big blind $3
*** HOLE CARDS ***
sim5sim5: folds
Uncalled bet ($2) returned to degal76
degal76 collected $2 from pot
degal76: doesn't show hand
*** SUMMARY ***
Total pot $2 | Rake $0
Seat 3: sim5sim5 (button) (small blind) folded before Flop
Seat 4: degal76 (big blind) collected ($2)


PokerStars Hand #170394195950:  Hold'em Limit ($3/$6 USD) - 2017/05/14 3:42:41 ET
Table 'Agrippina' 6-max Seat #5 is the button
Seat 5: tomorrrow ($51.51 in chips)
Seat 6: krossguard ($223.42 in chips)
tomorrrow: posts small blind $1
krossguard: posts big blind $3
*** HOLE CARDS ***
tomorrrow: raises $3 to $6
krossguard: folds
Uncalled bet ($3) returned to tomorrrow
tomorrrow collected $6 from pot
tomorrrow: doesn't show hand
*** SUMMARY ***
Total pot $6 | Rake $0
Seat 5: tomorrrow (button) (small blind) collected ($6)
Seat 6: krossguard (big blind) folded before Flop


PokerStars Hand #170394188746:  Hold'em Limit ($3/$6 USD) - 2017/05/14 3:42:18 ET
Table 'Agrippina' 6-max Seat #6 is the button
Seat 5: tomorrrow ($72.51 in chips)
Seat 6: krossguard ($202.92 in chips)
krossguard: posts small blind $1
RockKillerTY: is sitting out
tomorrrow: posts big blind $3
*** HOLE CARDS ***
krossguard: raises $3 to $6
tomorrrow: calls $3
*** FLOP *** [Jc 4d 5s]
tomorrrow: checks
krossguard: bets $3
tomorrrow: calls $3
*** TURN *** [Jc 4d 5s] [5d]
tomorrrow: checks
krossguard: bets $6
tomorrrow: calls $6
*** RIVER *** [Jc 4d 5s 5d] [2d]
tomorrrow: checks
krossguard: bets $6
tomorrrow: calls $6
*** SHOW DOWN ***
krossguard: shows [6h 3d] (a straight, Deuce to Six)
tomorrrow: mucks hand
krossguard collected $41.50 from pot
*** SUMMARY ***
Total pot $42 | Rake $0.50
Board [Jc 4d 5s 5d 2d]
Seat 5: tomorrrow (big blind) mucked
Seat 6: krossguard (button) (small blind) showed [6h 3d] and won ($41.50) with a straight, Deuce to Six


PokerStars Hand #170394203954:  Hold'em Limit ($3/$6 USD) - 2017/05/14 3:43:07 ET
Table 'Agrippina' 6-max Seat #5 is the button
Seat 5: tomorrrow ($66.03 in chips)
Seat 6: krossguard ($208.42 in chips)
tomorrrow: posts small blind $1
krossguard: posts big blind $3
*** HOLE CARDS ***
tomorrrow: raises $3 to $6
krossguard: raises $3 to $9
tomorrrow: calls $3
*** FLOP *** [9s 8c 9d]
krossguard: bets $3
tomorrrow: calls $3
*** TURN *** [9s 8c 9d] [6d]
krossguard: bets $6
tomorrrow: calls $6
*** RIVER *** [9s 8c 9d 6d] [Kc]
krossguard: checks
tomorrrow: checks
*** SHOW DOWN ***
krossguard: shows [4d Ad] (a pair of Nines)
tomorrrow: mucks hand
krossguard collected $35.50 from pot
artecris joins the table at seat #3
*** SUMMARY ***
Total pot $36 | Rake $0.50
Board [9s 8c 9d 6d Kc]
Seat 5: tomorrrow (button) (small blind) mucked
Seat 6: krossguard (big blind) showed [4d Ad] and won ($35.50) with a pair of Nines


PokerStars Hand #170394198085:  Hold'em Limit ($3/$6 USD) - 2017/05/14 3:42:48 ET
Table 'Agrippina' 6-max Seat #6 is the button
Seat 5: tomorrrow ($54.51 in chips)
Seat 6: krossguard ($220.42 in chips)
krossguard: posts small blind $1
tomorrrow: posts big blind $3
*** HOLE CARDS ***
krossguard: raises $3 to $6
tomorrrow: calls $3
*** FLOP *** [Tc 8d 8s]
tomorrrow: checks
krossguard: bets $3
RockKillerTY leaves the table
tomorrrow: raises $3 to $6
krossguard: calls $3
*** TURN *** [Tc 8d 8s] [2h]
tomorrrow: bets $6
krossguard: folds
Uncalled bet ($6) returned to tomorrrow
tomorrrow collected $23.52 from pot
tomorrrow: doesn't show hand
*** SUMMARY ***
Total pot $24 | Rake $0.48
Board [Tc 8d 8s 2h]
Seat 5: tomorrrow (big blind) collected ($23.52)
Seat 6: krossguard (button) (small blind) folded on the Turn


PokerStars Hand #170396568998:  Hold'em Limit ($3/$6 USD) - 2017/05/14 5:31:03 ET
Table 'Agrippina' 6-max Seat #3 is the button
Seat 2: fluit83 ($61.02 in chips)
Seat 3: kolaz03 ($80.50 in chips)
kolaz03: posts small blind $1
fluit83: posts big blind $3
*** HOLE CARDS ***
kolaz03: folds
Uncalled bet ($2) returned to fluit83
fluit83 collected $2 from pot
*** SUMMARY ***
Total pot $2 | Rake $0
Seat 2: fluit83 (big blind) collected ($2)
Seat 3: kolaz03 (button) (small blind) folded before Flop


PokerStars Hand #170396560963:  Hold'em Limit ($3/$6 USD) - 2017/05/14 5:30:43 ET
Table 'Agrippina' 6-max Seat #2 is the button
Seat 2: fluit83 ($46.52 in chips)
Seat 3: kolaz03 ($95.50 in chips)
fluit83: posts small blind $1
kolaz03: posts big blind $3
*** HOLE CARDS ***
fluit83: calls $2
kolaz03: checks
*** FLOP *** [9h Kd Ts]
kolaz03: checks
fluit83: checks
*** TURN *** [9h Kd Ts] [8h]
kolaz03: bets $6
fluit83: calls $6
*** RIVER *** [9h Kd Ts 8h] [7s]
kolaz03: checks
fluit83: bets $6
kolaz03: calls $6
*** SHOW DOWN ***
fluit83: shows [Js 3s] (a straight, Seven to Jack)
kolaz03: mucks hand
fluit83 collected $29.50 from pot
*** SUMMARY ***
Total pot $30 | Rake $0.50
Board [9h Kd Ts 8h 7s]
Seat 2: fluit83 (button) (small blind) showed [Js 3s] and won ($29.50) with a straight, Seven to Jack
Seat 3: kolaz03 (big blind) mucked


PokerStars Hand #170396580057:  Hold'em Limit ($3/$6 USD) - 2017/05/14 5:31:29 ET
Table 'Agrippina' 6-max Seat #2 is the button
Seat 2: fluit83 ($58.02 in chips)
Seat 3: kolaz03 ($83.50 in chips)
fluit83: posts small blind $1
kolaz03: posts big blind $3
*** HOLE CARDS ***
fluit83: calls $2
kolaz03: raises $3 to $6
fluit83: calls $3
*** FLOP *** [Jh Ah 4s]
kolaz03: bets $3
fluit83: folds
Uncalled bet ($3) returned to kolaz03
kolaz03 collected $11.76 from pot
kolaz03: doesn't show hand
*** SUMMARY ***
Total pot $12 | Rake $0.24
Board [Jh Ah 4s]
Seat 2: fluit83 (button) (small blind) folded on the Flop
Seat 3: kolaz03 (big blind) collected ($11.76)


PokerStars Hand #170396573094:  Hold'em Limit ($3/$6 USD) - 2017/05/14 5:31:12 ET
Table 'Agrippina' 6-max Seat #3 is the button
Seat 2: fluit83 ($61.02 in chips)
Seat 3: kolaz03 ($80.50 in chips)
kolaz03: posts small blind $1
fluit83: posts big blind $3
*** HOLE CARDS ***
kolaz03: folds
Uncalled bet ($2) returned to fluit83
fluit83 collected $2 from pot
*** SUMMARY ***
Total pot $2 | Rake $0
Seat 2: fluit83 (big blind) collected ($2)
Seat 3: kolaz03 (button) (small blind) folded before Flop


PokerStars Hand #170396570991:  Hold'em Limit ($3/$6 USD) - 2017/05/14 5:31:07 ET
Table 'Agrippina' 6-max Seat #2 is the button
Seat 2: fluit83 ($62.02 in chips)
Seat 3: kolaz03 ($79.50 in chips)
fluit83: posts small blind $1
kolaz03: posts big blind $3
*** HOLE CARDS ***
fluit83: folds
Uncalled bet ($2) returned to kolaz03
kolaz03 collected $2 from pot
kolaz03: doesn't show hand
*** SUMMARY ***
Total pot $2 | Rake $0
Seat 2: fluit83 (button) (small blind) folded before Flop
Seat 3: kolaz03 (big blind) collected ($2)


PokerStars Hand #170396586109:  Hold'em Limit ($3/$6 USD) - 2017/05/14 5:31:43 ET
Table 'Agrippina' 6-max Seat #3 is the button
Seat 2: fluit83 ($52.02 in chips)
Seat 3: kolaz03 ($89.26 in chips)
kolaz03: posts small blind $1
fluit83: posts big blind $3
*** HOLE CARDS ***
kolaz03: raises $3 to $6
fluit83: calls $3
*** FLOP *** [3s Kc Kd]
fluit83: checks
kolaz03: bets $3
fluit83: raises $3 to $6
kolaz03: calls $3
*** TURN *** [3s Kc Kd] [7d]
fluit83: checks
kolaz03: bets $6
fluit83: folds
Uncalled bet ($6) returned to kolaz03
kolaz03 collected $23.52 from pot
kolaz03: doesn't show hand
*** SUMMARY ***
Total pot $24 | Rake $0.48
Board [3s Kc Kd 7d]
Seat 2: fluit83 (big blind) folded on the Turn
Seat 3: kolaz03 (button) (small blind) collected ($23.52)


PokerStars Hand #170396577445:  Hold'em Limit ($3/$6 USD) - 2017/05/14 5:31:23 ET
Table 'Agrippina' 6-max Seat #3 is the button
Seat 2: fluit83 ($61.02 in chips)
Seat 3: kolaz03 ($80.50 in chips)
kolaz03: posts small blind $1
fluit83: posts big blind $3
*** HOLE CARDS ***
kolaz03: raises $3 to $6
fluit83: folds
Uncalled bet ($3) returned to kolaz03
kolaz03 collected $6 from pot
kolaz03: doesn't show hand
*** SUMMARY ***
Total pot $6 | Rake $0
Seat 2: fluit83 (big blind) folded before Flop
Seat 3: kolaz03 (button) (small blind) collected ($6)


PokerStars Hand #170396574937:  Hold'em Limit ($3/$6 USD) - 2017/05/14 5:31:17 ET
Table 'Agrippina' 6-max Seat #2 is the button
Seat 2: fluit83 ($62.02 in chips)
Seat 3: kolaz03 ($79.50 in chips)
fluit83: posts small blind $1
kolaz03: posts big blind $3
*** HOLE CARDS ***
fluit83: folds
Uncalled bet ($2) returned to kolaz03
kolaz03 collected $2 from pot
kolaz03: doesn't show hand
*** SUMMARY ***
Total pot $2 | Rake $0
Seat 2: fluit83 (button) (small blind) folded before Flop
Seat 3: kolaz03 (big blind) collected ($2)


PokerStars Hand #170396596329:  Hold'em Limit ($3/$6 USD) - 2017/05/14 5:32:08 ET
Table 'Agrippina' 6-max Seat #2 is the button
Seat 2: fluit83 ($40.02 in chips)
Seat 3: kolaz03 ($100.78 in chips)
fluit83: posts small blind $1
kolaz03: posts big blind $3
*** HOLE CARDS ***
fluit83: raises $3 to $6
kolaz03: calls $3
*** FLOP *** [Qs Qc Ac]
kolaz03: checks
fluit83: bets $3
kolaz03: calls $3
*** TURN *** [Qs Qc Ac] [Jh]
kolaz03: checks
fluit83: checks
*** RIVER *** [Qs Qc Ac Jh] [4d]
kolaz03: checks
fluit83: checks
*** SHOW DOWN ***
kolaz03: shows [6c 5c] (a pair of Queens)
fluit83: shows [Ad 3c] (two pair, Aces and Queens)
fluit83 collected $17.64 from pot
*** SUMMARY ***
Total pot $18 | Rake $0.36
Board [Qs Qc Ac Jh 4d]
Seat 2: fluit83 (button) (small blind) showed [Ad 3c] and won ($17.64) with two pair, Aces and Queens
Seat 3: kolaz03 (big blind) showed [6c 5c] and lost with a pair of Queens


PokerStars Hand #170396607430:  Hold'em Limit ($3/$6 USD) - 2017/05/14 5:32:34 ET
Table 'Agrippina' 6-max Seat #3 is the button
Seat 2: fluit83 ($48.66 in chips)
Seat 3: kolaz03 ($91.78 in chips)
kolaz03: posts small blind $1
fluit83: posts big blind $3
*** HOLE CARDS ***
kolaz03: folds
Uncalled bet ($2) returned to fluit83
fluit83 collected $2 from pot
*** SUMMARY ***
Total pot $2 | Rake $0
Seat 2: fluit83 (big blind) collected ($2)
Seat 3: kolaz03 (button) (small blind) folded before Flop


PokerStars Hand #170396612628:  Hold'em Limit ($3/$6 USD) - 2017/05/14 5:32:46 ET
Table 'Agrippina' 6-max Seat #2 is the button
Seat 2: fluit83 ($49.66 in chips)
Seat 3: kolaz03 ($90.78 in chips)
fluit83: posts small blind $1
kolaz03: posts big blind $3
*** HOLE CARDS ***
fluit83: calls $2
kolaz03: checks
*** FLOP *** [3c 4d Kd]
kolaz03: checks
fluit83: checks
*** TURN *** [3c 4d Kd] [As]
kolaz03: checks
fluit83: checks
*** RIVER *** [3c 4d Kd As] [5c]
kolaz03: checks
fluit83: bets $6
kolaz03: folds
Uncalled bet ($6) returned to fluit83
fluit83 collected $5.88 from pot
*** SUMMARY ***
Total pot $6 | Rake $0.12
Board [3c 4d Kd As 5c]
Seat 2: fluit83 (button) (small blind) collected ($5.88)
Seat 3: kolaz03 (big blind) folded on the River


PokerStars Hand #170396623235:  Hold'em Limit ($3/$6 USD) - 2017/05/14 5:33:12 ET
Table 'Agrippina' 6-max Seat #3 is the button
Seat 2: fluit83 ($52.54 in chips)
Seat 3: kolaz03 ($87.78 in chips)
kolaz03: posts small blind $1
fluit83: posts big blind $3
*** HOLE CARDS ***
kolaz03: raises $3 to $6
fluit83: calls $3
*** FLOP *** [6d 2h Ah]
fluit83: checks
kolaz03: bets $3
fluit83: folds
Uncalled bet ($3) returned to kolaz03
kolaz03 collected $11.76 from pot
kolaz03: doesn't show hand
*** SUMMARY ***
Total pot $12 | Rake $0.24
Board [6d 2h Ah]
Seat 2: fluit83 (big blind) folded on the Flop
Seat 3: kolaz03 (button) (small blind) collected ($11.76)


PokerStars Hand #170396630489:  Hold'em Limit ($3/$6 USD) - 2017/05/14 5:33:29 ET
Table 'Agrippina' 6-max Seat #2 is the button
Seat 2: fluit83 ($46.54 in chips)
Seat 3: kolaz03 ($93.54 in chips)
fluit83: posts small blind $1
kolaz03: posts big blind $3
*** HOLE CARDS ***
fluit83: raises $3 to $6
kolaz03: calls $3
*** FLOP *** [7h Qh 7s]
kolaz03: checks
fluit83: checks
*** TURN *** [7h Qh 7s] [6h]
kolaz03: bets $6
fluit83: folds
Uncalled bet ($6) returned to kolaz03
kolaz03 collected $11.76 from pot
kolaz03: doesn't show hand
*** SUMMARY ***
Total pot $12 | Rake $0.24
Board [7h Qh 7s 6h]
Seat 2: fluit83 (button) (small blind) folded on the Turn
Seat 3: kolaz03 (big blind) collected ($11.76)


PokerStars Hand #170396644858:  Hold'em Limit ($3/$6 USD) - 2017/05/14 5:34:03 ET
Table 'Agrippina' 6-max Seat #2 is the button
Seat 2: fluit83 ($34.54 in chips)
Seat 3: kolaz03 ($105.06 in chips)
fluit83: posts small blind $1
kolaz03: posts big blind $3
*** HOLE CARDS ***
fluit83: folds
Uncalled bet ($2) returned to kolaz03
kolaz03 collected $2 from pot
kolaz03: doesn't show hand
*** SUMMARY ***
Total pot $2 | Rake $0
Seat 2: fluit83 (button) (small blind) folded before Flop
Seat 3: kolaz03 (big blind) collected ($2)


PokerStars Hand #170396640239:  Hold'em Limit ($3/$6 USD) - 2017/05/14 5:33:52 ET
Table 'Agrippina' 6-max Seat #3 is the button
Seat 2: fluit83 ($40.54 in chips)
Seat 3: kolaz03 ($99.30 in chips)
kolaz03: posts small blind $1
fluit83: posts big blind $3
*** HOLE CARDS ***
kolaz03: raises $3 to $6
fluit83: calls $3
*** FLOP *** [Qc Ks 3s]
fluit83: checks
kolaz03: bets $3
fluit83: folds
Uncalled bet ($3) returned to kolaz03
kolaz03 collected $11.76 from pot
kolaz03: doesn't show hand
*** SUMMARY ***
Total pot $12 | Rake $0.24
Board [Qc Ks 3s]
Seat 2: fluit83 (big blind) folded on the Flop
Seat 3: kolaz03 (button) (small blind) collected ($11.76)


PokerStars Hand #170396647194:  Hold'em Limit ($3/$6 USD) - 2017/05/14 5:34:09 ET
Table 'Agrippina' 6-max Seat #3 is the button
Seat 2: fluit83 ($33.54 in chips)
Seat 3: kolaz03 ($106.06 in chips)
kolaz03: posts small blind $1
fluit83: posts big blind $3
*** HOLE CARDS ***
kolaz03: raises $3 to $6
fluit83: calls $3
*** FLOP *** [Td 6h 6c]
fluit83: checks
kolaz03: bets $3
fluit83: folds
Uncalled bet ($3) returned to kolaz03
kolaz03 collected $11.76 from pot
kolaz03: doesn't show hand
*** SUMMARY ***
Total pot $12 | Rake $0.24
Board [Td 6h 6c]
Seat 2: fluit83 (big blind) folded on the Flop
Seat 3: kolaz03 (button) (small blind) collected ($11.76)


PokerStars Hand #170396658558:  Hold'em Limit ($3/$6 USD) - 2017/05/14 5:34:36 ET
Table 'Agrippina' 6-max Seat #2 is the button
Seat 2: fluit83 ($27.54 in chips)
Seat 3: kolaz03 ($111.82 in chips)
fluit83: posts small blind $1
kolaz03: posts big blind $3
*** HOLE CARDS ***
fluit83: folds
Uncalled bet ($2) returned to kolaz03
kolaz03 collected $2 from pot
kolaz03: doesn't show hand
*** SUMMARY ***
Total pot $2 | Rake $0
Seat 2: fluit83 (button) (small blind) folded before Flop
Seat 3: kolaz03 (big blind) collected ($2)


PokerStars Hand #170396655519:  Hold'em Limit ($3/$6 USD) - 2017/05/14 5:34:29 ET
Table 'Agrippina' 6-max Seat #3 is the button
Seat 2: fluit83 ($26.54 in chips)
Seat 3: kolaz03 ($112.82 in chips)
kolaz03: posts small blind $1
fluit83: posts big blind $3
*** HOLE CARDS ***
kolaz03: folds
Uncalled bet ($2) returned to fluit83
fluit83 collected $2 from pot
*** SUMMARY ***
Total pot $2 | Rake $0
Seat 2: fluit83 (big blind) collected ($2)
Seat 3: kolaz03 (button) (small blind) folded before Flop


PokerStars Hand #170396670074:  Hold'em Limit ($3/$6 USD) - 2017/05/14 5:35:03 ET
Table 'Agrippina' 6-max Seat #2 is the button
Seat 2: fluit83 ($8.54 in chips)
Seat 3: kolaz03 ($130.32 in chips)
fluit83: posts small blind $1
kolaz03: posts big blind $3
*** HOLE CARDS ***
fluit83: raises $3 to $6
kolaz03: folds
Uncalled bet ($3) returned to fluit83
fluit83 collected $6 from pot
*** SUMMARY ***
Total pot $6 | Rake $0
Seat 2: fluit83 (button) (small blind) collected ($6)
Seat 3: kolaz03 (big blind) folded before Flop


PokerStars Hand #170396660868:  Hold'em Limit ($3/$6 USD) - 2017/05/14 5:34:42 ET
Table 'Agrippina' 6-max Seat #3 is the button
Seat 2: fluit83 ($26.54 in chips)
Seat 3: kolaz03 ($112.82 in chips)
kolaz03: posts small blind $1
fluit83: posts big blind $3
*** HOLE CARDS ***
kolaz03: raises $3 to $6
fluit83: raises $3 to $9
kolaz03: calls $3
*** FLOP *** [Ks 8c 2h]
fluit83: bets $3
kolaz03: calls $3
*** TURN *** [Ks 8c 2h] [3c]
fluit83: bets $6
kolaz03: raises $6 to $12
fluit83: folds
Uncalled bet ($6) returned to kolaz03
kolaz03 collected $35.50 from pot
kolaz03: doesn't show hand
*** SUMMARY ***
Total pot $36 | Rake $0.50
Board [Ks 8c 2h 3c]
Seat 2: fluit83 (big blind) folded on the Turn
Seat 3: kolaz03 (button) (small blind) collected ($35.50)


PokerStars Hand #170396652747:  Hold'em Limit ($3/$6 USD) - 2017/05/14 5:34:22 ET
Table 'Agrippina' 6-max Seat #2 is the button
Seat 2: fluit83 ($27.54 in chips)
Seat 3: kolaz03 ($111.82 in chips)
fluit83: posts small blind $1
kolaz03: posts big blind $3
*** HOLE CARDS ***
fluit83: folds
Uncalled bet ($2) returned to kolaz03
kolaz03 collected $2 from pot
kolaz03: doesn't show hand
*** SUMMARY ***
Total pot $2 | Rake $0
Seat 2: fluit83 (button) (small blind) folded before Flop
Seat 3: kolaz03 (big blind) collected ($2)


PokerStars Hand #170396680977:  Hold'em Limit ($3/$6 USD) - 2017/05/14 5:35:29 ET
Table 'Agrippina' 6-max Seat #3 is the button
Seat 2: fluit83 ($24.58 in chips)
Seat 3: kolaz03 ($113.78 in chips)
kolaz03: posts small blind $1
fluit83: posts big blind $3
*** HOLE CARDS ***
kolaz03: raises $3 to $6
fluit83: calls $3
*** FLOP *** [3s 6s Td]
fluit83: checks
kolaz03: bets $3
fluit83: calls $3
*** TURN *** [3s 6s Td] [4s]
fluit83: checks
kolaz03: bets $6
fluit83: calls $6
*** RIVER *** [3s 6s Td 4s] [3c]
fluit83: bets $6
kolaz03: raises $6 to $12
fluit83: folds
Uncalled bet ($6) returned to kolaz03
kolaz03 collected $41.50 from pot
kolaz03: doesn't show hand
*** SUMMARY ***
Total pot $42 | Rake $0.50
Board [3s 6s Td 4s 3c]
Seat 2: fluit83 (big blind) folded on the River
Seat 3: kolaz03 (button) (small blind) collected ($41.50)


PokerStars Hand #170396674975:  Hold'em Limit ($3/$6 USD) - 2017/05/14 5:35:15 ET
Table 'Agrippina' 6-max Seat #2 is the button
Seat 2: fluit83 ($12.54 in chips)
Seat 3: kolaz03 ($126.32 in chips)
fluit83: posts small blind $1
kolaz03: posts big blind $3
*** HOLE CARDS ***
fluit83: raises $3 to $6
kolaz03: raises $3 to $9
fluit83: raises $3 to $12
Betting is capped
kolaz03: calls $3
*** FLOP *** [As Ks 8c]
kolaz03: bets $3
fluit83: calls $0.54 and is all-in
Uncalled bet ($2.46) returned to kolaz03
*** TURN *** [As Ks 8c] [Th]
*** RIVER *** [As Ks 8c Th] [Qh]
*** SHOW DOWN ***
kolaz03: shows [9c Kd] (a pair of Kings)
fluit83: shows [Ad 5s] (a pair of Aces)
fluit83 collected $24.58 from pot
*** SUMMARY ***
Total pot $25.08 | Rake $0.50
Board [As Ks 8c Th Qh]
Seat 2: fluit83 (button) (small blind) showed [Ad 5s] and won ($24.58) with a pair of Aces
Seat 3: kolaz03 (big blind) showed [9c Kd] and lost with a pair of Kings


PokerStars Hand #170396672724:  Hold'em Limit ($3/$6 USD) - 2017/05/14 5:35:10 ET
Table 'Agrippina' 6-max Seat #3 is the button
Seat 2: fluit83 ($11.54 in chips)
Seat 3: kolaz03 ($127.32 in chips)
kolaz03: posts small blind $1
fluit83: posts big blind $3
*** HOLE CARDS ***
kolaz03: folds
Uncalled bet ($2) returned to fluit83
fluit83 collected $2 from pot
*** SUMMARY ***
Total pot $2 | Rake $0
Seat 2: fluit83 (big blind) collected ($2)
Seat 3: kolaz03 (button) (small blind) folded before Flop


PokerStars Hand #170396694245:  Hold'em Limit ($3/$6 USD) - 2017/05/14 5:36:01 ET
Table 'Agrippina' 6-max Seat #2 is the button
Seat 2: fluit83 ($3.58 in chips)
Seat 3: kolaz03 ($134.28 in chips)
fluit83: posts small blind $1
kolaz03: posts big blind $3
*** HOLE CARDS ***
fluit83: raises $0.58 to $3.58 and is all-in
kolaz03: folds
Uncalled bet ($0.58) returned to fluit83
fluit83 collected $6 from pot
*** SUMMARY ***
Total pot $6 | Rake $0
Seat 2: fluit83 (button) (small blind) collected ($6)
Seat 3: kolaz03 (big blind) folded before Flop


PokerStars Hand #170396702646:  Hold'em Limit ($3/$6 USD) - 2017/05/14 5:36:21 ET
Table 'Agrippina' 6-max Seat #2 is the button
Seat 2: fluit83 ($12.90 in chips)
Seat 3: kolaz03 ($124.70 in chips)
fluit83: posts small blind $1
kolaz03: posts big blind $3
*** HOLE CARDS ***
fluit83: folds
Uncalled bet ($2) returned to kolaz03
kolaz03 collected $2 from pot
kolaz03: doesn't show hand
*** SUMMARY ***
Total pot $2 | Rake $0
Seat 2: fluit83 (button) (small blind) folded before Flop
Seat 3: kolaz03 (big blind) collected ($2)


PokerStars Hand #170396715485:  Hold'em Limit ($3/$6 USD) - 2017/05/14 5:36:52 ET
Table 'Agrippina' 6-max Seat #3 is the button
Seat 2: fluit83 ($16.66 in chips)
Seat 3: kolaz03 ($120.70 in chips)
kolaz03: posts small blind $1
fluit83: posts big blind $3
*** HOLE CARDS ***
kolaz03: raises $3 to $6
fluit83: raises $3 to $9
kolaz03: raises $3 to $12
Betting is capped
fluit83: calls $3
*** FLOP *** [9c 9d Jc]
fluit83: bets $3
kolaz03: raises $3 to $6
fluit83: calls $1.66 and is all-in
Uncalled bet ($1.34) returned to kolaz03
kolaz03 said, "99"
*** TURN *** [9c 9d Jc] [Tc]
*** RIVER *** [9c 9d Jc Tc] [2s]
*** SHOW DOWN ***
fluit83: shows [8d 8h] (two pair, Nines and Eights)
kolaz03: shows [9h 9s] (four of a kind, Nines)
kolaz03 collected $32.82 from pot
*** SUMMARY ***
Total pot $33.32 | Rake $0.50
Board [9c 9d Jc Tc 2s]
Seat 2: fluit83 (big blind) showed [8d 8h] and lost with two pair, Nines and Eights
Seat 3: kolaz03 (button) (small blind) showed [9h 9s] and won ($32.82) with four of a kind, Nines


PokerStars Hand #170396712445:  Hold'em Limit ($3/$6 USD) - 2017/05/14 5:36:45 ET
Table 'Agrippina' 6-max Seat #2 is the button
Seat 2: fluit83 ($17.66 in chips)
Seat 3: kolaz03 ($119.70 in chips)
fluit83: posts small blind $1
kolaz03: posts big blind $3
*** HOLE CARDS ***
fluit83: folds
Uncalled bet ($2) returned to kolaz03
kolaz03 collected $2 from pot
kolaz03: doesn't show hand
*** SUMMARY ***
Total pot $2 | Rake $0
Seat 2: fluit83 (button) (small blind) folded before Flop
Seat 3: kolaz03 (big blind) collected ($2)


PokerStars Hand #170396704652:  Hold'em Limit ($3/$6 USD) - 2017/05/14 5:36:26 ET
Table 'Agrippina' 6-max Seat #3 is the button
Seat 2: fluit83 ($11.90 in chips)
Seat 3: kolaz03 ($125.70 in chips)
kolaz03: posts small blind $1
fluit83: posts big blind $3
*** HOLE CARDS ***
kolaz03: raises $3 to $6
fluit83: calls $3
*** FLOP *** [8d 5c 8c]
fluit83: bets $3
kolaz03: folds
Uncalled bet ($3) returned to fluit83
fluit83 collected $11.76 from pot
*** SUMMARY ***
Total pot $12 | Rake $0.24
Board [8d 5c 8c]
Seat 2: fluit83 (big blind) collected ($11.76)
Seat 3: kolaz03 (button) (small blind) folded on the Flop


PokerStars Hand #170396696940:  Hold'em Limit ($3/$6 USD) - 2017/05/14 5:36:08 ET
Table 'Agrippina' 6-max Seat #3 is the button
Seat 2: fluit83 ($6.58 in chips)
Seat 3: kolaz03 ($131.28 in chips)
kolaz03: posts small blind $1
fluit83: posts big blind $3
*** HOLE CARDS ***
kolaz03: raises $3 to $6
fluit83: raises $0.58 to $6.58 and is all-in
kolaz03: calls $0.58
*** FLOP *** [7c 3d Td]
*** TURN *** [7c 3d Td] [7s]
*** RIVER *** [7c 3d Td 7s] [8s]
*** SHOW DOWN ***
fluit83: shows [3c Kc] (two pair, Sevens and Threes)
kolaz03: shows [Jc As] (a pair of Sevens)
fluit83 collected $12.90 from pot
*** SUMMARY ***
Total pot $13.16 | Rake $0.26
Board [7c 3d Td 7s 8s]
Seat 2: fluit83 (big blind) showed [3c Kc] and won ($12.90) with two pair, Sevens and Threes
Seat 3: kolaz03 (button) (small blind) showed [Jc As] and lost with a pair of Sevens


