PokerStars Hand #165223894153:  Hold'em Limit ($3/$6 USD) - 2017/01/26 19:53:29 ET
Table 'Aguilar' 6-max Seat #1 is the button
Seat 1: Chessnok ($118.22 in chips)
Seat 3: krytalex ($95.97 in chips)
Chessnok: posts small blind $1
krytalex: posts big blind $3
*** HOLE CARDS ***
Chessnok: raises $3 to $6
Mordnilap leaves the table
krytalex: calls $3
*** FLOP *** [5c Ad 5d]
krytalex: checks
Chessnok: bets $3
Velbor107 joins the table at seat #2
Velbor107 leaves the table
fouraces9 leaves the table
krytalex: calls $3
*** TURN *** [5c Ad 5d] [8s]
krytalex: checks
Chessnok: bets $6
krytalex: folds
Uncalled bet ($6) returned to Chessnok
Chessnok collected $17.64 from pot
Chessnok: doesn't show hand
*** SUMMARY ***
Total pot $18 | Rake $0.36
Board [5c Ad 5d 8s]
Seat 1: Chessnok (button) (small blind) collected ($17.64)
Seat 3: krytalex (big blind) folded on the Turn


PokerStars Hand #165223941921:  Hold'em Limit ($3/$6 USD) - 2017/01/26 19:54:52 ET
Table 'Aguilar' 6-max Seat #3 is the button
Seat 3: krytalex ($86.97 in chips)
Seat 5: fsreibnitz ($120 in chips)
krytalex: posts small blind $1
fsreibnitz: posts big blind $3
*** HOLE CARDS ***
Ajin666 joins the table at seat #2
krytalex: folds
Uncalled bet ($2) returned to fsreibnitz
fsreibnitz collected $2 from pot
fsreibnitz: doesn't show hand
*** SUMMARY ***
Total pot $2 | Rake $0
Seat 3: krytalex (button) (small blind) folded before Flop
Seat 5: fsreibnitz (big blind) collected ($2)


PokerStars Hand #165227815371:  Hold'em Limit ($3/$6 USD) - 2017/01/26 22:10:22 ET
Table 'Aguilar' 6-max Seat #1 is the button
Seat 1: F1l1p3 ($189.63 in chips)
Seat 4: Chessnok ($112.53 in chips)
F1l1p3: posts small blind $1
grabaz: is sitting out
Chessnok: posts big blind $3
*** HOLE CARDS ***
grabaz leaves the table
F1l1p3: raises $3 to $6
Chessnok: raises $3 to $9
F1l1p3: calls $3
*** FLOP *** [5h Qd 6s]
Chessnok: bets $3
F1l1p3: calls $3
*** TURN *** [5h Qd 6s] [6d]
Chessnok: bets $6
F1l1p3: calls $6
*** RIVER *** [5h Qd 6s 6d] [6c]
Chessnok: bets $6
F1l1p3: raises $6 to $12
Chessnok: calls $6
*** SHOW DOWN ***
F1l1p3: shows [6h Ac] (four of a kind, Sixes)
Chessnok: mucks hand
F1l1p3 collected $59.50 from pot
*** SUMMARY ***
Total pot $60 | Rake $0.50
Board [5h Qd 6s 6d 6c]
Seat 1: F1l1p3 (button) (small blind) showed [6h Ac] and won ($59.50) with four of a kind, Sixes
Seat 4: Chessnok (big blind) mucked


