PokerStars Hand #152613582637:  Hold'em Limit ($3/$6 USD) - 2016/04/29 12:18:55 ET
Table 'Aguilar' 10-max Seat #8 is the button
Seat 5: Maki905 ($36.64 in chips)
Seat 8: Pandakey ($113 in chips)
Pandakey: posts small blind $1
Maki905: posts big blind $3
*** HOLE CARDS ***
Pandakey: raises $3 to $6
Maki905: raises $3 to $9
Pandakey: calls $3
*** FLOP *** [Th 4d Jd]
Maki905: bets $3
Pandakey: calls $3
*** TURN *** [Th 4d Jd] [6h]
Maki905: bets $6
Pandakey: raises $6 to $12
Maki905: calls $6
*** RIVER *** [Th 4d Jd 6h] [6s]
Maki905: checks
Pandakey: bets $6
Maki905: calls $6
*** SHOW DOWN ***
Pandakey: shows [8d Qd] (a pair of Sixes)
Maki905: shows [Ad 9c] (a pair of Sixes - Ace kicker)
Maki905 collected $59.50 from pot
*** SUMMARY ***
Total pot $60 | Rake $0.50
Board [Th 4d Jd 6h 6s]
Seat 5: Maki905 (big blind) showed [Ad 9c] and won ($59.50) with a pair of Sixes
Seat 8: Pandakey (button) (small blind) showed [8d Qd] and lost with a pair of Sixes


PokerStars Hand #152613577497:  Hold'em Limit ($3/$6 USD) - 2016/04/29 12:18:47 ET
Table 'Aguilar' 10-max Seat #5 is the button
Seat 5: Maki905 ($33.64 in chips)
Seat 8: Pandakey ($116 in chips)
Maki905: posts small blind $1
Pandakey: posts big blind $3
*** HOLE CARDS ***
Maki905: raises $3 to $6
Pandakey: folds
Uncalled bet ($3) returned to Maki905
Maki905 collected $6 from pot
Maki905: doesn't show hand
*** SUMMARY ***
Total pot $6 | Rake $0
Seat 5: Maki905 (button) (small blind) collected ($6)
Seat 8: Pandakey (big blind) folded before Flop


PokerStars Hand #152613568914:  Hold'em Limit ($3/$6 USD) - 2016/04/29 12:18:35 ET
Table 'Aguilar' 10-max Seat #8 is the button
Seat 5: Maki905 ($36.64 in chips)
Seat 8: Pandakey ($113 in chips)
Pandakey: posts small blind $1
Maki905: posts big blind $3
*** HOLE CARDS ***
Pandakey: raises $3 to $6
Maki905: folds
Uncalled bet ($3) returned to Pandakey
Pandakey collected $6 from pot
Pandakey: doesn't show hand
*** SUMMARY ***
Total pot $6 | Rake $0
Seat 5: Maki905 (big blind) folded before Flop
Seat 8: Pandakey (button) (small blind) collected ($6)


PokerStars Hand #152613565389:  Hold'em Limit ($3/$6 USD) - 2016/04/29 12:18:30 ET
Table 'Aguilar' 10-max Seat #5 is the button
Seat 5: Maki905 ($37.64 in chips)
Seat 8: Pandakey ($112 in chips)
Maki905: posts small blind $1
Pandakey: posts big blind $3
*** HOLE CARDS ***
Maki905: folds
Uncalled bet ($2) returned to Pandakey
Pandakey collected $2 from pot
Pandakey: doesn't show hand
*** SUMMARY ***
Total pot $2 | Rake $0
Seat 5: Maki905 (button) (small blind) folded before Flop
Seat 8: Pandakey (big blind) collected ($2)


PokerStars Hand #152613553425:  Hold'em Limit ($3/$6 USD) - 2016/04/29 12:18:12 ET
Table 'Aguilar' 10-max Seat #8 is the button
Seat 5: Maki905 ($29 in chips)
Seat 8: Pandakey ($121 in chips)
Pandakey: posts small blind $1
Maki905: posts big blind $3
*** HOLE CARDS ***
Pandakey: raises $3 to $6
Maki905: calls $3
*** FLOP *** [7s 8s 4h]
Maki905: checks
Pandakey: bets $3
Maki905: raises $3 to $6
Pandakey: folds
Uncalled bet ($3) returned to Maki905
Maki905 collected $17.64 from pot
*** SUMMARY ***
Total pot $18 | Rake $0.36
Board [7s 8s 4h]
Seat 5: Maki905 (big blind) collected ($17.64)
Seat 8: Pandakey (button) (small blind) folded on the Flop


PokerStars Hand #152613601255:  Hold'em Limit ($3/$6 USD) - 2016/04/29 12:19:21 ET
Table 'Aguilar' 10-max Seat #5 is the button
Seat 5: Maki905 ($66.14 in chips)
Seat 8: Pandakey ($83 in chips)
Maki905: posts small blind $1
Pandakey: posts big blind $3
*** HOLE CARDS ***
Maki905: folds
Uncalled bet ($2) returned to Pandakey
Maki905 leaves the table
Pandakey collected $2 from pot
Pandakey: doesn't show hand
*** SUMMARY ***
Total pot $2 | Rake $0
Seat 5: Maki905 (button) (small blind) folded before Flop
Seat 8: Pandakey (big blind) collected ($2)


PokerStars Hand #152620065629:  Hold'em Limit ($3/$6 USD) - 2016/04/29 14:40:51 ET
Table 'Aguilar' 10-max Seat #4 is the button
Seat 4: ZinZar ($72 in chips)
Seat 5: Barmaley007 ($44.91 in chips)
ZinZar: posts small blind $1
Barmaley007: posts big blind $3
*** HOLE CARDS ***
ZinZar: raises $3 to $6
Barmaley007: calls $3
*** FLOP *** [3s 2c 5d]
Barmaley007: checks
ZinZar: bets $3
Barmaley007: calls $3
*** TURN *** [3s 2c 5d] [Ad]
Barmaley007: checks
ZinZar: checks
*** RIVER *** [3s 2c 5d Ad] [3c]
Barmaley007: bets $6
ZinZar: folds
Uncalled bet ($6) returned to Barmaley007
Barmaley007 collected $17.64 from pot
*** SUMMARY ***
Total pot $18 | Rake $0.36
Board [3s 2c 5d Ad 3c]
Seat 4: ZinZar (button) (small blind) folded on the River
Seat 5: Barmaley007 (big blind) collected ($17.64)


PokerStars Hand #152620104833:  Hold'em Limit ($3/$6 USD) - 2016/04/29 14:41:38 ET
Table 'Aguilar' 10-max Seat #4 is the button
Seat 4: ZinZar ($72 in chips)
Seat 5: Barmaley007 ($74.05 in chips)
ZinZar: posts small blind $1
Barmaley007: posts big blind $3
*** HOLE CARDS ***
ZinZar: raises $3 to $6
Barmaley007: raises $3 to $9
ZinZar: calls $3
*** FLOP *** [Qh 7c 5d]
Barmaley007: checks
ZinZar: bets $3
Barmaley007: calls $3
*** TURN *** [Qh 7c 5d] [Ac]
Barmaley007: checks
ZinZar: checks
*** RIVER *** [Qh 7c 5d Ac] [9h]
Barmaley007: bets $6
ZinZar: calls $6
*** SHOW DOWN ***
Barmaley007: shows [Jd Td] (high card Ace)
ZinZar: shows [Kd 7d] (a pair of Sevens)
ZinZar collected $35.50 from pot
*** SUMMARY ***
Total pot $36 | Rake $0.50
Board [Qh 7c 5d Ac 9h]
Seat 4: ZinZar (button) (small blind) showed [Kd 7d] and won ($35.50) with a pair of Sevens
Seat 5: Barmaley007 (big blind) showed [Jd Td] and lost with high card Ace


PokerStars Hand #152620087717:  Hold'em Limit ($3/$6 USD) - 2016/04/29 14:41:17 ET
Table 'Aguilar' 10-max Seat #5 is the button
Seat 4: ZinZar ($72 in chips)
Seat 5: Barmaley007 ($53.55 in chips)
Barmaley007: posts small blind $1
ZinZar: posts big blind $3
*** HOLE CARDS ***
Barmaley007: raises $3 to $6
ZinZar: calls $3
*** FLOP *** [Ah Jd 6h]
ZinZar: checks
Barmaley007: bets $3
ZinZar: raises $3 to $6
Barmaley007: raises $3 to $9
ZinZar: calls $3
*** TURN *** [Ah Jd 6h] [Js]
ZinZar: checks
Barmaley007: checks
*** RIVER *** [Ah Jd 6h Js] [8h]
ZinZar: bets $6
Barmaley007: calls $6
*** SHOW DOWN ***
ZinZar: shows [4s Ad] (two pair, Aces and Jacks)
Barmaley007: shows [Qh As] (two pair, Aces and Jacks - Queen kicker)
Barmaley007 collected $41.50 from pot
*** SUMMARY ***
Total pot $42 | Rake $0.50
Board [Ah Jd 6h Js 8h]
Seat 4: ZinZar (big blind) showed [4s Ad] and lost with two pair, Aces and Jacks
Seat 5: Barmaley007 (button) (small blind) showed [Qh As] and won ($41.50) with two pair, Aces and Jacks


PokerStars Hand #152620136492:  Hold'em Limit ($3/$6 USD) - 2016/04/29 14:42:17 ET
Table 'Aguilar' 10-max Seat #4 is the button
Seat 4: ZinZar ($90.50 in chips)
Seat 5: Barmaley007 ($55.05 in chips)
ZinZar: posts small blind $1
Barmaley007: posts big blind $3
*** HOLE CARDS ***
chipsdigme86 joins the table at seat #6
ZinZar: raises $3 to $6
Barmaley007: folds
Uncalled bet ($3) returned to ZinZar
ZinZar collected $6 from pot
ZinZar: doesn't show hand
*** SUMMARY ***
Total pot $6 | Rake $0
Seat 4: ZinZar (button) (small blind) collected ($6)
Seat 5: Barmaley007 (big blind) folded before Flop


PokerStars Hand #152620131950:  Hold'em Limit ($3/$6 USD) - 2016/04/29 14:42:11 ET
Table 'Aguilar' 10-max Seat #5 is the button
Seat 4: ZinZar ($89.50 in chips)
Seat 5: Barmaley007 ($56.05 in chips)
Barmaley007: posts small blind $1
ZinZar: posts big blind $3
*** HOLE CARDS ***
Barmaley007: folds
Uncalled bet ($2) returned to ZinZar
ZinZar collected $2 from pot
ZinZar: doesn't show hand
*** SUMMARY ***
Total pot $2 | Rake $0
Seat 4: ZinZar (big blind) collected ($2)
Seat 5: Barmaley007 (button) (small blind) folded before Flop


PokerStars Hand #152620847663:  Hold'em Limit ($3/$6 USD) - 2016/04/29 14:57:00 ET
Table 'Aguilar' 10-max Seat #6 is the button
Seat 4: ZinZar ($227.91 in chips)
Seat 6: chipsdigme86 ($30.30 in chips)
chipsdigme86: posts small blind $1
ZinZar: posts big blind $3
*** HOLE CARDS ***
chipsdigme86: raises $3 to $6
ZinZar: calls $3
*** FLOP *** [Jc 3s Qs]
ZinZar: checks
chipsdigme86: bets $3
ZinZar: folds
Uncalled bet ($3) returned to chipsdigme86
chipsdigme86 collected $11.76 from pot
*** SUMMARY ***
Total pot $12 | Rake $0.24
Board [Jc 3s Qs]
Seat 4: ZinZar (big blind) folded on the Flop
Seat 6: chipsdigme86 (button) (small blind) collected ($11.76)


PokerStars Hand #152620844235:  Hold'em Limit ($3/$6 USD) - 2016/04/29 14:56:55 ET
Table 'Aguilar' 10-max Seat #4 is the button
Seat 4: ZinZar ($224.91 in chips)
Seat 6: chipsdigme86 ($33.30 in chips)
ZinZar: posts small blind $1
chipsdigme86: posts big blind $3
*** HOLE CARDS ***
ZinZar: raises $3 to $6
chipsdigme86: folds
Uncalled bet ($3) returned to ZinZar
ZinZar collected $6 from pot
ZinZar: doesn't show hand
*** SUMMARY ***
Total pot $6 | Rake $0
Seat 4: ZinZar (button) (small blind) collected ($6)
Seat 6: chipsdigme86 (big blind) folded before Flop


