PokerStars Hand #152636345421:  Hold'em Limit ($3/$6 USD) - 2016/04/29 20:36:13 ET
Table 'Aguilar' 10-max Seat #6 is the button
Seat 6: ajmaster333 ($50 in chips)
Seat 7: anetkaapro ($120 in chips)
ajmaster333: posts small blind $1
anetkaapro: posts big blind $3
*** HOLE CARDS ***
ajmaster333: raises $3 to $6
anetkaapro: folds
Uncalled bet ($3) returned to ajmaster333
ajmaster333 collected $6 from pot
ajmaster333: doesn't show hand
*** SUMMARY ***
Total pot $6 | Rake $0
Seat 6: ajmaster333 (button) (small blind) collected ($6)
Seat 7: anetkaapro (big blind) folded before Flop


PokerStars Hand #152636395792:  Hold'em Limit ($3/$6 USD) - 2016/04/29 20:37:54 ET
Table 'Aguilar' 10-max Seat #7 is the button
Seat 6: ajmaster333 ($64.52 in chips)
Seat 7: anetkaapro ($105 in chips)
anetkaapro: posts small blind $1
ajmaster333: posts big blind $3
*** HOLE CARDS ***
anetkaapro: raises $3 to $6
ajmaster333: calls $3
*** FLOP *** [Ks 8s 3d]
ajmaster333: checks
anetkaapro: bets $3
ajmaster333: folds
Uncalled bet ($3) returned to anetkaapro
anetkaapro collected $11.76 from pot
anetkaapro: doesn't show hand
*** SUMMARY ***
Total pot $12 | Rake $0.24
Board [Ks 8s 3d]
Seat 6: ajmaster333 (big blind) folded on the Flop
Seat 7: anetkaapro (button) (small blind) collected ($11.76)


PokerStars Hand #152636393350:  Hold'em Limit ($3/$6 USD) - 2016/04/29 20:37:49 ET
Table 'Aguilar' 10-max Seat #6 is the button
Seat 6: ajmaster333 ($65.52 in chips)
Seat 7: anetkaapro ($104 in chips)
ajmaster333: posts small blind $1
anetkaapro: posts big blind $3
*** HOLE CARDS ***
ajmaster333: folds
Uncalled bet ($2) returned to anetkaapro
anetkaapro collected $2 from pot
anetkaapro: doesn't show hand
*** SUMMARY ***
Total pot $2 | Rake $0
Seat 6: ajmaster333 (button) (small blind) folded before Flop
Seat 7: anetkaapro (big blind) collected ($2)


PokerStars Hand #152636390859:  Hold'em Limit ($3/$6 USD) - 2016/04/29 20:37:44 ET
Table 'Aguilar' 10-max Seat #7 is the button
Seat 6: ajmaster333 ($64.52 in chips)
Seat 7: anetkaapro ($105 in chips)
anetkaapro: posts small blind $1
ajmaster333: posts big blind $3
*** HOLE CARDS ***
anetkaapro: folds
Uncalled bet ($2) returned to ajmaster333
ajmaster333 collected $2 from pot
ajmaster333: doesn't show hand
*** SUMMARY ***
Total pot $2 | Rake $0
Seat 6: ajmaster333 (big blind) collected ($2)
Seat 7: anetkaapro (button) (small blind) folded before Flop


PokerStars Hand #152636378592:  Hold'em Limit ($3/$6 USD) - 2016/04/29 20:37:19 ET
Table 'Aguilar' 10-max Seat #6 is the button
Seat 6: ajmaster333 ($61.64 in chips)
Seat 7: anetkaapro ($108 in chips)
ajmaster333: posts small blind $1
anetkaapro: posts big blind $3
*** HOLE CARDS ***
ajmaster333: calls $2
anetkaapro: checks
*** FLOP *** [8s 4s Js]
anetkaapro: checks
ajmaster333: bets $3
anetkaapro: folds
Uncalled bet ($3) returned to ajmaster333
ajmaster333 collected $5.88 from pot
ajmaster333: doesn't show hand
*** SUMMARY ***
Total pot $6 | Rake $0.12
Board [8s 4s Js]
Seat 6: ajmaster333 (button) (small blind) collected ($5.88)
Seat 7: anetkaapro (big blind) folded on the Flop


PokerStars Hand #152636361062:  Hold'em Limit ($3/$6 USD) - 2016/04/29 20:36:44 ET
Table 'Aguilar' 10-max Seat #7 is the button
Seat 6: ajmaster333 ($53 in chips)
Seat 7: anetkaapro ($117 in chips)
anetkaapro: posts small blind $1
ajmaster333: posts big blind $3
*** HOLE CARDS ***
anetkaapro: raises $3 to $6
ajmaster333: calls $3
*** FLOP *** [Tc Ad Js]
ajmaster333: checks
anetkaapro: bets $3
ajmaster333: calls $3
*** TURN *** [Tc Ad Js] [Th]
ajmaster333: checks
anetkaapro: checks
*** RIVER *** [Tc Ad Js Th] [5d]
ajmaster333: bets $6
anetkaapro: folds
Uncalled bet ($6) returned to ajmaster333
ajmaster333 collected $17.64 from pot
ajmaster333: doesn't show hand
*** SUMMARY ***
Total pot $18 | Rake $0.36
Board [Tc Ad Js Th 5d]
Seat 6: ajmaster333 (big blind) collected ($17.64)
Seat 7: anetkaapro (button) (small blind) folded on the River


PokerStars Hand #152636418711:  Hold'em Limit ($3/$6 USD) - 2016/04/29 20:38:40 ET
Table 'Aguilar' 10-max Seat #6 is the button
Seat 6: ajmaster333 ($26.52 in chips)
Seat 7: anetkaapro ($142.26 in chips)
ajmaster333: posts small blind $1
anetkaapro: posts big blind $3
*** HOLE CARDS ***
ajmaster333: raises $3 to $6
anetkaapro: raises $3 to $9
ajmaster333: calls $3
*** FLOP *** [3d Td 8h]
anetkaapro: bets $3
ajmaster333: calls $3
*** TURN *** [3d Td 8h] [6d]
anetkaapro: checks
ajmaster333: bets $6
anetkaapro: folds
Uncalled bet ($6) returned to ajmaster333
ajmaster333 collected $23.52 from pot
ajmaster333: doesn't show hand
*** SUMMARY ***
Total pot $24 | Rake $0.48
Board [3d Td 8h 6d]
Seat 6: ajmaster333 (button) (small blind) collected ($23.52)
Seat 7: anetkaapro (big blind) folded on the Turn


PokerStars Hand #152636415477:  Hold'em Limit ($3/$6 USD) - 2016/04/29 20:38:33 ET
Table 'Aguilar' 10-max Seat #7 is the button
Seat 6: ajmaster333 ($25.52 in chips)
Seat 7: anetkaapro ($143.26 in chips)
anetkaapro: posts small blind $1
ajmaster333: posts big blind $3
*** HOLE CARDS ***
anetkaapro: folds
Uncalled bet ($2) returned to ajmaster333
ajmaster333 collected $2 from pot
ajmaster333: doesn't show hand
*** SUMMARY ***
Total pot $2 | Rake $0
Seat 6: ajmaster333 (big blind) collected ($2)
Seat 7: anetkaapro (button) (small blind) folded before Flop


PokerStars Hand #152636403859:  Hold'em Limit ($3/$6 USD) - 2016/04/29 20:38:10 ET
Table 'Aguilar' 10-max Seat #6 is the button
Seat 6: ajmaster333 ($58.52 in chips)
Seat 7: anetkaapro ($110.76 in chips)
ajmaster333: posts small blind $1
anetkaapro: posts big blind $3
*** HOLE CARDS ***
ajmaster333: raises $3 to $6
anetkaapro: raises $3 to $9
ajmaster333: raises $3 to $12
Betting is capped
anetkaapro: calls $3
*** FLOP *** [6h 9c Kc]
anetkaapro: checks
ajmaster333: bets $3
anetkaapro: calls $3
*** TURN *** [6h 9c Kc] [8d]
anetkaapro: checks
ajmaster333: bets $6
anetkaapro: raises $6 to $12
ajmaster333: calls $6
*** RIVER *** [6h 9c Kc 8d] [7c]
anetkaapro: bets $6
ajmaster333: calls $6
*** SHOW DOWN ***
anetkaapro: shows [Kd 9d] (two pair, Kings and Nines)
ajmaster333: mucks hand
anetkaapro collected $65.50 from pot
*** SUMMARY ***
Total pot $66 | Rake $0.50
Board [6h 9c Kc 8d 7c]
Seat 6: ajmaster333 (button) (small blind) mucked
Seat 7: anetkaapro (big blind) showed [Kd 9d] and won ($65.50) with two pair, Kings and Nines


PokerStars Hand #152636464758:  Hold'em Limit ($3/$6 USD) - 2016/04/29 20:39:57 ET
Table 'Aguilar' 10-max Seat #6 is the button
Seat 6: ajmaster333 ($40.68 in chips)
Seat 7: anetkaapro ($126.90 in chips)
ajmaster333: posts small blind $1
anetkaapro: posts big blind $3
*** HOLE CARDS ***
ajmaster333: folds
Uncalled bet ($2) returned to anetkaapro
anetkaapro collected $2 from pot
anetkaapro: doesn't show hand
*** SUMMARY ***
Total pot $2 | Rake $0
Seat 6: ajmaster333 (button) (small blind) folded before Flop
Seat 7: anetkaapro (big blind) collected ($2)


PokerStars Hand #152636443571:  Hold'em Limit ($3/$6 USD) - 2016/04/29 20:39:30 ET
Table 'Aguilar' 10-max Seat #7 is the button
Seat 6: ajmaster333 ($49.68 in chips)
Seat 7: anetkaapro ($118.26 in chips)
anetkaapro: posts small blind $1
ajmaster333: posts big blind $3
*** HOLE CARDS ***
anetkaapro: raises $3 to $6
ajmaster333: calls $3
*** FLOP *** [As Jd 3s]
ajmaster333: checks
anetkaapro: bets $3
ajmaster333: calls $3
*** TURN *** [As Jd 3s] [Jc]
ajmaster333: checks
anetkaapro: bets $6
ajmaster333: folds
Uncalled bet ($6) returned to anetkaapro
anetkaapro collected $17.64 from pot
anetkaapro: doesn't show hand
*** SUMMARY ***
Total pot $18 | Rake $0.36
Board [As Jd 3s Jc]
Seat 6: ajmaster333 (big blind) folded on the Turn
Seat 7: anetkaapro (button) (small blind) collected ($17.64)


PokerStars Hand #152636440347:  Hold'em Limit ($3/$6 USD) - 2016/04/29 20:39:23 ET
Table 'Aguilar' 10-max Seat #6 is the button
Seat 6: ajmaster333 ($46.68 in chips)
Seat 7: anetkaapro ($121.26 in chips)
ajmaster333: posts small blind $1
anetkaapro: posts big blind $3
*** HOLE CARDS ***
ajmaster333: raises $3 to $6
anetkaapro: folds
Uncalled bet ($3) returned to ajmaster333
ajmaster333 collected $6 from pot
ajmaster333: doesn't show hand
*** SUMMARY ***
Total pot $6 | Rake $0
Seat 6: ajmaster333 (button) (small blind) collected ($6)
Seat 7: anetkaapro (big blind) folded before Flop


PokerStars Hand #152636426550:  Hold'em Limit ($3/$6 USD) - 2016/04/29 20:38:56 ET
Table 'Aguilar' 10-max Seat #7 is the button
Seat 6: ajmaster333 ($38.04 in chips)
Seat 7: anetkaapro ($130.26 in chips)
anetkaapro: posts small blind $1
ajmaster333: posts big blind $3
*** HOLE CARDS ***
anetkaapro: raises $3 to $6
ajmaster333: calls $3
*** FLOP *** [8d 7s Qs]
ajmaster333: checks
anetkaapro: bets $3
ajmaster333: calls $3
*** TURN *** [8d 7s Qs] [As]
ajmaster333: checks
anetkaapro: checks
*** RIVER *** [8d 7s Qs As] [Tc]
ajmaster333: bets $6
anetkaapro: folds
Uncalled bet ($6) returned to ajmaster333
ajmaster333 collected $17.64 from pot
ajmaster333: doesn't show hand
*** SUMMARY ***
Total pot $18 | Rake $0.36
Board [8d 7s Qs As Tc]
Seat 6: ajmaster333 (big blind) collected ($17.64)
Seat 7: anetkaapro (button) (small blind) folded on the River


PokerStars Hand #152636483786:  Hold'em Limit ($3/$6 USD) - 2016/04/29 20:40:36 ET
Table 'Aguilar' 10-max Seat #6 is the button
Seat 6: ajmaster333 ($66.18 in chips)
Seat 7: anetkaapro ($100.90 in chips)
ajmaster333: posts small blind $1
anetkaapro: posts big blind $3
*** HOLE CARDS ***
ajmaster333: calls $2
anetkaapro: raises $3 to $6
ajmaster333: calls $3
*** FLOP *** [4c Js 9h]
anetkaapro: bets $3
ajmaster333: folds
Uncalled bet ($3) returned to anetkaapro
anetkaapro collected $11.76 from pot
anetkaapro: doesn't show hand
*** SUMMARY ***
Total pot $12 | Rake $0.24
Board [4c Js 9h]
Seat 6: ajmaster333 (button) (small blind) folded on the Flop
Seat 7: anetkaapro (big blind) collected ($11.76)


PokerStars Hand #152636467542:  Hold'em Limit ($3/$6 USD) - 2016/04/29 20:40:03 ET
Table 'Aguilar' 10-max Seat #7 is the button
Seat 6: ajmaster333 ($39.68 in chips)
Seat 7: anetkaapro ($127.90 in chips)
anetkaapro: posts small blind $1
ajmaster333: posts big blind $3
*** HOLE CARDS ***
anetkaapro: raises $3 to $6
ajmaster333: calls $3
*** FLOP *** [6c 5h Ks]
ajmaster333: checks
anetkaapro: bets $3
ajmaster333: calls $3
*** TURN *** [6c 5h Ks] [4h]
ajmaster333: checks
anetkaapro: bets $6
ajmaster333: raises $6 to $12
anetkaapro: calls $6
*** RIVER *** [6c 5h Ks 4h] [Js]
ajmaster333: bets $6
anetkaapro: calls $6
*** SHOW DOWN ***
ajmaster333: shows [8d Kc] (a pair of Kings)
anetkaapro: mucks hand
ajmaster333 collected $53.50 from pot
*** SUMMARY ***
Total pot $54 | Rake $0.50
Board [6c 5h Ks 4h Js]
Seat 6: ajmaster333 (big blind) showed [8d Kc] and won ($53.50) with a pair of Kings
Seat 7: anetkaapro (button) (small blind) mucked


PokerStars Hand #152636509295:  Hold'em Limit ($3/$6 USD) - 2016/04/29 20:41:28 ET
Table 'Aguilar' 10-max Seat #6 is the button
Seat 6: ajmaster333 ($60.06 in chips)
Seat 7: anetkaapro ($106.54 in chips)
ajmaster333: posts small blind $1
anetkaapro: posts big blind $3
*** HOLE CARDS ***
ajmaster333: calls $2
anetkaapro: checks
*** FLOP *** [Jh Ts 4d]
anetkaapro: checks
ajmaster333: bets $3
anetkaapro: raises $3 to $6
ajmaster333: calls $3
*** TURN *** [Jh Ts 4d] [4s]
anetkaapro: bets $6
ajmaster333: calls $6
*** RIVER *** [Jh Ts 4d 4s] [Ah]
anetkaapro: checks
ajmaster333: bets $6
anetkaapro: calls $6
*** SHOW DOWN ***
ajmaster333: shows [Jd 7h] (two pair, Jacks and Fours)
anetkaapro: shows [2h Js] (two pair, Jacks and Fours)
anetkaapro collected $20.75 from pot
ajmaster333 collected $20.75 from pot
*** SUMMARY ***
Total pot $42 | Rake $0.50
Board [Jh Ts 4d 4s Ah]
Seat 6: ajmaster333 (button) (small blind) showed [Jd 7h] and won ($20.75) with two pair, Jacks and Fours
Seat 7: anetkaapro (big blind) showed [2h Js] and won ($20.75) with two pair, Jacks and Fours


PokerStars Hand #152636492814:  Hold'em Limit ($3/$6 USD) - 2016/04/29 20:40:54 ET
Table 'Aguilar' 10-max Seat #7 is the button
Seat 6: ajmaster333 ($60.18 in chips)
Seat 7: anetkaapro ($106.66 in chips)
anetkaapro: posts small blind $1
ajmaster333: posts big blind $3
*** HOLE CARDS ***
anetkaapro: raises $3 to $6
ajmaster333: calls $3
*** FLOP *** [7h 9s 8d]
ajmaster333: checks
anetkaapro: checks
*** TURN *** [7h 9s 8d] [6h]
ajmaster333: checks
anetkaapro: checks
*** RIVER *** [7h 9s 8d 6h] [Tc]
ajmaster333: checks
anetkaapro: checks
*** SHOW DOWN ***
ajmaster333: shows [5d 3s] (a straight, Six to Ten)
anetkaapro: shows [Qs 4h] (a straight, Six to Ten)
ajmaster333 collected $5.88 from pot
anetkaapro collected $5.88 from pot
*** SUMMARY ***
Total pot $12 | Rake $0.24
Board [7h 9s 8d 6h Tc]
Seat 6: ajmaster333 (big blind) showed [5d 3s] and won ($5.88) with a straight, Six to Ten
Seat 7: anetkaapro (button) (small blind) showed [Qs 4h] and won ($5.88) with a straight, Six to Ten


PokerStars Hand #152636546886:  Hold'em Limit ($3/$6 USD) - 2016/04/29 20:42:44 ET
Table 'Aguilar' 10-max Seat #7 is the button
Seat 6: ajmaster333 ($50.57 in chips)
Seat 7: anetkaapro ($114.79 in chips)
anetkaapro: posts small blind $1
ajmaster333: posts big blind $3
*** HOLE CARDS ***
anetkaapro: raises $3 to $6
ajmaster333: raises $3 to $9
anetkaapro: calls $3
*** FLOP *** [Ks 2d 2c]
ajmaster333: bets $3
anetkaapro: folds
Uncalled bet ($3) returned to ajmaster333
ajmaster333 collected $17.64 from pot
ajmaster333: doesn't show hand
*** SUMMARY ***
Total pot $18 | Rake $0.36
Board [Ks 2d 2c]
Seat 6: ajmaster333 (big blind) collected ($17.64)
Seat 7: anetkaapro (button) (small blind) folded on the Flop


PokerStars Hand #152636535927:  Hold'em Limit ($3/$6 USD) - 2016/04/29 20:42:22 ET
Table 'Aguilar' 10-max Seat #6 is the button
Seat 6: ajmaster333 ($65.57 in chips)
Seat 7: anetkaapro ($100.29 in chips)
ajmaster333: posts small blind $1
anetkaapro: posts big blind $3
*** HOLE CARDS ***
ajmaster333: calls $2
anetkaapro: checks
*** FLOP *** [Qs 7c 3h]
anetkaapro: checks
ajmaster333: checks
*** TURN *** [Qs 7c 3h] [Qd]
anetkaapro: bets $6
ajmaster333: raises $6 to $12
anetkaapro: raises $6 to $18
ajmaster333: folds
Uncalled bet ($6) returned to anetkaapro
anetkaapro collected $29.50 from pot
anetkaapro: doesn't show hand
*** SUMMARY ***
Total pot $30 | Rake $0.50
Board [Qs 7c 3h Qd]
Seat 6: ajmaster333 (button) (small blind) folded on the Turn
Seat 7: anetkaapro (big blind) collected ($29.50)


PokerStars Hand #152636527436:  Hold'em Limit ($3/$6 USD) - 2016/04/29 20:42:05 ET
Table 'Aguilar' 10-max Seat #7 is the button
Seat 6: ajmaster333 ($59.81 in chips)
Seat 7: anetkaapro ($106.29 in chips)
anetkaapro: posts small blind $1
ajmaster333: posts big blind $3
*** HOLE CARDS ***
anetkaapro: raises $3 to $6
ajmaster333: calls $3
*** FLOP *** [5s 6d 4d]
ajmaster333: checks
anetkaapro: checks
*** TURN *** [5s 6d 4d] [Jc]
ajmaster333: bets $6
anetkaapro: folds
Uncalled bet ($6) returned to ajmaster333
ajmaster333 collected $11.76 from pot
ajmaster333: doesn't show hand
*** SUMMARY ***
Total pot $12 | Rake $0.24
Board [5s 6d 4d Jc]
Seat 6: ajmaster333 (big blind) collected ($11.76)
Seat 7: anetkaapro (button) (small blind) folded on the Turn


PokerStars Hand #152636554534:  Hold'em Limit ($3/$6 USD) - 2016/04/29 20:43:00 ET
Table 'Aguilar' 10-max Seat #6 is the button
Seat 6: ajmaster333 ($59.21 in chips)
Seat 7: anetkaapro ($105.79 in chips)
ajmaster333: posts small blind $1
anetkaapro: posts big blind $3
*** HOLE CARDS ***
ajmaster333: calls $2
anetkaapro: checks
*** FLOP *** [Ts 2d Ac]
anetkaapro: checks
ajmaster333: bets $3
anetkaapro: calls $3
*** TURN *** [Ts 2d Ac] [9d]
anetkaapro: checks
ajmaster333: checks
*** RIVER *** [Ts 2d Ac 9d] [Qc]
anetkaapro: checks
ajmaster333: bets $6
anetkaapro: folds
Uncalled bet ($6) returned to ajmaster333
ajmaster333 collected $11.76 from pot
ajmaster333: doesn't show hand
*** SUMMARY ***
Total pot $12 | Rake $0.24
Board [Ts 2d Ac 9d Qc]
Seat 6: ajmaster333 (button) (small blind) collected ($11.76)
Seat 7: anetkaapro (big blind) folded on the River


PokerStars Hand #152636593609:  Hold'em Limit ($3/$6 USD) - 2016/04/29 20:44:21 ET
Table 'Aguilar' 10-max Seat #6 is the button
Seat 6: ajmaster333 ($73.61 in chips)
Seat 7: anetkaapro ($90.79 in chips)
ajmaster333: posts small blind $1
anetkaapro: posts big blind $3
*** HOLE CARDS ***
ajmaster333: calls $2
anetkaapro: checks
*** FLOP *** [7d Qh 8c]
anetkaapro: checks
ajmaster333: checks
*** TURN *** [7d Qh 8c] [3d]
anetkaapro: checks
ajmaster333: checks
*** RIVER *** [7d Qh 8c 3d] [Ac]
anetkaapro: checks
ajmaster333: checks
*** SHOW DOWN ***
anetkaapro: shows [3c 9d] (a pair of Threes)
ajmaster333: mucks hand
anetkaapro collected $5.88 from pot
*** SUMMARY ***
Total pot $6 | Rake $0.12
Board [7d Qh 8c 3d Ac]
Seat 6: ajmaster333 (button) (small blind) mucked
Seat 7: anetkaapro (big blind) showed [3c 9d] and won ($5.88) with a pair of Threes


PokerStars Hand #152636572156:  Hold'em Limit ($3/$6 USD) - 2016/04/29 20:43:36 ET
Table 'Aguilar' 10-max Seat #7 is the button
Seat 6: ajmaster333 ($64.97 in chips)
Seat 7: anetkaapro ($99.79 in chips)
anetkaapro: posts small blind $1
ajmaster333: posts big blind $3
*** HOLE CARDS ***
anetkaapro: raises $3 to $6
ajmaster333: calls $3
*** FLOP *** [7s 8d 5s]
ajmaster333: bets $3
anetkaapro: calls $3
*** TURN *** [7s 8d 5s] [Td]
ajmaster333: bets $6
anetkaapro: folds
Uncalled bet ($6) returned to ajmaster333
ajmaster333 collected $17.64 from pot
ajmaster333: doesn't show hand
*** SUMMARY ***
Total pot $18 | Rake $0.36
Board [7s 8d 5s Td]
Seat 6: ajmaster333 (big blind) collected ($17.64)
Seat 7: anetkaapro (button) (small blind) folded on the Turn


