PokerStars Hand #160542104957:  Hold'em Limit ($3/$6 USD) - 2016/10/28 7:40:52 ET
Table 'Aguntina' 6-max Seat #2 is the button
Seat 2: SLK500 ($116 in chips)
Seat 5: chosenfish ($85.87 in chips)
SLK500: posts small blind $1
chosenfish: posts big blind $3
*** HOLE CARDS ***
SLK500: raises $3 to $6
chosenfish: folds
Uncalled bet ($3) returned to SLK500
SLK500 collected $6 from pot
SLK500: doesn't show hand
*** SUMMARY ***
Total pot $6 | Rake $0
Seat 2: SLK500 (button) (small blind) collected ($6)
Seat 5: chosenfish (big blind) folded before Flop


PokerStars Hand #160542099110:  Hold'em Limit ($3/$6 USD) - 2016/10/28 7:40:40 ET
Table 'Aguntina' 6-max Seat #5 is the button
Seat 2: SLK500 ($119 in chips)
Seat 5: chosenfish ($82.99 in chips)
chosenfish: posts small blind $1
SLK500: posts big blind $3
*** HOLE CARDS ***
chosenfish: calls $2
SLK500: checks
*** FLOP *** [Ks 6d 8c]
SLK500: checks
chosenfish: bets $3
SLK500: folds
Uncalled bet ($3) returned to chosenfish
chosenfish collected $5.88 from pot
chosenfish: doesn't show hand
*** SUMMARY ***
Total pot $6 | Rake $0.12
Board [Ks 6d 8c]
Seat 2: SLK500 (big blind) folded on the Flop
Seat 5: chosenfish (button) (small blind) collected ($5.88)


PokerStars Hand #160542114038:  Hold'em Limit ($3/$6 USD) - 2016/10/28 7:41:11 ET
Table 'Aguntina' 6-max Seat #2 is the button
Seat 2: SLK500 ($124.76 in chips)
Seat 5: chosenfish ($76.87 in chips)
SLK500: posts small blind $1
chosenfish: posts big blind $3
*** HOLE CARDS ***
SLK500: folds
Uncalled bet ($2) returned to chosenfish
chosenfish collected $2 from pot
chosenfish: doesn't show hand
*** SUMMARY ***
Total pot $2 | Rake $0
Seat 2: SLK500 (button) (small blind) folded before Flop
Seat 5: chosenfish (big blind) collected ($2)


PokerStars Hand #160542108538:  Hold'em Limit ($3/$6 USD) - 2016/10/28 7:41:00 ET
Table 'Aguntina' 6-max Seat #5 is the button
Seat 2: SLK500 ($119 in chips)
Seat 5: chosenfish ($82.87 in chips)
chosenfish: posts small blind $1
SLK500: posts big blind $3
*** HOLE CARDS ***
chosenfish: raises $3 to $6
SLK500: calls $3
*** FLOP *** [Td 3s 5s]
SLK500: bets $3
chosenfish: folds
Uncalled bet ($3) returned to SLK500
SLK500 collected $11.76 from pot
SLK500: doesn't show hand
*** SUMMARY ***
Total pot $12 | Rake $0.24
Board [Td 3s 5s]
Seat 2: SLK500 (big blind) collected ($11.76)
Seat 5: chosenfish (button) (small blind) folded on the Flop


PokerStars Hand #160542116537:  Hold'em Limit ($3/$6 USD) - 2016/10/28 7:41:16 ET
Table 'Aguntina' 6-max Seat #5 is the button
Seat 2: SLK500 ($123.76 in chips)
Seat 5: chosenfish ($77.87 in chips)
chosenfish: posts small blind $1
SLK500: posts big blind $3
*** HOLE CARDS ***
chosenfish: folds
Uncalled bet ($2) returned to SLK500
SLK500 collected $2 from pot
SLK500: doesn't show hand
*** SUMMARY ***
Total pot $2 | Rake $0
Seat 2: SLK500 (big blind) collected ($2)
Seat 5: chosenfish (button) (small blind) folded before Flop


PokerStars Hand #160542119426:  Hold'em Limit ($3/$6 USD) - 2016/10/28 7:41:22 ET
Table 'Aguntina' 6-max Seat #2 is the button
Seat 2: SLK500 ($124.76 in chips)
Seat 5: chosenfish ($76.87 in chips)
SLK500: posts small blind $1
chosenfish: posts big blind $3
*** HOLE CARDS ***
SLK500: raises $3 to $6
chosenfish: calls $3
*** FLOP *** [3d Jh Jd]
chosenfish: checks
SLK500: bets $3
chosenfish: raises $3 to $6
SLK500: calls $3
*** TURN *** [3d Jh Jd] [8d]
chosenfish: bets $6
SLK500: calls $6
*** RIVER *** [3d Jh Jd 8d] [7h]
chosenfish: bets $6
SLK500: calls $6
*** SHOW DOWN ***
chosenfish: shows [2d Kd] (a flush, King high)
SLK500: mucks hand
chosenfish collected $47.50 from pot
*** SUMMARY ***
Total pot $48 | Rake $0.50
Board [3d Jh Jd 8d 7h]
Seat 2: SLK500 (button) (small blind) mucked
Seat 5: chosenfish (big blind) showed [2d Kd] and won ($47.50) with a flush, King high


PokerStars Hand #160542137054:  Hold'em Limit ($3/$6 USD) - 2016/10/28 7:41:59 ET
Table 'Aguntina' 6-max Seat #5 is the button
Seat 2: SLK500 ($100.76 in chips)
Seat 5: chosenfish ($100.37 in chips)
chosenfish: posts small blind $1
SLK500: posts big blind $3
*** HOLE CARDS ***
chosenfish: raises $3 to $6
SLK500: folds
Uncalled bet ($3) returned to chosenfish
chosenfish collected $6 from pot
chosenfish: doesn't show hand
*** SUMMARY ***
Total pot $6 | Rake $0
Seat 2: SLK500 (big blind) folded before Flop
Seat 5: chosenfish (button) (small blind) collected ($6)


PokerStars Hand #160542139949:  Hold'em Limit ($3/$6 USD) - 2016/10/28 7:42:05 ET
Table 'Aguntina' 6-max Seat #2 is the button
Seat 2: SLK500 ($97.76 in chips)
Seat 5: chosenfish ($103.37 in chips)
kentapon joins the table at seat #4
SLK500: posts small blind $1
chosenfish: posts big blind $3
*** HOLE CARDS ***
SLK500: raises $3 to $6
chosenfish: folds
Uncalled bet ($3) returned to SLK500
SLK500 collected $6 from pot
*** SUMMARY ***
Total pot $6 | Rake $0
Seat 2: SLK500 (button) (small blind) collected ($6)
Seat 5: chosenfish (big blind) folded before Flop


PokerStars Hand #160542143958:  Hold'em Limit ($3/$6 USD) - 2016/10/28 7:42:13 ET
Table 'Aguntina' 6-max Seat #5 is the button
Seat 2: SLK500 ($100.76 in chips)
Seat 5: chosenfish ($100.37 in chips)
chosenfish: posts small blind $1
SLK500: posts big blind $3
*** HOLE CARDS ***
chosenfish: raises $3 to $6
TbIP-TbIP 88 joins the table at seat #6
SLK500: calls $3
*** FLOP *** [9s 3h 3d]
SLK500: checks
chosenfish: bets $3
ABATAPP joins the table at seat #3
vestimokrec joins the table at seat #1
SLK500: calls $3
*** TURN *** [9s 3h 3d] [Qh]
SLK500: checks
chosenfish: bets $6
SLK500: folds
Uncalled bet ($6) returned to chosenfish
chosenfish collected $17.64 from pot
chosenfish: doesn't show hand
*** SUMMARY ***
Total pot $18 | Rake $0.36
Board [9s 3h 3d Qh]
Seat 2: SLK500 (big blind) folded on the Turn
Seat 5: chosenfish (button) (small blind) collected ($17.64)


PokerStars Hand #160547391990:  Hold'em Limit ($3/$6 USD) - 2016/10/28 10:19:00 ET
Table 'Aguntina' 6-max Seat #1 is the button
Seat 1: vestimokrec ($174.96 in chips)
Seat 2: skogsbarn ($87.06 in chips)
vestimokrec: posts small blind $1
skogsbarn: posts big blind $3
*** HOLE CARDS ***
vestimokrec: raises $3 to $6
skogsbarn: folds
Uncalled bet ($3) returned to vestimokrec
vestimokrec collected $6 from pot
vestimokrec: doesn't show hand
*** SUMMARY ***
Total pot $6 | Rake $0
Seat 1: vestimokrec (button) (small blind) collected ($6)
Seat 2: skogsbarn (big blind) folded before Flop


PokerStars Hand #160547409200:  Hold'em Limit ($3/$6 USD) - 2016/10/28 10:19:25 ET
Table 'Aguntina' 6-max Seat #2 is the button
Seat 2: skogsbarn ($84.06 in chips)
Seat 4: michi99999 ($106.93 in chips)
skogsbarn: posts small blind $1
michi99999: posts big blind $3
*** HOLE CARDS ***
skogsbarn: raises $3 to $6
michi99999: raises $3 to $9
SLK500 joins the table at seat #6
skogsbarn: raises $3 to $12
Betting is capped
vestimokrec joins the table at seat #5
VolkovDmitri joins the table at seat #1
michi99999: calls $3
*** FLOP *** [9s 3c Th]
michi99999: bets $3
skogsbarn: raises $3 to $6
michi99999: raises $3 to $9
skogsbarn: raises $3 to $12
Betting is capped
michi99999: calls $3
*** TURN *** [9s 3c Th] [6s]
michi99999: bets $6
skogsbarn: calls $6
*** RIVER *** [9s 3c Th 6s] [Jh]
michi99999: bets $6
skogsbarn: calls $6
*** SHOW DOWN ***
michi99999: shows [Qc Jc] (a pair of Jacks)
skogsbarn: shows [Js Kd] (a pair of Jacks - King kicker)
skogsbarn collected $71.50 from pot
*** SUMMARY ***
Total pot $72 | Rake $0.50
Board [9s 3c Th 6s Jh]
Seat 2: skogsbarn (button) (small blind) showed [Js Kd] and won ($71.50) with a pair of Jacks
Seat 4: michi99999 (big blind) showed [Qc Jc] and lost with a pair of Jacks


PokerStars Hand #160549014342:  Hold'em Limit ($3/$6 USD) - 2016/10/28 11:00:57 ET
Table 'Aguntina' 6-max Seat #2 is the button
Seat 2: skogsbarn ($108.72 in chips)
Seat 6: ZinZar ($105.70 in chips)
GrumpyGonzo will be allowed to play after the button
skogsbarn: posts small blind $1
TbIP-TbIP 88: is sitting out
vestimokrec: is sitting out
ZinZar: posts big blind $3
*** HOLE CARDS ***
skogsbarn: folds
Uncalled bet ($2) returned to ZinZar
ZinZar collected $2 from pot
ZinZar: doesn't show hand
*** SUMMARY ***
Total pot $2 | Rake $0
Seat 2: skogsbarn (button) (small blind) folded before Flop
Seat 6: ZinZar (big blind) collected ($2)


PokerStars Hand #160549030875:  Hold'em Limit ($3/$6 USD) - 2016/10/28 11:01:23 ET
Table 'Aguntina' 6-max Seat #2 is the button
Seat 1: GrumpyGonzo ($172.21 in chips)
Seat 2: skogsbarn ($104.72 in chips)
skogsbarn: posts small blind $1
ZinZar: is sitting out
GrumpyGonzo: posts big blind $3
ZinZar leaves the table
*** HOLE CARDS ***
TbIP-TbIP 88 leaves the table
skogsbarn: raises $3 to $6
GrumpyGonzo: raises $3 to $9
skogsbarn: calls $3
*** FLOP *** [3h Qh Ah]
GrumpyGonzo: bets $3
skogsbarn: calls $3
*** TURN *** [3h Qh Ah] [Kh]
GrumpyGonzo: checks
skogsbarn: bets $6
GrumpyGonzo: calls $6
*** RIVER *** [3h Qh Ah Kh] [Ad]
GrumpyGonzo: checks
skogsbarn: bets $6
GrumpyGonzo: raises $6 to $12
skogsbarn: calls $6
*** SHOW DOWN ***
GrumpyGonzo: shows [Kd Ac] (a full house, Aces full of Kings)
skogsbarn: mucks hand
GrumpyGonzo collected $59.50 from pot
*** SUMMARY ***
Total pot $60 | Rake $0.50
Board [3h Qh Ah Kh Ad]
Seat 1: GrumpyGonzo (big blind) showed [Kd Ac] and won ($59.50) with a full house, Aces full of Kings
Seat 2: skogsbarn (button) (small blind) mucked


