PokerStars Hand #157370549628:  Hold'em Limit ($3/$6 USD) - 2016/08/16 20:05:23 ET
Table 'Aguntina' 10-max Seat #10 is the button
Seat 5: shanlas ($56.92 in chips)
Seat 10: hagiard ($50.05 in chips)
hagiard: posts small blind $1
shanlas: posts big blind $3
*** HOLE CARDS ***
hagiard: raises $3 to $6
shanlas: raises $3 to $9
hagiard: raises $3 to $12
Betting is capped
shanlas: calls $3
*** FLOP *** [7s Kd 8s]
shanlas: bets $3
hagiard: raises $3 to $6
shanlas: raises $3 to $9
hagiard: raises $3 to $12
Betting is capped
shanlas: calls $3
*** TURN *** [7s Kd 8s] [Ts]
shanlas: bets $6
ABATAPP joins the table at seat #1
hagiard is disconnected
hagiard is connected
hagiard: raises $6 to $12
shanlas: raises $6 to $18
hagiard: folds
Uncalled bet ($6) returned to shanlas
shanlas collected $71.50 from pot
shanlas leaves the table
*** SUMMARY ***
Total pot $72 | Rake $0.50
Board [7s Kd 8s Ts]
Seat 5: shanlas (big blind) collected ($71.50)
Seat 10: hagiard (button) (small blind) folded on the Turn


