PokerStars Hand #152161376484:  Hold'em Limit ($3/$6 USD) - 2016/04/19 17:02:25 ET
Table 'Aguntina' 6-max Seat #3 is the button
Seat 3: sienvan ($40.28 in chips)
Seat 6: anetkaapro ($138.38 in chips)
sienvan: posts small blind $1
anetkaapro: posts big blind $3
*** HOLE CARDS ***
sienvan: folds
Uncalled bet ($2) returned to anetkaapro
anetkaapro collected $2 from pot
anetkaapro: doesn't show hand
*** SUMMARY ***
Total pot $2 | Rake $0
Seat 3: sienvan (button) (small blind) folded before Flop
Seat 6: anetkaapro (big blind) collected ($2)


PokerStars Hand #152161371556:  Hold'em Limit ($3/$6 USD) - 2016/04/19 17:02:20 ET
Table 'Aguntina' 6-max Seat #6 is the button
Seat 3: sienvan ($43.28 in chips)
Seat 6: anetkaapro ($135.38 in chips)
anetkaapro: posts small blind $1
sienvan: posts big blind $3
*** HOLE CARDS ***
anetkaapro: raises $3 to $6
sienvan: folds
Uncalled bet ($3) returned to anetkaapro
anetkaapro collected $6 from pot
anetkaapro: doesn't show hand
*** SUMMARY ***
Total pot $6 | Rake $0
Seat 3: sienvan (big blind) folded before Flop
Seat 6: anetkaapro (button) (small blind) collected ($6)


PokerStars Hand #152161366685:  Hold'em Limit ($3/$6 USD) - 2016/04/19 17:02:15 ET
Table 'Aguntina' 6-max Seat #3 is the button
Seat 3: sienvan ($44.28 in chips)
Seat 6: anetkaapro ($134.38 in chips)
sienvan: posts small blind $1
anetkaapro: posts big blind $3
*** HOLE CARDS ***
sienvan: folds
Uncalled bet ($2) returned to anetkaapro
anetkaapro collected $2 from pot
anetkaapro: doesn't show hand
*** SUMMARY ***
Total pot $2 | Rake $0
Seat 3: sienvan (button) (small blind) folded before Flop
Seat 6: anetkaapro (big blind) collected ($2)


PokerStars Hand #152161352319:  Hold'em Limit ($3/$6 USD) - 2016/04/19 17:01:59 ET
Table 'Aguntina' 6-max Seat #6 is the button
Seat 3: sienvan ($35.64 in chips)
Seat 6: anetkaapro ($143.38 in chips)
anetkaapro: posts small blind $1
sienvan: posts big blind $3
*** HOLE CARDS ***
anetkaapro: raises $3 to $6
sienvan: raises $3 to $9
anetkaapro: calls $3
*** FLOP *** [2s Jd 8c]
sienvan: bets $3
anetkaapro: folds
Uncalled bet ($3) returned to sienvan
sienvan collected $17.64 from pot
sienvan: doesn't show hand
*** SUMMARY ***
Total pot $18 | Rake $0.36
Board [2s Jd 8c]
Seat 3: sienvan (big blind) collected ($17.64)
Seat 6: anetkaapro (button) (small blind) folded on the Flop


PokerStars Hand #152161341697:  Hold'em Limit ($3/$6 USD) - 2016/04/19 17:01:48 ET
Table 'Aguntina' 6-max Seat #3 is the button
Seat 3: sienvan ($38.64 in chips)
Seat 6: anetkaapro ($140.50 in chips)
sienvan: posts small blind $1
anetkaapro: posts big blind $3
*** HOLE CARDS ***
sienvan: calls $2
anetkaapro: checks
*** FLOP *** [Kc Kh 2c]
anetkaapro: bets $3
sienvan: folds
Uncalled bet ($3) returned to anetkaapro
anetkaapro collected $5.88 from pot
anetkaapro: doesn't show hand
*** SUMMARY ***
Total pot $6 | Rake $0.12
Board [Kc Kh 2c]
Seat 3: sienvan (button) (small blind) folded on the Flop
Seat 6: anetkaapro (big blind) collected ($5.88)


PokerStars Hand #152161430662:  Hold'em Limit ($3/$6 USD) - 2016/04/19 17:03:24 ET
Table 'Aguntina' 6-max Seat #3 is the button
Seat 3: sienvan ($43.80 in chips)
Seat 6: anetkaapro ($134.14 in chips)
sienvan: posts small blind $1
anetkaapro: posts big blind $3
*** HOLE CARDS ***
sienvan: calls $2
anetkaapro: checks
*** FLOP *** [2h Ah 5c]
anetkaapro: checks
sienvan: checks
*** TURN *** [2h Ah 5c] [4c]
anetkaapro: checks
sienvan: checks
*** RIVER *** [2h Ah 5c 4c] [4h]
anetkaapro: checks
sienvan: checks
*** SHOW DOWN ***
anetkaapro: shows [5d Ts] (two pair, Fives and Fours)
sienvan: mucks hand
anetkaapro collected $5.88 from pot
*** SUMMARY ***
Total pot $6 | Rake $0.12
Board [2h Ah 5c 4c 4h]
Seat 3: sienvan (button) (small blind) mucked
Seat 6: anetkaapro (big blind) showed [5d Ts] and won ($5.88) with two pair, Fives and Fours


PokerStars Hand #152161405912:  Hold'em Limit ($3/$6 USD) - 2016/04/19 17:02:57 ET
Table 'Aguntina' 6-max Seat #6 is the button
Seat 3: sienvan ($32.28 in chips)
Seat 6: anetkaapro ($146.14 in chips)
anetkaapro: posts small blind $1
sienvan: posts big blind $3
*** HOLE CARDS ***
anetkaapro: raises $3 to $6
sienvan: raises $3 to $9
anetkaapro: calls $3
*** FLOP *** [6c 7c 4c]
sienvan: bets $3
anetkaapro: calls $3
*** TURN *** [6c 7c 4c] [Jd]
sienvan: bets $6
anetkaapro: folds
Uncalled bet ($6) returned to sienvan
sienvan collected $23.52 from pot
sienvan: doesn't show hand
*** SUMMARY ***
Total pot $24 | Rake $0.48
Board [6c 7c 4c Jd]
Seat 3: sienvan (big blind) collected ($23.52)
Seat 6: anetkaapro (button) (small blind) folded on the Turn


PokerStars Hand #152161402009:  Hold'em Limit ($3/$6 USD) - 2016/04/19 17:02:53 ET
Table 'Aguntina' 6-max Seat #3 is the button
Seat 3: sienvan ($33.28 in chips)
Seat 6: anetkaapro ($145.14 in chips)
sienvan: posts small blind $1
anetkaapro: posts big blind $3
*** HOLE CARDS ***
sienvan: folds
Uncalled bet ($2) returned to anetkaapro
anetkaapro collected $2 from pot
anetkaapro: doesn't show hand
*** SUMMARY ***
Total pot $2 | Rake $0
Seat 3: sienvan (button) (small blind) folded before Flop
Seat 6: anetkaapro (big blind) collected ($2)


PokerStars Hand #152161380502:  Hold'em Limit ($3/$6 USD) - 2016/04/19 17:02:29 ET
Table 'Aguntina' 6-max Seat #6 is the button
Seat 3: sienvan ($39.28 in chips)
Seat 6: anetkaapro ($139.38 in chips)
anetkaapro: posts small blind $1
sienvan: posts big blind $3
*** HOLE CARDS ***
anetkaapro: raises $3 to $6
sienvan: calls $3
*** FLOP *** [Qs Th 7h]
sienvan: checks
anetkaapro: bets $3
sienvan: folds
Uncalled bet ($3) returned to anetkaapro
anetkaapro collected $11.76 from pot
anetkaapro: doesn't show hand
*** SUMMARY ***
Total pot $12 | Rake $0.24
Board [Qs Th 7h]
Seat 3: sienvan (big blind) folded on the Flop
Seat 6: anetkaapro (button) (small blind) collected ($11.76)


PokerStars Hand #152161470658:  Hold'em Limit ($3/$6 USD) - 2016/04/19 17:04:08 ET
Table 'Aguntina' 6-max Seat #6 is the button
Seat 3: sienvan ($66.30 in chips)
Seat 6: anetkaapro ($111.02 in chips)
anetkaapro: posts small blind $1
sienvan: posts big blind $3
*** HOLE CARDS ***
anetkaapro: raises $3 to $6
sienvan: folds
Uncalled bet ($3) returned to anetkaapro
anetkaapro collected $6 from pot
anetkaapro: doesn't show hand
*** SUMMARY ***
Total pot $6 | Rake $0
Seat 3: sienvan (big blind) folded before Flop
Seat 6: anetkaapro (button) (small blind) collected ($6)


PokerStars Hand #152161466430:  Hold'em Limit ($3/$6 USD) - 2016/04/19 17:04:03 ET
Table 'Aguntina' 6-max Seat #3 is the button
Seat 3: sienvan ($67.30 in chips)
Seat 6: anetkaapro ($110.02 in chips)
sienvan: posts small blind $1
anetkaapro: posts big blind $3
*** HOLE CARDS ***
sienvan: folds
Uncalled bet ($2) returned to anetkaapro
anetkaapro collected $2 from pot
anetkaapro: doesn't show hand
*** SUMMARY ***
Total pot $2 | Rake $0
Seat 3: sienvan (button) (small blind) folded before Flop
Seat 6: anetkaapro (big blind) collected ($2)


PokerStars Hand #152161442716:  Hold'em Limit ($3/$6 USD) - 2016/04/19 17:03:37 ET
Table 'Aguntina' 6-max Seat #6 is the button
Seat 3: sienvan ($40.80 in chips)
Seat 6: anetkaapro ($137.02 in chips)
anetkaapro: posts small blind $1
sienvan: posts big blind $3
*** HOLE CARDS ***
anetkaapro: raises $3 to $6
sienvan: calls $3
*** FLOP *** [3h 9s Ks]
sienvan: checks
anetkaapro: bets $3
sienvan: calls $3
*** TURN *** [3h 9s Ks] [4d]
sienvan: checks
anetkaapro: bets $6
sienvan: raises $6 to $12
anetkaapro: calls $6
*** RIVER *** [3h 9s Ks 4d] [2s]
sienvan: bets $6
anetkaapro: calls $6
*** SHOW DOWN ***
sienvan: shows [Tc Kh] (a pair of Kings)
anetkaapro: mucks hand
sienvan collected $53.50 from pot
*** SUMMARY ***
Total pot $54 | Rake $0.50
Board [3h 9s Ks 4d 2s]
Seat 3: sienvan (big blind) showed [Tc Kh] and won ($53.50) with a pair of Kings
Seat 6: anetkaapro (button) (small blind) mucked


PokerStars Hand #152161481173:  Hold'em Limit ($3/$6 USD) - 2016/04/19 17:04:19 ET
Table 'Aguntina' 6-max Seat #3 is the button
Seat 3: sienvan ($63.30 in chips)
Seat 6: anetkaapro ($114.02 in chips)
sienvan: posts small blind $1
anetkaapro: posts big blind $3
*** HOLE CARDS ***
sienvan: calls $2
anetkaapro: checks
*** FLOP *** [9s 4c 5c]
anetkaapro: bets $3
sienvan: calls $3
*** TURN *** [9s 4c 5c] [Th]
anetkaapro: checks
MMike1948 joins the table at seat #4
sienvan is disconnected
sienvan has timed out while disconnected
sienvan: checks
*** RIVER *** [9s 4c 5c Th] [Qh]
anetkaapro: checks
sienvan has timed out while disconnected
sienvan: checks
*** SHOW DOWN ***
anetkaapro: shows [7d 5h] (a pair of Fives)
sienvan: mucks hand
anetkaapro collected $11.76 from pot
*** SUMMARY ***
Total pot $12 | Rake $0.24
Board [9s 4c 5c Th Qh]
Seat 3: sienvan (button) (small blind) mucked
Seat 6: anetkaapro (big blind) showed [7d 5h] and won ($11.76) with a pair of Fives


