PokerStars Hand #164929205743:  Hold'em Limit ($3/$6 USD) - 2017/01/21 8:42:23 ET
Table 'Aho II' 6-max Seat #1 is the button
Seat 1: AzureCaper ($89.50 in chips)
Seat 6: aremom4e ($102 in chips)
AzureCaper: posts small blind $1
aremom4e: posts big blind $3
*** HOLE CARDS ***
AzureCaper: raises $3 to $6
aremom4e: calls $3
*** FLOP *** [Jd Th Tc]
aremom4e: checks
AzureCaper: bets $3
aremom4e: folds
Uncalled bet ($3) returned to AzureCaper
AzureCaper collected $11.76 from pot
AzureCaper: doesn't show hand
*** SUMMARY ***
Total pot $12 | Rake $0.24
Board [Jd Th Tc]
Seat 1: AzureCaper (button) (small blind) collected ($11.76)
Seat 6: aremom4e (big blind) folded on the Flop


PokerStars Hand #164929178180:  Hold'em Limit ($3/$6 USD) - 2017/01/21 8:41:42 ET
Table 'Aho II' 6-max Seat #6 is the button
Seat 1: AzureCaper ($72 in chips)
Seat 6: aremom4e ($120 in chips)
aremom4e: posts small blind $1
AzureCaper: posts big blind $3
*** HOLE CARDS ***
aremom4e: raises $3 to $6
AzureCaper: calls $3
*** FLOP *** [7s Kh 4d]
AzureCaper: checks
aremom4e: bets $3
AzureCaper: raises $3 to $6
aremom4e: calls $3
*** TURN *** [7s Kh 4d] [Ks]
AzureCaper: checks
aremom4e: checks
*** RIVER *** [7s Kh 4d Ks] [2s]
AzureCaper: bets $6
aremom4e: calls $6
*** SHOW DOWN ***
AzureCaper: shows [7d 9h] (two pair, Kings and Sevens)
aremom4e: mucks hand
AzureCaper collected $35.50 from pot
*** SUMMARY ***
Total pot $36 | Rake $0.50
Board [7s Kh 4d Ks 2s]
Seat 1: AzureCaper (big blind) showed [7d 9h] and won ($35.50) with two pair, Kings and Sevens
Seat 6: aremom4e (button) (small blind) mucked


PokerStars Hand #164929216275:  Hold'em Limit ($3/$6 USD) - 2017/01/21 8:42:39 ET
Table 'Aho II' 6-max Seat #6 is the button
Seat 1: AzureCaper ($95.26 in chips)
Seat 6: aremom4e ($96 in chips)
aremom4e: posts small blind $1
AzureCaper: posts big blind $3
*** HOLE CARDS ***
aremom4e: raises $3 to $6
AzureCaper: calls $3
*** FLOP *** [Ks Jd Ah]
AzureCaper: checks
aremom4e: bets $3
AzureCaper: folds
Uncalled bet ($3) returned to aremom4e
aremom4e collected $11.76 from pot
aremom4e: doesn't show hand
*** SUMMARY ***
Total pot $12 | Rake $0.24
Board [Ks Jd Ah]
Seat 1: AzureCaper (big blind) folded on the Flop
Seat 6: aremom4e (button) (small blind) collected ($11.76)


PokerStars Hand #164929232218:  Hold'em Limit ($3/$6 USD) - 2017/01/21 8:43:02 ET
Table 'Aho II' 6-max Seat #1 is the button
Seat 1: AzureCaper ($89.26 in chips)
Seat 6: aremom4e ($101.76 in chips)
AzureCaper: posts small blind $1
aremom4e: posts big blind $3
*** HOLE CARDS ***
AzureCaper: raises $3 to $6
aremom4e: calls $3
*** FLOP *** [5d Td 8h]
aremom4e: checks
AzureCaper: bets $3
aremom4e: calls $3
*** TURN *** [5d Td 8h] [Ks]
aremom4e: checks
AzureCaper: checks
*** RIVER *** [5d Td 8h Ks] [Jc]
aremom4e: bets $6
AzureCaper: folds
Uncalled bet ($6) returned to aremom4e
aremom4e collected $17.64 from pot
aremom4e: doesn't show hand
*** SUMMARY ***
Total pot $18 | Rake $0.36
Board [5d Td 8h Ks Jc]
Seat 1: AzureCaper (button) (small blind) folded on the River
Seat 6: aremom4e (big blind) collected ($17.64)


PokerStars Hand #164929244365:  Hold'em Limit ($3/$6 USD) - 2017/01/21 8:43:20 ET
Table 'Aho II' 6-max Seat #6 is the button
Seat 1: AzureCaper ($80.26 in chips)
Seat 6: aremom4e ($110.40 in chips)
aremom4e: posts small blind $1
AzureCaper: posts big blind $3
*** HOLE CARDS ***
aremom4e: raises $3 to $6
AzureCaper: raises $3 to $9
aremom4e: calls $3
*** FLOP *** [9c Jd 6h]
AzureCaper: bets $3
aremom4e: folds
Uncalled bet ($3) returned to AzureCaper
AzureCaper collected $17.64 from pot
AzureCaper: doesn't show hand
*** SUMMARY ***
Total pot $18 | Rake $0.36
Board [9c Jd 6h]
Seat 1: AzureCaper (big blind) collected ($17.64)
Seat 6: aremom4e (button) (small blind) folded on the Flop


PokerStars Hand #164929258912:  Hold'em Limit ($3/$6 USD) - 2017/01/21 8:43:41 ET
Table 'Aho II' 6-max Seat #6 is the button
Seat 1: AzureCaper ($79.90 in chips)
Seat 6: aremom4e ($110.04 in chips)
aremom4e: posts small blind $1
AzureCaper: posts big blind $3
*** HOLE CARDS ***
aremom4e: raises $3 to $6
AzureCaper: folds
Uncalled bet ($3) returned to aremom4e
aremom4e collected $6 from pot
aremom4e: doesn't show hand
*** SUMMARY ***
Total pot $6 | Rake $0
Seat 1: AzureCaper (big blind) folded before Flop
Seat 6: aremom4e (button) (small blind) collected ($6)


PokerStars Hand #164929252023:  Hold'em Limit ($3/$6 USD) - 2017/01/21 8:43:31 ET
Table 'Aho II' 6-max Seat #1 is the button
Seat 1: AzureCaper ($88.90 in chips)
Seat 6: aremom4e ($101.40 in chips)
AzureCaper: posts small blind $1
aremom4e: posts big blind $3
*** HOLE CARDS ***
AzureCaper: raises $3 to $6
aremom4e: raises $3 to $9
AzureCaper: calls $3
*** FLOP *** [Td 2h Qd]
aremom4e: bets $3
AzureCaper: folds
Uncalled bet ($3) returned to aremom4e
aremom4e collected $17.64 from pot
aremom4e: doesn't show hand
*** SUMMARY ***
Total pot $18 | Rake $0.36
Board [Td 2h Qd]
Seat 1: AzureCaper (button) (small blind) folded on the Flop
Seat 6: aremom4e (big blind) collected ($17.64)


PokerStars Hand #164929264344:  Hold'em Limit ($3/$6 USD) - 2017/01/21 8:43:49 ET
Table 'Aho II' 6-max Seat #1 is the button
Seat 1: AzureCaper ($76.90 in chips)
Seat 6: aremom4e ($113.04 in chips)
AzureCaper: posts small blind $1
aremom4e: posts big blind $3
*** HOLE CARDS ***
AzureCaper: raises $3 to $6
aremom4e: calls $3
*** FLOP *** [Js 8h 4s]
aremom4e: checks
AzureCaper: bets $3
aremom4e: raises $3 to $6
AzureCaper: folds
Uncalled bet ($3) returned to aremom4e
aremom4e collected $17.64 from pot
aremom4e: doesn't show hand
*** SUMMARY ***
Total pot $18 | Rake $0.36
Board [Js 8h 4s]
Seat 1: AzureCaper (button) (small blind) folded on the Flop
Seat 6: aremom4e (big blind) collected ($17.64)


PokerStars Hand #164929274874:  Hold'em Limit ($3/$6 USD) - 2017/01/21 8:44:05 ET
Table 'Aho II' 6-max Seat #6 is the button
Seat 1: AzureCaper ($72 in chips)
Seat 6: aremom4e ($121.68 in chips)
aremom4e: posts small blind $1
AzureCaper: posts big blind $3
*** HOLE CARDS ***
aremom4e: raises $3 to $6
AzureCaper: calls $3
*** FLOP *** [6s 7c Th]
AzureCaper: checks
aremom4e: bets $3
AzureCaper: calls $3
*** TURN *** [6s 7c Th] [Ad]
AzureCaper: checks
aremom4e: bets $6
AzureCaper: calls $6
*** RIVER *** [6s 7c Th Ad] [Jc]
AzureCaper: checks
aremom4e: bets $6
AzureCaper: folds
Uncalled bet ($6) returned to aremom4e
aremom4e collected $29.50 from pot
aremom4e: doesn't show hand
*** SUMMARY ***
Total pot $30 | Rake $0.50
Board [6s 7c Th Ad Jc]
Seat 1: AzureCaper (big blind) folded on the River
Seat 6: aremom4e (button) (small blind) collected ($29.50)


PokerStars Hand #164929299710:  Hold'em Limit ($3/$6 USD) - 2017/01/21 8:44:41 ET
Table 'Aho II' 6-max Seat #6 is the button
Seat 1: AzureCaper ($77.76 in chips)
Seat 6: aremom4e ($130.18 in chips)
aremom4e: posts small blind $1
AzureCaper: posts big blind $3
*** HOLE CARDS ***
aremom4e: raises $3 to $6
AzureCaper: raises $3 to $9
aremom4e: calls $3
*** FLOP *** [Qh 3s 6h]
AzureCaper: bets $3
aremom4e: calls $3
*** TURN *** [Qh 3s 6h] [4c]
AzureCaper: checks
aremom4e: bets $6
AzureCaper: folds
Uncalled bet ($6) returned to aremom4e
aremom4e collected $23.52 from pot
aremom4e: doesn't show hand
*** SUMMARY ***
Total pot $24 | Rake $0.48
Board [Qh 3s 6h 4c]
Seat 1: AzureCaper (big blind) folded on the Turn
Seat 6: aremom4e (button) (small blind) collected ($23.52)


PokerStars Hand #164929292423:  Hold'em Limit ($3/$6 USD) - 2017/01/21 8:44:31 ET
Table 'Aho II' 6-max Seat #1 is the button
Seat 1: AzureCaper ($72 in chips)
Seat 6: aremom4e ($136.18 in chips)
AzureCaper: posts small blind $1
aremom4e: posts big blind $3
*** HOLE CARDS ***
AzureCaper: raises $3 to $6
aremom4e: calls $3
*** FLOP *** [6d 9d Td]
aremom4e: checks
AzureCaper: bets $3
aremom4e: folds
Uncalled bet ($3) returned to AzureCaper
AzureCaper collected $11.76 from pot
AzureCaper: doesn't show hand
*** SUMMARY ***
Total pot $12 | Rake $0.24
Board [6d 9d Td]
Seat 1: AzureCaper (button) (small blind) collected ($11.76)
Seat 6: aremom4e (big blind) folded on the Flop


PokerStars Hand #164929316209:  Hold'em Limit ($3/$6 USD) - 2017/01/21 8:45:06 ET
Table 'Aho II' 6-max Seat #6 is the button
Seat 1: AzureCaper ($72 in chips)
Seat 6: aremom4e ($142.70 in chips)
aremom4e: posts small blind $1
AzureCaper: posts big blind $3
*** HOLE CARDS ***
aremom4e: folds
Uncalled bet ($2) returned to AzureCaper
AzureCaper collected $2 from pot
AzureCaper: doesn't show hand
*** SUMMARY ***
Total pot $2 | Rake $0
Seat 1: AzureCaper (big blind) collected ($2)
Seat 6: aremom4e (button) (small blind) folded before Flop


PokerStars Hand #164929330525:  Hold'em Limit ($3/$6 USD) - 2017/01/21 8:45:27 ET
Table 'Aho II' 6-max Seat #6 is the button
Seat 1: AzureCaper ($72 in chips)
Seat 6: aremom4e ($142.70 in chips)
aremom4e: posts small blind $1
AzureCaper: posts big blind $3
*** HOLE CARDS ***
aremom4e: raises $3 to $6
AzureCaper: folds
Uncalled bet ($3) returned to aremom4e
aremom4e collected $6 from pot
aremom4e: doesn't show hand
*** SUMMARY ***
Total pot $6 | Rake $0
Seat 1: AzureCaper (big blind) folded before Flop
Seat 6: aremom4e (button) (small blind) collected ($6)


PokerStars Hand #164929371679:  Hold'em Limit ($3/$6 USD) - 2017/01/21 8:46:28 ET
Table 'Aho II' 6-max Seat #6 is the button
Seat 1: AzureCaper ($83.50 in chips)
Seat 6: aremom4e ($133.20 in chips)
aremom4e: posts small blind $1
AzureCaper: posts big blind $3
*** HOLE CARDS ***
aremom4e: calls $2
AzureCaper: checks
*** FLOP *** [9c 6h 6c]
AzureCaper: checks
aremom4e: bets $3
AzureCaper: folds
Uncalled bet ($3) returned to aremom4e
aremom4e collected $5.88 from pot
aremom4e: doesn't show hand
*** SUMMARY ***
Total pot $6 | Rake $0.12
Board [9c 6h 6c]
Seat 1: AzureCaper (big blind) folded on the Flop
Seat 6: aremom4e (button) (small blind) collected ($5.88)


PokerStars Hand #164929338036:  Hold'em Limit ($3/$6 USD) - 2017/01/21 8:45:38 ET
Table 'Aho II' 6-max Seat #1 is the button
Seat 1: AzureCaper ($72 in chips)
Seat 6: aremom4e ($145.70 in chips)
AzureCaper: posts small blind $1
aremom4e: posts big blind $3
*** HOLE CARDS ***
AzureCaper: raises $3 to $6
aremom4e: folds
Uncalled bet ($3) returned to AzureCaper
AzureCaper collected $6 from pot
AzureCaper: doesn't show hand
*** SUMMARY ***
Total pot $6 | Rake $0
Seat 1: AzureCaper (button) (small blind) collected ($6)
Seat 6: aremom4e (big blind) folded before Flop


PokerStars Hand #164929357225:  Hold'em Limit ($3/$6 USD) - 2017/01/21 8:46:06 ET
Table 'Aho II' 6-max Seat #1 is the button
Seat 1: AzureCaper ($98.50 in chips)
Seat 6: aremom4e ($118.70 in chips)
AzureCaper: posts small blind $1
aremom4e: posts big blind $3
*** HOLE CARDS ***
AzureCaper: raises $3 to $6
aremom4e: calls $3
*** FLOP *** [9c 6h 2s]
aremom4e: checks
AzureCaper: bets $3
aremom4e: calls $3
*** TURN *** [9c 6h 2s] [5s]
aremom4e: checks
AzureCaper: bets $6
aremom4e: calls $6
*** RIVER *** [9c 6h 2s 5s] [3c]
aremom4e: checks
AzureCaper: checks
*** SHOW DOWN ***
aremom4e: shows [4c 5h] (a straight, Deuce to Six)
AzureCaper: mucks hand
aremom4e collected $29.50 from pot
*** SUMMARY ***
Total pot $30 | Rake $0.50
Board [9c 6h 2s 5s 3c]
Seat 1: AzureCaper (button) (small blind) mucked
Seat 6: aremom4e (big blind) showed [4c 5h] and won ($29.50) with a straight, Deuce to Six


PokerStars Hand #164929342984:  Hold'em Limit ($3/$6 USD) - 2017/01/21 8:45:45 ET
Table 'Aho II' 6-max Seat #6 is the button
Seat 1: AzureCaper ($75 in chips)
Seat 6: aremom4e ($142.70 in chips)
aremom4e: posts small blind $1
AzureCaper: posts big blind $3
*** HOLE CARDS ***
aremom4e: raises $3 to $6
AzureCaper: raises $3 to $9
aremom4e: calls $3
*** FLOP *** [4c 7s 4d]
AzureCaper: bets $3
aremom4e: calls $3
*** TURN *** [4c 7s 4d] [8s]
AzureCaper: bets $6
aremom4e: raises $6 to $12
AzureCaper: calls $6
*** RIVER *** [4c 7s 4d 8s] [8c]
AzureCaper: checks
aremom4e: checks
*** SHOW DOWN ***
AzureCaper: shows [Qc Qs] (two pair, Queens and Eights)
aremom4e: mucks hand
AzureCaper collected $47.50 from pot
*** SUMMARY ***
Total pot $48 | Rake $0.50
Board [4c 7s 4d 8s 8c]
Seat 1: AzureCaper (big blind) showed [Qc Qs] and won ($47.50) with two pair, Queens and Eights
Seat 6: aremom4e (button) (small blind) mucked


PokerStars Hand #164929380587:  Hold'em Limit ($3/$6 USD) - 2017/01/21 8:46:41 ET
Table 'Aho II' 6-max Seat #1 is the button
Seat 1: AzureCaper ($80.50 in chips)
Seat 6: aremom4e ($136.08 in chips)
AzureCaper: posts small blind $1
aremom4e: posts big blind $3
*** HOLE CARDS ***
AzureCaper: raises $3 to $6
aremom4e: raises $3 to $9
AzureCaper: calls $3
*** FLOP *** [Qd Jd 7d]
aremom4e: bets $3
AzureCaper: folds
Uncalled bet ($3) returned to aremom4e
aremom4e collected $17.64 from pot
aremom4e: doesn't show hand
*** SUMMARY ***
Total pot $18 | Rake $0.36
Board [Qd Jd 7d]
Seat 1: AzureCaper (button) (small blind) folded on the Flop
Seat 6: aremom4e (big blind) collected ($17.64)


PokerStars Hand #164929398452:  Hold'em Limit ($3/$6 USD) - 2017/01/21 8:47:07 ET
Table 'Aho II' 6-max Seat #1 is the button
Seat 1: AzureCaper ($72 in chips)
Seat 6: aremom4e ($147.72 in chips)
AzureCaper: posts small blind $1
aremom4e: posts big blind $3
*** HOLE CARDS ***
AzureCaper: raises $3 to $6
aremom4e: calls $3
*** FLOP *** [7h Kh Kc]
aremom4e: checks
AzureCaper: bets $3
aremom4e: calls $3
*** TURN *** [7h Kh Kc] [Jc]
aremom4e: checks
AzureCaper: bets $6
aremom4e: folds
Uncalled bet ($6) returned to AzureCaper
AzureCaper collected $17.64 from pot
AzureCaper: doesn't show hand
*** SUMMARY ***
Total pot $18 | Rake $0.36
Board [7h Kh Kc Jc]
Seat 1: AzureCaper (button) (small blind) collected ($17.64)
Seat 6: aremom4e (big blind) folded on the Turn


PokerStars Hand #164929391992:  Hold'em Limit ($3/$6 USD) - 2017/01/21 8:46:58 ET
Table 'Aho II' 6-max Seat #6 is the button
Seat 1: AzureCaper ($72 in chips)
Seat 6: aremom4e ($144.72 in chips)
aremom4e: posts small blind $1
AzureCaper: posts big blind $3
*** HOLE CARDS ***
aremom4e: raises $3 to $6
AzureCaper: folds
Uncalled bet ($3) returned to aremom4e
aremom4e collected $6 from pot
aremom4e: doesn't show hand
*** SUMMARY ***
Total pot $6 | Rake $0
Seat 1: AzureCaper (big blind) folded before Flop
Seat 6: aremom4e (button) (small blind) collected ($6)


PokerStars Hand #164929406734:  Hold'em Limit ($3/$6 USD) - 2017/01/21 8:47:19 ET
Table 'Aho II' 6-max Seat #6 is the button
Seat 1: AzureCaper ($80.64 in chips)
Seat 6: aremom4e ($138.72 in chips)
aremom4e: posts small blind $1
AzureCaper: posts big blind $3
*** HOLE CARDS ***
aremom4e: raises $3 to $6
AzureCaper: calls $3
*** FLOP *** [4d 5c 7c]
AzureCaper: checks
aremom4e: bets $3
AzureCaper: raises $3 to $6
aremom4e: calls $3
*** TURN *** [4d 5c 7c] [9d]
AzureCaper: bets $6
aremom4e: calls $6
*** RIVER *** [4d 5c 7c 9d] [8c]
AzureCaper: checks
aremom4e: checks
*** SHOW DOWN ***
AzureCaper: shows [Td 5d] (a pair of Fives)
aremom4e: shows [5h 7h] (two pair, Sevens and Fives)
aremom4e collected $35.50 from pot
*** SUMMARY ***
Total pot $36 | Rake $0.50
Board [4d 5c 7c 9d 8c]
Seat 1: AzureCaper (big blind) showed [Td 5d] and lost with a pair of Fives
Seat 6: aremom4e (button) (small blind) showed [5h 7h] and won ($35.50) with two pair, Sevens and Fives


PokerStars Hand #164929447145:  Hold'em Limit ($3/$6 USD) - 2017/01/21 8:48:19 ET
Table 'Aho II' 6-max Seat #6 is the button
Seat 1: AzureCaper ($90.50 in chips)
Seat 6: aremom4e ($145.86 in chips)
aremom4e: posts small blind $1
AzureCaper: posts big blind $3
*** HOLE CARDS ***
aremom4e: raises $3 to $6
AzureCaper: calls $3
*** FLOP *** [5s Jc Jd]
AzureCaper: checks
aremom4e: bets $3
AzureCaper: folds
Uncalled bet ($3) returned to aremom4e
aremom4e collected $11.76 from pot
aremom4e: doesn't show hand
*** SUMMARY ***
Total pot $12 | Rake $0.24
Board [5s Jc Jd]
Seat 1: AzureCaper (big blind) folded on the Flop
Seat 6: aremom4e (button) (small blind) collected ($11.76)


PokerStars Hand #164929434567:  Hold'em Limit ($3/$6 USD) - 2017/01/21 8:48:00 ET
Table 'Aho II' 6-max Seat #1 is the button
Seat 1: AzureCaper ($73 in chips)
Seat 6: aremom4e ($163.86 in chips)
AzureCaper: posts small blind $1
aremom4e: posts big blind $3
*** HOLE CARDS ***
AzureCaper: raises $3 to $6
aremom4e: raises $3 to $9
AzureCaper: calls $3
*** FLOP *** [8h 3c 7h]
aremom4e: bets $3
AzureCaper: calls $3
*** TURN *** [8h 3c 7h] [Ah]
aremom4e: bets $6
AzureCaper: calls $6
*** RIVER *** [8h 3c 7h Ah] [5h]
aremom4e: checks
AzureCaper: bets $6
aremom4e: folds
Uncalled bet ($6) returned to AzureCaper
AzureCaper collected $35.50 from pot
AzureCaper: doesn't show hand
*** SUMMARY ***
Total pot $36 | Rake $0.50
Board [8h 3c 7h Ah 5h]
Seat 1: AzureCaper (button) (small blind) collected ($35.50)
Seat 6: aremom4e (big blind) folded on the River


PokerStars Hand #164929431092:  Hold'em Limit ($3/$6 USD) - 2017/01/21 8:47:55 ET
Table 'Aho II' 6-max Seat #6 is the button
Seat 1: AzureCaper ($72 in chips)
Seat 6: aremom4e ($164.86 in chips)
aremom4e: posts small blind $1
AzureCaper: posts big blind $3
*** HOLE CARDS ***
aremom4e: folds
Uncalled bet ($2) returned to AzureCaper
AzureCaper collected $2 from pot
AzureCaper: doesn't show hand
*** SUMMARY ***
Total pot $2 | Rake $0
Seat 1: AzureCaper (big blind) collected ($2)
Seat 6: aremom4e (button) (small blind) folded before Flop


PokerStars Hand #164929420008:  Hold'em Limit ($3/$6 USD) - 2017/01/21 8:47:39 ET
Table 'Aho II' 6-max Seat #1 is the button
Seat 1: AzureCaper ($72 in chips)
Seat 6: aremom4e ($156.22 in chips)
AzureCaper: posts small blind $1
aremom4e: posts big blind $3
*** HOLE CARDS ***
AzureCaper: raises $3 to $6
aremom4e: calls $3
*** FLOP *** [Jd 2c Ad]
aremom4e: checks
AzureCaper: bets $3
aremom4e: calls $3
*** TURN *** [Jd 2c Ad] [6h]
aremom4e: checks
AzureCaper: checks
*** RIVER *** [Jd 2c Ad 6h] [8s]
aremom4e: bets $6
AzureCaper: folds
Uncalled bet ($6) returned to aremom4e
aremom4e collected $17.64 from pot
aremom4e: doesn't show hand
*** SUMMARY ***
Total pot $18 | Rake $0.36
Board [Jd 2c Ad 6h 8s]
Seat 1: AzureCaper (button) (small blind) folded on the River
Seat 6: aremom4e (big blind) collected ($17.64)


PokerStars Hand #164929481336:  Hold'em Limit ($3/$6 USD) - 2017/01/21 8:49:09 ET
Table 'Aho II' 6-max Seat #6 is the button
Seat 1: AzureCaper ($72 in chips)
Seat 6: aremom4e ($167.90 in chips)
aremom4e: posts small blind $1
AzureCaper: posts big blind $3
*** HOLE CARDS ***
aremom4e: raises $3 to $6
AzureCaper: folds
Uncalled bet ($3) returned to aremom4e
aremom4e collected $6 from pot
aremom4e: doesn't show hand
*** SUMMARY ***
Total pot $6 | Rake $0
Seat 1: AzureCaper (big blind) folded before Flop
Seat 6: aremom4e (button) (small blind) collected ($6)


PokerStars Hand #164929490084:  Hold'em Limit ($3/$6 USD) - 2017/01/21 8:49:22 ET
Table 'Aho II' 6-max Seat #6 is the button
Seat 1: AzureCaper ($72 in chips)
Seat 6: aremom4e ($171.90 in chips)
aremom4e: posts small blind $1
AzureCaper: posts big blind $3
*** HOLE CARDS ***
aremom4e: raises $3 to $6
AzureCaper: folds
Uncalled bet ($3) returned to aremom4e
aremom4e collected $6 from pot
aremom4e: doesn't show hand
*** SUMMARY ***
Total pot $6 | Rake $0
Seat 1: AzureCaper (big blind) folded before Flop
Seat 6: aremom4e (button) (small blind) collected ($6)


PokerStars Hand #164929486418:  Hold'em Limit ($3/$6 USD) - 2017/01/21 8:49:17 ET
Table 'Aho II' 6-max Seat #1 is the button
Seat 1: AzureCaper ($72 in chips)
Seat 6: aremom4e ($170.90 in chips)
AzureCaper: posts small blind $1
aremom4e: posts big blind $3
*** HOLE CARDS ***
AzureCaper: folds
Uncalled bet ($2) returned to aremom4e
aremom4e collected $2 from pot
aremom4e: doesn't show hand
*** SUMMARY ***
Total pot $2 | Rake $0
Seat 1: AzureCaper (button) (small blind) folded before Flop
Seat 6: aremom4e (big blind) collected ($2)


PokerStars Hand #164929467201:  Hold'em Limit ($3/$6 USD) - 2017/01/21 8:48:48 ET
Table 'Aho II' 6-max Seat #1 is the button
Seat 1: AzureCaper ($76.50 in chips)
Seat 6: aremom4e ($159.26 in chips)
AzureCaper: posts small blind $1
aremom4e: posts big blind $3
*** HOLE CARDS ***
AzureCaper: raises $3 to $6
aremom4e: calls $3
*** FLOP *** [4c 5c 7c]
aremom4e: checks
AzureCaper: bets $3
aremom4e: raises $3 to $6
AzureCaper: folds
Uncalled bet ($3) returned to aremom4e
aremom4e collected $17.64 from pot
aremom4e: doesn't show hand
*** SUMMARY ***
Total pot $18 | Rake $0.36
Board [4c 5c 7c]
Seat 1: AzureCaper (button) (small blind) folded on the Flop
Seat 6: aremom4e (big blind) collected ($17.64)


PokerStars Hand #164929463342:  Hold'em Limit ($3/$6 USD) - 2017/01/21 8:48:43 ET
Table 'Aho II' 6-max Seat #6 is the button
Seat 1: AzureCaper ($75.50 in chips)
Seat 6: aremom4e ($160.26 in chips)
aremom4e: posts small blind $1
AzureCaper: posts big blind $3
*** HOLE CARDS ***
aremom4e: folds
Uncalled bet ($2) returned to AzureCaper
AzureCaper collected $2 from pot
AzureCaper: doesn't show hand
*** SUMMARY ***
Total pot $2 | Rake $0
Seat 1: AzureCaper (big blind) collected ($2)
Seat 6: aremom4e (button) (small blind) folded before Flop


PokerStars Hand #164929455313:  Hold'em Limit ($3/$6 USD) - 2017/01/21 8:48:31 ET
Table 'Aho II' 6-max Seat #1 is the button
Seat 1: AzureCaper ($84.50 in chips)
Seat 6: aremom4e ($151.62 in chips)
AzureCaper: posts small blind $1
aremom4e: posts big blind $3
*** HOLE CARDS ***
AzureCaper: raises $3 to $6
aremom4e: calls $3
*** FLOP *** [Qc 8h 3c]
aremom4e: checks
AzureCaper: bets $3
aremom4e: raises $3 to $6
AzureCaper: folds
Uncalled bet ($3) returned to aremom4e
aremom4e collected $17.64 from pot
aremom4e: doesn't show hand
*** SUMMARY ***
Total pot $18 | Rake $0.36
Board [Qc 8h 3c]
Seat 1: AzureCaper (button) (small blind) folded on the Flop
Seat 6: aremom4e (big blind) collected ($17.64)


PokerStars Hand #164929505183:  Hold'em Limit ($3/$6 USD) - 2017/01/21 8:49:45 ET
Table 'Aho II' 6-max Seat #6 is the button
Seat 1: AzureCaper ($72 in chips)
Seat 6: aremom4e ($183.54 in chips)
aremom4e: posts small blind $1
AzureCaper: posts big blind $3
*** HOLE CARDS ***
aremom4e: raises $3 to $6
AzureCaper: calls $3
*** FLOP *** [4h Jc 9d]
AzureCaper: checks
aremom4e: bets $3
AzureCaper: folds
Uncalled bet ($3) returned to aremom4e
aremom4e collected $11.76 from pot
aremom4e: doesn't show hand
*** SUMMARY ***
Total pot $12 | Rake $0.24
Board [4h Jc 9d]
Seat 1: AzureCaper (big blind) folded on the Flop
Seat 6: aremom4e (button) (small blind) collected ($11.76)


PokerStars Hand #164929522334:  Hold'em Limit ($3/$6 USD) - 2017/01/21 8:50:10 ET
Table 'Aho II' 6-max Seat #6 is the button
Seat 1: AzureCaper ($77.76 in chips)
Seat 6: aremom4e ($183.30 in chips)
aremom4e: posts small blind $1
AzureCaper: posts big blind $3
*** HOLE CARDS ***
aremom4e: raises $3 to $6
AzureCaper: folds
Uncalled bet ($3) returned to aremom4e
aremom4e collected $6 from pot
aremom4e: doesn't show hand
*** SUMMARY ***
Total pot $6 | Rake $0
Seat 1: AzureCaper (big blind) folded before Flop
Seat 6: aremom4e (button) (small blind) collected ($6)


PokerStars Hand #164929495319:  Hold'em Limit ($3/$6 USD) - 2017/01/21 8:49:30 ET
Table 'Aho II' 6-max Seat #1 is the button
Seat 1: AzureCaper ($72 in chips)
Seat 6: aremom4e ($174.90 in chips)
AzureCaper: posts small blind $1
aremom4e: posts big blind $3
*** HOLE CARDS ***
AzureCaper: raises $3 to $6
aremom4e: calls $3
*** FLOP *** [3d Kh Js]
aremom4e: checks
AzureCaper: bets $3
aremom4e: raises $3 to $6
AzureCaper: folds
Uncalled bet ($3) returned to aremom4e
aremom4e collected $17.64 from pot
aremom4e: doesn't show hand
*** SUMMARY ***
Total pot $18 | Rake $0.36
Board [3d Kh Js]
Seat 1: AzureCaper (button) (small blind) folded on the Flop
Seat 6: aremom4e (big blind) collected ($17.64)


PokerStars Hand #164929532221:  Hold'em Limit ($3/$6 USD) - 2017/01/21 8:50:25 ET
Table 'Aho II' 6-max Seat #1 is the button
Seat 1: AzureCaper ($74.76 in chips)
Seat 6: aremom4e ($186.30 in chips)
AzureCaper: posts small blind $1
aremom4e: posts big blind $3
*** HOLE CARDS ***
AzureCaper: raises $3 to $6
aremom4e: calls $3
*** FLOP *** [8d 9d Ts]
aremom4e: checks
AzureCaper: bets $3
aremom4e: folds
Uncalled bet ($3) returned to AzureCaper
AzureCaper collected $11.76 from pot
AzureCaper: doesn't show hand
*** SUMMARY ***
Total pot $12 | Rake $0.24
Board [8d 9d Ts]
Seat 1: AzureCaper (button) (small blind) collected ($11.76)
Seat 6: aremom4e (big blind) folded on the Flop


PokerStars Hand #164929515111:  Hold'em Limit ($3/$6 USD) - 2017/01/21 8:50:00 ET
Table 'Aho II' 6-max Seat #1 is the button
Seat 1: AzureCaper ($72 in chips)
Seat 6: aremom4e ($189.30 in chips)
AzureCaper: posts small blind $1
aremom4e: posts big blind $3
*** HOLE CARDS ***
AzureCaper: raises $3 to $6
aremom4e: calls $3
*** FLOP *** [9c 9h 5h]
aremom4e: checks
AzureCaper: bets $3
aremom4e: folds
Uncalled bet ($3) returned to AzureCaper
AzureCaper collected $11.76 from pot
AzureCaper: doesn't show hand
*** SUMMARY ***
Total pot $12 | Rake $0.24
Board [9c 9h 5h]
Seat 1: AzureCaper (button) (small blind) collected ($11.76)
Seat 6: aremom4e (big blind) folded on the Flop


PokerStars Hand #164929558379:  Hold'em Limit ($3/$6 USD) - 2017/01/21 8:51:04 ET
Table 'Aho II' 6-max Seat #6 is the button
Seat 1: AzureCaper ($75 in chips)
Seat 6: aremom4e ($206.80 in chips)
aremom4e: posts small blind $1
AzureCaper: posts big blind $3
*** HOLE CARDS ***
aremom4e: raises $3 to $6
AzureCaper: folds
Uncalled bet ($3) returned to aremom4e
aremom4e collected $6 from pot
aremom4e: doesn't show hand
*** SUMMARY ***
Total pot $6 | Rake $0
Seat 1: AzureCaper (big blind) folded before Flop
Seat 6: aremom4e (button) (small blind) collected ($6)


PokerStars Hand #164929553765:  Hold'em Limit ($3/$6 USD) - 2017/01/21 8:50:57 ET
Table 'Aho II' 6-max Seat #1 is the button
Seat 1: AzureCaper ($72 in chips)
Seat 6: aremom4e ($209.80 in chips)
AzureCaper: posts small blind $1
aremom4e: posts big blind $3
*** HOLE CARDS ***
AzureCaper: raises $3 to $6
aremom4e: folds
Uncalled bet ($3) returned to AzureCaper
AzureCaper collected $6 from pot
*** SUMMARY ***
Total pot $6 | Rake $0
Seat 1: AzureCaper (button) (small blind) collected ($6)
Seat 6: aremom4e (big blind) folded before Flop


PokerStars Hand #164929539217:  Hold'em Limit ($3/$6 USD) - 2017/01/21 8:50:36 ET
Table 'Aho II' 6-max Seat #6 is the button
Seat 1: AzureCaper ($80.52 in chips)
Seat 6: aremom4e ($180.30 in chips)
aremom4e: posts small blind $1
AzureCaper: posts big blind $3
*** HOLE CARDS ***
aremom4e: raises $3 to $6
AzureCaper: raises $3 to $9
aremom4e: calls $3
*** FLOP *** [9h Jh Qc]
AzureCaper: bets $3
aremom4e: calls $3
*** TURN *** [9h Jh Qc] [4s]
AzureCaper: bets $6
aremom4e: calls $6
*** RIVER *** [9h Jh Qc 4s] [Kd]
AzureCaper: bets $6
aremom4e: raises $6 to $12
AzureCaper: calls $6
*** SHOW DOWN ***
aremom4e: shows [6c Tc] (a straight, Nine to King)
AzureCaper: mucks hand
aremom4e collected $59.50 from pot
*** SUMMARY ***
Total pot $60 | Rake $0.50
Board [9h Jh Qc 4s Kd]
Seat 1: AzureCaper (big blind) mucked
Seat 6: aremom4e (button) (small blind) showed [6c Tc] and won ($59.50) with a straight, Nine to King


PokerStars Hand #164929600544:  Hold'em Limit ($3/$6 USD) - 2017/01/21 8:52:06 ET
Table 'Aho II' 6-max Seat #6 is the button
Seat 1: AzureCaper ($75 in chips)
Seat 6: aremom4e ($206.80 in chips)
aremom4e: posts small blind $1
AzureCaper: posts big blind $3
*** HOLE CARDS ***
aremom4e: calls $2
AzureCaper: raises $3 to $6
aremom4e: calls $3
*** FLOP *** [5c Ac Qh]
AzureCaper: bets $3
aremom4e: folds
Uncalled bet ($3) returned to AzureCaper
AzureCaper collected $11.76 from pot
AzureCaper: doesn't show hand
*** SUMMARY ***
Total pot $12 | Rake $0.24
Board [5c Ac Qh]
Seat 1: AzureCaper (big blind) collected ($11.76)
Seat 6: aremom4e (button) (small blind) folded on the Flop


PokerStars Hand #164929593413:  Hold'em Limit ($3/$6 USD) - 2017/01/21 8:51:56 ET
Table 'Aho II' 6-max Seat #1 is the button
Seat 1: AzureCaper ($72 in chips)
Seat 6: aremom4e ($209.80 in chips)
AzureCaper: posts small blind $1
aremom4e: posts big blind $3
*** HOLE CARDS ***
AzureCaper: raises $3 to $6
aremom4e: folds
Uncalled bet ($3) returned to AzureCaper
AzureCaper collected $6 from pot
*** SUMMARY ***
Total pot $6 | Rake $0
Seat 1: AzureCaper (button) (small blind) collected ($6)
Seat 6: aremom4e (big blind) folded before Flop


PokerStars Hand #164929620879:  Hold'em Limit ($3/$6 USD) - 2017/01/21 8:52:36 ET
Table 'Aho II' 6-max Seat #6 is the button
Seat 1: AzureCaper ($86.52 in chips)
Seat 6: aremom4e ($194.80 in chips)
aremom4e: posts small blind $1
AzureCaper: posts big blind $3
*** HOLE CARDS ***
aremom4e: folds
Uncalled bet ($2) returned to AzureCaper
AzureCaper collected $2 from pot
*** SUMMARY ***
Total pot $2 | Rake $0
Seat 1: AzureCaper (big blind) collected ($2)
Seat 6: aremom4e (button) (small blind) folded before Flop


PokerStars Hand #164929614275:  Hold'em Limit ($3/$6 USD) - 2017/01/21 8:52:27 ET
Table 'Aho II' 6-max Seat #1 is the button
Seat 1: AzureCaper ($80.76 in chips)
Seat 6: aremom4e ($200.80 in chips)
AzureCaper: posts small blind $1
aremom4e: posts big blind $3
*** HOLE CARDS ***
AzureCaper: raises $3 to $6
aremom4e: calls $3
*** FLOP *** [7h 8c 9d]
aremom4e: checks
AzureCaper: bets $3
aremom4e: folds
Uncalled bet ($3) returned to AzureCaper
AzureCaper collected $11.76 from pot
AzureCaper: doesn't show hand
*** SUMMARY ***
Total pot $12 | Rake $0.24
Board [7h 8c 9d]
Seat 1: AzureCaper (button) (small blind) collected ($11.76)
Seat 6: aremom4e (big blind) folded on the Flop


PokerStars Hand #164929563897:  Hold'em Limit ($3/$6 USD) - 2017/01/21 8:51:12 ET
Table 'Aho II' 6-max Seat #1 is the button
Seat 1: AzureCaper ($72 in chips)
Seat 6: aremom4e ($209.80 in chips)
AzureCaper: posts small blind $1
aremom4e: posts big blind $3
*** HOLE CARDS ***
AzureCaper: raises $3 to $6
aremom4e: folds
Uncalled bet ($3) returned to AzureCaper
AzureCaper collected $6 from pot
AzureCaper: doesn't show hand
*** SUMMARY ***
Total pot $6 | Rake $0
Seat 1: AzureCaper (button) (small blind) collected ($6)
Seat 6: aremom4e (big blind) folded before Flop


PokerStars Hand #164929584719:  Hold'em Limit ($3/$6 USD) - 2017/01/21 8:51:43 ET
Table 'Aho II' 6-max Seat #6 is the button
Seat 1: AzureCaper ($75 in chips)
Seat 6: aremom4e ($206.80 in chips)
aremom4e: posts small blind $1
AzureCaper: posts big blind $3
*** HOLE CARDS ***
aremom4e: raises $3 to $6
AzureCaper: folds
Uncalled bet ($3) returned to aremom4e
aremom4e collected $6 from pot
aremom4e: doesn't show hand
*** SUMMARY ***
Total pot $6 | Rake $0
Seat 1: AzureCaper (big blind) folded before Flop
Seat 6: aremom4e (button) (small blind) collected ($6)


PokerStars Hand #164929642935:  Hold'em Limit ($3/$6 USD) - 2017/01/21 8:53:09 ET
Table 'Aho II' 6-max Seat #1 is the button
Seat 1: AzureCaper ($96.16 in chips)
Seat 6: aremom4e ($184.80 in chips)
AzureCaper: posts small blind $1
aremom4e: posts big blind $3
*** HOLE CARDS ***
AzureCaper: folds
Uncalled bet ($2) returned to aremom4e
aremom4e collected $2 from pot
aremom4e: doesn't show hand
*** SUMMARY ***
Total pot $2 | Rake $0
Seat 1: AzureCaper (button) (small blind) folded before Flop
Seat 6: aremom4e (big blind) collected ($2)


PokerStars Hand #164929631786:  Hold'em Limit ($3/$6 USD) - 2017/01/21 8:52:52 ET
Table 'Aho II' 6-max Seat #6 is the button
Seat 1: AzureCaper ($93.28 in chips)
Seat 6: aremom4e ($187.80 in chips)
aremom4e: posts small blind $1
AzureCaper: posts big blind $3
*** HOLE CARDS ***
aremom4e: calls $2
AzureCaper: checks
*** FLOP *** [Kd Ac 7d]
AzureCaper: bets $3
aremom4e: folds
Uncalled bet ($3) returned to AzureCaper
AzureCaper collected $5.88 from pot
AzureCaper: doesn't show hand
*** SUMMARY ***
Total pot $6 | Rake $0.12
Board [Kd Ac 7d]
Seat 1: AzureCaper (big blind) collected ($5.88)
Seat 6: aremom4e (button) (small blind) folded on the Flop


PokerStars Hand #164929624393:  Hold'em Limit ($3/$6 USD) - 2017/01/21 8:52:42 ET
Table 'Aho II' 6-max Seat #1 is the button
Seat 1: AzureCaper ($87.52 in chips)
Seat 6: aremom4e ($193.80 in chips)
AzureCaper: posts small blind $1
aremom4e: posts big blind $3
*** HOLE CARDS ***
AzureCaper: raises $3 to $6
aremom4e: calls $3
*** FLOP *** [2c 5h Kc]
aremom4e: checks
AzureCaper: bets $3
aremom4e: folds
Uncalled bet ($3) returned to AzureCaper
AzureCaper collected $11.76 from pot
AzureCaper: doesn't show hand
*** SUMMARY ***
Total pot $12 | Rake $0.24
Board [2c 5h Kc]
Seat 1: AzureCaper (button) (small blind) collected ($11.76)
Seat 6: aremom4e (big blind) folded on the Flop


PokerStars Hand #164929699790:  Hold'em Limit ($3/$6 USD) - 2017/01/21 8:54:33 ET
Table 'Aho II' 6-max Seat #1 is the button
Seat 1: AzureCaper ($104.56 in chips)
Seat 6: aremom4e ($175.80 in chips)
AzureCaper: posts small blind $1
aremom4e: posts big blind $3
*** HOLE CARDS ***
AzureCaper: folds
Uncalled bet ($2) returned to aremom4e
aremom4e collected $2 from pot
aremom4e: doesn't show hand
*** SUMMARY ***
Total pot $2 | Rake $0
Seat 1: AzureCaper (button) (small blind) folded before Flop
Seat 6: aremom4e (big blind) collected ($2)


PokerStars Hand #164929647416:  Hold'em Limit ($3/$6 USD) - 2017/01/21 8:53:15 ET
Table 'Aho II' 6-max Seat #6 is the button
Seat 1: AzureCaper ($95.16 in chips)
Seat 6: aremom4e ($185.80 in chips)
aremom4e: posts small blind $1
AzureCaper: posts big blind $3
*** HOLE CARDS ***
aremom4e: raises $3 to $6
AzureCaper: calls $3
*** FLOP *** [7d Ad 9s]
AzureCaper: bets $3
aremom4e: folds
Uncalled bet ($3) returned to AzureCaper
AzureCaper collected $11.76 from pot
AzureCaper: doesn't show hand
*** SUMMARY ***
Total pot $12 | Rake $0.24
Board [7d Ad 9s]
Seat 1: AzureCaper (big blind) collected ($11.76)
Seat 6: aremom4e (button) (small blind) folded on the Flop


PokerStars Hand #164929675978:  Hold'em Limit ($3/$6 USD) - 2017/01/21 8:53:58 ET
Table 'Aho II' 6-max Seat #6 is the button
Seat 1: AzureCaper ($99.92 in chips)
Seat 6: aremom4e ($180.80 in chips)
aremom4e: posts small blind $1
AzureCaper: posts big blind $3
*** HOLE CARDS ***
aremom4e: raises $3 to $6
AzureCaper: calls $3
*** FLOP *** [4d 7d Th]
AzureCaper: checks
aremom4e: bets $3
AzureCaper: calls $3
*** TURN *** [4d 7d Th] [9s]
AzureCaper: checks
aremom4e: checks
*** RIVER *** [4d 7d Th 9s] [Ts]
AzureCaper: bets $6
aremom4e: folds
Uncalled bet ($6) returned to AzureCaper
AzureCaper collected $17.64 from pot
AzureCaper: doesn't show hand
*** SUMMARY ***
Total pot $18 | Rake $0.36
Board [4d 7d Th 9s Ts]
Seat 1: AzureCaper (big blind) collected ($17.64)
Seat 6: aremom4e (button) (small blind) folded on the River


PokerStars Hand #164929670932:  Hold'em Limit ($3/$6 USD) - 2017/01/21 8:53:50 ET
Table 'Aho II' 6-max Seat #1 is the button
Seat 1: AzureCaper ($100.92 in chips)
Seat 6: aremom4e ($179.80 in chips)
AzureCaper: posts small blind $1
aremom4e: posts big blind $3
*** HOLE CARDS ***
AzureCaper: folds
Uncalled bet ($2) returned to aremom4e
aremom4e collected $2 from pot
aremom4e: doesn't show hand
*** SUMMARY ***
Total pot $2 | Rake $0
Seat 1: AzureCaper (button) (small blind) folded before Flop
Seat 6: aremom4e (big blind) collected ($2)


PokerStars Hand #164929693648:  Hold'em Limit ($3/$6 USD) - 2017/01/21 8:54:24 ET
Table 'Aho II' 6-max Seat #6 is the button
Seat 1: AzureCaper ($107.56 in chips)
Seat 6: aremom4e ($172.80 in chips)
aremom4e: posts small blind $1
AzureCaper: posts big blind $3
*** HOLE CARDS ***
aremom4e: raises $3 to $6
AzureCaper: folds
Uncalled bet ($3) returned to aremom4e
aremom4e collected $6 from pot
aremom4e: doesn't show hand
*** SUMMARY ***
Total pot $6 | Rake $0
Seat 1: AzureCaper (big blind) folded before Flop
Seat 6: aremom4e (button) (small blind) collected ($6)


PokerStars Hand #164929689586:  Hold'em Limit ($3/$6 USD) - 2017/01/21 8:54:18 ET
Table 'Aho II' 6-max Seat #1 is the button
Seat 1: AzureCaper ($108.56 in chips)
Seat 6: aremom4e ($171.80 in chips)
AzureCaper: posts small blind $1
aremom4e: posts big blind $3
*** HOLE CARDS ***
AzureCaper: folds
Uncalled bet ($2) returned to aremom4e
aremom4e collected $2 from pot
aremom4e: doesn't show hand
*** SUMMARY ***
Total pot $2 | Rake $0
Seat 1: AzureCaper (button) (small blind) folded before Flop
Seat 6: aremom4e (big blind) collected ($2)


PokerStars Hand #164929711398:  Hold'em Limit ($3/$6 USD) - 2017/01/21 8:54:50 ET
Table 'Aho II' 6-max Seat #6 is the button
Seat 1: AzureCaper ($103.56 in chips)
Seat 6: aremom4e ($176.80 in chips)
aremom4e: posts small blind $1
AzureCaper: posts big blind $3
*** HOLE CARDS ***
aremom4e: raises $3 to $6
AzureCaper: raises $3 to $9
aremom4e: calls $3
*** FLOP *** [2h Th 8h]
AzureCaper: bets $3
aremom4e: calls $3
*** TURN *** [2h Th 8h] [8s]
AzureCaper: bets $6
aremom4e: raises $6 to $12
AzureCaper: folds
Uncalled bet ($6) returned to aremom4e
aremom4e collected $35.50 from pot
aremom4e: doesn't show hand
*** SUMMARY ***
Total pot $36 | Rake $0.50
Board [2h Th 8h 8s]
Seat 1: AzureCaper (big blind) folded on the Turn
Seat 6: aremom4e (button) (small blind) collected ($35.50)


PokerStars Hand #164929707566:  Hold'em Limit ($3/$6 USD) - 2017/01/21 8:54:44 ET
Table 'Aho II' 6-max Seat #1 is the button
Seat 1: AzureCaper ($104.56 in chips)
Seat 6: aremom4e ($175.80 in chips)
AzureCaper: posts small blind $1
aremom4e: posts big blind $3
*** HOLE CARDS ***
iupeli joins the table at seat #4
AzureCaper: folds
Uncalled bet ($2) returned to aremom4e
aremom4e collected $2 from pot
aremom4e: doesn't show hand
*** SUMMARY ***
Total pot $2 | Rake $0
Seat 1: AzureCaper (button) (small blind) folded before Flop
Seat 6: aremom4e (big blind) collected ($2)


PokerStars Hand #164929703422:  Hold'em Limit ($3/$6 USD) - 2017/01/21 8:54:38 ET
Table 'Aho II' 6-max Seat #6 is the button
Seat 1: AzureCaper ($103.56 in chips)
Seat 6: aremom4e ($176.80 in chips)
aremom4e: posts small blind $1
AzureCaper: posts big blind $3
*** HOLE CARDS ***
aremom4e: folds
Uncalled bet ($2) returned to AzureCaper
AzureCaper collected $2 from pot
AzureCaper: doesn't show hand
*** SUMMARY ***
Total pot $2 | Rake $0
Seat 1: AzureCaper (big blind) collected ($2)
Seat 6: aremom4e (button) (small blind) folded before Flop


PokerStars Hand #164929938240:  Hold'em Limit ($3/$6 USD) - 2017/01/21 9:01:10 ET
Table 'Aho II' 6-max Seat #6 is the button
Seat 4: iupeli ($155.89 in chips)
Seat 6: aremom4e ($139 in chips)
aremom4e: posts small blind $1
AzureCaper: is sitting out
iupeli: posts big blind $3
*** HOLE CARDS ***
aremom4e: raises $3 to $6
iupeli: calls $3
*** FLOP *** [2h 9d 8c]
iupeli: checks
aremom4e: bets $3
iupeli: calls $3
*** TURN *** [2h 9d 8c] [5s]
iupeli: checks
aremom4e: checks
*** RIVER *** [2h 9d 8c 5s] [Ac]
iupeli: checks
aremom4e: checks
*** SHOW DOWN ***
iupeli: shows [Qd Kh] (high card Ace)
aremom4e: shows [Kc Qc] (high card Ace)
iupeli collected $8.82 from pot
aremom4e collected $8.82 from pot
*** SUMMARY ***
Total pot $18 | Rake $0.36
Board [2h 9d 8c 5s Ac]
Seat 4: iupeli (big blind) showed [Qd Kh] and won ($8.82) with high card Ace
Seat 6: aremom4e (button) (small blind) showed [Kc Qc] and won ($8.82) with high card Ace


