PokerStars Hand #156785207705:  Hold'em Limit ($3/$6 USD) - 2016/08/02 17:22:50 ET
Table 'Aho' 6-max Seat #2 is the button
Seat 1: Zubasa07 ($483.76 in chips)
Seat 2: Siwy56 ($116.92 in chips)
Siwy56: posts small blind $1
Zubasa07: posts big blind $3
*** HOLE CARDS ***
Siwy56: calls $2
Zubasa07: checks
*** FLOP *** [Jh 8h 9d]
Zubasa07: bets $3
Siwy56: calls $3
*** TURN *** [Jh 8h 9d] [Kc]
Zubasa07: bets $6
Siwy56: calls $6
*** RIVER *** [Jh 8h 9d Kc] [8c]
Zubasa07: checks
Siwy56: checks
*** SHOW DOWN ***
Zubasa07: shows [4h Jc] (two pair, Jacks and Eights)
Siwy56: mucks hand
Zubasa07 collected $23.52 from pot
*** SUMMARY ***
Total pot $24 | Rake $0.48
Board [Jh 8h 9d Kc 8c]
Seat 1: Zubasa07 (big blind) showed [4h Jc] and won ($23.52) with two pair, Jacks and Eights
Seat 2: Siwy56 (button) (small blind) mucked


PokerStars Hand #156785204379:  Hold'em Limit ($3/$6 USD) - 2016/08/02 17:22:45 ET
Table 'Aho' 6-max Seat #1 is the button
Seat 1: Zubasa07 ($484.76 in chips)
Seat 2: Siwy56 ($115.92 in chips)
Zubasa07: posts small blind $1
Siwy56: posts big blind $3
*** HOLE CARDS ***
Zubasa07: folds
Uncalled bet ($2) returned to Siwy56
Siwy56 collected $2 from pot
Siwy56: doesn't show hand
*** SUMMARY ***
Total pot $2 | Rake $0
Seat 1: Zubasa07 (button) (small blind) folded before Flop
Seat 2: Siwy56 (big blind) collected ($2)


PokerStars Hand #156785171119:  Hold'em Limit ($3/$6 USD) - 2016/08/02 17:22:03 ET
Table 'Aho' 6-max Seat #2 is the button
Seat 1: Zubasa07 ($505.76 in chips)
Seat 2: Siwy56 ($95.42 in chips)
Siwy56: posts small blind $1
Zubasa07: posts big blind $3
*** HOLE CARDS ***
Siwy56: raises $3 to $6
Zubasa07: calls $3
*** FLOP *** [5d Ah 3h]
Zubasa07: checks
Siwy56: bets $3
Zubasa07: raises $3 to $6
Siwy56: raises $3 to $9
Zubasa07: calls $3
*** TURN *** [5d Ah 3h] [7c]
Zubasa07: checks
Siwy56: bets $6
Zubasa07: calls $6
*** RIVER *** [5d Ah 3h 7c] [8d]
Zubasa07: checks
Siwy56: bets $6
Zubasa07: folds
Uncalled bet ($6) returned to Siwy56
Siwy56 collected $41.50 from pot
Siwy56: doesn't show hand
*** SUMMARY ***
Total pot $42 | Rake $0.50
Board [5d Ah 3h 7c 8d]
Seat 1: Zubasa07 (big blind) folded on the River
Seat 2: Siwy56 (button) (small blind) collected ($41.50)


PokerStars Hand #156785241644:  Hold'em Limit ($3/$6 USD) - 2016/08/02 17:23:24 ET
Table 'Aho' 6-max Seat #1 is the button
Seat 1: Zubasa07 ($495.28 in chips)
Seat 2: Siwy56 ($104.92 in chips)
Zubasa07: posts small blind $1
Siwy56: posts big blind $3
*** HOLE CARDS ***
Zubasa07: raises $3 to $6
Siwy56: calls $3
*** FLOP *** [Kh Th Ks]
Siwy56: checks
Kajind joins the table at seat #3
Zubasa07: bets $3
Siwy56: folds
Uncalled bet ($3) returned to Zubasa07
Zubasa07 collected $11.76 from pot
Zubasa07: doesn't show hand
*** SUMMARY ***
Total pot $12 | Rake $0.24
Board [Kh Th Ks]
Seat 1: Zubasa07 (button) (small blind) collected ($11.76)
Seat 2: Siwy56 (big blind) folded on the Flop


