PokerStars Hand #161845984336:  Hold'em Limit ($3/$6 USD) - 2016/11/23 12:51:39 ET
Table 'Ahrensa' 6-max Seat #2 is the button
Seat 1: assitoni ($72 in chips)
Seat 2: Salkucard ($89.35 in chips)
Salkucard: posts small blind $1
assitoni: posts big blind $3
*** HOLE CARDS ***
Salkucard: raises $3 to $6
assitoni: folds
Uncalled bet ($3) returned to Salkucard
Salkucard collected $6 from pot
*** SUMMARY ***
Total pot $6 | Rake $0
Seat 1: assitoni (big blind) folded before Flop
Seat 2: Salkucard (button) (small blind) collected ($6)


PokerStars Hand #161845972020:  Hold'em Limit ($3/$6 USD) - 2016/11/23 12:51:25 ET
Table 'Ahrensa' 6-max Seat #1 is the button
Seat 1: assitoni ($72 in chips)
Seat 2: Salkucard ($88.35 in chips)
assitoni: posts small blind $1
Salkucard: posts big blind $3
*** HOLE CARDS ***
assitoni: folds
Uncalled bet ($2) returned to Salkucard
Salkucard collected $2 from pot
*** SUMMARY ***
Total pot $2 | Rake $0
Seat 1: assitoni (button) (small blind) folded before Flop
Seat 2: Salkucard (big blind) collected ($2)


PokerStars Hand #161845990502:  Hold'em Limit ($3/$6 USD) - 2016/11/23 12:51:46 ET
Table 'Ahrensa' 6-max Seat #1 is the button
Seat 1: assitoni ($72 in chips)
Seat 2: Salkucard ($92.35 in chips)
assitoni: posts small blind $1
Salkucard: posts big blind $3
*** HOLE CARDS ***
assitoni: folds
Uncalled bet ($2) returned to Salkucard
Salkucard collected $2 from pot
*** SUMMARY ***
Total pot $2 | Rake $0
Seat 1: assitoni (button) (small blind) folded before Flop
Seat 2: Salkucard (big blind) collected ($2)


PokerStars Hand #161846038901:  Hold'em Limit ($3/$6 USD) - 2016/11/23 12:52:41 ET
Table 'Ahrensa' 6-max Seat #1 is the button
Seat 1: assitoni ($76.52 in chips)
Seat 2: Salkucard ($88.11 in chips)
assitoni: posts small blind $1
Salkucard: posts big blind $3
*** HOLE CARDS ***
assitoni: raises $3 to $6
Salkucard: folds
Uncalled bet ($3) returned to assitoni
assitoni collected $6 from pot
assitoni: doesn't show hand
*** SUMMARY ***
Total pot $6 | Rake $0
Seat 1: assitoni (button) (small blind) collected ($6)
Seat 2: Salkucard (big blind) folded before Flop


PokerStars Hand #161846027698:  Hold'em Limit ($3/$6 USD) - 2016/11/23 12:52:28 ET
Table 'Ahrensa' 6-max Seat #2 is the button
Seat 1: assitoni ($82.52 in chips)
Seat 2: Salkucard ($82.35 in chips)
Salkucard: posts small blind $1
assitoni: posts big blind $3
*** HOLE CARDS ***
Salkucard: raises $3 to $6
assitoni: calls $3
*** FLOP *** [Jd 4d Kh]
assitoni: checks
Salkucard: bets $3
assitoni: folds
Uncalled bet ($3) returned to Salkucard
Salkucard collected $11.76 from pot
*** SUMMARY ***
Total pot $12 | Rake $0.24
Board [Jd 4d Kh]
Seat 1: assitoni (big blind) folded on the Flop
Seat 2: Salkucard (button) (small blind) collected ($11.76)


PokerStars Hand #161846022507:  Hold'em Limit ($3/$6 USD) - 2016/11/23 12:52:22 ET
Table 'Ahrensa' 6-max Seat #1 is the button
Seat 1: assitoni ($83.52 in chips)
Seat 2: Salkucard ($81.35 in chips)
assitoni: posts small blind $1
Salkucard: posts big blind $3
*** HOLE CARDS ***
assitoni: folds
Uncalled bet ($2) returned to Salkucard
Salkucard collected $2 from pot
*** SUMMARY ***
Total pot $2 | Rake $0
Seat 1: assitoni (button) (small blind) folded before Flop
Seat 2: Salkucard (big blind) collected ($2)


PokerStars Hand #161845996452:  Hold'em Limit ($3/$6 USD) - 2016/11/23 12:51:53 ET
Table 'Ahrensa' 6-max Seat #2 is the button
Seat 1: assitoni ($72 in chips)
Seat 2: Salkucard ($93.35 in chips)
Salkucard: posts small blind $1
assitoni: posts big blind $3
*** HOLE CARDS ***
Salkucard: raises $3 to $6
assitoni: calls $3
*** FLOP *** [Kh Qh 2c]
assitoni: checks
Salkucard: checks
*** TURN *** [Kh Qh 2c] [5h]
assitoni: bets $6
Salkucard: calls $6
*** RIVER *** [Kh Qh 2c 5h] [9d]
assitoni: bets $6
Salkucard: folds
Uncalled bet ($6) returned to assitoni
assitoni collected $23.52 from pot
assitoni: doesn't show hand
*** SUMMARY ***
Total pot $24 | Rake $0.48
Board [Kh Qh 2c 5h 9d]
Seat 1: assitoni (big blind) collected ($23.52)
Seat 2: Salkucard (button) (small blind) folded on the River


PokerStars Hand #161846067038:  Hold'em Limit ($3/$6 USD) - 2016/11/23 12:53:12 ET
Table 'Ahrensa' 6-max Seat #1 is the button
Seat 1: assitoni ($103.02 in chips)
Seat 2: Salkucard ($61.11 in chips)
assitoni: posts small blind $1
Salkucard: posts big blind $3
*** HOLE CARDS ***
assitoni: raises $3 to $6
Salkucard: calls $3
*** FLOP *** [Tc 5c 4h]
Salkucard: checks
assitoni: bets $3
Salkucard: calls $3
*** TURN *** [Tc 5c 4h] [5s]
Salkucard: checks
assitoni: bets $6
Salkucard: folds
Uncalled bet ($6) returned to assitoni
assitoni collected $17.64 from pot
assitoni: doesn't show hand
*** SUMMARY ***
Total pot $18 | Rake $0.36
Board [Tc 5c 4h 5s]
Seat 1: assitoni (button) (small blind) collected ($17.64)
Seat 2: Salkucard (big blind) folded on the Turn


PokerStars Hand #161846044860:  Hold'em Limit ($3/$6 USD) - 2016/11/23 12:52:47 ET
Table 'Ahrensa' 6-max Seat #2 is the button
Seat 1: assitoni ($79.52 in chips)
Seat 2: Salkucard ($85.11 in chips)
Salkucard: posts small blind $1
assitoni: posts big blind $3
*** HOLE CARDS ***
Salkucard: raises $3 to $6
assitoni: raises $3 to $9
Salkucard: calls $3
*** FLOP *** [Td 9h Jd]
assitoni: bets $3
Salkucard: calls $3
*** TURN *** [Td 9h Jd] [Tc]
**Geka**555 joins the table at seat #4
assitoni: bets $6
Salkucard: raises $6 to $12
Koraseg joins the table at seat #5
assitoni: raises $6 to $18
Salkucard: folds
Uncalled bet ($6) returned to assitoni
assitoni collected $47.50 from pot
assitoni: doesn't show hand
*** SUMMARY ***
Total pot $48 | Rake $0.50
Board [Td 9h Jd Tc]
Seat 1: assitoni (big blind) collected ($47.50)
Seat 2: Salkucard (button) (small blind) folded on the Turn


PokerStars Hand #161849196152:  Hold'em Limit ($3/$6 USD) - 2016/11/23 13:52:48 ET
Table 'Ahrensa' 6-max Seat #6 is the button
Seat 1: kolaz03 ($91.44 in chips)
Seat 6: crazy669 ($142.20 in chips)
crazy669: posts small blind $1
kolaz03: posts big blind $3
*** HOLE CARDS ***
crazy669: folds
Uncalled bet ($2) returned to kolaz03
kolaz03 collected $2 from pot
kolaz03: doesn't show hand
*** SUMMARY ***
Total pot $2 | Rake $0
Seat 1: kolaz03 (big blind) collected ($2)
Seat 6: crazy669 (button) (small blind) folded before Flop


PokerStars Hand #161849185918:  Hold'em Limit ($3/$6 USD) - 2016/11/23 13:52:36 ET
Table 'Ahrensa' 6-max Seat #1 is the button
Seat 1: kolaz03 ($92.44 in chips)
Seat 6: crazy669 ($141.20 in chips)
kolaz03: posts small blind $1
Zensor666: is sitting out
crazy669: posts big blind $3
*** HOLE CARDS ***
kolaz03: folds
Uncalled bet ($2) returned to crazy669
crazy669 collected $2 from pot
crazy669: doesn't show hand
*** SUMMARY ***
Total pot $2 | Rake $0
Seat 1: kolaz03 (button) (small blind) folded before Flop
Seat 6: crazy669 (big blind) collected ($2)


PokerStars Hand #161849231936:  Hold'em Limit ($3/$6 USD) - 2016/11/23 13:53:28 ET
Table 'Ahrensa' 6-max Seat #6 is the button
Seat 1: kolaz03 ($115.94 in chips)
Seat 6: crazy669 ($117.20 in chips)
crazy669: posts small blind $1
kolaz03: posts big blind $3
*** HOLE CARDS ***
crazy669: raises $3 to $6
kolaz03: calls $3
*** FLOP *** [5c Ac Js]
kolaz03: checks
crazy669: bets $3
kolaz03: calls $3
*** TURN *** [5c Ac Js] [As]
kolaz03: checks
crazy669: bets $6
kolaz03: folds
Uncalled bet ($6) returned to crazy669
crazy669 collected $17.64 from pot
crazy669: doesn't show hand
*** SUMMARY ***
Total pot $18 | Rake $0.36
Board [5c Ac Js As]
Seat 1: kolaz03 (big blind) folded on the Turn
Seat 6: crazy669 (button) (small blind) collected ($17.64)


PokerStars Hand #161849200888:  Hold'em Limit ($3/$6 USD) - 2016/11/23 13:52:53 ET
Table 'Ahrensa' 6-max Seat #1 is the button
Seat 1: kolaz03 ($92.44 in chips)
Seat 6: crazy669 ($141.20 in chips)
kolaz03: posts small blind $1
crazy669: posts big blind $3
*** HOLE CARDS ***
kolaz03: raises $3 to $6
crazy669: raises $3 to $9
kolaz03: calls $3
*** FLOP *** [Ts 8c 7d]
crazy669: checks
sim5sim5 leaves the table
kolaz03: bets $3
crazy669: calls $3
*** TURN *** [Ts 8c 7d] [5d]
crazy669: checks
kolaz03: bets $6
crazy669: calls $6
*** RIVER *** [Ts 8c 7d 5d] [Kh]
crazy669: checks
kolaz03: bets $6
crazy669: calls $6
*** SHOW DOWN ***
kolaz03: shows [Kd 8h] (two pair, Kings and Eights)
crazy669: mucks hand
kolaz03 collected $47.50 from pot
*** SUMMARY ***
Total pot $48 | Rake $0.50
Board [Ts 8c 7d 5d Kh]
Seat 1: kolaz03 (button) (small blind) showed [Kd 8h] and won ($47.50) with two pair, Kings and Eights
Seat 6: crazy669 (big blind) mucked


PokerStars Hand #161849287345:  Hold'em Limit ($3/$6 USD) - 2016/11/23 13:54:31 ET
Table 'Ahrensa' 6-max Seat #6 is the button
Seat 1: kolaz03 ($91.94 in chips)
Seat 6: crazy669 ($140.34 in chips)
crazy669: posts small blind $1
kolaz03: posts big blind $3
*** HOLE CARDS ***
crazy669: calls $2
kolaz03: checks
*** FLOP *** [8c Qc 7h]
kolaz03: checks
crazy669: bets $3
kolaz03: folds
Uncalled bet ($3) returned to crazy669
crazy669 collected $5.88 from pot
crazy669: doesn't show hand
*** SUMMARY ***
Total pot $6 | Rake $0.12
Board [8c Qc 7h]
Seat 1: kolaz03 (big blind) folded on the Flop
Seat 6: crazy669 (button) (small blind) collected ($5.88)


PokerStars Hand #161849259884:  Hold'em Limit ($3/$6 USD) - 2016/11/23 13:54:00 ET
Table 'Ahrensa' 6-max Seat #1 is the button
Seat 1: kolaz03 ($106.94 in chips)
Seat 6: crazy669 ($125.84 in chips)
kolaz03: posts small blind $1
crazy669: posts big blind $3
*** HOLE CARDS ***
kolaz03: raises $3 to $6
crazy669: calls $3
*** FLOP *** [Ks Th 9d]
crazy669: checks
kolaz03: bets $3
crazy669: calls $3
*** TURN *** [Ks Th 9d] [6c]
crazy669: checks
kolaz03: bets $6
crazy669: calls $6
*** RIVER *** [Ks Th 9d 6c] [5d]
crazy669: checks
kolaz03: checks
*** SHOW DOWN ***
crazy669: shows [4d Td] (a pair of Tens)
kolaz03: mucks hand
crazy669 collected $29.50 from pot
*** SUMMARY ***
Total pot $30 | Rake $0.50
Board [Ks Th 9d 6c 5d]
Seat 1: kolaz03 (button) (small blind) mucked
Seat 6: crazy669 (big blind) showed [4d Td] and won ($29.50) with a pair of Tens


PokerStars Hand #161849306948:  Hold'em Limit ($3/$6 USD) - 2016/11/23 13:54:53 ET
Table 'Ahrensa' 6-max Seat #1 is the button
Seat 1: kolaz03 ($88.94 in chips)
Seat 6: crazy669 ($143.22 in chips)
kolaz03: posts small blind $1
crazy669: posts big blind $3
*** HOLE CARDS ***
kolaz03: raises $3 to $6
crazy669: calls $3
*** FLOP *** [6s 8d 4c]
crazy669: checks
kolaz03: bets $3
crazy669: raises $3 to $6
kolaz03: calls $3
*** TURN *** [6s 8d 4c] [2c]
Zensor666 is disconnected
crazy669: bets $6
kolaz03: calls $6
*** RIVER *** [6s 8d 4c 2c] [As]
crazy669: checks
kolaz03: checks
*** SHOW DOWN ***
crazy669: shows [8s Th] (a pair of Eights)
kolaz03: mucks hand
crazy669 collected $35.50 from pot
*** SUMMARY ***
Total pot $36 | Rake $0.50
Board [6s 8d 4c 2c As]
Seat 1: kolaz03 (button) (small blind) mucked
Seat 6: crazy669 (big blind) showed [8s Th] and won ($35.50) with a pair of Eights


PokerStars Hand #161849338517:  Hold'em Limit ($3/$6 USD) - 2016/11/23 13:55:35 ET
Table 'Ahrensa' 6-max Seat #6 is the button
Seat 1: kolaz03 ($72 in chips)
Seat 6: crazy669 ($160.72 in chips)
crazy669: posts small blind $1
kolaz03: posts big blind $3
*** HOLE CARDS ***
crazy669: raises $3 to $6
kolaz03: calls $3
*** FLOP *** [8s Ah Jh]
kolaz03: checks
crazy669: bets $3
kolaz03: calls $3
*** TURN *** [8s Ah Jh] [Qc]
kolaz03: checks
crazy669: checks
*** RIVER *** [8s Ah Jh Qc] [Ts]
kolaz03: checks
crazy669: bets $6
kolaz03: folds
Uncalled bet ($6) returned to crazy669
crazy669 collected $17.64 from pot
crazy669: doesn't show hand
*** SUMMARY ***
Total pot $18 | Rake $0.36
Board [8s Ah Jh Qc Ts]
Seat 1: kolaz03 (big blind) folded on the River
Seat 6: crazy669 (button) (small blind) collected ($17.64)


PokerStars Hand #161849383590:  Hold'em Limit ($3/$6 USD) - 2016/11/23 13:56:38 ET
Table 'Ahrensa' 6-max Seat #1 is the button
Seat 1: kolaz03 ($72 in chips)
Seat 6: crazy669 ($195.62 in chips)
kolaz03: posts small blind $1
crazy669: posts big blind $3
*** HOLE CARDS ***
kolaz03: raises $3 to $6
crazy669: calls $3
*** FLOP *** [6s 2h 3c]
crazy669: checks
kolaz03: bets $3
crazy669: calls $3
*** TURN *** [6s 2h 3c] [As]
zischepc joins the table at seat #3
crazy669: checks
kolaz03: checks
*** RIVER *** [6s 2h 3c As] [Ad]
crazy669: bets $6
kolaz03: folds
Uncalled bet ($6) returned to crazy669
crazy669 collected $17.64 from pot
crazy669: doesn't show hand
*** SUMMARY ***
Total pot $18 | Rake $0.36
Board [6s 2h 3c As Ad]
Seat 1: kolaz03 (button) (small blind) folded on the River
Seat 6: crazy669 (big blind) collected ($17.64)


PokerStars Hand #161849376756:  Hold'em Limit ($3/$6 USD) - 2016/11/23 13:56:28 ET
Table 'Ahrensa' 6-max Seat #6 is the button
Seat 1: kolaz03 ($72 in chips)
Seat 6: crazy669 ($189.86 in chips)
crazy669: posts small blind $1
kolaz03: posts big blind $3
*** HOLE CARDS ***
crazy669: raises $3 to $6
kolaz03: calls $3
*** FLOP *** [Qh 6s 6c]
kolaz03: checks
crazy669: bets $3
kolaz03: folds
Uncalled bet ($3) returned to crazy669
crazy669 collected $11.76 from pot
crazy669: doesn't show hand
*** SUMMARY ***
Total pot $12 | Rake $0.24
Board [Qh 6s 6c]
Seat 1: kolaz03 (big blind) folded on the Flop
Seat 6: crazy669 (button) (small blind) collected ($11.76)


PokerStars Hand #161849363311:  Hold'em Limit ($3/$6 USD) - 2016/11/23 13:56:10 ET
Table 'Ahrensa' 6-max Seat #1 is the button
Seat 1: kolaz03 ($72 in chips)
Seat 6: crazy669 ($169.36 in chips)
kolaz03: posts small blind $1
crazy669: posts big blind $3
*** HOLE CARDS ***
kolaz03: raises $3 to $6
crazy669: calls $3
*** FLOP *** [8h Jd 5s]
crazy669: checks
kolaz03: bets $3
crazy669: calls $3
*** TURN *** [8h Jd 5s] [Kh]
crazy669: checks
kolaz03: bets $6
crazy669: calls $6
*** RIVER *** [8h Jd 5s Kh] [Kc]
crazy669: checks
kolaz03: bets $6
crazy669: calls $6
*** SHOW DOWN ***
kolaz03: shows [7d 6d] (a pair of Kings)
crazy669: shows [Qs 9c] (a pair of Kings - Queen kicker)
crazy669 collected $41.50 from pot
*** SUMMARY ***
Total pot $42 | Rake $0.50
Board [8h Jd 5s Kh Kc]
Seat 1: kolaz03 (button) (small blind) showed [7d 6d] and lost with a pair of Kings
Seat 6: crazy669 (big blind) showed [Qs 9c] and won ($41.50) with a pair of Kings


PokerStars Hand #161849397891:  Hold'em Limit ($3/$6 USD) - 2016/11/23 13:56:58 ET
Table 'Ahrensa' 6-max Seat #6 is the button
Seat 1: kolaz03 ($72 in chips)
Seat 6: crazy669 ($204.26 in chips)
crazy669: posts small blind $1
kolaz03: posts big blind $3
*** HOLE CARDS ***
crazy669: raises $3 to $6
kolaz03: folds
Uncalled bet ($3) returned to crazy669
crazy669 collected $6 from pot
crazy669: doesn't show hand
*** SUMMARY ***
Total pot $6 | Rake $0
Seat 1: kolaz03 (big blind) folded before Flop
Seat 6: crazy669 (button) (small blind) collected ($6)


PokerStars Hand #161849458932:  Hold'em Limit ($3/$6 USD) - 2016/11/23 13:58:22 ET
Table 'Ahrensa' 6-max Seat #1 is the button
Seat 1: kolaz03 ($94.56 in chips)
Seat 6: crazy669 ($203.97 in chips)
kolaz03: posts small blind $1
crazy669: posts big blind $3
*** HOLE CARDS ***
kolaz03: raises $3 to $6
crazy669: calls $3
*** FLOP *** [3d 9d 8h]
crazy669: checks
kolaz03: bets $3
crazy669: calls $3
*** TURN *** [3d 9d 8h] [Qs]
crazy669: checks
kolaz03: bets $6
crazy669: folds
Uncalled bet ($6) returned to kolaz03
kolaz03 collected $17.64 from pot
kolaz03: doesn't show hand
*** SUMMARY ***
Total pot $18 | Rake $0.36
Board [3d 9d 8h Qs]
Seat 1: kolaz03 (button) (small blind) collected ($17.64)
Seat 6: crazy669 (big blind) folded on the Turn


PokerStars Hand #161849490446:  Hold'em Limit ($3/$6 USD) - 2016/11/23 13:59:06 ET
Table 'Ahrensa' 6-max Seat #6 is the button
Seat 1: kolaz03 ($125.70 in chips)
Seat 6: crazy669 ($171.97 in chips)
crazy669: posts small blind $1
kolaz03: posts big blind $3
*** HOLE CARDS ***
crazy669: folds
Uncalled bet ($2) returned to kolaz03
kolaz03 collected $2 from pot
kolaz03: doesn't show hand
*** SUMMARY ***
Total pot $2 | Rake $0
Seat 1: kolaz03 (big blind) collected ($2)
Seat 6: crazy669 (button) (small blind) folded before Flop


PokerStars Hand #161849487485:  Hold'em Limit ($3/$6 USD) - 2016/11/23 13:59:02 ET
Table 'Ahrensa' 6-max Seat #1 is the button
Seat 1: kolaz03 ($126.70 in chips)
Seat 6: crazy669 ($170.97 in chips)
kolaz03: posts small blind $1
crazy669: posts big blind $3
*** HOLE CARDS ***
kolaz03: folds
Uncalled bet ($2) returned to crazy669
crazy669 collected $2 from pot
crazy669: doesn't show hand
*** SUMMARY ***
Total pot $2 | Rake $0
Seat 1: kolaz03 (button) (small blind) folded before Flop
Seat 6: crazy669 (big blind) collected ($2)


PokerStars Hand #161849476194:  Hold'em Limit ($3/$6 USD) - 2016/11/23 13:58:46 ET
Table 'Ahrensa' 6-max Seat #6 is the button
Seat 1: kolaz03 ($103.20 in chips)
Seat 6: crazy669 ($194.97 in chips)
crazy669: posts small blind $1
kolaz03: posts big blind $3
*** HOLE CARDS ***
crazy669: raises $3 to $6
kolaz03: calls $3
*** FLOP *** [3c Jc 2h]
kolaz03: checks
crazy669: bets $3
kolaz03: raises $3 to $6
crazy669: calls $3
*** TURN *** [3c Jc 2h] [8h]
kolaz03: bets $6
crazy669: calls $6
*** RIVER *** [3c Jc 2h 8h] [Ks]
kolaz03: bets $6
crazy669: calls $6
*** SHOW DOWN ***
kolaz03: shows [Js 4d] (a pair of Jacks)
crazy669: mucks hand
kolaz03 collected $47.50 from pot
*** SUMMARY ***
Total pot $48 | Rake $0.50
Board [3c Jc 2h 8h Ks]
Seat 1: kolaz03 (big blind) showed [Js 4d] and won ($47.50) with a pair of Jacks
Seat 6: crazy669 (button) (small blind) mucked


PokerStars Hand #161849493810:  Hold'em Limit ($3/$6 USD) - 2016/11/23 13:59:10 ET
Table 'Ahrensa' 6-max Seat #1 is the button
Seat 1: kolaz03 ($126.70 in chips)
Seat 6: crazy669 ($170.97 in chips)
kolaz03: posts small blind $1
crazy669: posts big blind $3
*** HOLE CARDS ***
kolaz03: raises $3 to $6
crazy669: calls $3
*** FLOP *** [Kh 9d 9c]
crazy669: checks
kolaz03: bets $3
crazy669: raises $3 to $6
kolaz03: folds
Uncalled bet ($3) returned to crazy669
crazy669 collected $17.64 from pot
crazy669: doesn't show hand
*** SUMMARY ***
Total pot $18 | Rake $0.36
Board [Kh 9d 9c]
Seat 1: kolaz03 (button) (small blind) folded on the Flop
Seat 6: crazy669 (big blind) collected ($17.64)


PokerStars Hand #161849503522:  Hold'em Limit ($3/$6 USD) - 2016/11/23 13:59:24 ET
Table 'Ahrensa' 6-max Seat #6 is the button
Seat 1: kolaz03 ($117.70 in chips)
Seat 6: crazy669 ($179.61 in chips)
crazy669: posts small blind $1
kolaz03: posts big blind $3
*** HOLE CARDS ***
crazy669: folds
Uncalled bet ($2) returned to kolaz03
kolaz03 collected $2 from pot
kolaz03: doesn't show hand
*** SUMMARY ***
Total pot $2 | Rake $0
Seat 1: kolaz03 (big blind) collected ($2)
Seat 6: crazy669 (button) (small blind) folded before Flop


PokerStars Hand #161849511239:  Hold'em Limit ($3/$6 USD) - 2016/11/23 13:59:34 ET
Table 'Ahrensa' 6-max Seat #1 is the button
Seat 1: kolaz03 ($118.70 in chips)
Seat 6: crazy669 ($178.61 in chips)
kolaz03: posts small blind $1
crazy669: posts big blind $3
*** HOLE CARDS ***
kolaz03: raises $3 to $6
crazy669: calls $3
*** FLOP *** [Qc 9d 5h]
crazy669: checks
kolaz03: bets $3
crazy669: raises $3 to $6
kolaz03: calls $3
*** TURN *** [Qc 9d 5h] [6d]
crazy669: bets $6
kolaz03: calls $6
*** RIVER *** [Qc 9d 5h 6d] [7d]
crazy669: bets $6
kolaz03: calls $6
*** SHOW DOWN ***
crazy669: shows [4d Qd] (a flush, Queen high)
kolaz03: mucks hand
crazy669 collected $47.50 from pot
*** SUMMARY ***
Total pot $48 | Rake $0.50
Board [Qc 9d 5h 6d 7d]
Seat 1: kolaz03 (button) (small blind) mucked
Seat 6: crazy669 (big blind) showed [4d Qd] and won ($47.50) with a flush, Queen high


PokerStars Hand #161849533511:  Hold'em Limit ($3/$6 USD) - 2016/11/23 14:00:05 ET
Table 'Ahrensa' 6-max Seat #1 is the button
Seat 1: kolaz03 ($95.70 in chips)
Seat 6: crazy669 ($201.11 in chips)
kolaz03: posts small blind $1
crazy669: posts big blind $3
*** HOLE CARDS ***
kolaz03: raises $3 to $6
crazy669: folds
Uncalled bet ($3) returned to kolaz03
kolaz03 collected $6 from pot
kolaz03: doesn't show hand
*** SUMMARY ***
Total pot $6 | Rake $0
Seat 1: kolaz03 (button) (small blind) collected ($6)
Seat 6: crazy669 (big blind) folded before Flop


PokerStars Hand #161849529366:  Hold'em Limit ($3/$6 USD) - 2016/11/23 13:59:59 ET
Table 'Ahrensa' 6-max Seat #6 is the button
Seat 1: kolaz03 ($94.70 in chips)
Seat 6: crazy669 ($202.11 in chips)
crazy669: posts small blind $1
kolaz03: posts big blind $3
*** HOLE CARDS ***
crazy669: folds
Uncalled bet ($2) returned to kolaz03
kolaz03 collected $2 from pot
kolaz03: doesn't show hand
*** SUMMARY ***
Total pot $2 | Rake $0
Seat 1: kolaz03 (big blind) collected ($2)
Seat 6: crazy669 (button) (small blind) folded before Flop


PokerStars Hand #161849537796:  Hold'em Limit ($3/$6 USD) - 2016/11/23 14:00:10 ET
Table 'Ahrensa' 6-max Seat #6 is the button
Seat 1: kolaz03 ($98.70 in chips)
Seat 6: crazy669 ($198.11 in chips)
crazy669: posts small blind $1
kolaz03: posts big blind $3
*** HOLE CARDS ***
crazy669: raises $3 to $6
kolaz03: calls $3
*** FLOP *** [Tc 8c 2s]
kolaz03: checks
crazy669: bets $3
kolaz03: calls $3
*** TURN *** [Tc 8c 2s] [9s]
kolaz03: checks
crazy669: bets $6
kolaz03: folds
Uncalled bet ($6) returned to crazy669
crazy669 collected $17.64 from pot
crazy669: doesn't show hand
*** SUMMARY ***
Total pot $18 | Rake $0.36
Board [Tc 8c 2s 9s]
Seat 1: kolaz03 (big blind) folded on the Turn
Seat 6: crazy669 (button) (small blind) collected ($17.64)


PokerStars Hand #161849556471:  Hold'em Limit ($3/$6 USD) - 2016/11/23 14:00:35 ET
Table 'Ahrensa' 6-max Seat #1 is the button
Seat 1: kolaz03 ($89.70 in chips)
Seat 6: crazy669 ($206.75 in chips)
kolaz03: posts small blind $1
crazy669: posts big blind $3
*** HOLE CARDS ***
kolaz03: raises $3 to $6
crazy669: calls $3
*** FLOP *** [7s Tc As]
crazy669: checks
kolaz03: bets $3
crazy669: calls $3
*** TURN *** [7s Tc As] [3d]
crazy669: checks
kolaz03: bets $6
crazy669: folds
Uncalled bet ($6) returned to kolaz03
kolaz03 collected $17.64 from pot
kolaz03: doesn't show hand
*** SUMMARY ***
Total pot $18 | Rake $0.36
Board [7s Tc As 3d]
Seat 1: kolaz03 (button) (small blind) collected ($17.64)
Seat 6: crazy669 (big blind) folded on the Turn


PokerStars Hand #161849573725:  Hold'em Limit ($3/$6 USD) - 2016/11/23 14:00:56 ET
Table 'Ahrensa' 6-max Seat #6 is the button
Seat 1: kolaz03 ($98.34 in chips)
Seat 6: crazy669 ($197.75 in chips)
crazy669: posts small blind $1
kolaz03: posts big blind $3
*** HOLE CARDS ***
crazy669: raises $3 to $6
kolaz03: calls $3
*** FLOP *** [8s Qh Qs]
kolaz03: checks
crazy669: bets $3
kolaz03: calls $3
*** TURN *** [8s Qh Qs] [7s]
kolaz03: checks
crazy669: checks
*** RIVER *** [8s Qh Qs 7s] [2d]
kolaz03: bets $6
crazy669: calls $6
*** SHOW DOWN ***
kolaz03: shows [2s 4s] (a flush, Queen high)
crazy669: mucks hand
kolaz03 collected $29.50 from pot
*** SUMMARY ***
Total pot $30 | Rake $0.50
Board [8s Qh Qs 7s 2d]
Seat 1: kolaz03 (big blind) showed [2s 4s] and won ($29.50) with a flush, Queen high
Seat 6: crazy669 (button) (small blind) mucked


PokerStars Hand #161849593967:  Hold'em Limit ($3/$6 USD) - 2016/11/23 14:01:21 ET
Table 'Ahrensa' 6-max Seat #1 is the button
Seat 1: kolaz03 ($112.84 in chips)
Seat 6: crazy669 ($182.75 in chips)
kolaz03: posts small blind $1
crazy669: posts big blind $3
*** HOLE CARDS ***
kolaz03: folds
Uncalled bet ($2) returned to crazy669
crazy669 collected $2 from pot
crazy669: doesn't show hand
*** SUMMARY ***
Total pot $2 | Rake $0
Seat 1: kolaz03 (button) (small blind) folded before Flop
Seat 6: crazy669 (big blind) collected ($2)


PokerStars Hand #161849598373:  Hold'em Limit ($3/$6 USD) - 2016/11/23 14:01:26 ET
Table 'Ahrensa' 6-max Seat #6 is the button
Seat 1: kolaz03 ($111.84 in chips)
Seat 6: crazy669 ($183.75 in chips)
crazy669: posts small blind $1
kolaz03: posts big blind $3
*** HOLE CARDS ***
crazy669: raises $3 to $6
kolaz03: raises $3 to $9
crazy669: calls $3
*** FLOP *** [2c Qc 4h]
kolaz03: bets $3
crazy669: calls $3
*** TURN *** [2c Qc 4h] [Jh]
kolaz03: bets $6
crazy669: raises $6 to $12
kolaz03: calls $6
*** RIVER *** [2c Qc 4h Jh] [Ks]
kolaz03: checks
crazy669: checks
*** SHOW DOWN ***
kolaz03: shows [Ah Kd] (a pair of Kings)
crazy669: mucks hand
kolaz03 collected $47.50 from pot
*** SUMMARY ***
Total pot $48 | Rake $0.50
Board [2c Qc 4h Jh Ks]
Seat 1: kolaz03 (big blind) showed [Ah Kd] and won ($47.50) with a pair of Kings
Seat 6: crazy669 (button) (small blind) mucked


PokerStars Hand #161849632123:  Hold'em Limit ($3/$6 USD) - 2016/11/23 14:02:05 ET
Table 'Ahrensa' 6-max Seat #1 is the button
Seat 1: kolaz03 ($135.34 in chips)
Seat 6: crazy669 ($159.75 in chips)
kolaz03: posts small blind $1
crazy669: posts big blind $3
*** HOLE CARDS ***
kolaz03: raises $3 to $6
crazy669: folds
Uncalled bet ($3) returned to kolaz03
kolaz03 collected $6 from pot
kolaz03: doesn't show hand
*** SUMMARY ***
Total pot $6 | Rake $0
Seat 1: kolaz03 (button) (small blind) collected ($6)
Seat 6: crazy669 (big blind) folded before Flop


PokerStars Hand #161849637532:  Hold'em Limit ($3/$6 USD) - 2016/11/23 14:02:12 ET
Table 'Ahrensa' 6-max Seat #6 is the button
Seat 1: kolaz03 ($138.34 in chips)
Seat 6: crazy669 ($156.75 in chips)
crazy669: posts small blind $1
kolaz03: posts big blind $3
*** HOLE CARDS ***
crazy669: raises $3 to $6
kolaz03: calls $3
*** FLOP *** [Kd Ah 7s]
kolaz03: checks
crazy669: checks
*** TURN *** [Kd Ah 7s] [2d]
kolaz03: checks
crazy669: bets $6
kolaz03: folds
Uncalled bet ($6) returned to crazy669
koque0554 joins the table at seat #3
crazy669 collected $11.76 from pot
crazy669: doesn't show hand
*** SUMMARY ***
Total pot $12 | Rake $0.24
Board [Kd Ah 7s 2d]
Seat 1: kolaz03 (big blind) folded on the Turn
Seat 6: crazy669 (button) (small blind) collected ($11.76)


PokerStars Hand #161852924772:  Hold'em Limit ($3/$6 USD) - 2016/11/23 15:02:52 ET
Table 'Ahrensa' 6-max Seat #4 is the button
Seat 3: koque0554 ($189.92 in chips)
Seat 4: assitoni ($165.15 in chips)
assitoni: posts small blind $1
Zensor666: is sitting out
Widegermany: is sitting out
koque0554: posts big blind $3
*** HOLE CARDS ***
assitoni: raises $3 to $6
koque0554: calls $3
*** FLOP *** [Kc Jc 2s]
koque0554: checks
assitoni: bets $3
koque0554: folds
Uncalled bet ($3) returned to assitoni
assitoni collected $11.76 from pot
assitoni: doesn't show hand
*** SUMMARY ***
Total pot $12 | Rake $0.24
Board [Kc Jc 2s]
Seat 3: koque0554 (big blind) folded on the Flop
Seat 4: assitoni (button) (small blind) collected ($11.76)


PokerStars Hand #161852994464:  Hold'em Limit ($3/$6 USD) - 2016/11/23 15:04:05 ET
Table 'Ahrensa' 6-max Seat #4 is the button
Seat 3: koque0554 ($171.92 in chips)
Seat 4: assitoni ($182.43 in chips)
assitoni: posts small blind $1
koque0554: posts big blind $3
*** HOLE CARDS ***
assitoni: folds
Uncalled bet ($2) returned to koque0554
koque0554 collected $2 from pot
koque0554: doesn't show hand
*** SUMMARY ***
Total pot $2 | Rake $0
Seat 3: koque0554 (big blind) collected ($2)
Seat 4: assitoni (button) (small blind) folded before Flop


PokerStars Hand #161852957412:  Hold'em Limit ($3/$6 USD) - 2016/11/23 15:03:26 ET
Table 'Ahrensa' 6-max Seat #3 is the button
Seat 3: koque0554 ($183.92 in chips)
Seat 4: assitoni ($170.91 in chips)
koque0554: posts small blind $1
assitoni: posts big blind $3
*** HOLE CARDS ***
koque0554: calls $2
assitoni: checks
*** FLOP *** [3s Th 8h]
assitoni: bets $3
koque0554: calls $3
*** TURN *** [3s Th 8h] [9s]
assitoni: bets $6
koque0554: calls $6
*** RIVER *** [3s Th 8h 9s] [9h]
assitoni: bets $6
koque0554: folds
Uncalled bet ($6) returned to assitoni
assitoni collected $23.52 from pot
assitoni: doesn't show hand
*** SUMMARY ***
Total pot $24 | Rake $0.48
Board [3s Th 8h 9s 9h]
Seat 3: koque0554 (button) (small blind) folded on the River
Seat 4: assitoni (big blind) collected ($23.52)


PokerStars Hand #161853000234:  Hold'em Limit ($3/$6 USD) - 2016/11/23 15:04:12 ET
Table 'Ahrensa' 6-max Seat #3 is the button
Seat 3: koque0554 ($172.92 in chips)
Seat 4: assitoni ($181.43 in chips)
koque0554: posts small blind $1
assitoni: posts big blind $3
*** HOLE CARDS ***
koque0554: calls $2
anebodil joins the table at seat #2
assitoni: raises $3 to $6
koque0554: raises $3 to $9
assitoni: calls $3
*** FLOP *** [4h 5h Ts]
assitoni: checks
koque0554: bets $3
assitoni: raises $3 to $6
koque0554: raises $3 to $9
assitoni: calls $3
*** TURN *** [4h 5h Ts] [6d]
assitoni: checks
koque0554: bets $6
assitoni: calls $6
*** RIVER *** [4h 5h Ts 6d] [3d]
assitoni: checks
koque0554: bets $6
assitoni: folds
Uncalled bet ($6) returned to koque0554
koque0554 collected $47.50 from pot
koque0554: doesn't show hand
*** SUMMARY ***
Total pot $48 | Rake $0.50
Board [4h 5h Ts 6d 3d]
Seat 3: koque0554 (button) (small blind) collected ($47.50)
Seat 4: assitoni (big blind) folded on the River


PokerStars Hand #161857605301:  Hold'em Limit ($3/$6 USD) - 2016/11/23 16:27:18 ET
Table 'Ahrensa' 6-max Seat #5 is the button
Seat 3: ToDaFelt ($120 in chips)
Seat 5: Bassie830 ($479.78 in chips)
Bassie830: posts small blind $1
MilPopov: is sitting out
ToDaFelt: posts big blind $3
*** HOLE CARDS ***
Bassie830: folds
Uncalled bet ($2) returned to ToDaFelt
ToDaFelt collected $2 from pot
ToDaFelt: doesn't show hand
*** SUMMARY ***
Total pot $2 | Rake $0
Seat 3: ToDaFelt (big blind) collected ($2)
Seat 5: Bassie830 (button) (small blind) folded before Flop


PokerStars Hand #161857635762:  Hold'em Limit ($3/$6 USD) - 2016/11/23 16:27:52 ET
Table 'Ahrensa' 6-max Seat #5 is the button
Seat 3: ToDaFelt ($135.50 in chips)
Seat 5: Bassie830 ($463.78 in chips)
Bassie830: posts small blind $1
ToDaFelt: posts big blind $3
*** HOLE CARDS ***
Bassie830: folds
Uncalled bet ($2) returned to ToDaFelt
ToDaFelt collected $2 from pot
ToDaFelt: doesn't show hand
*** SUMMARY ***
Total pot $2 | Rake $0
Seat 3: ToDaFelt (big blind) collected ($2)
Seat 5: Bassie830 (button) (small blind) folded before Flop


PokerStars Hand #161857609949:  Hold'em Limit ($3/$6 USD) - 2016/11/23 16:27:23 ET
Table 'Ahrensa' 6-max Seat #3 is the button
Seat 3: ToDaFelt ($121 in chips)
Seat 5: Bassie830 ($478.78 in chips)
ToDaFelt: posts small blind $1
Bassie830: posts big blind $3
*** HOLE CARDS ***
ToDaFelt: raises $3 to $6
Bassie830: calls $3
*** FLOP *** [Ts Jd 7d]
Bassie830: checks
Vetal949 joins the table at seat #4
ToDaFelt: bets $3
Bassie830: calls $3
*** TURN *** [Ts Jd 7d] [7s]
Bassie830: checks
ToDaFelt: checks
*** RIVER *** [Ts Jd 7d 7s] [Ks]
Bassie830: bets $6
ToDaFelt: calls $6
*** SHOW DOWN ***
Bassie830: shows [3h Qh] (a pair of Sevens)
ToDaFelt: shows [Tc 8s] (two pair, Tens and Sevens)
ToDaFelt collected $29.50 from pot
*** SUMMARY ***
Total pot $30 | Rake $0.50
Board [Ts Jd 7d 7s Ks]
Seat 3: ToDaFelt (button) (small blind) showed [Tc 8s] and won ($29.50) with two pair, Tens and Sevens
Seat 5: Bassie830 (big blind) showed [3h Qh] and lost with a pair of Sevens


