PokerStars Hand #161349349573:  Hold'em Limit ($3/$6 USD) - 2016/11/13 13:55:06 ET
Table 'Aida' 10-max Seat #1 is the button
Seat 1: 12kire12 ($114.06 in chips)
Seat 6: assitoni ($72 in chips)
12kire12: posts small blind $1
assitoni: posts big blind $3
*** HOLE CARDS ***
12kire12: calls $2
assitoni: checks
*** FLOP *** [8d 2s Ac]
assitoni: bets $3
12kire12: folds
Uncalled bet ($3) returned to assitoni
assitoni collected $5.88 from pot
assitoni: doesn't show hand
*** SUMMARY ***
Total pot $6 | Rake $0.12
Board [8d 2s Ac]
Seat 1: 12kire12 (button) (small blind) folded on the Flop
Seat 6: assitoni (big blind) collected ($5.88)


PokerStars Hand #161349366863:  Hold'em Limit ($3/$6 USD) - 2016/11/13 13:55:26 ET
Table 'Aida' 10-max Seat #6 is the button
Seat 1: 12kire12 ($111.06 in chips)
Seat 6: assitoni ($74.88 in chips)
assitoni: posts small blind $1
12kire12: posts big blind $3
*** HOLE CARDS ***
assitoni: raises $3 to $6
12kire12: raises $3 to $9
assitoni: calls $3
*** FLOP *** [6s 4c 7h]
12kire12: checks
assitoni: bets $3
12kire12: calls $3
*** TURN *** [6s 4c 7h] [4s]
Chessnok joins the table at seat #2
12kire12: checks
assitoni: bets $6
12kire12: calls $6
*** RIVER *** [6s 4c 7h 4s] [Ks]
12kire12: checks
assitoni: bets $6
12kire12: calls $6
*** SHOW DOWN ***
assitoni: shows [9c 8s] (a pair of Fours)
12kire12: shows [Qs Ah] (a pair of Fours - Ace kicker)
12kire12 collected $47.50 from pot
*** SUMMARY ***
Total pot $48 | Rake $0.50
Board [6s 4c 7h 4s Ks]
Seat 1: 12kire12 (big blind) showed [Qs Ah] and won ($47.50) with a pair of Fours
Seat 6: assitoni (button) (small blind) showed [9c 8s] and lost with a pair of Fours


PokerStars Hand #161349396098:  Hold'em Limit ($3/$6 USD) - 2016/11/13 13:56:06 ET
Table 'Aida' 10-max Seat #2 is the button
Seat 1: 12kire12 ($137.56 in chips)
Seat 2: Chessnok ($117 in chips)
Chessnok: posts small blind $1
assitoni: is sitting out
12kire12: posts big blind $3
*** HOLE CARDS ***
Chessnok: raises $3 to $6
12kire12: folds
Uncalled bet ($3) returned to Chessnok
assitoni leaves the table
Chessnok collected $6 from pot
Chessnok: doesn't show hand
*** SUMMARY ***
Total pot $6 | Rake $0
Seat 1: 12kire12 (big blind) folded before Flop
Seat 2: Chessnok (button) (small blind) collected ($6)


PokerStars Hand #161349401434:  Hold'em Limit ($3/$6 USD) - 2016/11/13 13:56:13 ET
Table 'Aida' 10-max Seat #1 is the button
Seat 1: 12kire12 ($134.56 in chips)
Seat 2: Chessnok ($120 in chips)
12kire12: posts small blind $1
Chessnok: posts big blind $3
*** HOLE CARDS ***
12kire12: raises $3 to $6
Chessnok: calls $3
*** FLOP *** [5s Qd 6d]
Chessnok: bets $3
vovojc joins the table at seat #3
12kire12: folds
Uncalled bet ($3) returned to Chessnok
Chessnok collected $11.76 from pot
Chessnok: doesn't show hand
*** SUMMARY ***
Total pot $12 | Rake $0.24
Board [5s Qd 6d]
Seat 1: 12kire12 (button) (small blind) folded on the Flop
Seat 2: Chessnok (big blind) collected ($11.76)


PokerStars Hand #161349440068:  Hold'em Limit ($3/$6 USD) - 2016/11/13 13:57:06 ET
Table 'Aida' 10-max Seat #2 is the button
Seat 1: 12kire12 ($92.56 in chips)
Seat 2: Chessnok ($183.76 in chips)
Chessnok: posts small blind $1
12kire12: posts big blind $3
*** HOLE CARDS ***
Chessnok: raises $3 to $6
12kire12: raises $3 to $9
Chessnok: calls $3
*** FLOP *** [Qs 3c 7h]
12kire12: bets $3
Chessnok: calls $3
*** TURN *** [Qs 3c 7h] [Ts]
12kire12: bets $6
Chessnok: calls $6
*** RIVER *** [Qs 3c 7h Ts] [5c]
12kire12: bets $6
Chessnok: calls $6
*** SHOW DOWN ***
12kire12: shows [Ad Qc] (a pair of Queens)
Chessnok: mucks hand
12kire12 collected $47.50 from pot
*** SUMMARY ***
Total pot $48 | Rake $0.50
Board [Qs 3c 7h Ts 5c]
Seat 1: 12kire12 (big blind) showed [Ad Qc] and won ($47.50) with a pair of Queens
Seat 2: Chessnok (button) (small blind) mucked


PokerStars Hand #161349468305:  Hold'em Limit ($3/$6 USD) - 2016/11/13 13:57:44 ET
Table 'Aida' 10-max Seat #2 is the button
Seat 1: 12kire12 ($136.56 in chips)
Seat 2: Chessnok ($138.76 in chips)
Chessnok: posts small blind $1
12kire12: posts big blind $3
*** HOLE CARDS ***
Chessnok: folds
Uncalled bet ($2) returned to 12kire12
12kire12 collected $2 from pot
12kire12: doesn't show hand
*** SUMMARY ***
Total pot $2 | Rake $0
Seat 1: 12kire12 (big blind) collected ($2)
Seat 2: Chessnok (button) (small blind) folded before Flop


PokerStars Hand #161349451412:  Hold'em Limit ($3/$6 USD) - 2016/11/13 13:57:21 ET
Table 'Aida' 10-max Seat #1 is the button
Seat 1: 12kire12 ($116.06 in chips)
Seat 2: Chessnok ($159.76 in chips)
12kire12: posts small blind $1
Chessnok: posts big blind $3
*** HOLE CARDS ***
12kire12: raises $3 to $6
Chessnok: calls $3
*** FLOP *** [Jh 2s 5h]
Chessnok: checks
12kire12: bets $3
Chessnok: calls $3
*** TURN *** [Jh 2s 5h] [Td]
Chessnok: bets $6
12kire12: calls $6
*** RIVER *** [Jh 2s 5h Td] [9c]
Chessnok: checks
12kire12: bets $6
Chessnok: calls $6
*** SHOW DOWN ***
12kire12: shows [Qs Jd] (a pair of Jacks)
Chessnok: mucks hand
12kire12 collected $41.50 from pot
*** SUMMARY ***
Total pot $42 | Rake $0.50
Board [Jh 2s 5h Td 9c]
Seat 1: 12kire12 (button) (small blind) showed [Qs Jd] and won ($41.50) with a pair of Jacks
Seat 2: Chessnok (big blind) mucked


PokerStars Hand #161349471509:  Hold'em Limit ($3/$6 USD) - 2016/11/13 13:57:48 ET
Table 'Aida' 10-max Seat #1 is the button
Seat 1: 12kire12 ($137.56 in chips)
Seat 2: Chessnok ($137.76 in chips)
12kire12: posts small blind $1
Chessnok: posts big blind $3
*** HOLE CARDS ***
12kire12: raises $3 to $6
Chessnok: raises $3 to $9
12kire12: calls $3
*** FLOP *** [3c 6c Kc]
Chessnok: bets $3
12kire12: folds
Uncalled bet ($3) returned to Chessnok
Chessnok collected $17.64 from pot
Chessnok: doesn't show hand
*** SUMMARY ***
Total pot $18 | Rake $0.36
Board [3c 6c Kc]
Seat 1: 12kire12 (button) (small blind) folded on the Flop
Seat 2: Chessnok (big blind) collected ($17.64)


PokerStars Hand #161349483496:  Hold'em Limit ($3/$6 USD) - 2016/11/13 13:58:04 ET
Table 'Aida' 10-max Seat #1 is the button
Seat 1: 12kire12 ($125.56 in chips)
Seat 2: Chessnok ($149.40 in chips)
12kire12: posts small blind $1
Chessnok: posts big blind $3
*** HOLE CARDS ***
12kire12: folds
Uncalled bet ($2) returned to Chessnok
Chessnok collected $2 from pot
Chessnok: doesn't show hand
*** SUMMARY ***
Total pot $2 | Rake $0
Seat 1: 12kire12 (button) (small blind) folded before Flop
Seat 2: Chessnok (big blind) collected ($2)


PokerStars Hand #161349479189:  Hold'em Limit ($3/$6 USD) - 2016/11/13 13:57:59 ET
Table 'Aida' 10-max Seat #2 is the button
Seat 1: 12kire12 ($128.56 in chips)
Seat 2: Chessnok ($146.40 in chips)
Chessnok: posts small blind $1
12kire12: posts big blind $3
*** HOLE CARDS ***
Chessnok: raises $3 to $6
12kire12: folds
Uncalled bet ($3) returned to Chessnok
Chessnok collected $6 from pot
Chessnok: doesn't show hand
*** SUMMARY ***
Total pot $6 | Rake $0
Seat 1: 12kire12 (big blind) folded before Flop
Seat 2: Chessnok (button) (small blind) collected ($6)


PokerStars Hand #161349488311:  Hold'em Limit ($3/$6 USD) - 2016/11/13 13:58:11 ET
Table 'Aida' 10-max Seat #2 is the button
Seat 1: 12kire12 ($124.56 in chips)
Seat 2: Chessnok ($150.40 in chips)
Chessnok: posts small blind $1
12kire12: posts big blind $3
*** HOLE CARDS ***
Chessnok: raises $3 to $6
12kire12: calls $3
*** FLOP *** [6s 7h 4d]
12kire12: checks
Chessnok: bets $3
12kire12: calls $3
*** TURN *** [6s 7h 4d] [2d]
12kire12: checks
Chessnok: checks
*** RIVER *** [6s 7h 4d 2d] [3s]
12kire12: bets $6
Chessnok: folds
Uncalled bet ($6) returned to 12kire12
12kire12 collected $17.64 from pot
12kire12: doesn't show hand
*** SUMMARY ***
Total pot $18 | Rake $0.36
Board [6s 7h 4d 2d 3s]
Seat 1: 12kire12 (big blind) collected ($17.64)
Seat 2: Chessnok (button) (small blind) folded on the River


PokerStars Hand #161349516628:  Hold'em Limit ($3/$6 USD) - 2016/11/13 13:58:49 ET
Table 'Aida' 10-max Seat #2 is the button
Seat 1: 12kire12 ($132.20 in chips)
Seat 2: Chessnok ($142.40 in chips)
Chessnok: posts small blind $1
12kire12: posts big blind $3
*** HOLE CARDS ***
Chessnok: raises $3 to $6
12kire12: calls $3
*** FLOP *** [2s Ah 3h]
12kire12: checks
Chessnok: bets $3
12kire12: calls $3
*** TURN *** [2s Ah 3h] [As]
12kire12: checks
Chessnok: bets $6
12kire12: calls $6
*** RIVER *** [2s Ah 3h As] [Ad]
12kire12: checks
Chessnok: bets $6
12kire12: folds
Uncalled bet ($6) returned to Chessnok
Chessnok collected $29.50 from pot
Chessnok: doesn't show hand
*** SUMMARY ***
Total pot $30 | Rake $0.50
Board [2s Ah 3h As Ad]
Seat 1: 12kire12 (big blind) folded on the River
Seat 2: Chessnok (button) (small blind) collected ($29.50)


PokerStars Hand #161349508943:  Hold'em Limit ($3/$6 USD) - 2016/11/13 13:58:39 ET
Table 'Aida' 10-max Seat #1 is the button
Seat 1: 12kire12 ($133.20 in chips)
Seat 2: Chessnok ($141.40 in chips)
12kire12: posts small blind $1
Chessnok: posts big blind $3
*** HOLE CARDS ***
12kire12: folds
Uncalled bet ($2) returned to Chessnok
Chessnok collected $2 from pot
Chessnok: doesn't show hand
*** SUMMARY ***
Total pot $2 | Rake $0
Seat 1: 12kire12 (button) (small blind) folded before Flop
Seat 2: Chessnok (big blind) collected ($2)


PokerStars Hand #161349547343:  Hold'em Limit ($3/$6 USD) - 2016/11/13 13:59:31 ET
Table 'Aida' 10-max Seat #1 is the button
Seat 1: 12kire12 ($117.20 in chips)
Seat 2: Chessnok ($156.90 in chips)
12kire12: posts small blind $1
Chessnok: posts big blind $3
*** HOLE CARDS ***
12kire12: raises $3 to $6
Chessnok: calls $3
*** FLOP *** [6d 9d Td]
Chessnok: checks
12kire12: bets $3
sugarmama888 joins the table at seat #4
Chessnok: folds
Uncalled bet ($3) returned to 12kire12
Artachok joins the table at seat #5
12kire12 collected $11.76 from pot
12kire12: doesn't show hand
*** SUMMARY ***
Total pot $12 | Rake $0.24
Board [6d 9d Td]
Seat 1: 12kire12 (button) (small blind) collected ($11.76)
Seat 2: Chessnok (big blind) folded on the Flop


PokerStars Hand #161351772308:  Hold'em Limit ($3/$6 USD) - 2016/11/13 14:35:32 ET
Table 'Aida' 10-max Seat #1 is the button
Seat 1: 12kire12 ($133.02 in chips)
Seat 6: ABATAPP ($145.86 in chips)
12kire12: posts small blind $1
ABATAPP: posts big blind $3
*** HOLE CARDS ***
12kire12: folds
Uncalled bet ($2) returned to ABATAPP
ABATAPP collected $2 from pot
ABATAPP: doesn't show hand
*** SUMMARY ***
Total pot $2 | Rake $0
Seat 1: 12kire12 (button) (small blind) folded before Flop
Seat 6: ABATAPP (big blind) collected ($2)


PokerStars Hand #161351766165:  Hold'em Limit ($3/$6 USD) - 2016/11/13 14:35:26 ET
Table 'Aida' 10-max Seat #6 is the button
Seat 1: 12kire12 ($132.02 in chips)
Seat 6: ABATAPP ($146.86 in chips)
ABATAPP: posts small blind $1
12kire12: posts big blind $3
*** HOLE CARDS ***
ABATAPP: folds
Uncalled bet ($2) returned to 12kire12
12kire12 collected $2 from pot
12kire12: doesn't show hand
*** SUMMARY ***
Total pot $2 | Rake $0
Seat 1: 12kire12 (big blind) collected ($2)
Seat 6: ABATAPP (button) (small blind) folded before Flop


PokerStars Hand #161351741696:  Hold'em Limit ($3/$6 USD) - 2016/11/13 14:35:03 ET
Table 'Aida' 10-max Seat #1 is the button
Seat 1: 12kire12 ($138.02 in chips)
Seat 6: ABATAPP ($141.10 in chips)
12kire12: posts small blind $1
assitoni: is sitting out
ABATAPP: posts big blind $3
*** HOLE CARDS ***
12kire12: raises $3 to $6
ABATAPP: calls $3
*** FLOP *** [5h 5c 3s]
ABATAPP: checks
12kire12: checks
*** TURN *** [5h 5c 3s] [2h]
ABATAPP: bets $6
12kire12: folds
Uncalled bet ($6) returned to ABATAPP
ABATAPP collected $11.76 from pot
ABATAPP: doesn't show hand
*** SUMMARY ***
Total pot $12 | Rake $0.24
Board [5h 5c 3s 2h]
Seat 1: 12kire12 (button) (small blind) folded on the Turn
Seat 6: ABATAPP (big blind) collected ($11.76)


PokerStars Hand #161351785947:  Hold'em Limit ($3/$6 USD) - 2016/11/13 14:35:45 ET
Table 'Aida' 10-max Seat #1 is the button
Seat 1: 12kire12 ($133.02 in chips)
Seat 6: ABATAPP ($145.86 in chips)
12kire12: posts small blind $1
ABATAPP: posts big blind $3
*** HOLE CARDS ***
12kire12: raises $3 to $6
ABATAPP: calls $3
*** FLOP *** [4s 5h Qs]
S.sybev leaves the table
ABATAPP: checks
12kire12: bets $3
ABATAPP: calls $3
*** TURN *** [4s 5h Qs] [7s]
ABATAPP: checks
12kire12: bets $6
ABATAPP: folds
Uncalled bet ($6) returned to 12kire12
12kire12 collected $17.64 from pot
12kire12: doesn't show hand
*** SUMMARY ***
Total pot $18 | Rake $0.36
Board [4s 5h Qs 7s]
Seat 1: 12kire12 (button) (small blind) collected ($17.64)
Seat 6: ABATAPP (big blind) folded on the Turn


PokerStars Hand #161351777327:  Hold'em Limit ($3/$6 USD) - 2016/11/13 14:35:37 ET
Table 'Aida' 10-max Seat #6 is the button
Seat 1: 12kire12 ($132.02 in chips)
Seat 6: ABATAPP ($146.86 in chips)
ABATAPP: posts small blind $1
12kire12: posts big blind $3
*** HOLE CARDS ***
ABATAPP: folds
Uncalled bet ($2) returned to 12kire12
12kire12 collected $2 from pot
12kire12: doesn't show hand
*** SUMMARY ***
Total pot $2 | Rake $0
Seat 1: 12kire12 (big blind) collected ($2)
Seat 6: ABATAPP (button) (small blind) folded before Flop


PokerStars Hand #161351805296:  Hold'em Limit ($3/$6 USD) - 2016/11/13 14:36:03 ET
Table 'Aida' 10-max Seat #6 is the button
Seat 1: 12kire12 ($141.66 in chips)
Seat 6: ABATAPP ($136.86 in chips)
ABATAPP: posts small blind $1
12kire12: posts big blind $3
*** HOLE CARDS ***
ABATAPP: raises $3 to $6
12kire12: calls $3
*** FLOP *** [6h 3s Kc]
12kire12: checks
ABATAPP: bets $3
12kire12: folds
Uncalled bet ($3) returned to ABATAPP
ABATAPP collected $11.76 from pot
ABATAPP: doesn't show hand
*** SUMMARY ***
Total pot $12 | Rake $0.24
Board [6h 3s Kc]
Seat 1: 12kire12 (big blind) folded on the Flop
Seat 6: ABATAPP (button) (small blind) collected ($11.76)


PokerStars Hand #161351851721:  Hold'em Limit ($3/$6 USD) - 2016/11/13 14:36:47 ET
Table 'Aida' 10-max Seat #6 is the button
Seat 1: 12kire12 ($111.66 in chips)
Seat 6: ABATAPP ($166.12 in chips)
ABATAPP: posts small blind $1
12kire12: posts big blind $3
*** HOLE CARDS ***
ABATAPP: raises $3 to $6
12kire12: calls $3
*** FLOP *** [7h 6d Jh]
12kire12: checks
ABATAPP: bets $3
12kire12: folds
Uncalled bet ($3) returned to ABATAPP
ABATAPP collected $11.76 from pot
ABATAPP: doesn't show hand
*** SUMMARY ***
Total pot $12 | Rake $0.24
Board [7h 6d Jh]
Seat 1: 12kire12 (big blind) folded on the Flop
Seat 6: ABATAPP (button) (small blind) collected ($11.76)


PokerStars Hand #161351822160:  Hold'em Limit ($3/$6 USD) - 2016/11/13 14:36:19 ET
Table 'Aida' 10-max Seat #1 is the button
Seat 1: 12kire12 ($135.66 in chips)
Seat 6: ABATAPP ($142.62 in chips)
12kire12: posts small blind $1
ABATAPP: posts big blind $3
*** HOLE CARDS ***
12kire12: raises $3 to $6
ABATAPP: raises $3 to $9
12kire12: calls $3
*** FLOP *** [9c 2h Td]
ABATAPP: bets $3
12kire12: calls $3
*** TURN *** [9c 2h Td] [6s]
ABATAPP: bets $6
12kire12: calls $6
*** RIVER *** [9c 2h Td 6s] [Kh]
ABATAPP: bets $6
12kire12: calls $6
*** SHOW DOWN ***
ABATAPP: shows [Qd Jd] (a straight, Nine to King)
12kire12: mucks hand
ABATAPP collected $47.50 from pot
*** SUMMARY ***
Total pot $48 | Rake $0.50
Board [9c 2h Td 6s Kh]
Seat 1: 12kire12 (button) (small blind) mucked
Seat 6: ABATAPP (big blind) showed [Qd Jd] and won ($47.50) with a straight, Nine to King


PokerStars Hand #161351903660:  Hold'em Limit ($3/$6 USD) - 2016/11/13 14:37:36 ET
Table 'Aida' 10-max Seat #1 is the button
Seat 1: 12kire12 ($79.66 in chips)
Seat 6: ABATAPP ($197.38 in chips)
12kire12: posts small blind $1
ABATAPP: posts big blind $3
*** HOLE CARDS ***
12kire12: raises $3 to $6
ABATAPP: folds
Uncalled bet ($3) returned to 12kire12
12kire12 collected $6 from pot
12kire12: doesn't show hand
*** SUMMARY ***
Total pot $6 | Rake $0
Seat 1: 12kire12 (button) (small blind) collected ($6)
Seat 6: ABATAPP (big blind) folded before Flop


PokerStars Hand #161351893340:  Hold'em Limit ($3/$6 USD) - 2016/11/13 14:37:27 ET
Table 'Aida' 10-max Seat #6 is the button
Seat 1: 12kire12 ($78.66 in chips)
Seat 6: ABATAPP ($198.38 in chips)
ABATAPP: posts small blind $1
12kire12: posts big blind $3
*** HOLE CARDS ***
ABATAPP: folds
Uncalled bet ($2) returned to 12kire12
12kire12 collected $2 from pot
12kire12: doesn't show hand
*** SUMMARY ***
Total pot $2 | Rake $0
Seat 1: 12kire12 (big blind) collected ($2)
Seat 6: ABATAPP (button) (small blind) folded before Flop


PokerStars Hand #161351866058:  Hold'em Limit ($3/$6 USD) - 2016/11/13 14:37:01 ET
Table 'Aida' 10-max Seat #1 is the button
Seat 1: 12kire12 ($105.66 in chips)
Seat 6: ABATAPP ($171.88 in chips)
12kire12: posts small blind $1
ABATAPP: posts big blind $3
*** HOLE CARDS ***
12kire12: raises $3 to $6
ABATAPP: calls $3
*** FLOP *** [6d 8c Jh]
ABATAPP: checks
12kire12: bets $3
ABATAPP: calls $3
*** TURN *** [6d 8c Jh] [Js]
ABATAPP: checks
12kire12: bets $6
ABATAPP: raises $6 to $12
12kire12: calls $6
*** RIVER *** [6d 8c Jh Js] [9d]
ABATAPP: bets $6
12kire12: calls $6
*** SHOW DOWN ***
ABATAPP: shows [Qs Jd] (three of a kind, Jacks)
12kire12: mucks hand
ABATAPP collected $53.50 from pot
*** SUMMARY ***
Total pot $54 | Rake $0.50
Board [6d 8c Jh Js 9d]
Seat 1: 12kire12 (button) (small blind) mucked
Seat 6: ABATAPP (big blind) showed [Qs Jd] and won ($53.50) with three of a kind, Jacks


PokerStars Hand #161351935497:  Hold'em Limit ($3/$6 USD) - 2016/11/13 14:38:07 ET
Table 'Aida' 10-max Seat #1 is the button
Seat 1: 12kire12 ($61.66 in chips)
Seat 6: ABATAPP ($214.88 in chips)
12kire12: posts small blind $1
ABATAPP: posts big blind $3
*** HOLE CARDS ***
12kire12: folds
Uncalled bet ($2) returned to ABATAPP
ABATAPP collected $2 from pot
ABATAPP: doesn't show hand
*** SUMMARY ***
Total pot $2 | Rake $0
Seat 1: 12kire12 (button) (small blind) folded before Flop
Seat 6: ABATAPP (big blind) collected ($2)


PokerStars Hand #161351910196:  Hold'em Limit ($3/$6 USD) - 2016/11/13 14:37:43 ET
Table 'Aida' 10-max Seat #6 is the button
Seat 1: 12kire12 ($82.66 in chips)
Seat 6: ABATAPP ($194.38 in chips)
ABATAPP: posts small blind $1
12kire12: posts big blind $3
*** HOLE CARDS ***
ABATAPP: raises $3 to $6
12kire12: calls $3
*** FLOP *** [Qh 3d 6h]
12kire12: checks
ABATAPP: bets $3
12kire12: calls $3
*** TURN *** [Qh 3d 6h] [4c]
12kire12: checks
ABATAPP: bets $6
12kire12: calls $6
*** RIVER *** [Qh 3d 6h 4c] [7s]
12kire12: checks
ABATAPP: bets $6
12kire12: calls $6
*** SHOW DOWN ***
ABATAPP: shows [2s Qs] (a pair of Queens)
12kire12: mucks hand
ABATAPP collected $41.50 from pot
*** SUMMARY ***
Total pot $42 | Rake $0.50
Board [Qh 3d 6h 4c 7s]
Seat 1: 12kire12 (big blind) mucked
Seat 6: ABATAPP (button) (small blind) showed [2s Qs] and won ($41.50) with a pair of Queens


PokerStars Hand #161351969606:  Hold'em Limit ($3/$6 USD) - 2016/11/13 14:38:40 ET
Table 'Aida' 10-max Seat #6 is the button
Seat 1: 12kire12 ($56.66 in chips)
Seat 6: ABATAPP ($226.52 in chips)
ABATAPP: posts small blind $1
hairy1961: is sitting out
12kire12: posts big blind $3
*** HOLE CARDS ***
ABATAPP: raises $3 to $6
hairy1961 leaves the table
12kire12: raises $3 to $9
ABATAPP: calls $3
*** FLOP *** [6c 7s 4d]
12kire12: checks
ABATAPP: bets $3
12kire12: calls $3
*** TURN *** [6c 7s 4d] [7d]
12kire12: checks
ABATAPP: bets $6
12kire12: folds
Uncalled bet ($6) returned to ABATAPP
ABATAPP collected $23.52 from pot
ABATAPP: doesn't show hand
*** SUMMARY ***
Total pot $24 | Rake $0.48
Board [6c 7s 4d 7d]
Seat 1: 12kire12 (big blind) folded on the Turn
Seat 6: ABATAPP (button) (small blind) collected ($23.52)


PokerStars Hand #161352012670:  Hold'em Limit ($3/$6 USD) - 2016/11/13 14:39:21 ET
Table 'Aida' 10-max Seat #6 is the button
Seat 1: 12kire12 ($35.66 in chips)
Seat 6: ABATAPP ($246.68 in chips)
ABATAPP: posts small blind $1
12kire12: posts big blind $3
*** HOLE CARDS ***
ABATAPP: folds
Uncalled bet ($2) returned to 12kire12
ABATAPP leaves the table
12kire12 collected $2 from pot
12kire12: doesn't show hand
*** SUMMARY ***
Total pot $2 | Rake $0
Seat 1: 12kire12 (big blind) collected ($2)
Seat 6: ABATAPP (button) (small blind) folded before Flop


PokerStars Hand #161351989298:  Hold'em Limit ($3/$6 USD) - 2016/11/13 14:38:59 ET
Table 'Aida' 10-max Seat #1 is the button
Seat 1: 12kire12 ($44.66 in chips)
Seat 6: ABATAPP ($238.04 in chips)
12kire12: posts small blind $1
ABATAPP: posts big blind $3
*** HOLE CARDS ***
12kire12: raises $3 to $6
ABATAPP: calls $3
*** FLOP *** [8s 2h 7s]
ABATAPP: checks
12kire12: bets $3
ABATAPP: calls $3
*** TURN *** [8s 2h 7s] [Qh]
ABATAPP: checks
12kire12: checks
*** RIVER *** [8s 2h 7s Qh] [5d]
ABATAPP: bets $6
12kire12: folds
Uncalled bet ($6) returned to ABATAPP
ABATAPP collected $17.64 from pot
ABATAPP: doesn't show hand
*** SUMMARY ***
Total pot $18 | Rake $0.36
Board [8s 2h 7s Qh 5d]
Seat 1: 12kire12 (button) (small blind) folded on the River
Seat 6: ABATAPP (big blind) collected ($17.64)


