PokerStars Hand #171540602097:  Hold'em Limit ($3/$6 USD) - 2017/06/09 5:00:15 ET
Table 'Aidamina' 6-max Seat #5 is the button
Seat 2: artecris ($390.32 in chips)
Seat 5: aade1ante ($52.60 in chips)
lazysnipe will be allowed to play after the button
aade1ante: posts small blind $1
artecris: posts big blind $3
*** HOLE CARDS ***
aade1ante: folds
Uncalled bet ($2) returned to artecris
artecris collected $2 from pot
artecris: doesn't show hand
*** SUMMARY ***
Total pot $2 | Rake $0
Seat 2: artecris (big blind) collected ($2)
Seat 5: aade1ante (button) (small blind) folded before Flop


PokerStars Hand #171541022346:  Hold'em Limit ($3/$6 USD) - 2017/06/09 5:20:27 ET
Table 'Aidamina' 6-max Seat #1 is the button
Seat 1: Hadart ($32.41 in chips)
Seat 6: dobber888 ($74.13 in chips)
Hadart: posts small blind $1
dobber888: posts big blind $3
*** HOLE CARDS ***
Hadart: raises $3 to $6
dobber888: calls $3
*** FLOP *** [7h 6h Td]
dobber888: checks
Hadart: bets $3
dobber888: calls $3
*** TURN *** [7h 6h Td] [2d]
dobber888: checks
Hadart: bets $6
dobber888: calls $6
*** RIVER *** [7h 6h Td 2d] [3s]
dobber888: checks
Hadart: bets $6
dobber888: folds
Uncalled bet ($6) returned to Hadart
Hadart collected $29.50 from pot
Hadart: doesn't show hand
*** SUMMARY ***
Total pot $30 | Rake $0.50
Board [7h 6h Td 2d 3s]
Seat 1: Hadart (button) (small blind) collected ($29.50)
Seat 6: dobber888 (big blind) folded on the River


PokerStars Hand #171541034160:  Hold'em Limit ($3/$6 USD) - 2017/06/09 5:21:00 ET
Table 'Aidamina' 6-max Seat #1 is the button
Seat 1: Hadart ($43.91 in chips)
Seat 6: dobber888 ($62.13 in chips)
Hadart: posts small blind $1
dobber888: posts big blind $3
*** HOLE CARDS ***
Hadart: raises $3 to $6
dobber888: folds
Uncalled bet ($3) returned to Hadart
Hadart collected $6 from pot
Hadart: doesn't show hand
*** SUMMARY ***
Total pot $6 | Rake $0
Seat 1: Hadart (button) (small blind) collected ($6)
Seat 6: dobber888 (big blind) folded before Flop


PokerStars Hand #171541032089:  Hold'em Limit ($3/$6 USD) - 2017/06/09 5:20:54 ET
Table 'Aidamina' 6-max Seat #6 is the button
Seat 1: Hadart ($46.91 in chips)
Seat 6: dobber888 ($59.13 in chips)
dobber888: posts small blind $1
Hadart: posts big blind $3
*** HOLE CARDS ***
dobber888: raises $3 to $6
Hadart: folds
Uncalled bet ($3) returned to dobber888
dobber888 collected $6 from pot
dobber888: doesn't show hand
*** SUMMARY ***
Total pot $6 | Rake $0
Seat 1: Hadart (big blind) folded before Flop
Seat 6: dobber888 (button) (small blind) collected ($6)


PokerStars Hand #171541036854:  Hold'em Limit ($3/$6 USD) - 2017/06/09 5:21:08 ET
Table 'Aidamina' 6-max Seat #6 is the button
Seat 1: Hadart ($46.91 in chips)
Seat 6: dobber888 ($59.13 in chips)
dobber888: posts small blind $1
Hadart: posts big blind $3
*** HOLE CARDS ***
dobber888: raises $3 to $6
Hadart: folds
Uncalled bet ($3) returned to dobber888
dobber888 collected $6 from pot
dobber888: doesn't show hand
*** SUMMARY ***
Total pot $6 | Rake $0
Seat 1: Hadart (big blind) folded before Flop
Seat 6: dobber888 (button) (small blind) collected ($6)


PokerStars Hand #171541041465:  Hold'em Limit ($3/$6 USD) - 2017/06/09 5:21:20 ET
Table 'Aidamina' 6-max Seat #6 is the button
Seat 1: Hadart ($42.91 in chips)
Seat 6: dobber888 ($63.13 in chips)
dobber888: posts small blind $1
Hadart: posts big blind $3
*** HOLE CARDS ***
dobber888: folds
Uncalled bet ($2) returned to Hadart
dobber888 leaves the table
Hadart collected $2 from pot
Hadart: doesn't show hand
*** SUMMARY ***
Total pot $2 | Rake $0
Seat 1: Hadart (big blind) collected ($2)
Seat 6: dobber888 (button) (small blind) folded before Flop


PokerStars Hand #171541039698:  Hold'em Limit ($3/$6 USD) - 2017/06/09 5:21:16 ET
Table 'Aidamina' 6-max Seat #1 is the button
Seat 1: Hadart ($43.91 in chips)
Seat 6: dobber888 ($62.13 in chips)
Hadart: posts small blind $1
dobber888: posts big blind $3
*** HOLE CARDS ***
Hadart: folds
Uncalled bet ($2) returned to dobber888
dobber888 collected $2 from pot
dobber888: doesn't show hand
*** SUMMARY ***
Total pot $2 | Rake $0
Seat 1: Hadart (button) (small blind) folded before Flop
Seat 6: dobber888 (big blind) collected ($2)


PokerStars Hand #171541063761:  Hold'em Limit ($3/$6 USD) - 2017/06/09 5:22:23 ET
Table 'Aidamina' 6-max Seat #2 is the button
Seat 1: Hadart ($34.91 in chips)
Seat 2: Grieserix ($128.64 in chips)
Grieserix: posts small blind $1
Hadart: posts big blind $3
*** HOLE CARDS ***
Grieserix: raises $3 to $6
Hadart: folds
Uncalled bet ($3) returned to Grieserix
Grieserix collected $6 from pot
*** SUMMARY ***
Total pot $6 | Rake $0
Seat 1: Hadart (big blind) folded before Flop
Seat 2: Grieserix (button) (small blind) collected ($6)


PokerStars Hand #171541055036:  Hold'em Limit ($3/$6 USD) - 2017/06/09 5:21:59 ET
Table 'Aidamina' 6-max Seat #1 is the button
Seat 1: Hadart ($43.91 in chips)
Seat 2: Grieserix ($120 in chips)
Hadart: posts small blind $1
Grieserix: posts big blind $3
*** HOLE CARDS ***
Hadart: raises $3 to $6
Grieserix: calls $3
*** FLOP *** [9h 9d 5h]
Grieserix: bets $3
Hadart: calls $3
*** TURN *** [9h 9d 5h] [6h]
Grieserix: bets $6
Hadart: folds
Uncalled bet ($6) returned to Grieserix
Grieserix collected $17.64 from pot
*** SUMMARY ***
Total pot $18 | Rake $0.36
Board [9h 9d 5h 6h]
Seat 1: Hadart (button) (small blind) folded on the Turn
Seat 2: Grieserix (big blind) collected ($17.64)


PokerStars Hand #171541067340:  Hold'em Limit ($3/$6 USD) - 2017/06/09 5:22:33 ET
Table 'Aidamina' 6-max Seat #2 is the button
Seat 1: Hadart ($30.91 in chips)
Seat 2: Grieserix ($132.64 in chips)
Grieserix: posts small blind $1
Hadart: posts big blind $3
*** HOLE CARDS ***
Grieserix: calls $2
Hadart: checks
*** FLOP *** [2d Ks Jd]
Hadart: checks
Grieserix: checks
*** TURN *** [2d Ks Jd] [Ac]
Hadart: checks
Grieserix: checks
*** RIVER *** [2d Ks Jd Ac] [9s]
Hadart: checks
Grieserix: checks
*** SHOW DOWN ***
Hadart: shows [5s 8h] (high card Ace)
Grieserix: shows [Tc 4d] (high card Ace - King+Jack+Ten kicker)
Grieserix collected $5.88 from pot
*** SUMMARY ***
Total pot $6 | Rake $0.12
Board [2d Ks Jd Ac 9s]
Seat 1: Hadart (big blind) showed [5s 8h] and lost with high card Ace
Seat 2: Grieserix (button) (small blind) showed [Tc 4d] and won ($5.88) with high card Ace


PokerStars Hand #171541065617:  Hold'em Limit ($3/$6 USD) - 2017/06/09 5:22:28 ET
Table 'Aidamina' 6-max Seat #1 is the button
Seat 1: Hadart ($31.91 in chips)
Seat 2: Grieserix ($131.64 in chips)
Hadart: posts small blind $1
Grieserix: posts big blind $3
*** HOLE CARDS ***
Hadart: folds
Uncalled bet ($2) returned to Grieserix
Grieserix collected $2 from pot
*** SUMMARY ***
Total pot $2 | Rake $0
Seat 1: Hadart (button) (small blind) folded before Flop
Seat 2: Grieserix (big blind) collected ($2)


PokerStars Hand #171541081087:  Hold'em Limit ($3/$6 USD) - 2017/06/09 5:23:12 ET
Table 'Aidamina' 6-max Seat #1 is the button
Seat 1: Hadart ($30.67 in chips)
Seat 2: Grieserix ($132.40 in chips)
Hadart: posts small blind $1
Grieserix: posts big blind $3
*** HOLE CARDS ***
Hadart: raises $3 to $6
Grieserix: folds
Uncalled bet ($3) returned to Hadart
Hadart collected $6 from pot
Hadart: doesn't show hand
*** SUMMARY ***
Total pot $6 | Rake $0
Seat 1: Hadart (button) (small blind) collected ($6)
Seat 2: Grieserix (big blind) folded before Flop


PokerStars Hand #171541075896:  Hold'em Limit ($3/$6 USD) - 2017/06/09 5:22:58 ET
Table 'Aidamina' 6-max Seat #2 is the button
Seat 1: Hadart ($33.67 in chips)
Seat 2: Grieserix ($129.52 in chips)
Grieserix: posts small blind $1
Hadart: posts big blind $3
*** HOLE CARDS ***
Grieserix: calls $2
Hadart: checks
*** FLOP *** [Ac 8d 2c]
Hadart: checks
Grieserix: checks
*** TURN *** [Ac 8d 2c] [4d]
Hadart: checks
Grieserix: checks
*** RIVER *** [Ac 8d 2c 4d] [Kh]
Hadart: checks
Grieserix: checks
*** SHOW DOWN ***
Hadart: shows [7c Td] (high card Ace)
Grieserix: shows [6h Jh] (high card Ace - King+Jack kicker)
Grieserix collected $5.88 from pot
*** SUMMARY ***
Total pot $6 | Rake $0.12
Board [Ac 8d 2c 4d Kh]
Seat 1: Hadart (big blind) showed [7c Td] and lost with high card Ace
Seat 2: Grieserix (button) (small blind) showed [6h Jh] and won ($5.88) with high card Ace


PokerStars Hand #171541083263:  Hold'em Limit ($3/$6 USD) - 2017/06/09 5:23:18 ET
Table 'Aidamina' 6-max Seat #2 is the button
Seat 1: Hadart ($33.67 in chips)
Seat 2: Grieserix ($129.40 in chips)
Grieserix: posts small blind $1
Hadart: posts big blind $3
*** HOLE CARDS ***
Grieserix: raises $3 to $6
Hadart: folds
Uncalled bet ($3) returned to Grieserix
Grieserix collected $6 from pot
*** SUMMARY ***
Total pot $6 | Rake $0
Seat 1: Hadart (big blind) folded before Flop
Seat 2: Grieserix (button) (small blind) collected ($6)


PokerStars Hand #171541085600:  Hold'em Limit ($3/$6 USD) - 2017/06/09 5:23:25 ET
Table 'Aidamina' 6-max Seat #1 is the button
Seat 1: Hadart ($30.67 in chips)
Seat 2: Grieserix ($132.40 in chips)
Hadart: posts small blind $1
Grieserix: posts big blind $3
*** HOLE CARDS ***
Hadart: raises $3 to $6
Grieserix: calls $3
*** FLOP *** [2d 7c 5c]
Grieserix: checks
Hadart: checks
*** TURN *** [2d 7c 5c] [Js]
Grieserix: checks
Hadart: bets $6
Grieserix: folds
Uncalled bet ($6) returned to Hadart
Hadart collected $11.76 from pot
Hadart: doesn't show hand
*** SUMMARY ***
Total pot $12 | Rake $0.24
Board [2d 7c 5c Js]
Seat 1: Hadart (button) (small blind) collected ($11.76)
Seat 2: Grieserix (big blind) folded on the Turn


PokerStars Hand #171541908483:  Hold'em Limit ($3/$6 USD) - 2017/06/09 6:01:48 ET
Table 'Aidamina' 6-max Seat #2 is the button
Seat 2: Novartis80 ($215.36 in chips)
Seat 4: VolkovDmitri ($120 in chips)
dobber888 will be allowed to play after the button
Novartis80: posts small blind $1
VolkovDmitri: posts big blind $3
*** HOLE CARDS ***
suitedthrash leaves the table
Novartis80: folds
Uncalled bet ($2) returned to VolkovDmitri
VolkovDmitri collected $2 from pot
VolkovDmitri: doesn't show hand
*** SUMMARY ***
Total pot $2 | Rake $0
Seat 2: Novartis80 (button) (small blind) folded before Flop
Seat 4: VolkovDmitri (big blind) collected ($2)


PokerStars Hand #171542455932:  Hold'em Limit ($3/$6 USD) - 2017/06/09 6:26:02 ET
Table 'Aidamina' 6-max Seat #4 is the button
Seat 3: kiwi/mike ($120.01 in chips)
Seat 4: VolkovDmitri ($169.61 in chips)
VolkovDmitri: posts small blind $1
love_mmm: is sitting out
kiwi/mike: posts big blind $3
*** HOLE CARDS ***
VolkovDmitri: raises $3 to $6
kiwi/mike: folds
Uncalled bet ($3) returned to VolkovDmitri
love_mmm leaves the table
VolkovDmitri collected $6 from pot
VolkovDmitri: doesn't show hand
*** SUMMARY ***
Total pot $6 | Rake $0
Seat 3: kiwi/mike (big blind) folded before Flop
Seat 4: VolkovDmitri (button) (small blind) collected ($6)


PokerStars Hand #171542459174:  Hold'em Limit ($3/$6 USD) - 2017/06/09 6:26:10 ET
Table 'Aidamina' 6-max Seat #3 is the button
Seat 3: kiwi/mike ($117.01 in chips)
Seat 4: VolkovDmitri ($172.61 in chips)
kiwi/mike: posts small blind $1
VolkovDmitri: posts big blind $3
*** HOLE CARDS ***
kiwi/mike: folds
Uncalled bet ($2) returned to VolkovDmitri
VolkovDmitri collected $2 from pot
VolkovDmitri: doesn't show hand
*** SUMMARY ***
Total pot $2 | Rake $0
Seat 3: kiwi/mike (button) (small blind) folded before Flop
Seat 4: VolkovDmitri (big blind) collected ($2)


