PokerStars Hand #170899032760:  Hold'em Limit ($3/$6 USD) - 2017/05/25 11:58:36 ET
Table 'Aida II' 6-max Seat #5 is the button
Seat 2: feertheturtl ($85.57 in chips)
Seat 5: AA_ILI ($214.72 in chips)
AA_ILI: posts small blind $1
feertheturtl: posts big blind $3
*** HOLE CARDS ***
AA_ILI: raises $3 to $6
feertheturtl: folds
Uncalled bet ($3) returned to AA_ILI
AA_ILI collected $6 from pot
AA_ILI: doesn't show hand
*** SUMMARY ***
Total pot $6 | Rake $0
Seat 2: feertheturtl (big blind) folded before Flop
Seat 5: AA_ILI (button) (small blind) collected ($6)


PokerStars Hand #170899023548:  Hold'em Limit ($3/$6 USD) - 2017/05/25 11:58:18 ET
Table 'Aida II' 6-max Seat #2 is the button
Seat 2: feertheturtl ($62.07 in chips)
Seat 5: AA_ILI ($238.72 in chips)
feertheturtl: posts small blind $1
vestimokrec: is sitting out
AA_ILI: posts big blind $3
*** HOLE CARDS ***
feertheturtl: raises $3 to $6
AA_ILI: raises $3 to $9
feertheturtl: calls $3
*** FLOP *** [Tc Js 9c]
AA_ILI: bets $3
feertheturtl: calls $3
*** TURN *** [Tc Js 9c] [2c]
AA_ILI: bets $6
feertheturtl: calls $6
*** RIVER *** [Tc Js 9c 2c] [2h]
AA_ILI: bets $6
feertheturtl: calls $6
*** SHOW DOWN ***
AA_ILI: shows [8h 8d] (two pair, Eights and Deuces)
feertheturtl: shows [4s Ts] (two pair, Tens and Deuces)
feertheturtl collected $47.50 from pot
*** SUMMARY ***
Total pot $48 | Rake $0.50
Board [Tc Js 9c 2c 2h]
Seat 2: feertheturtl (button) (small blind) showed [4s Ts] and won ($47.50) with two pair, Tens and Deuces
Seat 5: AA_ILI (big blind) showed [8h 8d] and lost with two pair, Eights and Deuces


PokerStars Hand #170899035782:  Hold'em Limit ($3/$6 USD) - 2017/05/25 11:58:41 ET
Table 'Aida II' 6-max Seat #2 is the button
Seat 2: feertheturtl ($82.57 in chips)
Seat 5: AA_ILI ($217.72 in chips)
feertheturtl: posts small blind $1
AA_ILI: posts big blind $3
*** HOLE CARDS ***
feertheturtl: raises $3 to $6
AA_ILI: calls $3
*** FLOP *** [8c Kh Ac]
AA_ILI: bets $3
feertheturtl: raises $3 to $6
AA_ILI: calls $3
*** TURN *** [8c Kh Ac] [7s]
AA_ILI: checks
feertheturtl: bets $6
AA_ILI: folds
Uncalled bet ($6) returned to feertheturtl
feertheturtl collected $23.52 from pot
feertheturtl: doesn't show hand
*** SUMMARY ***
Total pot $24 | Rake $0.48
Board [8c Kh Ac 7s]
Seat 2: feertheturtl (button) (small blind) collected ($23.52)
Seat 5: AA_ILI (big blind) folded on the Turn


PokerStars Hand #170899042703:  Hold'em Limit ($3/$6 USD) - 2017/05/25 11:58:54 ET
Table 'Aida II' 6-max Seat #5 is the button
Seat 2: feertheturtl ($94.09 in chips)
Seat 5: AA_ILI ($205.72 in chips)
AA_ILI: posts small blind $1
feertheturtl: posts big blind $3
*** HOLE CARDS ***
AA_ILI: raises $3 to $6
feertheturtl: raises $3 to $9
AA_ILI: calls $3
*** FLOP *** [5d 2h 3d]
feertheturtl: bets $3
AA_ILI: calls $3
*** TURN *** [5d 2h 3d] [Js]
feertheturtl: bets $6
AA_ILI: calls $6
*** RIVER *** [5d 2h 3d Js] [3c]
feertheturtl: checks
RockKillerTY joins the table at seat #4
AA_ILI: bets $6
feertheturtl: calls $6
*** SHOW DOWN ***
AA_ILI: shows [6s 7s] (a pair of Threes)
feertheturtl: shows [As Qs] (a pair of Threes - Ace kicker)
feertheturtl collected $47.50 from pot
*** SUMMARY ***
Total pot $48 | Rake $0.50
Board [5d 2h 3d Js 3c]
Seat 2: feertheturtl (big blind) showed [As Qs] and won ($47.50) with a pair of Threes
Seat 5: AA_ILI (button) (small blind) showed [6s 7s] and lost with a pair of Threes


PokerStars Hand #170899069095:  Hold'em Limit ($3/$6 USD) - 2017/05/25 11:59:44 ET
Table 'Aida II' 6-max Seat #5 is the button
Seat 4: RockKillerTY ($131.25 in chips)
Seat 5: AA_ILI ($166.72 in chips)
AA_ILI: posts small blind $1
feertheturtl: is sitting out
RockKillerTY: posts big blind $3
*** HOLE CARDS ***
AA_ILI: raises $3 to $6
RockKillerTY: calls $3
*** FLOP *** [Td Qd 8s]
RockKillerTY: checks
AA_ILI: bets $3
feertheturtl leaves the table
RockKillerTY: folds
Uncalled bet ($3) returned to AA_ILI
AA_ILI collected $11.76 from pot
*** SUMMARY ***
Total pot $12 | Rake $0.24
Board [Td Qd 8s]
Seat 4: RockKillerTY (big blind) folded on the Flop
Seat 5: AA_ILI (button) (small blind) collected ($11.76)


PokerStars Hand #170899076781:  Hold'em Limit ($3/$6 USD) - 2017/05/25 11:59:58 ET
Table 'Aida II' 6-max Seat #4 is the button
Seat 4: RockKillerTY ($125.25 in chips)
Seat 5: AA_ILI ($172.48 in chips)
RockKillerTY: posts small blind $1
AA_ILI: posts big blind $3
*** HOLE CARDS ***
vestimokrec leaves the table
RockKillerTY: raises $3 to $6
AA_ILI: calls $3
*** FLOP *** [2c Qc 9s]
AA_ILI: checks
RockKillerTY: bets $3
AA_ILI: folds
Uncalled bet ($3) returned to RockKillerTY
RockKillerTY collected $11.76 from pot
RockKillerTY: doesn't show hand
*** SUMMARY ***
Total pot $12 | Rake $0.24
Board [2c Qc 9s]
Seat 4: RockKillerTY (button) (small blind) collected ($11.76)
Seat 5: AA_ILI (big blind) folded on the Flop


