PokerStars Hand #146085870879:  Hold'em Limit ($3/$6 USD) - 2015/12/28 18:22:00 ET
Table 'Aiguillon II' 2-max Seat #1 is the button
Seat 1: asshair0815 ($128.64 in chips)
Seat 2: mdif ($120 in chips)
asshair0815: posts small blind $1
mdif: posts big blind $3
*** HOLE CARDS ***
asshair0815: raises $3 to $6
mdif: calls $3
*** FLOP *** [Tc 4d 3c]
mdif: checks
asshair0815: bets $3
mdif: folds
Uncalled bet ($3) returned to asshair0815
asshair0815 collected $11.76 from pot
asshair0815: doesn't show hand
*** SUMMARY ***
Total pot $12 | Rake $0.24
Board [Tc 4d 3c]
Seat 1: asshair0815 (button) (small blind) collected ($11.76)
Seat 2: mdif (big blind) folded on the Flop


PokerStars Hand #146085882762:  Hold'em Limit ($3/$6 USD) - 2015/12/28 18:22:13 ET
Table 'Aiguillon II' 2-max Seat #2 is the button
Seat 1: asshair0815 ($134.40 in chips)
Seat 2: mdif ($120 in chips)
mdif: posts small blind $1
asshair0815: posts big blind $3
*** HOLE CARDS ***
mdif: raises $3 to $6
asshair0815: calls $3
*** FLOP *** [Jc 4s 6s]
asshair0815: checks
mdif: bets $3
asshair0815: raises $3 to $6
mdif: calls $3
*** TURN *** [Jc 4s 6s] [Js]
asshair0815: bets $6
mdif: raises $6 to $12
asshair0815: calls $6
*** RIVER *** [Jc 4s 6s Js] [9c]
asshair0815: checks
mdif: bets $6
asshair0815: calls $6
*** SHOW DOWN ***
mdif: shows [Jh 7h] (three of a kind, Jacks)
asshair0815: mucks hand
mdif collected $59.50 from pot
*** SUMMARY ***
Total pot $60 | Rake $0.50
Board [Jc 4s 6s Js 9c]
Seat 1: asshair0815 (big blind) mucked
Seat 2: mdif (button) (small blind) showed [Jh 7h] and won ($59.50) with three of a kind, Jacks


PokerStars Hand #146085928738:  Hold'em Limit ($3/$6 USD) - 2015/12/28 18:23:04 ET
Table 'Aiguillon II' 2-max Seat #1 is the button
Seat 1: asshair0815 ($129.90 in chips)
Seat 2: mdif ($123.50 in chips)
asshair0815: posts small blind $1
mdif: posts big blind $3
*** HOLE CARDS ***
asshair0815: folds
Uncalled bet ($2) returned to mdif
mdif collected $2 from pot
mdif: doesn't show hand
*** SUMMARY ***
Total pot $2 | Rake $0
Seat 1: asshair0815 (button) (small blind) folded before Flop
Seat 2: mdif (big blind) collected ($2)


PokerStars Hand #146085904335:  Hold'em Limit ($3/$6 USD) - 2015/12/28 18:22:37 ET
Table 'Aiguillon II' 2-max Seat #1 is the button
Seat 1: asshair0815 ($104.40 in chips)
Seat 2: mdif ($149.50 in chips)
asshair0815: posts small blind $1
mdif: posts big blind $3
*** HOLE CARDS ***
asshair0815: folds
Uncalled bet ($2) returned to mdif
mdif collected $2 from pot
mdif: doesn't show hand
*** SUMMARY ***
Total pot $2 | Rake $0
Seat 1: asshair0815 (button) (small blind) folded before Flop
Seat 2: mdif (big blind) collected ($2)


PokerStars Hand #146085909402:  Hold'em Limit ($3/$6 USD) - 2015/12/28 18:22:43 ET
Table 'Aiguillon II' 2-max Seat #2 is the button
Seat 1: asshair0815 ($103.40 in chips)
Seat 2: mdif ($150.50 in chips)
mdif: posts small blind $1
asshair0815: posts big blind $3
*** HOLE CARDS ***
mdif: raises $3 to $6
asshair0815: calls $3
*** FLOP *** [Js Qd 9d]
asshair0815: checks
mdif: bets $3
asshair0815: calls $3
*** TURN *** [Js Qd 9d] [Jc]
asshair0815: checks
mdif: bets $6
asshair0815: raises $6 to $12
mdif: calls $6
*** RIVER *** [Js Qd 9d Jc] [3h]
asshair0815: bets $6
mdif: calls $6
*** SHOW DOWN ***
asshair0815: shows [5h Jd] (three of a kind, Jacks)
mdif: mucks hand
asshair0815 collected $53.50 from pot
*** SUMMARY ***
Total pot $54 | Rake $0.50
Board [Js Qd 9d Jc 3h]
Seat 1: asshair0815 (big blind) showed [5h Jd] and won ($53.50) with three of a kind, Jacks
Seat 2: mdif (button) (small blind) mucked


PokerStars Hand #146085951551:  Hold'em Limit ($3/$6 USD) - 2015/12/28 18:23:30 ET
Table 'Aiguillon II' 2-max Seat #1 is the button
Seat 1: asshair0815 ($107.90 in chips)
Seat 2: mdif ($145 in chips)
asshair0815: posts small blind $1
mdif: posts big blind $3
*** HOLE CARDS ***
asshair0815: raises $3 to $6
mdif: folds
Uncalled bet ($3) returned to asshair0815
asshair0815 collected $6 from pot
asshair0815: doesn't show hand
*** SUMMARY ***
Total pot $6 | Rake $0
Seat 1: asshair0815 (button) (small blind) collected ($6)
Seat 2: mdif (big blind) folded before Flop


PokerStars Hand #146085933510:  Hold'em Limit ($3/$6 USD) - 2015/12/28 18:23:10 ET
Table 'Aiguillon II' 2-max Seat #2 is the button
Seat 1: asshair0815 ($128.90 in chips)
Seat 2: mdif ($124.50 in chips)
mdif: posts small blind $1
asshair0815: posts big blind $3
*** HOLE CARDS ***
mdif: raises $3 to $6
asshair0815: calls $3
*** FLOP *** [4s 3h 6s]
asshair0815: checks
mdif: bets $3
asshair0815: calls $3
*** TURN *** [4s 3h 6s] [8s]
asshair0815: checks
mdif: bets $6
asshair0815: calls $6
*** RIVER *** [4s 3h 6s 8s] [9c]
asshair0815: checks
mdif: bets $6
asshair0815: calls $6
*** SHOW DOWN ***
mdif: shows [8h 4h] (two pair, Eights and Fours)
asshair0815: mucks hand
mdif collected $41.50 from pot
*** SUMMARY ***
Total pot $42 | Rake $0.50
Board [4s 3h 6s 8s 9c]
Seat 1: asshair0815 (big blind) mucked
Seat 2: mdif (button) (small blind) showed [8h 4h] and won ($41.50) with two pair, Eights and Fours


PokerStars Hand #146085972944:  Hold'em Limit ($3/$6 USD) - 2015/12/28 18:23:55 ET
Table 'Aiguillon II' 2-max Seat #1 is the button
Seat 1: asshair0815 ($95.90 in chips)
Seat 2: mdif ($156.50 in chips)
asshair0815: posts small blind $1
mdif: posts big blind $3
*** HOLE CARDS ***
asshair0815: raises $3 to $6
mdif: calls $3
*** FLOP *** [Th 7s 8s]
mdif: checks
asshair0815: bets $3
mdif: calls $3
*** TURN *** [Th 7s 8s] [Qd]
mdif: checks
asshair0815: bets $6
mdif: folds
Uncalled bet ($6) returned to asshair0815
asshair0815 collected $17.64 from pot
asshair0815: doesn't show hand
*** SUMMARY ***
Total pot $18 | Rake $0.36
Board [Th 7s 8s Qd]
Seat 1: asshair0815 (button) (small blind) collected ($17.64)
Seat 2: mdif (big blind) folded on the Turn


PokerStars Hand #146085957279:  Hold'em Limit ($3/$6 USD) - 2015/12/28 18:23:37 ET
Table 'Aiguillon II' 2-max Seat #2 is the button
Seat 1: asshair0815 ($110.90 in chips)
Seat 2: mdif ($142 in chips)
mdif: posts small blind $1
asshair0815: posts big blind $3
*** HOLE CARDS ***
mdif: raises $3 to $6
asshair0815: calls $3
*** FLOP *** [9c Jc 3c]
asshair0815: checks
mdif: bets $3
asshair0815: calls $3
*** TURN *** [9c Jc 3c] [3h]
asshair0815: checks
mdif: checks
*** RIVER *** [9c Jc 3c 3h] [5d]
asshair0815: checks
mdif: bets $6
asshair0815: calls $6
*** SHOW DOWN ***
mdif: shows [7s 5c] (two pair, Fives and Threes)
asshair0815: mucks hand
mdif collected $29.50 from pot
*** SUMMARY ***
Total pot $30 | Rake $0.50
Board [9c Jc 3c 3h 5d]
Seat 1: asshair0815 (big blind) mucked
Seat 2: mdif (button) (small blind) showed [7s 5c] and won ($29.50) with two pair, Fives and Threes


PokerStars Hand #146085986062:  Hold'em Limit ($3/$6 USD) - 2015/12/28 18:24:09 ET
Table 'Aiguillon II' 2-max Seat #2 is the button
Seat 1: asshair0815 ($104.54 in chips)
Seat 2: mdif ($147.50 in chips)
mdif: posts small blind $1
asshair0815: posts big blind $3
*** HOLE CARDS ***
mdif: raises $3 to $6
asshair0815: raises $3 to $9
mdif: calls $3
*** FLOP *** [9h 3c 9c]
asshair0815: bets $3
mdif: calls $3
*** TURN *** [9h 3c 9c] [Kh]
asshair0815: bets $6
mdif: folds
Uncalled bet ($6) returned to asshair0815
asshair0815 collected $23.52 from pot
asshair0815: doesn't show hand
*** SUMMARY ***
Total pot $24 | Rake $0.48
Board [9h 3c 9c Kh]
Seat 1: asshair0815 (big blind) collected ($23.52)
Seat 2: mdif (button) (small blind) folded on the Turn


PokerStars Hand #146086001290:  Hold'em Limit ($3/$6 USD) - 2015/12/28 18:24:27 ET
Table 'Aiguillon II' 2-max Seat #1 is the button
Seat 1: asshair0815 ($116.06 in chips)
Seat 2: mdif ($135.50 in chips)
asshair0815: posts small blind $1
mdif: posts big blind $3
*** HOLE CARDS ***
asshair0815: raises $3 to $6
mdif: calls $3
*** FLOP *** [7c 3d 5s]
mdif: checks
asshair0815: bets $3
mdif: folds
Uncalled bet ($3) returned to asshair0815
asshair0815 collected $11.76 from pot
asshair0815: doesn't show hand
*** SUMMARY ***
Total pot $12 | Rake $0.24
Board [7c 3d 5s]
Seat 1: asshair0815 (button) (small blind) collected ($11.76)
Seat 2: mdif (big blind) folded on the Flop


PokerStars Hand #146086040142:  Hold'em Limit ($3/$6 USD) - 2015/12/28 18:25:11 ET
Table 'Aiguillon II' 2-max Seat #2 is the button
Seat 1: asshair0815 ($106.58 in chips)
Seat 2: mdif ($144 in chips)
mdif: posts small blind $1
asshair0815: posts big blind $3
*** HOLE CARDS ***
mdif: raises $3 to $6
asshair0815: calls $3
*** FLOP *** [2s 9c Ks]
asshair0815: checks
mdif: bets $3
asshair0815: calls $3
*** TURN *** [2s 9c Ks] [4d]
asshair0815: checks
mdif: checks
*** RIVER *** [2s 9c Ks 4d] [Qc]
asshair0815: bets $6
mdif: calls $6
*** SHOW DOWN ***
asshair0815: shows [4c 2h] (two pair, Fours and Deuces)
mdif: mucks hand
asshair0815 collected $29.50 from pot
*** SUMMARY ***
Total pot $30 | Rake $0.50
Board [2s 9c Ks 4d Qc]
Seat 1: asshair0815 (big blind) showed [4c 2h] and won ($29.50) with two pair, Fours and Deuces
Seat 2: mdif (button) (small blind) mucked


PokerStars Hand #146086027434:  Hold'em Limit ($3/$6 USD) - 2015/12/28 18:24:56 ET
Table 'Aiguillon II' 2-max Seat #1 is the button
Seat 1: asshair0815 ($100.82 in chips)
Seat 2: mdif ($150 in chips)
asshair0815: posts small blind $1
mdif: posts big blind $3
*** HOLE CARDS ***
asshair0815: raises $3 to $6
mdif: calls $3
*** FLOP *** [Jc Ad Tc]
mdif: checks
asshair0815: checks
*** TURN *** [Jc Ad Tc] [Qh]
mdif: checks
asshair0815: bets $6
mdif: folds
Uncalled bet ($6) returned to asshair0815
asshair0815 collected $11.76 from pot
asshair0815: doesn't show hand
*** SUMMARY ***
Total pot $12 | Rake $0.24
Board [Jc Ad Tc Qh]
Seat 1: asshair0815 (button) (small blind) collected ($11.76)
Seat 2: mdif (big blind) folded on the Turn


PokerStars Hand #146086009922:  Hold'em Limit ($3/$6 USD) - 2015/12/28 18:24:36 ET
Table 'Aiguillon II' 2-max Seat #2 is the button
Seat 1: asshair0815 ($121.82 in chips)
Seat 2: mdif ($129.50 in chips)
mdif: posts small blind $1
asshair0815: posts big blind $3
*** HOLE CARDS ***
mdif: raises $3 to $6
asshair0815: calls $3
*** FLOP *** [7h 7s Jd]
asshair0815: checks
mdif: bets $3
asshair0815: calls $3
*** TURN *** [7h 7s Jd] [Qd]
asshair0815: checks
mdif: bets $6
asshair0815: calls $6
*** RIVER *** [7h 7s Jd Qd] [6h]
asshair0815: checks
mdif: bets $6
asshair0815: calls $6
*** SHOW DOWN ***
mdif: shows [7c 8s] (three of a kind, Sevens)
asshair0815: mucks hand
mdif collected $41.50 from pot
*** SUMMARY ***
Total pot $42 | Rake $0.50
Board [7h 7s Jd Qd 6h]
Seat 1: asshair0815 (big blind) mucked
Seat 2: mdif (button) (small blind) showed [7c 8s] and won ($41.50) with three of a kind, Sevens


PokerStars Hand #146086058670:  Hold'em Limit ($3/$6 USD) - 2015/12/28 18:25:32 ET
Table 'Aiguillon II' 2-max Seat #2 is the button
Seat 1: asshair0815 ($124.08 in chips)
Seat 2: mdif ($126 in chips)
mdif: posts small blind $1
asshair0815: posts big blind $3
*** HOLE CARDS ***
mdif: folds
Uncalled bet ($2) returned to asshair0815
asshair0815 collected $2 from pot
asshair0815: doesn't show hand
*** SUMMARY ***
Total pot $2 | Rake $0
Seat 1: asshair0815 (big blind) collected ($2)
Seat 2: mdif (button) (small blind) folded before Flop


PokerStars Hand #146086053955:  Hold'em Limit ($3/$6 USD) - 2015/12/28 18:25:26 ET
Table 'Aiguillon II' 2-max Seat #1 is the button
Seat 1: asshair0815 ($121.08 in chips)
Seat 2: mdif ($129 in chips)
asshair0815: posts small blind $1
mdif: posts big blind $3
*** HOLE CARDS ***
asshair0815: raises $3 to $6
mdif: folds
Uncalled bet ($3) returned to asshair0815
asshair0815 collected $6 from pot
asshair0815: doesn't show hand
*** SUMMARY ***
Total pot $6 | Rake $0
Seat 1: asshair0815 (button) (small blind) collected ($6)
Seat 2: mdif (big blind) folded before Flop


PokerStars Hand #146086089079:  Hold'em Limit ($3/$6 USD) - 2015/12/28 18:26:06 ET
Table 'Aiguillon II' 2-max Seat #1 is the button
Seat 1: asshair0815 ($160.10 in chips)
Seat 2: mdif ($120 in chips)
asshair0815: posts small blind $1
mdif: posts big blind $3
*** HOLE CARDS ***
asshair0815: raises $3 to $6
mdif: folds
Uncalled bet ($3) returned to asshair0815
asshair0815 collected $6 from pot
asshair0815: doesn't show hand
*** SUMMARY ***
Total pot $6 | Rake $0
Seat 1: asshair0815 (button) (small blind) collected ($6)
Seat 2: mdif (big blind) folded before Flop


PokerStars Hand #146086062722:  Hold'em Limit ($3/$6 USD) - 2015/12/28 18:25:36 ET
Table 'Aiguillon II' 2-max Seat #1 is the button
Seat 1: asshair0815 ($125.08 in chips)
Seat 2: mdif ($125 in chips)
asshair0815: posts small blind $1
mdif: posts big blind $3
*** HOLE CARDS ***
asshair0815: raises $3 to $6
mdif: calls $3
*** FLOP *** [9h 5s 8d]
mdif: checks
asshair0815: checks
*** TURN *** [9h 5s 8d] [7h]
mdif: bets $6
asshair0815: raises $6 to $12
mdif: folds
Uncalled bet ($6) returned to asshair0815
asshair0815 collected $23.52 from pot
asshair0815: doesn't show hand
*** SUMMARY ***
Total pot $24 | Rake $0.48
Board [9h 5s 8d 7h]
Seat 1: asshair0815 (button) (small blind) collected ($23.52)
Seat 2: mdif (big blind) folded on the Turn


PokerStars Hand #146086074436:  Hold'em Limit ($3/$6 USD) - 2015/12/28 18:25:50 ET
Table 'Aiguillon II' 2-max Seat #2 is the button
Seat 1: asshair0815 ($136.60 in chips)
Seat 2: mdif ($120 in chips)
mdif: posts small blind $1
asshair0815: posts big blind $3
*** HOLE CARDS ***
mdif: raises $3 to $6
asshair0815: raises $3 to $9
mdif: calls $3
*** FLOP *** [Qs Tc Js]
asshair0815: bets $3
mdif: calls $3
*** TURN *** [Qs Tc Js] [Qh]
asshair0815: bets $6
mdif: calls $6
*** RIVER *** [Qs Tc Js Qh] [6s]
asshair0815: bets $6
mdif: calls $6
*** SHOW DOWN ***
asshair0815: shows [Jd Jh] (a full house, Jacks full of Queens)
mdif: mucks hand
asshair0815 collected $47.50 from pot
*** SUMMARY ***
Total pot $48 | Rake $0.50
Board [Qs Tc Js Qh 6s]
Seat 1: asshair0815 (big blind) showed [Jd Jh] and won ($47.50) with a full house, Jacks full of Queens
Seat 2: mdif (button) (small blind) mucked


PokerStars Hand #146086118521:  Hold'em Limit ($3/$6 USD) - 2015/12/28 18:26:41 ET
Table 'Aiguillon II' 2-max Seat #1 is the button
Seat 1: asshair0815 ($139.10 in chips)
Seat 2: mdif ($143.50 in chips)
asshair0815: posts small blind $1
mdif: posts big blind $3
*** HOLE CARDS ***
asshair0815: raises $3 to $6
mdif: calls $3
*** FLOP *** [Qd Qc Th]
mdif: checks
asshair0815: bets $3
mdif: raises $3 to $6
asshair0815: calls $3
*** TURN *** [Qd Qc Th] [6c]
mdif: bets $6
asshair0815: calls $6
*** RIVER *** [Qd Qc Th 6c] [Ks]
mdif: bets $6
asshair0815: folds
Uncalled bet ($6) returned to mdif
mdif collected $35.50 from pot
mdif: doesn't show hand
*** SUMMARY ***
Total pot $36 | Rake $0.50
Board [Qd Qc Th 6c Ks]
Seat 1: asshair0815 (button) (small blind) folded on the River
Seat 2: mdif (big blind) collected ($35.50)


PokerStars Hand #146086148324:  Hold'em Limit ($3/$6 USD) - 2015/12/28 18:27:15 ET
Table 'Aiguillon II' 2-max Seat #1 is the button
Seat 1: asshair0815 ($126.86 in chips)
Seat 2: mdif ($155 in chips)
asshair0815: posts small blind $1
mdif: posts big blind $3
*** HOLE CARDS ***
asshair0815: folds
Uncalled bet ($2) returned to mdif
mdif collected $2 from pot
mdif: doesn't show hand
*** SUMMARY ***
Total pot $2 | Rake $0
Seat 1: asshair0815 (button) (small blind) folded before Flop
Seat 2: mdif (big blind) collected ($2)


PokerStars Hand #146086136531:  Hold'em Limit ($3/$6 USD) - 2015/12/28 18:27:01 ET
Table 'Aiguillon II' 2-max Seat #2 is the button
Seat 1: asshair0815 ($121.10 in chips)
Seat 2: mdif ($161 in chips)
mdif: posts small blind $1
asshair0815: posts big blind $3
*** HOLE CARDS ***
mdif: raises $3 to $6
asshair0815: calls $3
*** FLOP *** [3s 6s 7s]
asshair0815: checks
mdif: checks
*** TURN *** [3s 6s 7s] [5s]
asshair0815: bets $6
mdif: folds
Uncalled bet ($6) returned to asshair0815
asshair0815 collected $11.76 from pot
asshair0815: doesn't show hand
*** SUMMARY ***
Total pot $12 | Rake $0.24
Board [3s 6s 7s 5s]
Seat 1: asshair0815 (big blind) collected ($11.76)
Seat 2: mdif (button) (small blind) folded on the Turn


PokerStars Hand #146086094445:  Hold'em Limit ($3/$6 USD) - 2015/12/28 18:26:13 ET
Table 'Aiguillon II' 2-max Seat #2 is the button
Seat 1: asshair0815 ($163.10 in chips)
Seat 2: mdif ($120 in chips)
mdif: posts small blind $1
asshair0815: posts big blind $3
*** HOLE CARDS ***
mdif: raises $3 to $6
asshair0815: raises $3 to $9
mdif: calls $3
*** FLOP *** [9s Qc Ah]
asshair0815: checks
mdif: bets $3
asshair0815: calls $3
*** TURN *** [9s Qc Ah] [2c]
asshair0815: checks
mdif: bets $6
asshair0815: calls $6
*** RIVER *** [9s Qc Ah 2c] [Ks]
asshair0815: checks
mdif: bets $6
asshair0815: calls $6
*** SHOW DOWN ***
mdif: shows [Ac 2s] (two pair, Aces and Deuces)
asshair0815: mucks hand
mdif collected $47.50 from pot
*** SUMMARY ***
Total pot $48 | Rake $0.50
Board [9s Qc Ah 2c Ks]
Seat 1: asshair0815 (big blind) mucked
Seat 2: mdif (button) (small blind) showed [Ac 2s] and won ($47.50) with two pair, Aces and Deuces


PokerStars Hand #146086194556:  Hold'em Limit ($3/$6 USD) - 2015/12/28 18:28:09 ET
Table 'Aiguillon II' 2-max Seat #2 is the button
Seat 1: asshair0815 ($129.36 in chips)
Seat 2: mdif ($151.64 in chips)
mdif: posts small blind $1
asshair0815: posts big blind $3
*** HOLE CARDS ***
mdif: raises $3 to $6
asshair0815: raises $3 to $9
mdif: calls $3
*** FLOP *** [6c 5s 5d]
asshair0815: bets $3
mdif: calls $3
*** TURN *** [6c 5s 5d] [3h]
asshair0815: bets $6
mdif: calls $6
*** RIVER *** [6c 5s 5d 3h] [7s]
asshair0815: checks
mdif: bets $6
asshair0815: calls $6
*** SHOW DOWN ***
mdif: shows [7d Ac] (two pair, Sevens and Fives)
asshair0815: mucks hand
mdif collected $47.50 from pot
*** SUMMARY ***
Total pot $48 | Rake $0.50
Board [6c 5s 5d 3h 7s]
Seat 1: asshair0815 (big blind) mucked
Seat 2: mdif (button) (small blind) showed [7d Ac] and won ($47.50) with two pair, Sevens and Fives


PokerStars Hand #146086170707:  Hold'em Limit ($3/$6 USD) - 2015/12/28 18:27:41 ET
Table 'Aiguillon II' 2-max Seat #1 is the button
Seat 1: asshair0815 ($116.86 in chips)
Seat 2: mdif ($164.64 in chips)
asshair0815: posts small blind $1
mdif: posts big blind $3
*** HOLE CARDS ***
asshair0815: folds
Uncalled bet ($2) returned to mdif
mdif collected $2 from pot
mdif: doesn't show hand
*** SUMMARY ***
Total pot $2 | Rake $0
Seat 1: asshair0815 (button) (small blind) folded before Flop
Seat 2: mdif (big blind) collected ($2)


PokerStars Hand #146086152733:  Hold'em Limit ($3/$6 USD) - 2015/12/28 18:27:20 ET
Table 'Aiguillon II' 2-max Seat #2 is the button
Seat 1: asshair0815 ($125.86 in chips)
Seat 2: mdif ($156 in chips)
mdif: posts small blind $1
asshair0815: posts big blind $3
*** HOLE CARDS ***
mdif: raises $3 to $6
asshair0815: calls $3
*** FLOP *** [5c Ah 4s]
asshair0815: checks
mdif: bets $3
asshair0815: calls $3
*** TURN *** [5c Ah 4s] [Qh]
asshair0815: checks
mdif: bets $6
asshair0815: folds
Uncalled bet ($6) returned to mdif
mdif collected $17.64 from pot
mdif: doesn't show hand
*** SUMMARY ***
Total pot $18 | Rake $0.36
Board [5c Ah 4s Qh]
Seat 1: asshair0815 (big blind) folded on the Turn
Seat 2: mdif (button) (small blind) collected ($17.64)


PokerStars Hand #146086189556:  Hold'em Limit ($3/$6 USD) - 2015/12/28 18:28:03 ET
Table 'Aiguillon II' 2-max Seat #1 is the button
Seat 1: asshair0815 ($130.36 in chips)
Seat 2: mdif ($150.64 in chips)
asshair0815: posts small blind $1
mdif: posts big blind $3
*** HOLE CARDS ***
asshair0815: folds
Uncalled bet ($2) returned to mdif
mdif collected $2 from pot
mdif: doesn't show hand
*** SUMMARY ***
Total pot $2 | Rake $0
Seat 1: asshair0815 (button) (small blind) folded before Flop
Seat 2: mdif (big blind) collected ($2)


PokerStars Hand #146086174658:  Hold'em Limit ($3/$6 USD) - 2015/12/28 18:27:46 ET
Table 'Aiguillon II' 2-max Seat #2 is the button
Seat 1: asshair0815 ($115.86 in chips)
Seat 2: mdif ($165.64 in chips)
mdif: posts small blind $1
asshair0815: posts big blind $3
*** HOLE CARDS ***
mdif: raises $3 to $6
asshair0815: calls $3
*** FLOP *** [5c 9h 8h]
asshair0815: checks
mdif: bets $3
asshair0815: calls $3
*** TURN *** [5c 9h 8h] [Kh]
asshair0815: checks
mdif: bets $6
asshair0815: calls $6
*** RIVER *** [5c 9h 8h Kh] [Qc]
asshair0815: checks
mdif: checks
*** SHOW DOWN ***
asshair0815: shows [Kc 6d] (a pair of Kings)
mdif: mucks hand
asshair0815 collected $29.50 from pot
*** SUMMARY ***
Total pot $30 | Rake $0.50
Board [5c 9h 8h Kh Qc]
Seat 1: asshair0815 (big blind) showed [Kc 6d] and won ($29.50) with a pair of Kings
Seat 2: mdif (button) (small blind) mucked


PokerStars Hand #146086255603:  Hold'em Limit ($3/$6 USD) - 2015/12/28 18:29:20 ET
Table 'Aiguillon II' 2-max Seat #1 is the button
Seat 1: asshair0815 ($72.36 in chips)
Seat 2: mdif ($207.14 in chips)
asshair0815: posts small blind $1
mdif: posts big blind $3
*** HOLE CARDS ***
asshair0815: raises $3 to $6
mdif: calls $3
*** FLOP *** [9d Kc 8s]
mdif: checks
asshair0815: bets $3
mdif: folds
Uncalled bet ($3) returned to asshair0815
asshair0815 collected $11.76 from pot
asshair0815: doesn't show hand
*** SUMMARY ***
Total pot $12 | Rake $0.24
Board [9d Kc 8s]
Seat 1: asshair0815 (button) (small blind) collected ($11.76)
Seat 2: mdif (big blind) folded on the Flop


PokerStars Hand #146086235750:  Hold'em Limit ($3/$6 USD) - 2015/12/28 18:28:56 ET
Table 'Aiguillon II' 2-max Seat #2 is the button
Seat 1: asshair0815 ($87.36 in chips)
Seat 2: mdif ($192.64 in chips)
mdif: posts small blind $1
asshair0815: posts big blind $3
*** HOLE CARDS ***
mdif: raises $3 to $6
asshair0815: calls $3
*** FLOP *** [7c Ts Qh]
asshair0815: checks
mdif: bets $3
asshair0815: calls $3
*** TURN *** [7c Ts Qh] [9s]
asshair0815: checks
mdif: bets $6
asshair0815: calls $6
*** RIVER *** [7c Ts Qh 9s] [4c]
asshair0815: checks
mdif: bets $6
asshair0815: folds
Uncalled bet ($6) returned to mdif
mdif collected $29.50 from pot
mdif: doesn't show hand
*** SUMMARY ***
Total pot $30 | Rake $0.50
Board [7c Ts Qh 9s 4c]
Seat 1: asshair0815 (big blind) folded on the River
Seat 2: mdif (button) (small blind) collected ($29.50)


PokerStars Hand #146086211908:  Hold'em Limit ($3/$6 USD) - 2015/12/28 18:28:29 ET
Table 'Aiguillon II' 2-max Seat #1 is the button
Seat 1: asshair0815 ($105.36 in chips)
Seat 2: mdif ($175.14 in chips)
asshair0815: posts small blind $1
mdif: posts big blind $3
*** HOLE CARDS ***
asshair0815: raises $3 to $6
mdif: calls $3
*** FLOP *** [5c 6c Qd]
mdif: checks
asshair0815: bets $3
mdif: raises $3 to $6
asshair0815: calls $3
*** TURN *** [5c 6c Qd] [As]
mdif: bets $6
asshair0815: calls $6
*** RIVER *** [5c 6c Qd As] [Js]
mdif: bets $6
asshair0815: folds
Uncalled bet ($6) returned to mdif
mdif collected $35.50 from pot
mdif: doesn't show hand
*** SUMMARY ***
Total pot $36 | Rake $0.50
Board [5c 6c Qd As Js]
Seat 1: asshair0815 (button) (small blind) folded on the River
Seat 2: mdif (big blind) collected ($35.50)


PokerStars Hand #146086299956:  Hold'em Limit ($3/$6 USD) - 2015/12/28 18:30:11 ET
Table 'Aiguillon II' 2-max Seat #1 is the button
Seat 1: asshair0815 ($112.05 in chips)
Seat 2: mdif ($197.14 in chips)
asshair0815: posts small blind $1
mdif: posts big blind $3
*** HOLE CARDS ***
asshair0815: raises $3 to $6
mdif: folds
Uncalled bet ($3) returned to asshair0815
asshair0815 collected $6 from pot
asshair0815: doesn't show hand
*** SUMMARY ***
Total pot $6 | Rake $0
Seat 1: asshair0815 (button) (small blind) collected ($6)
Seat 2: mdif (big blind) folded before Flop


PokerStars Hand #146086295806:  Hold'em Limit ($3/$6 USD) - 2015/12/28 18:30:07 ET
Table 'Aiguillon II' 2-max Seat #2 is the button
Seat 1: asshair0815 ($111.05 in chips)
Seat 2: mdif ($198.14 in chips)
mdif: posts small blind $1
asshair0815: posts big blind $3
*** HOLE CARDS ***
mdif: folds
Uncalled bet ($2) returned to asshair0815
asshair0815 collected $2 from pot
asshair0815: doesn't show hand
*** SUMMARY ***
Total pot $2 | Rake $0
Seat 1: asshair0815 (big blind) collected ($2)
Seat 2: mdif (button) (small blind) folded before Flop


PokerStars Hand #146086291242:  Hold'em Limit ($3/$6 USD) - 2015/12/28 18:30:02 ET
Table 'Aiguillon II' 2-max Seat #1 is the button
Seat 1: asshair0815 ($112.05 in chips)
Seat 2: mdif ($197.14 in chips)
asshair0815: posts small blind $1
mdif: posts big blind $3
*** HOLE CARDS ***
asshair0815: folds
Uncalled bet ($2) returned to mdif
mdif collected $2 from pot
mdif: doesn't show hand
*** SUMMARY ***
Total pot $2 | Rake $0
Seat 1: asshair0815 (button) (small blind) folded before Flop
Seat 2: mdif (big blind) collected ($2)


PokerStars Hand #146086274152:  Hold'em Limit ($3/$6 USD) - 2015/12/28 18:29:41 ET
Table 'Aiguillon II' 2-max Seat #1 is the button
Seat 1: asshair0815 ($109.29 in chips)
Seat 2: mdif ($200.14 in chips)
asshair0815: posts small blind $1
mdif: posts big blind $3
*** HOLE CARDS ***
asshair0815: raises $3 to $6
mdif: calls $3
*** FLOP *** [4c 7s Kh]
mdif: checks
asshair0815: bets $3
mdif: folds
Uncalled bet ($3) returned to asshair0815
asshair0815 collected $11.76 from pot
asshair0815: doesn't show hand
*** SUMMARY ***
Total pot $12 | Rake $0.24
Board [4c 7s Kh]
Seat 1: asshair0815 (button) (small blind) collected ($11.76)
Seat 2: mdif (big blind) folded on the Flop


PokerStars Hand #146086307179:  Hold'em Limit ($3/$6 USD) - 2015/12/28 18:30:20 ET
Table 'Aiguillon II' 2-max Seat #2 is the button
Seat 1: asshair0815 ($115.05 in chips)
Seat 2: mdif ($194.14 in chips)
mdif: posts small blind $1
asshair0815: posts big blind $3
*** HOLE CARDS ***
mdif: raises $3 to $6
asshair0815: calls $3
*** FLOP *** [8d Jh Th]
asshair0815: checks
mdif: bets $3
asshair0815: calls $3
*** TURN *** [8d Jh Th] [3d]
asshair0815: checks
mdif: bets $6
asshair0815: folds
Uncalled bet ($6) returned to mdif
mdif collected $17.64 from pot
mdif: doesn't show hand
*** SUMMARY ***
Total pot $18 | Rake $0.36
Board [8d Jh Th 3d]
Seat 1: asshair0815 (big blind) folded on the Turn
Seat 2: mdif (button) (small blind) collected ($17.64)


PokerStars Hand #146086270337:  Hold'em Limit ($3/$6 USD) - 2015/12/28 18:29:37 ET
Table 'Aiguillon II' 2-max Seat #2 is the button
Seat 1: asshair0815 ($108.29 in chips)
Seat 2: mdif ($201.14 in chips)
mdif: posts small blind $1
asshair0815: posts big blind $3
*** HOLE CARDS ***
mdif: folds
Uncalled bet ($2) returned to asshair0815
asshair0815 collected $2 from pot
asshair0815: doesn't show hand
*** SUMMARY ***
Total pot $2 | Rake $0
Seat 1: asshair0815 (big blind) collected ($2)
Seat 2: mdif (button) (small blind) folded before Flop


PokerStars Hand #146086370747:  Hold'em Limit ($3/$6 USD) - 2015/12/28 18:31:35 ET
Table 'Aiguillon II' 2-max Seat #2 is the button
Seat 1: asshair0815 ($78.80 in chips)
Seat 2: mdif ($228.67 in chips)
mdif: posts small blind $1
asshair0815: posts big blind $3
*** HOLE CARDS ***
mdif: folds
Uncalled bet ($2) returned to asshair0815
asshair0815 collected $2 from pot
asshair0815: doesn't show hand
*** SUMMARY ***
Total pot $2 | Rake $0
Seat 1: asshair0815 (big blind) collected ($2)
Seat 2: mdif (button) (small blind) folded before Flop


PokerStars Hand #146086355066:  Hold'em Limit ($3/$6 USD) - 2015/12/28 18:31:16 ET
Table 'Aiguillon II' 2-max Seat #1 is the button
Seat 1: asshair0815 ($96.80 in chips)
Seat 2: mdif ($211.17 in chips)
asshair0815: posts small blind $1
mdif: posts big blind $3
*** HOLE CARDS ***
asshair0815: raises $3 to $6
mdif: raises $3 to $9
asshair0815: calls $3
*** FLOP *** [Td Jh 4c]
mdif: bets $3
asshair0815: calls $3
*** TURN *** [Td Jh 4c] [9s]
mdif: bets $6
asshair0815: calls $6
*** RIVER *** [Td Jh 4c 9s] [As]
mdif: bets $6
asshair0815: folds
Uncalled bet ($6) returned to mdif
mdif collected $35.50 from pot
mdif: doesn't show hand
*** SUMMARY ***
Total pot $36 | Rake $0.50
Board [Td Jh 4c 9s As]
Seat 1: asshair0815 (button) (small blind) folded on the River
Seat 2: mdif (big blind) collected ($35.50)


PokerStars Hand #146086343451:  Hold'em Limit ($3/$6 USD) - 2015/12/28 18:31:03 ET
Table 'Aiguillon II' 2-max Seat #2 is the button
Seat 1: asshair0815 ($105.80 in chips)
Seat 2: mdif ($202.53 in chips)
mdif: posts small blind $1
asshair0815: posts big blind $3
*** HOLE CARDS ***
mdif: raises $3 to $6
asshair0815: calls $3
*** FLOP *** [Ah Qc 9d]
asshair0815: bets $3
mdif: raises $3 to $6
asshair0815: folds
Uncalled bet ($3) returned to mdif
mdif collected $17.64 from pot
mdif: doesn't show hand
*** SUMMARY ***
Total pot $18 | Rake $0.36
Board [Ah Qc 9d]
Seat 1: asshair0815 (big blind) folded on the Flop
Seat 2: mdif (button) (small blind) collected ($17.64)


PokerStars Hand #146086322371:  Hold'em Limit ($3/$6 USD) - 2015/12/28 18:30:38 ET
Table 'Aiguillon II' 2-max Seat #1 is the button
Seat 1: asshair0815 ($106.05 in chips)
Seat 2: mdif ($202.78 in chips)
asshair0815: posts small blind $1
mdif: posts big blind $3
*** HOLE CARDS ***
asshair0815: raises $3 to $6
mdif: calls $3
*** FLOP *** [8h 8d 7s]
mdif: checks
asshair0815: checks
*** TURN *** [8h 8d 7s] [Qc]
mdif: bets $6
asshair0815: raises $6 to $12
mdif: calls $6
*** RIVER *** [8h 8d 7s Qc] [Ac]
mdif: checks
asshair0815: checks
*** SHOW DOWN ***
mdif: shows [9c Qd] (two pair, Queens and Eights)
asshair0815: shows [6h Qh] (two pair, Queens and Eights)
mdif collected $17.75 from pot
asshair0815 collected $17.75 from pot
*** SUMMARY ***
Total pot $36 | Rake $0.50
Board [8h 8d 7s Qc Ac]
Seat 1: asshair0815 (button) (small blind) showed [6h Qh] and won ($17.75) with two pair, Queens and Eights
Seat 2: mdif (big blind) showed [9c Qd] and won ($17.75) with two pair, Queens and Eights


PokerStars Hand #146086414483:  Hold'em Limit ($3/$6 USD) - 2015/12/28 18:32:26 ET
Table 'Aiguillon II' 2-max Seat #2 is the button
Seat 1: asshair0815 ($39.80 in chips)
Seat 2: mdif ($266.67 in chips)
mdif: posts small blind $1
asshair0815: posts big blind $3
*** HOLE CARDS ***
mdif: raises $3 to $6
asshair0815: calls $3
*** FLOP *** [7s Jh Jd]
asshair0815: checks
mdif: bets $3
asshair0815: calls $3
*** TURN *** [7s Jh Jd] [8c]
asshair0815: checks
mdif: bets $6
asshair0815: raises $6 to $12
mdif: folds
Uncalled bet ($6) returned to asshair0815
asshair0815 collected $29.50 from pot
asshair0815: doesn't show hand
*** SUMMARY ***
Total pot $30 | Rake $0.50
Board [7s Jh Jd 8c]
Seat 1: asshair0815 (big blind) collected ($29.50)
Seat 2: mdif (button) (small blind) folded on the Turn


PokerStars Hand #146086397303:  Hold'em Limit ($3/$6 USD) - 2015/12/28 18:32:06 ET
Table 'Aiguillon II' 2-max Seat #1 is the button
Seat 1: asshair0815 ($57.80 in chips)
Seat 2: mdif ($249.17 in chips)
asshair0815: posts small blind $1
mdif: posts big blind $3
*** HOLE CARDS ***
asshair0815: raises $3 to $6
mdif: calls $3
*** FLOP *** [7d 3h Ts]
mdif: checks
asshair0815: checks
*** TURN *** [7d 3h Ts] [4s]
mdif: bets $6
asshair0815: calls $6
*** RIVER *** [7d 3h Ts 4s] [Ah]
mdif: bets $6
asshair0815: calls $6
*** SHOW DOWN ***
mdif: shows [4d 4h] (three of a kind, Fours)
asshair0815: mucks hand
mdif collected $35.50 from pot
*** SUMMARY ***
Total pot $36 | Rake $0.50
Board [7d 3h Ts 4s Ah]
Seat 1: asshair0815 (button) (small blind) mucked
Seat 2: mdif (big blind) showed [4d 4h] and won ($35.50) with three of a kind, Fours


PokerStars Hand #146086379051:  Hold'em Limit ($3/$6 USD) - 2015/12/28 18:31:44 ET
Table 'Aiguillon II' 2-max Seat #2 is the button
Seat 1: asshair0815 ($78.80 in chips)
Seat 2: mdif ($228.67 in chips)
mdif: posts small blind $1
asshair0815: posts big blind $3
*** HOLE CARDS ***
mdif: raises $3 to $6
asshair0815: calls $3
*** FLOP *** [Js 9c 8d]
asshair0815: checks
mdif: bets $3
asshair0815: calls $3
*** TURN *** [Js 9c 8d] [2s]
asshair0815: checks
mdif: bets $6
asshair0815: calls $6
*** RIVER *** [Js 9c 8d 2s] [8h]
asshair0815: checks
mdif: bets $6
asshair0815: calls $6
*** SHOW DOWN ***
mdif: shows [Qs 8s] (three of a kind, Eights)
asshair0815: mucks hand
mdif collected $41.50 from pot
*** SUMMARY ***
Total pot $42 | Rake $0.50
Board [Js 9c 8d 2s 8h]
Seat 1: asshair0815 (big blind) mucked
Seat 2: mdif (button) (small blind) showed [Qs 8s] and won ($41.50) with three of a kind, Eights


PokerStars Hand #146086375015:  Hold'em Limit ($3/$6 USD) - 2015/12/28 18:31:40 ET
Table 'Aiguillon II' 2-max Seat #1 is the button
Seat 1: asshair0815 ($79.80 in chips)
Seat 2: mdif ($227.67 in chips)
asshair0815: posts small blind $1
mdif: posts big blind $3
*** HOLE CARDS ***
asshair0815: folds
Uncalled bet ($2) returned to mdif
mdif collected $2 from pot
mdif: doesn't show hand
*** SUMMARY ***
Total pot $2 | Rake $0
Seat 1: asshair0815 (button) (small blind) folded before Flop
Seat 2: mdif (big blind) collected ($2)


PokerStars Hand #146086427316:  Hold'em Limit ($3/$6 USD) - 2015/12/28 18:32:41 ET
Table 'Aiguillon II' 2-max Seat #1 is the button
Seat 1: asshair0815 ($54.30 in chips)
Seat 2: mdif ($251.67 in chips)
asshair0815: posts small blind $1
mdif: posts big blind $3
*** HOLE CARDS ***
asshair0815: raises $3 to $6
mdif: raises $3 to $9
asshair0815: calls $3
*** FLOP *** [Jd Qs 5d]
mdif: bets $3
asshair0815: folds
Uncalled bet ($3) returned to mdif
mdif collected $17.64 from pot
mdif: doesn't show hand
*** SUMMARY ***
Total pot $18 | Rake $0.36
Board [Jd Qs 5d]
Seat 1: asshair0815 (button) (small blind) folded on the Flop
Seat 2: mdif (big blind) collected ($17.64)


PokerStars Hand #146086463306:  Hold'em Limit ($3/$6 USD) - 2015/12/28 18:33:24 ET
Table 'Aiguillon II' 2-max Seat #2 is the button
Seat 1: asshair0815 ($68.80 in chips)
Seat 2: mdif ($236.07 in chips)
mdif: posts small blind $1
asshair0815: posts big blind $3
*** HOLE CARDS ***
mdif: raises $3 to $6
asshair0815: calls $3
*** FLOP *** [3c Qc Ks]
asshair0815: checks
mdif: bets $3
asshair0815: calls $3
*** TURN *** [3c Qc Ks] [3h]
asshair0815: checks
mdif: bets $6
asshair0815: calls $6
*** RIVER *** [3c Qc Ks 3h] [Tc]
asshair0815: checks
mdif: checks
*** SHOW DOWN ***
asshair0815: shows [6d Qd] (two pair, Queens and Threes)
mdif: mucks hand
asshair0815 collected $29.50 from pot
*** SUMMARY ***
Total pot $30 | Rake $0.50
Board [3c Qc Ks 3h Tc]
Seat 1: asshair0815 (big blind) showed [6d Qd] and won ($29.50) with two pair, Queens and Threes
Seat 2: mdif (button) (small blind) mucked


PokerStars Hand #146086445130:  Hold'em Limit ($3/$6 USD) - 2015/12/28 18:33:02 ET
Table 'Aiguillon II' 2-max Seat #1 is the button
Seat 1: asshair0815 ($39.30 in chips)
Seat 2: mdif ($266.07 in chips)
asshair0815: posts small blind $1
mdif: posts big blind $3
*** HOLE CARDS ***
asshair0815: raises $3 to $6
mdif: calls $3
*** FLOP *** [Qd 3c 7h]
mdif: checks
asshair0815: bets $3
mdif: raises $3 to $6
asshair0815: calls $3
*** TURN *** [Qd 3c 7h] [9s]
mdif: bets $6
asshair0815: raises $6 to $12
mdif: calls $6
*** RIVER *** [Qd 3c 7h 9s] [7d]
mdif: checks
asshair0815: bets $6
mdif: calls $6
*** SHOW DOWN ***
asshair0815: shows [Qh As] (two pair, Queens and Sevens)
mdif: mucks hand
asshair0815 collected $59.50 from pot
*** SUMMARY ***
Total pot $60 | Rake $0.50
Board [Qd 3c 7h 9s 7d]
Seat 1: asshair0815 (button) (small blind) showed [Qh As] and won ($59.50) with two pair, Queens and Sevens
Seat 2: mdif (big blind) mucked


PokerStars Hand #146086437240:  Hold'em Limit ($3/$6 USD) - 2015/12/28 18:32:53 ET
Table 'Aiguillon II' 2-max Seat #2 is the button
Seat 1: asshair0815 ($45.30 in chips)
Seat 2: mdif ($260.31 in chips)
mdif: posts small blind $1
asshair0815: posts big blind $3
*** HOLE CARDS ***
mdif: raises $3 to $6
asshair0815: calls $3
*** FLOP *** [3s 6d Jh]
asshair0815: checks
mdif: bets $3
asshair0815: folds
Uncalled bet ($3) returned to mdif
mdif collected $11.76 from pot
mdif: doesn't show hand
*** SUMMARY ***
Total pot $12 | Rake $0.24
Board [3s 6d Jh]
Seat 1: asshair0815 (big blind) folded on the Flop
Seat 2: mdif (button) (small blind) collected ($11.76)


PokerStars Hand #146086511218:  Hold'em Limit ($3/$6 USD) - 2015/12/28 18:34:20 ET
Table 'Aiguillon II' 2-max Seat #1 is the button
Seat 1: asshair0815 ($115.44 in chips)
Seat 2: mdif ($188.07 in chips)
asshair0815: posts small blind $1
mdif: posts big blind $3
*** HOLE CARDS ***
asshair0815: raises $3 to $6
mdif: raises $3 to $9
asshair0815: calls $3
*** FLOP *** [Kd 2h 6c]
mdif: bets $3
asshair0815: calls $3
*** TURN *** [Kd 2h 6c] [Ah]
mdif: bets $6
asshair0815: calls $6
*** RIVER *** [Kd 2h 6c Ah] [Qd]
mdif: bets $6
asshair0815: calls $6
*** SHOW DOWN ***
mdif: shows [Jh Qs] (a pair of Queens)
asshair0815: shows [Kh 5d] (a pair of Kings)
asshair0815 collected $47.50 from pot
*** SUMMARY ***
Total pot $48 | Rake $0.50
Board [Kd 2h 6c Ah Qd]
Seat 1: asshair0815 (button) (small blind) showed [Kh 5d] and won ($47.50) with a pair of Kings
Seat 2: mdif (big blind) showed [Jh Qs] and lost with a pair of Queens


PokerStars Hand #146086502140:  Hold'em Limit ($3/$6 USD) - 2015/12/28 18:34:09 ET
Table 'Aiguillon II' 2-max Seat #2 is the button
Seat 1: asshair0815 ($106.80 in chips)
Seat 2: mdif ($197.07 in chips)
mdif: posts small blind $1
asshair0815: posts big blind $3
*** HOLE CARDS ***
mdif: raises $3 to $6
asshair0815: raises $3 to $9
mdif: calls $3
*** FLOP *** [3h 6s Qs]
asshair0815: bets $3
mdif: folds
Uncalled bet ($3) returned to asshair0815
asshair0815 collected $17.64 from pot
asshair0815: doesn't show hand
*** SUMMARY ***
Total pot $18 | Rake $0.36
Board [3h 6s Qs]
Seat 1: asshair0815 (big blind) collected ($17.64)
Seat 2: mdif (button) (small blind) folded on the Flop


PokerStars Hand #146086486892:  Hold'em Limit ($3/$6 USD) - 2015/12/28 18:33:52 ET
Table 'Aiguillon II' 2-max Seat #1 is the button
Seat 1: asshair0815 ($83.30 in chips)
Seat 2: mdif ($221.07 in chips)
asshair0815: posts small blind $1
mdif: posts big blind $3
*** HOLE CARDS ***
asshair0815: raises $3 to $6
mdif: calls $3
*** FLOP *** [Th 5d Qd]
mdif: checks
asshair0815: bets $3
mdif: raises $3 to $6
asshair0815: calls $3
*** TURN *** [Th 5d Qd] [Tc]
mdif: bets $6
asshair0815: calls $6
*** RIVER *** [Th 5d Qd Tc] [Jc]
mdif: bets $6
asshair0815: calls $6
*** SHOW DOWN ***
mdif: shows [5c Qh] (two pair, Queens and Tens)
asshair0815: shows [Qc As] (two pair, Queens and Tens - Ace kicker)
asshair0815 collected $47.50 from pot
*** SUMMARY ***
Total pot $48 | Rake $0.50
Board [Th 5d Qd Tc Jc]
Seat 1: asshair0815 (button) (small blind) showed [Qc As] and won ($47.50) with two pair, Queens and Tens
Seat 2: mdif (big blind) showed [5c Qh] and lost with two pair, Queens and Tens


PokerStars Hand #146086482412:  Hold'em Limit ($3/$6 USD) - 2015/12/28 18:33:46 ET
Table 'Aiguillon II' 2-max Seat #2 is the button
Seat 1: asshair0815 ($82.30 in chips)
Seat 2: mdif ($222.07 in chips)
mdif: posts small blind $1
asshair0815: posts big blind $3
*** HOLE CARDS ***
mdif: folds
Uncalled bet ($2) returned to asshair0815
asshair0815 collected $2 from pot
asshair0815: doesn't show hand
*** SUMMARY ***
Total pot $2 | Rake $0
Seat 1: asshair0815 (big blind) collected ($2)
Seat 2: mdif (button) (small blind) folded before Flop


PokerStars Hand #146086478004:  Hold'em Limit ($3/$6 USD) - 2015/12/28 18:33:41 ET
Table 'Aiguillon II' 2-max Seat #1 is the button
Seat 1: asshair0815 ($83.30 in chips)
Seat 2: mdif ($221.07 in chips)
asshair0815: posts small blind $1
mdif: posts big blind $3
*** HOLE CARDS ***
asshair0815: folds
Uncalled bet ($2) returned to mdif
mdif collected $2 from pot
mdif: doesn't show hand
*** SUMMARY ***
Total pot $2 | Rake $0
Seat 1: asshair0815 (button) (small blind) folded before Flop
Seat 2: mdif (big blind) collected ($2)


PokerStars Hand #146086541804:  Hold'em Limit ($3/$6 USD) - 2015/12/28 18:34:56 ET
Table 'Aiguillon II' 2-max Seat #2 is the button
Seat 1: asshair0815 ($146.58 in chips)
Seat 2: mdif ($156.07 in chips)
mdif: posts small blind $1
asshair0815: posts big blind $3
*** HOLE CARDS ***
mdif: folds
Uncalled bet ($2) returned to asshair0815
asshair0815 collected $2 from pot
asshair0815: doesn't show hand
*** SUMMARY ***
Total pot $2 | Rake $0
Seat 1: asshair0815 (big blind) collected ($2)
Seat 2: mdif (button) (small blind) folded before Flop


PokerStars Hand #146086537352:  Hold'em Limit ($3/$6 USD) - 2015/12/28 18:34:51 ET
Table 'Aiguillon II' 2-max Seat #1 is the button
Seat 1: asshair0815 ($147.58 in chips)
Seat 2: mdif ($155.07 in chips)
asshair0815: posts small blind $1
mdif: posts big blind $3
*** HOLE CARDS ***
asshair0815: folds
Uncalled bet ($2) returned to mdif
mdif collected $2 from pot
mdif: doesn't show hand
*** SUMMARY ***
Total pot $2 | Rake $0
Seat 1: asshair0815 (button) (small blind) folded before Flop
Seat 2: mdif (big blind) collected ($2)


PokerStars Hand #146086563019:  Hold'em Limit ($3/$6 USD) - 2015/12/28 18:35:21 ET
Table 'Aiguillon II' 2-max Seat #1 is the button
Seat 1: asshair0815 ($147.58 in chips)
Seat 2: mdif ($155.07 in chips)
asshair0815: posts small blind $1
mdif: posts big blind $3
*** HOLE CARDS ***
asshair0815: folds
Uncalled bet ($2) returned to mdif
mdif collected $2 from pot
mdif: doesn't show hand
*** SUMMARY ***
Total pot $2 | Rake $0
Seat 1: asshair0815 (button) (small blind) folded before Flop
Seat 2: mdif (big blind) collected ($2)


PokerStars Hand #146086558401:  Hold'em Limit ($3/$6 USD) - 2015/12/28 18:35:16 ET
Table 'Aiguillon II' 2-max Seat #2 is the button
Seat 1: asshair0815 ($146.58 in chips)
Seat 2: mdif ($156.07 in chips)
mdif: posts small blind $1
asshair0815: posts big blind $3
*** HOLE CARDS ***
mdif: folds
Uncalled bet ($2) returned to asshair0815
asshair0815 collected $2 from pot
asshair0815: doesn't show hand
*** SUMMARY ***
Total pot $2 | Rake $0
Seat 1: asshair0815 (big blind) collected ($2)
Seat 2: mdif (button) (small blind) folded before Flop


PokerStars Hand #146086554196:  Hold'em Limit ($3/$6 USD) - 2015/12/28 18:35:11 ET
Table 'Aiguillon II' 2-max Seat #1 is the button
Seat 1: asshair0815 ($147.58 in chips)
Seat 2: mdif ($155.07 in chips)
asshair0815: posts small blind $1
mdif: posts big blind $3
*** HOLE CARDS ***
asshair0815: folds
Uncalled bet ($2) returned to mdif
mdif collected $2 from pot
mdif: doesn't show hand
*** SUMMARY ***
Total pot $2 | Rake $0
Seat 1: asshair0815 (button) (small blind) folded before Flop
Seat 2: mdif (big blind) collected ($2)


PokerStars Hand #146086550137:  Hold'em Limit ($3/$6 USD) - 2015/12/28 18:35:06 ET
Table 'Aiguillon II' 2-max Seat #2 is the button
Seat 1: asshair0815 ($146.58 in chips)
Seat 2: mdif ($156.07 in chips)
mdif: posts small blind $1
asshair0815: posts big blind $3
*** HOLE CARDS ***
mdif: folds
Uncalled bet ($2) returned to asshair0815
asshair0815 collected $2 from pot
asshair0815: doesn't show hand
*** SUMMARY ***
Total pot $2 | Rake $0
Seat 1: asshair0815 (big blind) collected ($2)
Seat 2: mdif (button) (small blind) folded before Flop


PokerStars Hand #146086545807:  Hold'em Limit ($3/$6 USD) - 2015/12/28 18:35:01 ET
Table 'Aiguillon II' 2-max Seat #1 is the button
Seat 1: asshair0815 ($147.58 in chips)
Seat 2: mdif ($155.07 in chips)
asshair0815: posts small blind $1
mdif: posts big blind $3
*** HOLE CARDS ***
asshair0815: folds
Uncalled bet ($2) returned to mdif
mdif collected $2 from pot
mdif: doesn't show hand
*** SUMMARY ***
Total pot $2 | Rake $0
Seat 1: asshair0815 (button) (small blind) folded before Flop
Seat 2: mdif (big blind) collected ($2)


PokerStars Hand #146086524187:  Hold'em Limit ($3/$6 USD) - 2015/12/28 18:34:36 ET
Table 'Aiguillon II' 2-max Seat #2 is the button
Seat 1: asshair0815 ($138.94 in chips)
Seat 2: mdif ($164.07 in chips)
mdif: posts small blind $1
asshair0815: posts big blind $3
*** HOLE CARDS ***
mdif: raises $3 to $6
asshair0815: calls $3
*** FLOP *** [Ah 7d 3s]
asshair0815: checks
mdif: bets $3
asshair0815: calls $3
*** TURN *** [Ah 7d 3s] [4h]
asshair0815: checks
mdif: checks
*** RIVER *** [Ah 7d 3s 4h] [7c]
asshair0815: bets $6
mdif: folds
Uncalled bet ($6) returned to asshair0815
asshair0815 collected $17.64 from pot
asshair0815: doesn't show hand
*** SUMMARY ***
Total pot $18 | Rake $0.36
Board [Ah 7d 3s 4h 7c]
Seat 1: asshair0815 (big blind) collected ($17.64)
Seat 2: mdif (button) (small blind) folded on the River


PokerStars Hand #146086567132:  Hold'em Limit ($3/$6 USD) - 2015/12/28 18:35:26 ET
Table 'Aiguillon II' 2-max Seat #2 is the button
Seat 1: asshair0815 ($146.58 in chips)
Seat 2: mdif ($156.07 in chips)
mdif: posts small blind $1
asshair0815: posts big blind $3
*** HOLE CARDS ***
mdif: raises $3 to $6
asshair0815: calls $3
*** FLOP *** [Ad Qc 5h]
asshair0815: checks
mdif: bets $3
asshair0815: raises $3 to $6
mdif: calls $3
*** TURN *** [Ad Qc 5h] [Ks]
asshair0815: checks
mdif: bets $6
asshair0815: folds
Uncalled bet ($6) returned to mdif
mdif collected $23.52 from pot
mdif: doesn't show hand
*** SUMMARY ***
Total pot $24 | Rake $0.48
Board [Ad Qc 5h Ks]
Seat 1: asshair0815 (big blind) folded on the Turn
Seat 2: mdif (button) (small blind) collected ($23.52)


PokerStars Hand #146086601286:  Hold'em Limit ($3/$6 USD) - 2015/12/28 18:36:06 ET
Table 'Aiguillon II' 2-max Seat #2 is the button
Seat 1: asshair0815 ($149.22 in chips)
Seat 2: mdif ($152.59 in chips)
mdif: posts small blind $1
asshair0815: posts big blind $3
*** HOLE CARDS ***
mdif: folds
Uncalled bet ($2) returned to asshair0815
asshair0815 collected $2 from pot
asshair0815: doesn't show hand
*** SUMMARY ***
Total pot $2 | Rake $0
Seat 1: asshair0815 (big blind) collected ($2)
Seat 2: mdif (button) (small blind) folded before Flop


PokerStars Hand #146086596113:  Hold'em Limit ($3/$6 USD) - 2015/12/28 18:36:00 ET
Table 'Aiguillon II' 2-max Seat #1 is the button
Seat 1: asshair0815 ($146.22 in chips)
Seat 2: mdif ($155.59 in chips)
asshair0815: posts small blind $1
mdif: posts big blind $3
*** HOLE CARDS ***
asshair0815: raises $3 to $6
mdif: folds
Uncalled bet ($3) returned to asshair0815
asshair0815 collected $6 from pot
asshair0815: doesn't show hand
*** SUMMARY ***
Total pot $6 | Rake $0
Seat 1: asshair0815 (button) (small blind) collected ($6)
Seat 2: mdif (big blind) folded before Flop


PokerStars Hand #146086586673:  Hold'em Limit ($3/$6 USD) - 2015/12/28 18:35:49 ET
Table 'Aiguillon II' 2-max Seat #2 is the button
Seat 1: asshair0815 ($137.58 in chips)
Seat 2: mdif ($164.59 in chips)
mdif: posts small blind $1
asshair0815: posts big blind $3
*** HOLE CARDS ***
mdif: raises $3 to $6
asshair0815: raises $3 to $9
mdif: calls $3
*** FLOP *** [Ad Td 9d]
asshair0815: bets $3
mdif: folds
Uncalled bet ($3) returned to asshair0815
asshair0815 collected $17.64 from pot
asshair0815: doesn't show hand
*** SUMMARY ***
Total pot $18 | Rake $0.36
Board [Ad Td 9d]
Seat 1: asshair0815 (big blind) collected ($17.64)
Seat 2: mdif (button) (small blind) folded on the Flop


PokerStars Hand #146086581261:  Hold'em Limit ($3/$6 USD) - 2015/12/28 18:35:43 ET
Table 'Aiguillon II' 2-max Seat #1 is the button
Seat 1: asshair0815 ($134.58 in chips)
Seat 2: mdif ($167.59 in chips)
asshair0815: posts small blind $1
mdif: posts big blind $3
*** HOLE CARDS ***
asshair0815: raises $3 to $6
mdif: folds
Uncalled bet ($3) returned to asshair0815
asshair0815 collected $6 from pot
asshair0815: doesn't show hand
*** SUMMARY ***
Total pot $6 | Rake $0
Seat 1: asshair0815 (button) (small blind) collected ($6)
Seat 2: mdif (big blind) folded before Flop


PokerStars Hand #146086606787:  Hold'em Limit ($3/$6 USD) - 2015/12/28 18:36:13 ET
Table 'Aiguillon II' 2-max Seat #1 is the button
Seat 1: asshair0815 ($150.22 in chips)
Seat 2: mdif ($151.59 in chips)
asshair0815: posts small blind $1
mdif: posts big blind $3
*** HOLE CARDS ***
asshair0815: folds
Uncalled bet ($2) returned to mdif
mdif collected $2 from pot
mdif: doesn't show hand
*** SUMMARY ***
Total pot $2 | Rake $0
Seat 1: asshair0815 (button) (small blind) folded before Flop
Seat 2: mdif (big blind) collected ($2)


PokerStars Hand #146086661118:  Hold'em Limit ($3/$6 USD) - 2015/12/28 18:37:17 ET
Table 'Aiguillon II' 2-max Seat #2 is the button
Seat 1: asshair0815 ($160.72 in chips)
Seat 2: mdif ($140.09 in chips)
mdif: posts small blind $1
asshair0815: posts big blind $3
*** HOLE CARDS ***
mdif: folds
Uncalled bet ($2) returned to asshair0815
asshair0815 collected $2 from pot
asshair0815: doesn't show hand
*** SUMMARY ***
Total pot $2 | Rake $0
Seat 1: asshair0815 (big blind) collected ($2)
Seat 2: mdif (button) (small blind) folded before Flop


PokerStars Hand #146086642728:  Hold'em Limit ($3/$6 USD) - 2015/12/28 18:36:55 ET
Table 'Aiguillon II' 2-max Seat #1 is the button
Seat 1: asshair0815 ($131.22 in chips)
Seat 2: mdif ($170.09 in chips)
asshair0815: posts small blind $1
mdif: posts big blind $3
*** HOLE CARDS ***
asshair0815: raises $3 to $6
mdif: raises $3 to $9
asshair0815: calls $3
*** FLOP *** [Jd 2c Th]
mdif: bets $3
asshair0815: calls $3
*** TURN *** [Jd 2c Th] [5c]
mdif: bets $6
asshair0815: calls $6
*** RIVER *** [Jd 2c Th 5c] [4c]
mdif: bets $6
asshair0815: raises $6 to $12
mdif: calls $6
*** SHOW DOWN ***
asshair0815: shows [9c Ac] (a flush, Ace high)
mdif: mucks hand
asshair0815 collected $59.50 from pot
*** SUMMARY ***
Total pot $60 | Rake $0.50
Board [Jd 2c Th 5c 4c]
Seat 1: asshair0815 (button) (small blind) showed [9c Ac] and won ($59.50) with a flush, Ace high
Seat 2: mdif (big blind) mucked


PokerStars Hand #146086638948:  Hold'em Limit ($3/$6 USD) - 2015/12/28 18:36:51 ET
Table 'Aiguillon II' 2-max Seat #2 is the button
Seat 1: asshair0815 ($130.22 in chips)
Seat 2: mdif ($171.09 in chips)
mdif: posts small blind $1
asshair0815: posts big blind $3
*** HOLE CARDS ***
mdif: folds
Uncalled bet ($2) returned to asshair0815
asshair0815 collected $2 from pot
asshair0815: doesn't show hand
*** SUMMARY ***
Total pot $2 | Rake $0
Seat 1: asshair0815 (big blind) collected ($2)
Seat 2: mdif (button) (small blind) folded before Flop


PokerStars Hand #146086633374:  Hold'em Limit ($3/$6 USD) - 2015/12/28 18:36:44 ET
Table 'Aiguillon II' 2-max Seat #1 is the button
Seat 1: asshair0815 ($131.22 in chips)
Seat 2: mdif ($170.09 in chips)
asshair0815: posts small blind $1
mdif: posts big blind $3
*** HOLE CARDS ***
asshair0815: folds
Uncalled bet ($2) returned to mdif
mdif collected $2 from pot
mdif: doesn't show hand
*** SUMMARY ***
Total pot $2 | Rake $0
Seat 1: asshair0815 (button) (small blind) folded before Flop
Seat 2: mdif (big blind) collected ($2)


PokerStars Hand #146086611225:  Hold'em Limit ($3/$6 USD) - 2015/12/28 18:36:18 ET
Table 'Aiguillon II' 2-max Seat #2 is the button
Seat 1: asshair0815 ($149.22 in chips)
Seat 2: mdif ($152.59 in chips)
mdif: posts small blind $1
asshair0815: posts big blind $3
*** HOLE CARDS ***
mdif: raises $3 to $6
asshair0815: raises $3 to $9
mdif: calls $3
*** FLOP *** [9s 2h 8d]
asshair0815: bets $3
mdif: calls $3
*** TURN *** [9s 2h 8d] [5s]
asshair0815: bets $6
mdif: calls $6
*** RIVER *** [9s 2h 8d 5s] [As]
asshair0815: checks
mdif: bets $6
asshair0815: folds
Uncalled bet ($6) returned to mdif
mdif collected $35.50 from pot
mdif: doesn't show hand
*** SUMMARY ***
Total pot $36 | Rake $0.50
Board [9s 2h 8d 5s As]
Seat 1: asshair0815 (big blind) folded on the River
Seat 2: mdif (button) (small blind) collected ($35.50)


PokerStars Hand #146086665042:  Hold'em Limit ($3/$6 USD) - 2015/12/28 18:37:21 ET
Table 'Aiguillon II' 2-max Seat #1 is the button
Seat 1: asshair0815 ($161.72 in chips)
Seat 2: mdif ($139.09 in chips)
asshair0815: posts small blind $1
mdif: posts big blind $3
*** HOLE CARDS ***
asshair0815: raises $3 to $6
mdif: calls $3
*** FLOP *** [Ts 5h 6h]
mdif: checks
asshair0815: bets $3
mdif: raises $3 to $6
asshair0815: calls $3
*** TURN *** [Ts 5h 6h] [Jh]
mdif: bets $6
asshair0815: calls $6
*** RIVER *** [Ts 5h 6h Jh] [5s]
mdif: bets $6
asshair0815: calls $6
*** SHOW DOWN ***
mdif: shows [7c 8s] (a pair of Fives)
asshair0815: shows [Kd Tc] (two pair, Tens and Fives)
asshair0815 collected $47.50 from pot
*** SUMMARY ***
Total pot $48 | Rake $0.50
Board [Ts 5h 6h Jh 5s]
Seat 1: asshair0815 (button) (small blind) showed [Kd Tc] and won ($47.50) with two pair, Tens and Fives
Seat 2: mdif (big blind) showed [7c 8s] and lost with a pair of Fives


PokerStars Hand #146086708394:  Hold'em Limit ($3/$6 USD) - 2015/12/28 18:38:12 ET
Table 'Aiguillon II' 2-max Seat #1 is the button
Seat 1: asshair0815 ($169.22 in chips)
Seat 2: mdif ($136.50 in chips)
asshair0815: posts small blind $1
mdif: posts big blind $3
*** HOLE CARDS ***
asshair0815: raises $3 to $6
mdif: calls $3
*** FLOP *** [8s Kh 3s]
mdif: checks
asshair0815: checks
*** TURN *** [8s Kh 3s] [9d]
mdif: checks
asshair0815: bets $6
mdif: folds
Uncalled bet ($6) returned to asshair0815
asshair0815 collected $11.76 from pot
asshair0815: doesn't show hand
*** SUMMARY ***
Total pot $12 | Rake $0.24
Board [8s Kh 3s 9d]
Seat 1: asshair0815 (button) (small blind) collected ($11.76)
Seat 2: mdif (big blind) folded on the Turn


PokerStars Hand #146086684715:  Hold'em Limit ($3/$6 USD) - 2015/12/28 18:37:45 ET
Table 'Aiguillon II' 2-max Seat #1 is the button
Seat 1: asshair0815 ($186.22 in chips)
Seat 2: mdif ($120 in chips)
asshair0815: posts small blind $1
mdif: posts big blind $3
*** HOLE CARDS ***
asshair0815: raises $3 to $6
mdif: calls $3
*** FLOP *** [7d 7c Qd]
mdif: checks
asshair0815: bets $3
mdif: raises $3 to $6
asshair0815: calls $3
*** TURN *** [7d 7c Qd] [9s]
mdif: bets $6
asshair0815: calls $6
*** RIVER *** [7d 7c Qd 9s] [Tc]
mdif: bets $6
asshair0815: folds
Uncalled bet ($6) returned to mdif
mdif collected $35.50 from pot
mdif: doesn't show hand
*** SUMMARY ***
Total pot $36 | Rake $0.50
Board [7d 7c Qd 9s Tc]
Seat 1: asshair0815 (button) (small blind) folded on the River
Seat 2: mdif (big blind) collected ($35.50)


PokerStars Hand #146086680202:  Hold'em Limit ($3/$6 USD) - 2015/12/28 18:37:39 ET
Table 'Aiguillon II' 2-max Seat #2 is the button
Seat 1: asshair0815 ($185.22 in chips)
Seat 2: mdif ($120 in chips)
mdif: posts small blind $1
asshair0815: posts big blind $3
*** HOLE CARDS ***
mdif: folds
Uncalled bet ($2) returned to asshair0815
asshair0815 collected $2 from pot
asshair0815: doesn't show hand
*** SUMMARY ***
Total pot $2 | Rake $0
Seat 1: asshair0815 (big blind) collected ($2)
Seat 2: mdif (button) (small blind) folded before Flop


PokerStars Hand #146086783892:  Hold'em Limit ($3/$6 USD) - 2015/12/28 18:39:42 ET
Table 'Aiguillon II' 2-max Seat #1 is the button
Seat 1: asshair0815 ($127.98 in chips)
Seat 2: mdif ($176.14 in chips)
asshair0815: posts small blind $1
mdif: posts big blind $3
*** HOLE CARDS ***
asshair0815: folds
Uncalled bet ($2) returned to mdif
mdif collected $2 from pot
mdif: doesn't show hand
*** SUMMARY ***
Total pot $2 | Rake $0
Seat 1: asshair0815 (button) (small blind) folded before Flop
Seat 2: mdif (big blind) collected ($2)


PokerStars Hand #146086767373:  Hold'em Limit ($3/$6 USD) - 2015/12/28 18:39:22 ET
Table 'Aiguillon II' 2-max Seat #2 is the button
Seat 1: asshair0815 ($148.98 in chips)
Seat 2: mdif ($155.64 in chips)
mdif: posts small blind $1
asshair0815: posts big blind $3
*** HOLE CARDS ***
mdif: raises $3 to $6
asshair0815: calls $3
*** FLOP *** [2c 5h 4s]
asshair0815: checks
mdif: bets $3
asshair0815: calls $3
*** TURN *** [2c 5h 4s] [3s]
asshair0815: checks
mdif: bets $6
asshair0815: calls $6
*** RIVER *** [2c 5h 4s 3s] [7s]
asshair0815: checks
mdif: bets $6
asshair0815: calls $6
*** SHOW DOWN ***
mdif: shows [6s 5d] (a straight, Three to Seven)
asshair0815: mucks hand
mdif collected $41.50 from pot
*** SUMMARY ***
Total pot $42 | Rake $0.50
Board [2c 5h 4s 3s 7s]
Seat 1: asshair0815 (big blind) mucked
Seat 2: mdif (button) (small blind) showed [6s 5d] and won ($41.50) with a straight, Three to Seven


PokerStars Hand #146086763135:  Hold'em Limit ($3/$6 USD) - 2015/12/28 18:39:17 ET
Table 'Aiguillon II' 2-max Seat #1 is the button
Seat 1: asshair0815 ($149.98 in chips)
Seat 2: mdif ($154.64 in chips)
asshair0815: posts small blind $1
mdif: posts big blind $3
*** HOLE CARDS ***
asshair0815: folds
Uncalled bet ($2) returned to mdif
mdif collected $2 from pot
mdif: doesn't show hand
*** SUMMARY ***
Total pot $2 | Rake $0
Seat 1: asshair0815 (button) (small blind) folded before Flop
Seat 2: mdif (big blind) collected ($2)


PokerStars Hand #146086748183:  Hold'em Limit ($3/$6 USD) - 2015/12/28 18:38:59 ET
Table 'Aiguillon II' 2-max Seat #2 is the button
Seat 1: asshair0815 ($158.98 in chips)
Seat 2: mdif ($146 in chips)
mdif: posts small blind $1
asshair0815: posts big blind $3
*** HOLE CARDS ***
mdif: raises $3 to $6
asshair0815: calls $3
*** FLOP *** [6s 7d 9s]
asshair0815: checks
mdif: bets $3
asshair0815: calls $3
*** TURN *** [6s 7d 9s] [Tc]
asshair0815: checks
mdif: bets $6
asshair0815: folds
Uncalled bet ($6) returned to mdif
mdif collected $17.64 from pot
mdif: doesn't show hand
*** SUMMARY ***
Total pot $18 | Rake $0.36
Board [6s 7d 9s Tc]
Seat 1: asshair0815 (big blind) folded on the Turn
Seat 2: mdif (button) (small blind) collected ($17.64)


PokerStars Hand #146086744242:  Hold'em Limit ($3/$6 USD) - 2015/12/28 18:38:55 ET
Table 'Aiguillon II' 2-max Seat #1 is the button
Seat 1: asshair0815 ($159.98 in chips)
Seat 2: mdif ($145 in chips)
asshair0815: posts small blind $1
mdif: posts big blind $3
*** HOLE CARDS ***
asshair0815: folds
Uncalled bet ($2) returned to mdif
mdif collected $2 from pot
mdif: doesn't show hand
*** SUMMARY ***
Total pot $2 | Rake $0
Seat 1: asshair0815 (button) (small blind) folded before Flop
Seat 2: mdif (big blind) collected ($2)


PokerStars Hand #146086722949:  Hold'em Limit ($3/$6 USD) - 2015/12/28 18:38:30 ET
Table 'Aiguillon II' 2-max Seat #2 is the button
Seat 1: asshair0815 ($174.98 in chips)
Seat 2: mdif ($130.50 in chips)
mdif: posts small blind $1
asshair0815: posts big blind $3
*** HOLE CARDS ***
mdif: raises $3 to $6
asshair0815: calls $3
*** FLOP *** [Th Ad 8h]
asshair0815: checks
mdif: bets $3
asshair0815: calls $3
*** TURN *** [Th Ad 8h] [Qs]
asshair0815: checks
mdif: bets $6
asshair0815: calls $6
*** RIVER *** [Th Ad 8h Qs] [4d]
asshair0815: checks
mdif: bets $6
asshair0815: folds
Uncalled bet ($6) returned to mdif
mdif collected $29.50 from pot
mdif: doesn't show hand
*** SUMMARY ***
Total pot $30 | Rake $0.50
Board [Th Ad 8h Qs 4d]
Seat 1: asshair0815 (big blind) folded on the River
Seat 2: mdif (button) (small blind) collected ($29.50)


PokerStars Hand #146086814141:  Hold'em Limit ($3/$6 USD) - 2015/12/28 18:40:19 ET
Table 'Aiguillon II' 2-max Seat #1 is the button
Seat 1: asshair0815 ($107.98 in chips)
Seat 2: mdif ($195.64 in chips)
asshair0815: posts small blind $1
mdif: posts big blind $3
*** HOLE CARDS ***
asshair0815: raises $3 to $6
mdif: raises $3 to $9
asshair0815: raises $3 to $12
Betting is capped
mdif: calls $3
*** FLOP *** [Ts Qd 2h]
mdif: checks
asshair0815: checks
*** TURN *** [Ts Qd 2h] [Ac]
mdif: bets $6
asshair0815: raises $6 to $12
mdif: calls $6
*** RIVER *** [Ts Qd 2h Ac] [9d]
mdif: checks
asshair0815: bets $6
mdif: calls $6
*** SHOW DOWN ***
asshair0815: shows [Ad Kh] (a pair of Aces)
mdif: mucks hand
asshair0815 collected $59.50 from pot
*** SUMMARY ***
Total pot $60 | Rake $0.50
Board [Ts Qd 2h Ac 9d]
Seat 1: asshair0815 (button) (small blind) showed [Ad Kh] and won ($59.50) with a pair of Aces
Seat 2: mdif (big blind) mucked


PokerStars Hand #146086808919:  Hold'em Limit ($3/$6 USD) - 2015/12/28 18:40:12 ET
Table 'Aiguillon II' 2-max Seat #2 is the button
Seat 1: asshair0815 ($110.98 in chips)
Seat 2: mdif ($192.64 in chips)
mdif: posts small blind $1
asshair0815: posts big blind $3
*** HOLE CARDS ***
mdif: raises $3 to $6
asshair0815: folds
Uncalled bet ($3) returned to mdif
mdif collected $6 from pot
mdif: doesn't show hand
*** SUMMARY ***
Total pot $6 | Rake $0
Seat 1: asshair0815 (big blind) folded before Flop
Seat 2: mdif (button) (small blind) collected ($6)


PokerStars Hand #146086805040:  Hold'em Limit ($3/$6 USD) - 2015/12/28 18:40:07 ET
Table 'Aiguillon II' 2-max Seat #1 is the button
Seat 1: asshair0815 ($111.98 in chips)
Seat 2: mdif ($191.64 in chips)
asshair0815: posts small blind $1
mdif: posts big blind $3
*** HOLE CARDS ***
asshair0815: folds
Uncalled bet ($2) returned to mdif
mdif collected $2 from pot
mdif: doesn't show hand
*** SUMMARY ***
Total pot $2 | Rake $0
Seat 1: asshair0815 (button) (small blind) folded before Flop
Seat 2: mdif (big blind) collected ($2)


PokerStars Hand #146086789479:  Hold'em Limit ($3/$6 USD) - 2015/12/28 18:39:49 ET
Table 'Aiguillon II' 2-max Seat #2 is the button
Seat 1: asshair0815 ($126.98 in chips)
Seat 2: mdif ($177.14 in chips)
mdif: posts small blind $1
asshair0815: posts big blind $3
*** HOLE CARDS ***
mdif: raises $3 to $6
asshair0815: raises $3 to $9
mdif: calls $3
*** FLOP *** [3d 2h 5h]
asshair0815: bets $3
mdif: raises $3 to $6
asshair0815: calls $3
*** TURN *** [3d 2h 5h] [Kh]
asshair0815: checks
mdif: bets $6
asshair0815: folds
Uncalled bet ($6) returned to mdif
mdif collected $29.50 from pot
mdif: doesn't show hand
*** SUMMARY ***
Total pot $30 | Rake $0.50
Board [3d 2h 5h Kh]
Seat 1: asshair0815 (big blind) folded on the Turn
Seat 2: mdif (button) (small blind) collected ($29.50)


PokerStars Hand #146086874186:  Hold'em Limit ($3/$6 USD) - 2015/12/28 18:41:32 ET
Table 'Aiguillon II' 2-max Seat #2 is the button
Seat 1: asshair0815 ($112.48 in chips)
Seat 2: mdif ($189.80 in chips)
mdif: posts small blind $1
asshair0815: posts big blind $3
*** HOLE CARDS ***
mdif: raises $3 to $6
asshair0815: calls $3
*** FLOP *** [8s 2c Ks]
asshair0815: checks
mdif: bets $3
asshair0815: raises $3 to $6
mdif: calls $3
*** TURN *** [8s 2c Ks] [9s]
asshair0815: bets $6
mdif: calls $6
*** RIVER *** [8s 2c Ks 9s] [3h]
asshair0815: checks
mdif: bets $6
asshair0815: folds
Uncalled bet ($6) returned to mdif
mdif collected $35.50 from pot
mdif: doesn't show hand
*** SUMMARY ***
Total pot $36 | Rake $0.50
Board [8s 2c Ks 9s 3h]
Seat 1: asshair0815 (big blind) folded on the River
Seat 2: mdif (button) (small blind) collected ($35.50)


PokerStars Hand #146086861120:  Hold'em Limit ($3/$6 USD) - 2015/12/28 18:41:16 ET
Table 'Aiguillon II' 2-max Seat #1 is the button
Seat 1: asshair0815 ($124.48 in chips)
Seat 2: mdif ($178.28 in chips)
asshair0815: posts small blind $1
mdif: posts big blind $3
*** HOLE CARDS ***
asshair0815: raises $3 to $6
mdif: calls $3
*** FLOP *** [Jd 4d 6c]
mdif: checks
asshair0815: bets $3
mdif: raises $3 to $6
asshair0815: calls $3
*** TURN *** [Jd 4d 6c] [5d]
mdif: bets $6
asshair0815: folds
Uncalled bet ($6) returned to mdif
mdif collected $23.52 from pot
mdif: doesn't show hand
*** SUMMARY ***
Total pot $24 | Rake $0.48
Board [Jd 4d 6c 5d]
Seat 1: asshair0815 (button) (small blind) folded on the Turn
Seat 2: mdif (big blind) collected ($23.52)


PokerStars Hand #146086853650:  Hold'em Limit ($3/$6 USD) - 2015/12/28 18:41:07 ET
Table 'Aiguillon II' 2-max Seat #2 is the button
Seat 1: asshair0815 ($127.48 in chips)
Seat 2: mdif ($175.28 in chips)
mdif: posts small blind $1
asshair0815: posts big blind $3
*** HOLE CARDS ***
mdif: raises $3 to $6
asshair0815: folds
Uncalled bet ($3) returned to mdif
mdif collected $6 from pot
mdif: doesn't show hand
*** SUMMARY ***
Total pot $6 | Rake $0
Seat 1: asshair0815 (big blind) folded before Flop
Seat 2: mdif (button) (small blind) collected ($6)


PokerStars Hand #146086849522:  Hold'em Limit ($3/$6 USD) - 2015/12/28 18:41:02 ET
Table 'Aiguillon II' 2-max Seat #1 is the button
Seat 1: asshair0815 ($128.48 in chips)
Seat 2: mdif ($174.28 in chips)
asshair0815: posts small blind $1
mdif: posts big blind $3
*** HOLE CARDS ***
asshair0815: folds
Uncalled bet ($2) returned to mdif
mdif collected $2 from pot
mdif: doesn't show hand
*** SUMMARY ***
Total pot $2 | Rake $0
Seat 1: asshair0815 (button) (small blind) folded before Flop
Seat 2: mdif (big blind) collected ($2)


PokerStars Hand #146086838210:  Hold'em Limit ($3/$6 USD) - 2015/12/28 18:40:48 ET
Table 'Aiguillon II' 2-max Seat #2 is the button
Seat 1: asshair0815 ($137.48 in chips)
Seat 2: mdif ($165.64 in chips)
mdif: posts small blind $1
asshair0815: posts big blind $3
*** HOLE CARDS ***
mdif: raises $3 to $6
asshair0815: calls $3
*** FLOP *** [2h 9d Kh]
asshair0815: checks
mdif: bets $3
asshair0815: calls $3
*** TURN *** [2h 9d Kh] [2c]
asshair0815: checks
mdif: bets $6
asshair0815: folds
Uncalled bet ($6) returned to mdif
mdif collected $17.64 from pot
mdif: doesn't show hand
*** SUMMARY ***
Total pot $18 | Rake $0.36
Board [2h 9d Kh 2c]
Seat 1: asshair0815 (big blind) folded on the Turn
Seat 2: mdif (button) (small blind) collected ($17.64)


PokerStars Hand #146086932092:  Hold'em Limit ($3/$6 USD) - 2015/12/28 18:42:42 ET
Table 'Aiguillon II' 2-max Seat #2 is the button
Seat 1: asshair0815 ($101.98 in chips)
Seat 2: mdif ($198.82 in chips)
mdif: posts small blind $1
asshair0815: posts big blind $3
*** HOLE CARDS ***
mdif: raises $3 to $6
asshair0815: calls $3
*** FLOP *** [Qd 5d Qh]
asshair0815: checks
mdif: bets $3
asshair0815: calls $3
*** TURN *** [Qd 5d Qh] [5c]
asshair0815: checks
mdif: bets $6
asshair0815: folds
Uncalled bet ($6) returned to mdif
mdif collected $17.64 from pot
mdif: doesn't show hand
*** SUMMARY ***
Total pot $18 | Rake $0.36
Board [Qd 5d Qh 5c]
Seat 1: asshair0815 (big blind) folded on the Turn
Seat 2: mdif (button) (small blind) collected ($17.64)


PokerStars Hand #146086928041:  Hold'em Limit ($3/$6 USD) - 2015/12/28 18:42:37 ET
Table 'Aiguillon II' 2-max Seat #1 is the button
Seat 1: asshair0815 ($102.98 in chips)
Seat 2: mdif ($197.82 in chips)
asshair0815: posts small blind $1
mdif: posts big blind $3
*** HOLE CARDS ***
asshair0815: folds
Uncalled bet ($2) returned to mdif
mdif collected $2 from pot
mdif: doesn't show hand
*** SUMMARY ***
Total pot $2 | Rake $0
Seat 1: asshair0815 (button) (small blind) folded before Flop
Seat 2: mdif (big blind) collected ($2)


PokerStars Hand #146086914001:  Hold'em Limit ($3/$6 USD) - 2015/12/28 18:42:20 ET
Table 'Aiguillon II' 2-max Seat #2 is the button
Seat 1: asshair0815 ($82.48 in chips)
Seat 2: mdif ($218.82 in chips)
mdif: posts small blind $1
asshair0815: posts big blind $3
*** HOLE CARDS ***
mdif: raises $3 to $6
asshair0815: calls $3
*** FLOP *** [3d Kh 6s]
asshair0815: checks
mdif: bets $3
asshair0815: calls $3
*** TURN *** [3d Kh 6s] [8s]
asshair0815: checks
mdif: bets $6
asshair0815: calls $6
*** RIVER *** [3d Kh 6s 8s] [8d]
asshair0815: checks
mdif: bets $6
asshair0815: calls $6
*** SHOW DOWN ***
mdif: shows [9h 4s] (a pair of Eights)
asshair0815: shows [Js 3s] (two pair, Eights and Threes)
asshair0815 collected $41.50 from pot
*** SUMMARY ***
Total pot $42 | Rake $0.50
Board [3d Kh 6s 8s 8d]
Seat 1: asshair0815 (big blind) showed [Js 3s] and won ($41.50) with two pair, Eights and Threes
Seat 2: mdif (button) (small blind) showed [9h 4s] and lost with a pair of Eights


PokerStars Hand #146086893371:  Hold'em Limit ($3/$6 USD) - 2015/12/28 18:41:55 ET
Table 'Aiguillon II' 2-max Seat #1 is the button
Seat 1: asshair0815 ($94.48 in chips)
Seat 2: mdif ($207.30 in chips)
asshair0815: posts small blind $1
mdif: posts big blind $3
*** HOLE CARDS ***
asshair0815: raises $3 to $6
mdif: calls $3
*** FLOP *** [8d 3h 7h]
mdif: checks
asshair0815: checks
*** TURN *** [8d 3h 7h] [6d]
mdif: bets $6
asshair0815: calls $6
*** RIVER *** [8d 3h 7h 6d] [5c]
mdif: bets $6
asshair0815: folds
Uncalled bet ($6) returned to mdif
mdif collected $23.52 from pot
mdif: doesn't show hand
*** SUMMARY ***
Total pot $24 | Rake $0.48
Board [8d 3h 7h 6d 5c]
Seat 1: asshair0815 (button) (small blind) folded on the River
Seat 2: mdif (big blind) collected ($23.52)


PokerStars Hand #146086960142:  Hold'em Limit ($3/$6 USD) - 2015/12/28 18:43:17 ET
Table 'Aiguillon II' 2-max Seat #2 is the button
Seat 1: asshair0815 ($91.98 in chips)
Seat 2: mdif ($208.46 in chips)
mdif: posts small blind $1
asshair0815: posts big blind $3
*** HOLE CARDS ***
mdif: raises $3 to $6
asshair0815: calls $3
*** FLOP *** [Qd 2d 6d]
asshair0815: checks
mdif: bets $3
asshair0815: folds
Uncalled bet ($3) returned to mdif
mdif collected $11.76 from pot
mdif: doesn't show hand
*** SUMMARY ***
Total pot $12 | Rake $0.24
Board [Qd 2d 6d]
Seat 1: asshair0815 (big blind) folded on the Flop
Seat 2: mdif (button) (small blind) collected ($11.76)


PokerStars Hand #146086955686:  Hold'em Limit ($3/$6 USD) - 2015/12/28 18:43:11 ET
Table 'Aiguillon II' 2-max Seat #1 is the button
Seat 1: asshair0815 ($92.98 in chips)
Seat 2: mdif ($207.46 in chips)
asshair0815: posts small blind $1
mdif: posts big blind $3
*** HOLE CARDS ***
asshair0815: folds
Uncalled bet ($2) returned to mdif
mdif collected $2 from pot
mdif: doesn't show hand
*** SUMMARY ***
Total pot $2 | Rake $0
Seat 1: asshair0815 (button) (small blind) folded before Flop
Seat 2: mdif (big blind) collected ($2)


PokerStars Hand #146086950463:  Hold'em Limit ($3/$6 USD) - 2015/12/28 18:43:05 ET
Table 'Aiguillon II' 2-max Seat #2 is the button
Seat 1: asshair0815 ($95.98 in chips)
Seat 2: mdif ($204.46 in chips)
mdif: posts small blind $1
asshair0815: posts big blind $3
*** HOLE CARDS ***
mdif: raises $3 to $6
asshair0815: folds
Uncalled bet ($3) returned to mdif
mdif collected $6 from pot
mdif: doesn't show hand
*** SUMMARY ***
Total pot $6 | Rake $0
Seat 1: asshair0815 (big blind) folded before Flop
Seat 2: mdif (button) (small blind) collected ($6)


PokerStars Hand #146086944476:  Hold'em Limit ($3/$6 USD) - 2015/12/28 18:42:58 ET
Table 'Aiguillon II' 2-max Seat #1 is the button
Seat 1: asshair0815 ($92.98 in chips)
Seat 2: mdif ($207.46 in chips)
asshair0815: posts small blind $1
mdif: posts big blind $3
*** HOLE CARDS ***
asshair0815: raises $3 to $6
mdif: folds
Uncalled bet ($3) returned to asshair0815
asshair0815 collected $6 from pot
asshair0815: doesn't show hand
*** SUMMARY ***
Total pot $6 | Rake $0
Seat 1: asshair0815 (button) (small blind) collected ($6)
Seat 2: mdif (big blind) folded before Flop


PokerStars Hand #146086980139:  Hold'em Limit ($3/$6 USD) - 2015/12/28 18:43:41 ET
Table 'Aiguillon II' 2-max Seat #2 is the button
Seat 1: asshair0815 ($61.98 in chips)
Seat 2: mdif ($237.72 in chips)
mdif: posts small blind $1
asshair0815: posts big blind $3
*** HOLE CARDS ***
mdif: folds
Uncalled bet ($2) returned to asshair0815
asshair0815 collected $2 from pot
asshair0815: doesn't show hand
*** SUMMARY ***
Total pot $2 | Rake $0
Seat 1: asshair0815 (big blind) collected ($2)
Seat 2: mdif (button) (small blind) folded before Flop


PokerStars Hand #146086967915:  Hold'em Limit ($3/$6 USD) - 2015/12/28 18:43:26 ET
Table 'Aiguillon II' 2-max Seat #1 is the button
Seat 1: asshair0815 ($85.98 in chips)
Seat 2: mdif ($214.22 in chips)
asshair0815: posts small blind $1
mdif: posts big blind $3
*** HOLE CARDS ***
asshair0815: raises $3 to $6
mdif: raises $3 to $9
asshair0815: calls $3
*** FLOP *** [7h 8h 4h]
mdif: bets $3
asshair0815: calls $3
*** TURN *** [7h 8h 4h] [4s]
mdif: bets $6
asshair0815: calls $6
*** RIVER *** [7h 8h 4h 4s] [Qs]
mdif: bets $6
asshair0815: calls $6
*** SHOW DOWN ***
mdif: shows [Kd Qh] (two pair, Queens and Fours)
asshair0815: mucks hand
mdif collected $47.50 from pot
*** SUMMARY ***
Total pot $48 | Rake $0.50
Board [7h 8h 4h 4s Qs]
Seat 1: asshair0815 (button) (small blind) mucked
Seat 2: mdif (big blind) showed [Kd Qh] and won ($47.50) with two pair, Queens and Fours


PokerStars Hand #146086983604:  Hold'em Limit ($3/$6 USD) - 2015/12/28 18:43:45 ET
Table 'Aiguillon II' 2-max Seat #1 is the button
Seat 1: asshair0815 ($62.98 in chips)
Seat 2: mdif ($236.72 in chips)
asshair0815: posts small blind $1
mdif: posts big blind $3
*** HOLE CARDS ***
asshair0815: raises $3 to $6
mdif: raises $3 to $9
asshair0815: calls $3
*** FLOP *** [5h Tc 6h]
mdif: bets $3
asshair0815: calls $3
*** TURN *** [5h Tc 6h] [5d]
mdif: bets $6
asshair0815: calls $6
*** RIVER *** [5h Tc 6h 5d] [9s]
mdif: bets $6
asshair0815: calls $6
*** SHOW DOWN ***
mdif: shows [Qh Ad] (a pair of Fives)
asshair0815: mucks hand
mdif collected $47.50 from pot
*** SUMMARY ***
Total pot $48 | Rake $0.50
Board [5h Tc 6h 5d 9s]
Seat 1: asshair0815 (button) (small blind) mucked
Seat 2: mdif (big blind) showed [Qh Ad] and won ($47.50) with a pair of Fives


PokerStars Hand #146086995238:  Hold'em Limit ($3/$6 USD) - 2015/12/28 18:43:59 ET
Table 'Aiguillon II' 2-max Seat #2 is the button
Seat 1: asshair0815 ($38.98 in chips)
Seat 2: mdif ($260.22 in chips)
mdif: posts small blind $1
asshair0815: posts big blind $3
*** HOLE CARDS ***
mdif: folds
Uncalled bet ($2) returned to asshair0815
asshair0815 collected $2 from pot
asshair0815: doesn't show hand
*** SUMMARY ***
Total pot $2 | Rake $0
Seat 1: asshair0815 (big blind) collected ($2)
Seat 2: mdif (button) (small blind) folded before Flop


PokerStars Hand #146086998783:  Hold'em Limit ($3/$6 USD) - 2015/12/28 18:44:04 ET
Table 'Aiguillon II' 2-max Seat #1 is the button
Seat 1: asshair0815 ($39.98 in chips)
Seat 2: mdif ($259.22 in chips)
asshair0815: posts small blind $1
mdif: posts big blind $3
*** HOLE CARDS ***
asshair0815: folds
Uncalled bet ($2) returned to mdif
mdif collected $2 from pot
mdif: doesn't show hand
*** SUMMARY ***
Total pot $2 | Rake $0
Seat 1: asshair0815 (button) (small blind) folded before Flop
Seat 2: mdif (big blind) collected ($2)


PokerStars Hand #146087005552:  Hold'em Limit ($3/$6 USD) - 2015/12/28 18:44:12 ET
Table 'Aiguillon II' 2-max Seat #2 is the button
Seat 1: asshair0815 ($38.98 in chips)
Seat 2: mdif ($260.22 in chips)
mdif: posts small blind $1
asshair0815: posts big blind $3
*** HOLE CARDS ***
mdif: raises $3 to $6
asshair0815: calls $3
*** FLOP *** [2d 4s 3c]
asshair0815: checks
mdif: bets $3
asshair0815: calls $3
*** TURN *** [2d 4s 3c] [As]
asshair0815: checks
mdif: bets $6
asshair0815: calls $6
*** RIVER *** [2d 4s 3c As] [9s]
asshair0815: checks
mdif: bets $6
asshair0815: calls $6
*** SHOW DOWN ***
mdif: shows [6s Ts] (a flush, Ace high)
asshair0815: mucks hand
mdif collected $41.50 from pot
*** SUMMARY ***
Total pot $42 | Rake $0.50
Board [2d 4s 3c As 9s]
Seat 1: asshair0815 (big blind) mucked
Seat 2: mdif (button) (small blind) showed [6s Ts] and won ($41.50) with a flush, Ace high


PokerStars Hand #146087019412:  Hold'em Limit ($3/$6 USD) - 2015/12/28 18:44:29 ET
Table 'Aiguillon II' 2-max Seat #1 is the button
Seat 1: asshair0815 ($17.98 in chips)
Seat 2: mdif ($280.72 in chips)
asshair0815: posts small blind $1
mdif: posts big blind $3
*** HOLE CARDS ***
asshair0815: folds
Uncalled bet ($2) returned to mdif
mdif collected $2 from pot
mdif: doesn't show hand
*** SUMMARY ***
Total pot $2 | Rake $0
Seat 1: asshair0815 (button) (small blind) folded before Flop
Seat 2: mdif (big blind) collected ($2)


PokerStars Hand #146087023628:  Hold'em Limit ($3/$6 USD) - 2015/12/28 18:44:35 ET
Table 'Aiguillon II' 2-max Seat #2 is the button
Seat 1: asshair0815 ($16.98 in chips)
Seat 2: mdif ($281.72 in chips)
mdif: posts small blind $1
asshair0815: posts big blind $3
*** HOLE CARDS ***
mdif: raises $3 to $6
asshair0815: calls $3
*** FLOP *** [6s 5c As]
asshair0815: checks
mdif: bets $3
asshair0815: calls $3
*** TURN *** [6s 5c As] [5h]
asshair0815: checks
mdif: bets $6
asshair0815: folds
Uncalled bet ($6) returned to mdif
mdif collected $17.64 from pot
mdif: doesn't show hand
*** SUMMARY ***
Total pot $18 | Rake $0.36
Board [6s 5c As 5h]
Seat 1: asshair0815 (big blind) folded on the Turn
Seat 2: mdif (button) (small blind) collected ($17.64)


PokerStars Hand #146087035414:  Hold'em Limit ($3/$6 USD) - 2015/12/28 18:44:49 ET
Table 'Aiguillon II' 2-max Seat #1 is the button
Seat 1: asshair0815 ($7.98 in chips)
Seat 2: mdif ($290.36 in chips)
asshair0815: posts small blind $1
mdif: posts big blind $3
*** HOLE CARDS ***
asshair0815: raises $3 to $6
mdif: calls $3
*** FLOP *** [6c 7h 3h]
mdif: checks
asshair0815: bets $1.98 and is all-in
mdif: calls $1.98
*** TURN *** [6c 7h 3h] [4c]
*** RIVER *** [6c 7h 3h 4c] [8d]
*** SHOW DOWN ***
mdif: shows [4d Qd] (a pair of Fours)
asshair0815: shows [As 8c] (a pair of Eights)
asshair0815 collected $15.64 from pot
*** SUMMARY ***
Total pot $15.96 | Rake $0.32
Board [6c 7h 3h 4c 8d]
Seat 1: asshair0815 (button) (small blind) showed [As 8c] and won ($15.64) with a pair of Eights
Seat 2: mdif (big blind) showed [4d Qd] and lost with a pair of Fours


PokerStars Hand #146087047781:  Hold'em Limit ($3/$6 USD) - 2015/12/28 18:45:04 ET
Table 'Aiguillon II' 2-max Seat #2 is the button
Seat 1: asshair0815 ($15.64 in chips)
Seat 2: mdif ($282.38 in chips)
mdif: posts small blind $1
asshair0815: posts big blind $3
*** HOLE CARDS ***
mdif: raises $3 to $6
asshair0815: raises $3 to $9
mdif: calls $3
*** FLOP *** [Qc 7h 2s]
asshair0815: bets $3
mdif: folds
Uncalled bet ($3) returned to asshair0815
asshair0815 collected $17.64 from pot
asshair0815: doesn't show hand
*** SUMMARY ***
Total pot $18 | Rake $0.36
Board [Qc 7h 2s]
Seat 1: asshair0815 (big blind) collected ($17.64)
Seat 2: mdif (button) (small blind) folded on the Flop


PokerStars Hand #146087056938:  Hold'em Limit ($3/$6 USD) - 2015/12/28 18:45:15 ET
Table 'Aiguillon II' 2-max Seat #1 is the button
Seat 1: asshair0815 ($24.28 in chips)
Seat 2: mdif ($273.38 in chips)
asshair0815: posts small blind $1
mdif: posts big blind $3
*** HOLE CARDS ***
asshair0815: raises $3 to $6
mdif: calls $3
*** FLOP *** [7d 6d 9d]
mdif: checks
asshair0815: checks
*** TURN *** [7d 6d 9d] [Ah]
mdif: checks
asshair0815: checks
*** RIVER *** [7d 6d 9d Ah] [9h]
mdif: bets $6
asshair0815: calls $6
*** SHOW DOWN ***
mdif: shows [Jd Td] (a flush, Jack high)
asshair0815: mucks hand
mdif collected $23.52 from pot
*** SUMMARY ***
Total pot $24 | Rake $0.48
Board [7d 6d 9d Ah 9h]
Seat 1: asshair0815 (button) (small blind) mucked
Seat 2: mdif (big blind) showed [Jd Td] and won ($23.52) with a flush, Jack high


PokerStars Hand #146087079215:  Hold'em Limit ($3/$6 USD) - 2015/12/28 18:45:43 ET
Table 'Aiguillon II' 2-max Seat #2 is the button
Seat 1: asshair0815 ($12.28 in chips)
Seat 2: mdif ($284.90 in chips)
mdif: posts small blind $1
asshair0815: posts big blind $3
*** HOLE CARDS ***
mdif: raises $3 to $6
asshair0815: raises $3 to $9
mdif: raises $3 to $12
Betting is capped
asshair0815: calls $3
*** FLOP *** [6h 2h Qd]
asshair0815: bets $0.28 and is all-in
mdif: calls $0.28
*** TURN *** [6h 2h Qd] [5d]
*** RIVER *** [6h 2h Qd 5d] [Kh]
*** SHOW DOWN ***
asshair0815: shows [8c Qs] (a pair of Queens)
mdif: shows [Ac Jh] (high card Ace)
asshair0815 collected $24.07 from pot
*** SUMMARY ***
Total pot $24.56 | Rake $0.49
Board [6h 2h Qd 5d Kh]
Seat 1: asshair0815 (big blind) showed [8c Qs] and won ($24.07) with a pair of Queens
Seat 2: mdif (button) (small blind) showed [Ac Jh] and lost with high card Ace


PokerStars Hand #146087094654:  Hold'em Limit ($3/$6 USD) - 2015/12/28 18:46:02 ET
Table 'Aiguillon II' 2-max Seat #1 is the button
Seat 1: asshair0815 ($24.07 in chips)
Seat 2: mdif ($272.62 in chips)
asshair0815: posts small blind $1
mdif: posts big blind $3
*** HOLE CARDS ***
asshair0815: folds
Uncalled bet ($2) returned to mdif
mdif collected $2 from pot
mdif: doesn't show hand
*** SUMMARY ***
Total pot $2 | Rake $0
Seat 1: asshair0815 (button) (small blind) folded before Flop
Seat 2: mdif (big blind) collected ($2)


PokerStars Hand #146087107851:  Hold'em Limit ($3/$6 USD) - 2015/12/28 18:46:18 ET
Table 'Aiguillon II' 2-max Seat #1 is the button
Seat 1: asshair0815 ($31.71 in chips)
Seat 2: mdif ($264.62 in chips)
asshair0815: posts small blind $1
mdif: posts big blind $3
*** HOLE CARDS ***
asshair0815: folds
Uncalled bet ($2) returned to mdif
mdif collected $2 from pot
mdif: doesn't show hand
*** SUMMARY ***
Total pot $2 | Rake $0
Seat 1: asshair0815 (button) (small blind) folded before Flop
Seat 2: mdif (big blind) collected ($2)


PokerStars Hand #146087098921:  Hold'em Limit ($3/$6 USD) - 2015/12/28 18:46:07 ET
Table 'Aiguillon II' 2-max Seat #2 is the button
Seat 1: asshair0815 ($23.07 in chips)
Seat 2: mdif ($273.62 in chips)
mdif: posts small blind $1
asshair0815: posts big blind $3
*** HOLE CARDS ***
mdif: raises $3 to $6
asshair0815: raises $3 to $9
mdif: calls $3
*** FLOP *** [Ad 2s As]
asshair0815: bets $3
mdif: folds
Uncalled bet ($3) returned to asshair0815
asshair0815 collected $17.64 from pot
asshair0815: doesn't show hand
*** SUMMARY ***
Total pot $18 | Rake $0.36
Board [Ad 2s As]
Seat 1: asshair0815 (big blind) collected ($17.64)
Seat 2: mdif (button) (small blind) folded on the Flop


PokerStars Hand #146087112276:  Hold'em Limit ($3/$6 USD) - 2015/12/28 18:46:23 ET
Table 'Aiguillon II' 2-max Seat #2 is the button
Seat 1: asshair0815 ($30.71 in chips)
Seat 2: mdif ($265.62 in chips)
mdif: posts small blind $1
asshair0815: posts big blind $3
*** HOLE CARDS ***
mdif: raises $3 to $6
asshair0815: calls $3
*** FLOP *** [Qs 4c As]
asshair0815: checks
mdif: bets $3
asshair0815: calls $3
*** TURN *** [Qs 4c As] [7c]
asshair0815: checks
mdif: bets $6
asshair0815: raises $6 to $12
mdif: folds
Uncalled bet ($6) returned to asshair0815
asshair0815 collected $29.50 from pot
asshair0815: doesn't show hand
*** SUMMARY ***
Total pot $30 | Rake $0.50
Board [Qs 4c As 7c]
Seat 1: asshair0815 (big blind) collected ($29.50)
Seat 2: mdif (button) (small blind) folded on the Turn


PokerStars Hand #146087127325:  Hold'em Limit ($3/$6 USD) - 2015/12/28 18:46:42 ET
Table 'Aiguillon II' 2-max Seat #1 is the button
Seat 1: asshair0815 ($45.21 in chips)
Seat 2: mdif ($250.62 in chips)
asshair0815: posts small blind $1
mdif: posts big blind $3
*** HOLE CARDS ***
asshair0815: raises $3 to $6
mdif: raises $3 to $9
asshair0815: calls $3
*** FLOP *** [Jc As 4d]
mdif: bets $3
asshair0815: calls $3
*** TURN *** [Jc As 4d] [5c]
mdif: bets $6
asshair0815: folds
Uncalled bet ($6) returned to mdif
mdif collected $23.52 from pot
mdif: doesn't show hand
*** SUMMARY ***
Total pot $24 | Rake $0.48
Board [Jc As 4d 5c]
Seat 1: asshair0815 (button) (small blind) folded on the Turn
Seat 2: mdif (big blind) collected ($23.52)


PokerStars Hand #146087141653:  Hold'em Limit ($3/$6 USD) - 2015/12/28 18:46:59 ET
Table 'Aiguillon II' 2-max Seat #2 is the button
Seat 1: asshair0815 ($33.21 in chips)
Seat 2: mdif ($262.14 in chips)
mdif: posts small blind $1
asshair0815: posts big blind $3
*** HOLE CARDS ***
mdif: raises $3 to $6
asshair0815: calls $3
*** FLOP *** [Js Jd 5d]
asshair0815: checks
mdif: bets $3
asshair0815: calls $3
*** TURN *** [Js Jd 5d] [Ac]
asshair0815: checks
mdif: bets $6
asshair0815: raises $6 to $12
mdif: folds
Uncalled bet ($6) returned to asshair0815
asshair0815 collected $29.50 from pot
asshair0815: doesn't show hand
*** SUMMARY ***
Total pot $30 | Rake $0.50
Board [Js Jd 5d Ac]
Seat 1: asshair0815 (big blind) collected ($29.50)
Seat 2: mdif (button) (small blind) folded on the Turn


PokerStars Hand #146087158472:  Hold'em Limit ($3/$6 USD) - 2015/12/28 18:47:20 ET
Table 'Aiguillon II' 2-max Seat #1 is the button
Seat 1: asshair0815 ($47.71 in chips)
Seat 2: mdif ($247.14 in chips)
asshair0815: posts small blind $1
mdif: posts big blind $3
*** HOLE CARDS ***
asshair0815: raises $3 to $6
mdif: raises $3 to $9
asshair0815: calls $3
*** FLOP *** [3s 7h 5h]
mdif: bets $3
asshair0815: raises $3 to $6
mdif: raises $3 to $9
asshair0815: calls $3
*** TURN *** [3s 7h 5h] [Ks]
mdif: bets $6
asshair0815: calls $6
*** RIVER *** [3s 7h 5h Ks] [9s]
mdif: bets $6
asshair0815: calls $6
*** SHOW DOWN ***
mdif: shows [7d Ad] (a pair of Sevens)
asshair0815: mucks hand
mdif collected $59.50 from pot
*** SUMMARY ***
Total pot $60 | Rake $0.50
Board [3s 7h 5h Ks 9s]
Seat 1: asshair0815 (button) (small blind) mucked
Seat 2: mdif (big blind) showed [7d Ad] and won ($59.50) with a pair of Sevens


PokerStars Hand #146087176684:  Hold'em Limit ($3/$6 USD) - 2015/12/28 18:47:43 ET
Table 'Aiguillon II' 2-max Seat #2 is the button
Seat 1: asshair0815 ($17.71 in chips)
Seat 2: mdif ($276.64 in chips)
mdif: posts small blind $1
asshair0815: posts big blind $3
*** HOLE CARDS ***
mdif: raises $3 to $6
asshair0815: calls $3
*** FLOP *** [6h As Jd]
asshair0815: checks
mdif: bets $3
asshair0815: raises $3 to $6
mdif: raises $3 to $9
asshair0815: raises $2.71 to $11.71 and is all-in
Betting is capped
mdif: calls $2.71
*** TURN *** [6h As Jd] [7d]
*** RIVER *** [6h As Jd 7d] [4d]
*** SHOW DOWN ***
asshair0815: shows [8c 6c] (a pair of Sixes)
mdif: shows [Ad 2s] (a pair of Aces)
mdif collected $34.92 from pot
*** SUMMARY ***
Total pot $35.42 | Rake $0.50
Board [6h As Jd 7d 4d]
Seat 1: asshair0815 (big blind) showed [8c 6c] and lost with a pair of Sixes
Seat 2: mdif (button) (small blind) showed [Ad 2s] and won ($34.92) with a pair of Aces


