PokerStars Hand #157590632280:  Hold'em Limit ($3/$6 USD) - 2016/08/22 7:28:35 ET
Table 'Aiguillon' 6-max Seat #4 is the button
Seat 3: zzzloy0408 ($70.64 in chips)
Seat 4: VolkovDmitri ($140.50 in chips)
VolkovDmitri: posts small blind $1
zzzloy0408: posts big blind $3
*** HOLE CARDS ***
VolkovDmitri: raises $3 to $6
zzzloy0408: folds
Uncalled bet ($3) returned to VolkovDmitri
VolkovDmitri collected $6 from pot
VolkovDmitri: doesn't show hand
*** SUMMARY ***
Total pot $6 | Rake $0
Seat 3: zzzloy0408 (big blind) folded before Flop
Seat 4: VolkovDmitri (button) (small blind) collected ($6)


PokerStars Hand #157590627351:  Hold'em Limit ($3/$6 USD) - 2016/08/22 7:28:23 ET
Table 'Aiguillon' 6-max Seat #3 is the button
Seat 3: zzzloy0408 ($67.64 in chips)
Seat 4: VolkovDmitri ($143.50 in chips)
zzzloy0408: posts small blind $1
VolkovDmitri: posts big blind $3
*** HOLE CARDS ***
zzzloy0408: raises $3 to $6
VolkovDmitri: folds
Uncalled bet ($3) returned to zzzloy0408
zzzloy0408 collected $6 from pot
*** SUMMARY ***
Total pot $6 | Rake $0
Seat 3: zzzloy0408 (button) (small blind) collected ($6)
Seat 4: VolkovDmitri (big blind) folded before Flop


PokerStars Hand #157590647631:  Hold'em Limit ($3/$6 USD) - 2016/08/22 7:29:11 ET
Table 'Aiguillon' 6-max Seat #4 is the button
Seat 3: zzzloy0408 ($52.64 in chips)
Seat 4: VolkovDmitri ($158 in chips)
VolkovDmitri: posts small blind $1
zzzloy0408: posts big blind $3
*** HOLE CARDS ***
VolkovDmitri: raises $3 to $6
zzzloy0408: calls $3
*** FLOP *** [4s 3c 2d]
zzzloy0408: checks
VolkovDmitri: checks
*** TURN *** [4s 3c 2d] [6d]
zzzloy0408: bets $6
VolkovDmitri: folds
Uncalled bet ($6) returned to zzzloy0408
zzzloy0408 collected $11.76 from pot
zzzloy0408: doesn't show hand
*** SUMMARY ***
Total pot $12 | Rake $0.24
Board [4s 3c 2d 6d]
Seat 3: zzzloy0408 (big blind) collected ($11.76)
Seat 4: VolkovDmitri (button) (small blind) folded on the Turn


PokerStars Hand #157590634678:  Hold'em Limit ($3/$6 USD) - 2016/08/22 7:28:40 ET
Table 'Aiguillon' 6-max Seat #3 is the button
Seat 3: zzzloy0408 ($67.64 in chips)
Seat 4: VolkovDmitri ($143.50 in chips)
zzzloy0408: posts small blind $1
VolkovDmitri: posts big blind $3
*** HOLE CARDS ***
zzzloy0408: raises $3 to $6
VolkovDmitri: calls $3
*** FLOP *** [7h Td 4s]
VolkovDmitri: bets $3
zzzloy0408: calls $3
*** TURN *** [7h Td 4s] [5c]
VolkovDmitri: bets $6
zzzloy0408: calls $6
*** RIVER *** [7h Td 4s 5c] [3c]
VolkovDmitri: checks
zzzloy0408: checks
*** SHOW DOWN ***
VolkovDmitri: shows [5s Ad] (a pair of Fives)
zzzloy0408: mucks hand
VolkovDmitri collected $29.50 from pot
*** SUMMARY ***
Total pot $30 | Rake $0.50
Board [7h Td 4s 5c 3c]
Seat 3: zzzloy0408 (button) (small blind) mucked
Seat 4: VolkovDmitri (big blind) showed [5s Ad] and won ($29.50) with a pair of Fives


PokerStars Hand #157590685884:  Hold'em Limit ($3/$6 USD) - 2016/08/22 7:30:42 ET
Table 'Aiguillon' 6-max Seat #3 is the button
Seat 3: zzzloy0408 ($90.54 in chips)
Seat 4: VolkovDmitri ($120 in chips)
zzzloy0408: posts small blind $1
VolkovDmitri: posts big blind $3
*** HOLE CARDS ***
zzzloy0408: folds
Uncalled bet ($2) returned to VolkovDmitri
VolkovDmitri collected $2 from pot
VolkovDmitri: doesn't show hand
*** SUMMARY ***
Total pot $2 | Rake $0
Seat 3: zzzloy0408 (button) (small blind) folded before Flop
Seat 4: VolkovDmitri (big blind) collected ($2)


PokerStars Hand #157590674475:  Hold'em Limit ($3/$6 USD) - 2016/08/22 7:30:15 ET
Table 'Aiguillon' 6-max Seat #4 is the button
Seat 3: zzzloy0408 ($81.90 in chips)
Seat 4: VolkovDmitri ($128 in chips)
VolkovDmitri: posts small blind $1
zzzloy0408: posts big blind $3
*** HOLE CARDS ***
VolkovDmitri: raises $3 to $6
misslillady joins the table at seat #6
zzzloy0408: calls $3
*** FLOP *** [Js 5c Ac]
zzzloy0408: checks
VolkovDmitri: bets $3
zzzloy0408: calls $3
*** TURN *** [Js 5c Ac] [Tc]
zzzloy0408: checks
VolkovDmitri: checks
*** RIVER *** [Js 5c Ac Tc] [7c]
zzzloy0408: checks
VolkovDmitri: checks
*** SHOW DOWN ***
zzzloy0408: shows [Kh 5h] (a pair of Fives)
VolkovDmitri: mucks hand
zzzloy0408 collected $17.64 from pot
*** SUMMARY ***
Total pot $18 | Rake $0.36
Board [Js 5c Ac Tc 7c]
Seat 3: zzzloy0408 (big blind) showed [Kh 5h] and won ($17.64) with a pair of Fives
Seat 4: VolkovDmitri (button) (small blind) mucked


PokerStars Hand #157590664202:  Hold'em Limit ($3/$6 USD) - 2016/08/22 7:29:51 ET
Table 'Aiguillon' 6-max Seat #3 is the button
Seat 3: zzzloy0408 ($58.40 in chips)
Seat 4: VolkovDmitri ($152 in chips)
zzzloy0408: posts small blind $1
VolkovDmitri: posts big blind $3
*** HOLE CARDS ***
zzzloy0408: raises $3 to $6
VolkovDmitri: calls $3
*** FLOP *** [Qc 7c Ts]
VolkovDmitri: checks
zzzloy0408: bets $3
VolkovDmitri: raises $3 to $6
zzzloy0408: calls $3
*** TURN *** [Qc 7c Ts] [Ks]
VolkovDmitri: bets $6
zzzloy0408: calls $6
*** RIVER *** [Qc 7c Ts Ks] [Td]
VolkovDmitri: checks
zzzloy0408: bets $6
VolkovDmitri: calls $6
*** SHOW DOWN ***
zzzloy0408: shows [9s Th] (three of a kind, Tens)
VolkovDmitri: mucks hand
zzzloy0408 collected $47.50 from pot
*** SUMMARY ***
Total pot $48 | Rake $0.50
Board [Qc 7c Ts Ks Td]
Seat 3: zzzloy0408 (button) (small blind) showed [9s Th] and won ($47.50) with three of a kind, Tens
Seat 4: VolkovDmitri (big blind) mucked


PokerStars Hand #157590737473:  Hold'em Limit ($3/$6 USD) - 2016/08/22 7:32:45 ET
Table 'Aiguillon' 6-max Seat #4 is the button
Seat 3: zzzloy0408 ($116.29 in chips)
Seat 4: VolkovDmitri ($131.01 in chips)
VolkovDmitri: posts small blind $1
zzzloy0408: posts big blind $3
*** HOLE CARDS ***
VolkovDmitri: raises $3 to $6
zzzloy0408: folds
Uncalled bet ($3) returned to VolkovDmitri
VolkovDmitri collected $6 from pot
VolkovDmitri: doesn't show hand
*** SUMMARY ***
Total pot $6 | Rake $0
Seat 3: zzzloy0408 (big blind) folded before Flop
Seat 4: VolkovDmitri (button) (small blind) collected ($6)


PokerStars Hand #157590735380:  Hold'em Limit ($3/$6 USD) - 2016/08/22 7:32:41 ET
Table 'Aiguillon' 6-max Seat #3 is the button
Seat 3: zzzloy0408 ($117.29 in chips)
Seat 4: VolkovDmitri ($130.01 in chips)
zzzloy0408: posts small blind $1
VolkovDmitri: posts big blind $3
*** HOLE CARDS ***
zzzloy0408: folds
Uncalled bet ($2) returned to VolkovDmitri
VolkovDmitri collected $2 from pot
VolkovDmitri: doesn't show hand
*** SUMMARY ***
Total pot $2 | Rake $0
Seat 3: zzzloy0408 (button) (small blind) folded before Flop
Seat 4: VolkovDmitri (big blind) collected ($2)


PokerStars Hand #157590732866:  Hold'em Limit ($3/$6 USD) - 2016/08/22 7:32:35 ET
Table 'Aiguillon' 6-max Seat #4 is the button
Seat 3: zzzloy0408 ($120.29 in chips)
Seat 4: VolkovDmitri ($127.01 in chips)
VolkovDmitri: posts small blind $1
zzzloy0408: posts big blind $3
*** HOLE CARDS ***
VolkovDmitri: raises $3 to $6
zzzloy0408: folds
Uncalled bet ($3) returned to VolkovDmitri
VolkovDmitri collected $6 from pot
VolkovDmitri: doesn't show hand
*** SUMMARY ***
Total pot $6 | Rake $0
Seat 3: zzzloy0408 (big blind) folded before Flop
Seat 4: VolkovDmitri (button) (small blind) collected ($6)


PokerStars Hand #157590730899:  Hold'em Limit ($3/$6 USD) - 2016/08/22 7:32:30 ET
Table 'Aiguillon' 6-max Seat #3 is the button
Seat 3: zzzloy0408 ($121.29 in chips)
Seat 4: VolkovDmitri ($126.01 in chips)
zzzloy0408: posts small blind $1
VolkovDmitri: posts big blind $3
*** HOLE CARDS ***
misslillady leaves the table
zzzloy0408: folds
Uncalled bet ($2) returned to VolkovDmitri
VolkovDmitri collected $2 from pot
VolkovDmitri: doesn't show hand
*** SUMMARY ***
Total pot $2 | Rake $0
Seat 3: zzzloy0408 (button) (small blind) folded before Flop
Seat 4: VolkovDmitri (big blind) collected ($2)


PokerStars Hand #157590727748:  Hold'em Limit ($3/$6 USD) - 2016/08/22 7:32:22 ET
Table 'Aiguillon' 6-max Seat #4 is the button
Seat 3: zzzloy0408 ($124.29 in chips)
Seat 4: VolkovDmitri ($123.01 in chips)
VolkovDmitri: posts small blind $1
zzzloy0408: posts big blind $3
*** HOLE CARDS ***
VolkovDmitri: raises $3 to $6
zzzloy0408: folds
Uncalled bet ($3) returned to VolkovDmitri
VolkovDmitri collected $6 from pot
VolkovDmitri: doesn't show hand
*** SUMMARY ***
Total pot $6 | Rake $0
Seat 3: zzzloy0408 (big blind) folded before Flop
Seat 4: VolkovDmitri (button) (small blind) collected ($6)


PokerStars Hand #157590753770:  Hold'em Limit ($3/$6 USD) - 2016/08/22 7:33:24 ET
Table 'Aiguillon' 6-max Seat #4 is the button
Seat 3: zzzloy0408 ($91.29 in chips)
Seat 4: VolkovDmitri ($155.51 in chips)
VolkovDmitri: posts small blind $1
zzzloy0408: posts big blind $3
*** HOLE CARDS ***
VolkovDmitri: raises $3 to $6
zzzloy0408: calls $3
*** FLOP *** [As 5s Qd]
zzzloy0408: checks
VolkovDmitri: bets $3
zzzloy0408: folds
Uncalled bet ($3) returned to VolkovDmitri
VolkovDmitri collected $11.76 from pot
VolkovDmitri: doesn't show hand
*** SUMMARY ***
Total pot $12 | Rake $0.24
Board [As 5s Qd]
Seat 3: zzzloy0408 (big blind) folded on the Flop
Seat 4: VolkovDmitri (button) (small blind) collected ($11.76)


PokerStars Hand #157590744597:  Hold'em Limit ($3/$6 USD) - 2016/08/22 7:33:02 ET
Table 'Aiguillon' 6-max Seat #3 is the button
Seat 3: zzzloy0408 ($109.29 in chips)
Seat 4: VolkovDmitri ($138.01 in chips)
zzzloy0408: posts small blind $1
VolkovDmitri: posts big blind $3
*** HOLE CARDS ***
zzzloy0408: raises $3 to $6
VolkovDmitri: raises $3 to $9
zzzloy0408: calls $3
*** FLOP *** [7c 3c 8d]
VolkovDmitri: bets $3
zzzloy0408: calls $3
*** TURN *** [7c 3c 8d] [8h]
VolkovDmitri: bets $6
zzzloy0408: calls $6
*** RIVER *** [7c 3c 8d 8h] [Qs]
VolkovDmitri: checks
zzzloy0408: checks
*** SHOW DOWN ***
VolkovDmitri: shows [4c 4d] (two pair, Eights and Fours)
zzzloy0408: mucks hand
VolkovDmitri collected $35.50 from pot
*** SUMMARY ***
Total pot $36 | Rake $0.50
Board [7c 3c 8d 8h Qs]
Seat 3: zzzloy0408 (button) (small blind) mucked
Seat 4: VolkovDmitri (big blind) showed [4c 4d] and won ($35.50) with two pair, Eights and Fours


PokerStars Hand #157590742049:  Hold'em Limit ($3/$6 USD) - 2016/08/22 7:32:56 ET
Table 'Aiguillon' 6-max Seat #4 is the button
Seat 3: zzzloy0408 ($112.29 in chips)
Seat 4: VolkovDmitri ($135.01 in chips)
VolkovDmitri: posts small blind $1
zzzloy0408: posts big blind $3
*** HOLE CARDS ***
VolkovDmitri: raises $3 to $6
zzzloy0408: folds
Uncalled bet ($3) returned to VolkovDmitri
VolkovDmitri collected $6 from pot
VolkovDmitri: doesn't show hand
*** SUMMARY ***
Total pot $6 | Rake $0
Seat 3: zzzloy0408 (big blind) folded before Flop
Seat 4: VolkovDmitri (button) (small blind) collected ($6)


PokerStars Hand #157590739917:  Hold'em Limit ($3/$6 USD) - 2016/08/22 7:32:51 ET
Table 'Aiguillon' 6-max Seat #3 is the button
Seat 3: zzzloy0408 ($113.29 in chips)
Seat 4: VolkovDmitri ($134.01 in chips)
zzzloy0408: posts small blind $1
VolkovDmitri: posts big blind $3
*** HOLE CARDS ***
zzzloy0408: folds
Uncalled bet ($2) returned to VolkovDmitri
VolkovDmitri collected $2 from pot
VolkovDmitri: doesn't show hand
*** SUMMARY ***
Total pot $2 | Rake $0
Seat 3: zzzloy0408 (button) (small blind) folded before Flop
Seat 4: VolkovDmitri (big blind) collected ($2)


PokerStars Hand #157590776041:  Hold'em Limit ($3/$6 USD) - 2016/08/22 7:34:16 ET
Table 'Aiguillon' 6-max Seat #4 is the button
Seat 3: zzzloy0408 ($84.05 in chips)
Seat 4: VolkovDmitri ($162.03 in chips)
VolkovDmitri: posts small blind $1
zzzloy0408: posts big blind $3
*** HOLE CARDS ***
VolkovDmitri: raises $3 to $6
zzzloy0408: calls $3
*** FLOP *** [8d 4s Kd]
zzzloy0408: checks
VolkovDmitri: bets $3
zzzloy0408: calls $3
*** TURN *** [8d 4s Kd] [Tc]
zzzloy0408: checks
VolkovDmitri: bets $6
zzzloy0408: folds
Uncalled bet ($6) returned to VolkovDmitri
VolkovDmitri collected $17.64 from pot
VolkovDmitri: doesn't show hand
*** SUMMARY ***
Total pot $18 | Rake $0.36
Board [8d 4s Kd Tc]
Seat 3: zzzloy0408 (big blind) folded on the Turn
Seat 4: VolkovDmitri (button) (small blind) collected ($17.64)


PokerStars Hand #157590773951:  Hold'em Limit ($3/$6 USD) - 2016/08/22 7:34:11 ET
Table 'Aiguillon' 6-max Seat #3 is the button
Seat 3: zzzloy0408 ($85.05 in chips)
Seat 4: VolkovDmitri ($161.03 in chips)
zzzloy0408: posts small blind $1
VolkovDmitri: posts big blind $3
*** HOLE CARDS ***
zzzloy0408: folds
Uncalled bet ($2) returned to VolkovDmitri
VolkovDmitri collected $2 from pot
VolkovDmitri: doesn't show hand
*** SUMMARY ***
Total pot $2 | Rake $0
Seat 3: zzzloy0408 (button) (small blind) folded before Flop
Seat 4: VolkovDmitri (big blind) collected ($2)


PokerStars Hand #157590769098:  Hold'em Limit ($3/$6 USD) - 2016/08/22 7:34:00 ET
Table 'Aiguillon' 6-max Seat #4 is the button
Seat 3: zzzloy0408 ($91.05 in chips)
Seat 4: VolkovDmitri ($155.27 in chips)
VolkovDmitri: posts small blind $1
zzzloy0408: posts big blind $3
*** HOLE CARDS ***
VolkovDmitri: raises $3 to $6
zzzloy0408: calls $3
*** FLOP *** [Ah 2d Qh]
zzzloy0408: checks
VolkovDmitri: bets $3
zzzloy0408: folds
Uncalled bet ($3) returned to VolkovDmitri
VolkovDmitri collected $11.76 from pot
VolkovDmitri: doesn't show hand
*** SUMMARY ***
Total pot $12 | Rake $0.24
Board [Ah 2d Qh]
Seat 3: zzzloy0408 (big blind) folded on the Flop
Seat 4: VolkovDmitri (button) (small blind) collected ($11.76)


PokerStars Hand #157590758209:  Hold'em Limit ($3/$6 USD) - 2016/08/22 7:33:34 ET
Table 'Aiguillon' 6-max Seat #3 is the button
Seat 3: zzzloy0408 ($85.29 in chips)
Seat 4: VolkovDmitri ($161.27 in chips)
zzzloy0408: posts small blind $1
VolkovDmitri: posts big blind $3
*** HOLE CARDS ***
zzzloy0408: raises $3 to $6
VolkovDmitri: calls $3
*** FLOP *** [8c Tc Kh]
VolkovDmitri: checks
zzzloy0408: bets $3
VolkovDmitri: folds
Uncalled bet ($3) returned to zzzloy0408
zzzloy0408 collected $11.76 from pot
zzzloy0408: doesn't show hand
*** SUMMARY ***
Total pot $12 | Rake $0.24
Board [8c Tc Kh]
Seat 3: zzzloy0408 (button) (small blind) collected ($11.76)
Seat 4: VolkovDmitri (big blind) folded on the Flop


