PokerStars Hand #146578367123:  Hold'em Limit ($3/$6 USD) - 2016/01/06 13:50:46 ET
Table 'Aiguillon' 6-max Seat #3 is the button
Seat 3: veterankwu ($40.12 in chips)
Seat 5: bentinck113 ($100.61 in chips)
veterankwu: posts small blind $1
bentinck113: posts big blind $3
*** HOLE CARDS ***
veterankwu: folds
Uncalled bet ($2) returned to bentinck113
bentinck113 collected $2 from pot
bentinck113: doesn't show hand
*** SUMMARY ***
Total pot $2 | Rake $0
Seat 3: veterankwu (button) (small blind) folded before Flop
Seat 5: bentinck113 (big blind) collected ($2)


PokerStars Hand #146578358020:  Hold'em Limit ($3/$6 USD) - 2016/01/06 13:50:37 ET
Table 'Aiguillon' 6-max Seat #5 is the button
Seat 3: veterankwu ($39.12 in chips)
Seat 5: bentinck113 ($101.61 in chips)
bentinck113: posts small blind $1
grabaz: is sitting out
veterankwu: posts big blind $3
*** HOLE CARDS ***
bentinck113: folds
Uncalled bet ($2) returned to veterankwu
veterankwu collected $2 from pot
*** SUMMARY ***
Total pot $2 | Rake $0
Seat 3: veterankwu (big blind) collected ($2)
Seat 5: bentinck113 (button) (small blind) folded before Flop


PokerStars Hand #146578432562:  Hold'em Limit ($3/$6 USD) - 2016/01/06 13:51:50 ET
Table 'Aiguillon' 6-max Seat #5 is the button
Seat 2: grabaz ($443.88 in chips)
Seat 5: bentinck113 ($101.61 in chips)
bentinck113: posts small blind $1
grabaz: posts big blind $3
*** HOLE CARDS ***
bentinck113: raises $3 to $6
grabaz: calls $3
*** FLOP *** [3c 8h 4h]
grabaz: checks
bentinck113: checks
*** TURN *** [3c 8h 4h] [9s]
grabaz: bets $6
bentinck113: folds
Uncalled bet ($6) returned to grabaz
grabaz collected $11.76 from pot
grabaz: doesn't show hand
*** SUMMARY ***
Total pot $12 | Rake $0.24
Board [3c 8h 4h 9s]
Seat 2: grabaz (big blind) collected ($11.76)
Seat 5: bentinck113 (button) (small blind) folded on the Turn


PokerStars Hand #146578420448:  Hold'em Limit ($3/$6 USD) - 2016/01/06 13:51:38 ET
Table 'Aiguillon' 6-max Seat #2 is the button
Seat 2: grabaz ($444.88 in chips)
Seat 5: bentinck113 ($100.61 in chips)
grabaz: posts small blind $1
veterankwu: is sitting out
bentinck113: posts big blind $3
*** HOLE CARDS ***
veterankwu leaves the table
grabaz: folds
Uncalled bet ($2) returned to bentinck113
bentinck113 collected $2 from pot
bentinck113: doesn't show hand
*** SUMMARY ***
Total pot $2 | Rake $0
Seat 2: grabaz (button) (small blind) folded before Flop
Seat 5: bentinck113 (big blind) collected ($2)


PokerStars Hand #146578463511:  Hold'em Limit ($3/$6 USD) - 2016/01/06 13:52:20 ET
Table 'Aiguillon' 6-max Seat #2 is the button
Seat 2: grabaz ($449.64 in chips)
Seat 5: bentinck113 ($95.61 in chips)
grabaz: posts small blind $1
bentinck113: posts big blind $3
*** HOLE CARDS ***
grabaz: raises $3 to $6
bentinck113: calls $3
*** FLOP *** [8h Ks 9h]
bentinck113: checks
grabaz: bets $3
bentinck113: raises $3 to $6
grabaz: folds
Uncalled bet ($3) returned to bentinck113
bentinck113 collected $17.64 from pot
bentinck113: doesn't show hand
*** SUMMARY ***
Total pot $18 | Rake $0.36
Board [8h Ks 9h]
Seat 2: grabaz (button) (small blind) folded on the Flop
Seat 5: bentinck113 (big blind) collected ($17.64)


