PokerStars Hand #144259424766:  Hold'em Limit ($3/$6 USD) - 2015/11/23 8:29:42 ET
Table 'Aigyptios' 2-max Seat #2 is the button
Seat 1: Kosova1968 ($72 in chips)
Seat 2: NeoNH5 ($120 in chips)
NeoNH5: posts small blind $1
Kosova1968: posts big blind $3
*** HOLE CARDS ***
NeoNH5: raises $3 to $6
Kosova1968: calls $3
*** FLOP *** [6c Td 2s]
Kosova1968: bets $3
NeoNH5: calls $3
*** TURN *** [6c Td 2s] [5c]
Kosova1968: checks
NeoNH5: bets $6
Kosova1968: calls $6
*** RIVER *** [6c Td 2s 5c] [Jh]
Kosova1968: checks
NeoNH5: bets $6
Kosova1968: folds
Uncalled bet ($6) returned to NeoNH5
NeoNH5 collected $29.50 from pot
*** SUMMARY ***
Total pot $30 | Rake $0.50
Board [6c Td 2s 5c Jh]
Seat 1: Kosova1968 (big blind) folded on the River
Seat 2: NeoNH5 (button) (small blind) collected ($29.50)


PokerStars Hand #144259475311:  Hold'em Limit ($3/$6 USD) - 2015/11/23 8:31:11 ET
Table 'Aigyptios' 2-max Seat #1 is the button
Seat 1: Kosova1968 ($38.76 in chips)
Seat 2: NeoNH5 ($152 in chips)
Kosova1968: posts small blind $1
NeoNH5: posts big blind $3
*** HOLE CARDS ***
Kosova1968: raises $3 to $6
NeoNH5: folds
Uncalled bet ($3) returned to Kosova1968
Kosova1968 collected $6 from pot
*** SUMMARY ***
Total pot $6 | Rake $0
Seat 1: Kosova1968 (button) (small blind) collected ($6)
Seat 2: NeoNH5 (big blind) folded before Flop


PokerStars Hand #144259462439:  Hold'em Limit ($3/$6 USD) - 2015/11/23 8:30:48 ET
Table 'Aigyptios' 2-max Seat #2 is the button
Seat 1: Kosova1968 ($62.76 in chips)
Seat 2: NeoNH5 ($128.50 in chips)
NeoNH5: posts small blind $1
Kosova1968: posts big blind $3
*** HOLE CARDS ***
NeoNH5: raises $3 to $6
Kosova1968: raises $3 to $9
NeoNH5: calls $3
*** FLOP *** [9d 9h 4s]
Kosova1968: bets $3
NeoNH5: calls $3
*** TURN *** [9d 9h 4s] [Th]
Kosova1968: bets $6
NeoNH5: calls $6
*** RIVER *** [9d 9h 4s Th] [Kc]
Kosova1968: bets $6
NeoNH5: raises $6 to $12
Kosova1968: folds
Uncalled bet ($6) returned to NeoNH5
NeoNH5 collected $47.50 from pot
*** SUMMARY ***
Total pot $48 | Rake $0.50
Board [9d 9h 4s Th Kc]
Seat 1: Kosova1968 (big blind) folded on the River
Seat 2: NeoNH5 (button) (small blind) collected ($47.50)


PokerStars Hand #144259457214:  Hold'em Limit ($3/$6 USD) - 2015/11/23 8:30:39 ET
Table 'Aigyptios' 2-max Seat #2 is the button
Seat 1: Kosova1968 ($62.76 in chips)
Seat 2: NeoNH5 ($128.50 in chips)
NeoNH5: posts small blind $1
Kosova1968: posts big blind $3
*** HOLE CARDS ***
NeoNH5: folds
Uncalled bet ($2) returned to Kosova1968
Kosova1968 collected $2 from pot
*** SUMMARY ***
Total pot $2 | Rake $0
Seat 1: Kosova1968 (big blind) collected ($2)
Seat 2: NeoNH5 (button) (small blind) folded before Flop


PokerStars Hand #144259444396:  Hold'em Limit ($3/$6 USD) - 2015/11/23 8:30:16 ET
Table 'Aigyptios' 2-max Seat #1 is the button
Seat 1: Kosova1968 ($57 in chips)
Seat 2: NeoNH5 ($134.50 in chips)
Kosova1968: posts small blind $1
NeoNH5: posts big blind $3
*** HOLE CARDS ***
Kosova1968: raises $3 to $6
NeoNH5: calls $3
*** FLOP *** [Js 2h 2d]
NeoNH5: checks
Kosova1968: checks
*** TURN *** [Js 2h 2d] [Tc]
NeoNH5: checks
Kosova1968: bets $6
NeoNH5: folds
Uncalled bet ($6) returned to Kosova1968
Kosova1968 collected $11.76 from pot
*** SUMMARY ***
Total pot $12 | Rake $0.24
Board [Js 2h 2d Tc]
Seat 1: Kosova1968 (button) (small blind) collected ($11.76)
Seat 2: NeoNH5 (big blind) folded on the Turn


PokerStars Hand #144259459658:  Hold'em Limit ($3/$6 USD) - 2015/11/23 8:30:43 ET
Table 'Aigyptios' 2-max Seat #1 is the button
Seat 1: Kosova1968 ($63.76 in chips)
Seat 2: NeoNH5 ($127.50 in chips)
Kosova1968: posts small blind $1
NeoNH5: posts big blind $3
*** HOLE CARDS ***
Kosova1968: folds
Uncalled bet ($2) returned to NeoNH5
NeoNH5 collected $2 from pot
*** SUMMARY ***
Total pot $2 | Rake $0
Seat 1: Kosova1968 (button) (small blind) folded before Flop
Seat 2: NeoNH5 (big blind) collected ($2)


PokerStars Hand #144259492875:  Hold'em Limit ($3/$6 USD) - 2015/11/23 8:31:42 ET
Table 'Aigyptios' 2-max Seat #1 is the button
Seat 1: Kosova1968 ($26.76 in chips)
Seat 2: NeoNH5 ($163.50 in chips)
Kosova1968: posts small blind $1
NeoNH5: posts big blind $3
*** HOLE CARDS ***
Kosova1968: folds
Uncalled bet ($2) returned to NeoNH5
NeoNH5 collected $2 from pot
*** SUMMARY ***
Total pot $2 | Rake $0
Seat 1: Kosova1968 (button) (small blind) folded before Flop
Seat 2: NeoNH5 (big blind) collected ($2)


PokerStars Hand #144259478639:  Hold'em Limit ($3/$6 USD) - 2015/11/23 8:31:17 ET
Table 'Aigyptios' 2-max Seat #2 is the button
Seat 1: Kosova1968 ($41.76 in chips)
Seat 2: NeoNH5 ($149 in chips)
NeoNH5: posts small blind $1
Kosova1968: posts big blind $3
*** HOLE CARDS ***
NeoNH5: raises $3 to $6
Kosova1968: calls $3
*** FLOP *** [Kd 3s Js]
Kosova1968: checks
NeoNH5: bets $3
Kosova1968: calls $3
*** TURN *** [Kd 3s Js] [6h]
Kosova1968: checks
NeoNH5: checks
*** RIVER *** [Kd 3s Js 6h] [4s]
Kosova1968: bets $6
NeoNH5: calls $6
*** SHOW DOWN ***
Kosova1968: shows [2h 8s] (high card King)
NeoNH5: shows [7c Ah] (high card Ace)
NeoNH5 collected $29.50 from pot
*** SUMMARY ***
Total pot $30 | Rake $0.50
Board [Kd 3s Js 6h 4s]
Seat 1: Kosova1968 (big blind) showed [2h 8s] and lost with high card King
Seat 2: NeoNH5 (button) (small blind) showed [7c Ah] and won ($29.50) with high card Ace


PokerStars Hand #144259514307:  Hold'em Limit ($3/$6 USD) - 2015/11/23 8:32:20 ET
Table 'Aigyptios' 2-max Seat #1 is the button
Seat 1: Kosova1968 ($40.26 in chips)
Seat 2: NeoNH5 ($149.50 in chips)
Kosova1968: posts small blind $1
NeoNH5: posts big blind $3
*** HOLE CARDS ***
Kosova1968: calls $2
NeoNH5: checks
*** FLOP *** [Js Ac Qd]
NeoNH5: checks
Kosova1968: bets $3
NeoNH5: folds
Uncalled bet ($3) returned to Kosova1968
Kosova1968 collected $5.88 from pot
*** SUMMARY ***
Total pot $6 | Rake $0.12
Board [Js Ac Qd]
Seat 1: Kosova1968 (button) (small blind) collected ($5.88)
Seat 2: NeoNH5 (big blind) folded on the Flop


PokerStars Hand #144259496099:  Hold'em Limit ($3/$6 USD) - 2015/11/23 8:31:47 ET
Table 'Aigyptios' 2-max Seat #2 is the button
Seat 1: Kosova1968 ($25.76 in chips)
Seat 2: NeoNH5 ($164.50 in chips)
NeoNH5: posts small blind $1
Kosova1968: posts big blind $3
*** HOLE CARDS ***
NeoNH5: raises $3 to $6
Kosova1968: calls $3
*** FLOP *** [6c 3h 7s]
Kosova1968: checks
NeoNH5: bets $3
Kosova1968: calls $3
*** TURN *** [6c 3h 7s] [Ac]
Kosova1968: checks
NeoNH5: checks
*** RIVER *** [6c 3h 7s Ac] [Jc]
Kosova1968: bets $6
NeoNH5: calls $6
*** SHOW DOWN ***
Kosova1968: shows [4h Jh] (a pair of Jacks)
NeoNH5: mucks hand
Kosova1968 collected $29.50 from pot
*** SUMMARY ***
Total pot $30 | Rake $0.50
Board [6c 3h 7s Ac Jc]
Seat 1: Kosova1968 (big blind) showed [4h Jh] and won ($29.50) with a pair of Jacks
Seat 2: NeoNH5 (button) (small blind) mucked


PokerStars Hand #144259527296:  Hold'em Limit ($3/$6 USD) - 2015/11/23 8:32:42 ET
Table 'Aigyptios' 2-max Seat #2 is the button
Seat 1: Kosova1968 ($43.14 in chips)
Seat 2: NeoNH5 ($146.50 in chips)
NeoNH5: posts small blind $1
Kosova1968: posts big blind $3
*** HOLE CARDS ***
NeoNH5: raises $3 to $6
Kosova1968: calls $3
*** FLOP *** [9d Td 7c]
Kosova1968: bets $3
NeoNH5: raises $3 to $6
Kosova1968: raises $3 to $9
NeoNH5: calls $3
*** TURN *** [9d Td 7c] [4h]
Kosova1968: bets $6
NeoNH5: calls $6
*** RIVER *** [9d Td 7c 4h] [8d]
Kosova1968: bets $6
NeoNH5: calls $6
*** SHOW DOWN ***
Kosova1968: shows [7s Th] (two pair, Tens and Sevens)
NeoNH5: mucks hand
Kosova1968 collected $53.50 from pot
*** SUMMARY ***
Total pot $54 | Rake $0.50
Board [9d Td 7c 4h 8d]
Seat 1: Kosova1968 (big blind) showed [7s Th] and won ($53.50) with two pair, Tens and Sevens
Seat 2: NeoNH5 (button) (small blind) mucked


PokerStars Hand #144259545367:  Hold'em Limit ($3/$6 USD) - 2015/11/23 8:33:14 ET
Table 'Aigyptios' 2-max Seat #1 is the button
Seat 1: Kosova1968 ($69.64 in chips)
Seat 2: NeoNH5 ($119.50 in chips)
Kosova1968: posts small blind $1
NeoNH5: posts big blind $3
*** HOLE CARDS ***
Kosova1968: raises $3 to $6
NeoNH5: folds
Uncalled bet ($3) returned to Kosova1968
Kosova1968 collected $6 from pot
*** SUMMARY ***
Total pot $6 | Rake $0
Seat 1: Kosova1968 (button) (small blind) collected ($6)
Seat 2: NeoNH5 (big blind) folded before Flop


PokerStars Hand #144259559934:  Hold'em Limit ($3/$6 USD) - 2015/11/23 8:33:39 ET
Table 'Aigyptios' 2-max Seat #1 is the button
Seat 1: Kosova1968 ($102.14 in chips)
Seat 2: NeoNH5 ($86.50 in chips)
Kosova1968: posts small blind $1
NeoNH5: posts big blind $3
*** HOLE CARDS ***
Kosova1968: raises $3 to $6
NeoNH5: calls $3
*** FLOP *** [Qd 5c 3h]
NeoNH5: checks
Kosova1968: bets $3
NeoNH5: raises $3 to $6
Kosova1968: calls $3
*** TURN *** [Qd 5c 3h] [Kh]
NeoNH5: bets $6
Kosova1968: raises $6 to $12
NeoNH5: raises $6 to $18
Kosova1968: folds
Uncalled bet ($6) returned to NeoNH5
NeoNH5 collected $47.50 from pot
*** SUMMARY ***
Total pot $48 | Rake $0.50
Board [Qd 5c 3h Kh]
Seat 1: Kosova1968 (button) (small blind) folded on the Turn
Seat 2: NeoNH5 (big blind) collected ($47.50)


PokerStars Hand #144259549016:  Hold'em Limit ($3/$6 USD) - 2015/11/23 8:33:20 ET
Table 'Aigyptios' 2-max Seat #2 is the button
Seat 1: Kosova1968 ($72.64 in chips)
Seat 2: NeoNH5 ($116.50 in chips)
NeoNH5: posts small blind $1
Kosova1968: posts big blind $3
*** HOLE CARDS ***
NeoNH5: raises $3 to $6
Kosova1968: raises $3 to $9
NeoNH5: calls $3
*** FLOP *** [Jh 2h 2c]
Kosova1968: bets $3
NeoNH5: calls $3
*** TURN *** [Jh 2h 2c] [6c]
Kosova1968: bets $6
NeoNH5: calls $6
*** RIVER *** [Jh 2h 2c 6c] [6d]
Kosova1968: bets $6
NeoNH5: raises $6 to $12
Kosova1968: calls $6
*** SHOW DOWN ***
NeoNH5: shows [4h 5d] (two pair, Sixes and Deuces)
Kosova1968: shows [Jd Qc] (two pair, Jacks and Sixes)
Kosova1968 collected $59.50 from pot
*** SUMMARY ***
Total pot $60 | Rake $0.50
Board [Jh 2h 2c 6c 6d]
Seat 1: Kosova1968 (big blind) showed [Jd Qc] and won ($59.50) with two pair, Jacks and Sixes
Seat 2: NeoNH5 (button) (small blind) showed [4h 5d] and lost with two pair, Sixes and Deuces


PokerStars Hand #144259583262:  Hold'em Limit ($3/$6 USD) - 2015/11/23 8:34:20 ET
Table 'Aigyptios' 2-max Seat #1 is the button
Seat 1: Kosova1968 ($92.64 in chips)
Seat 2: NeoNH5 ($95 in chips)
Kosova1968: posts small blind $1
NeoNH5: posts big blind $3
*** HOLE CARDS ***
Kosova1968: raises $3 to $6
NeoNH5: folds
Uncalled bet ($3) returned to Kosova1968
Kosova1968 collected $6 from pot
*** SUMMARY ***
Total pot $6 | Rake $0
Seat 1: Kosova1968 (button) (small blind) collected ($6)
Seat 2: NeoNH5 (big blind) folded before Flop


PokerStars Hand #144259572899:  Hold'em Limit ($3/$6 USD) - 2015/11/23 8:34:02 ET
Table 'Aigyptios' 2-max Seat #2 is the button
Seat 1: Kosova1968 ($78.14 in chips)
Seat 2: NeoNH5 ($110 in chips)
NeoNH5: posts small blind $1
Kosova1968: posts big blind $3
*** HOLE CARDS ***
NeoNH5: raises $3 to $6
Kosova1968: calls $3
*** FLOP *** [9d 3c 5d]
Kosova1968: bets $3
NeoNH5: calls $3
*** TURN *** [9d 3c 5d] [Qh]
Kosova1968: checks
NeoNH5: checks
*** RIVER *** [9d 3c 5d Qh] [6c]
Kosova1968: bets $6
NeoNH5: calls $6
*** SHOW DOWN ***
Kosova1968: shows [8c 7s] (a straight, Five to Nine)
NeoNH5: mucks hand
Kosova1968 collected $29.50 from pot
*** SUMMARY ***
Total pot $30 | Rake $0.50
Board [9d 3c 5d Qh 6c]
Seat 1: Kosova1968 (big blind) showed [8c 7s] and won ($29.50) with a straight, Five to Nine
Seat 2: NeoNH5 (button) (small blind) mucked


PokerStars Hand #144259587268:  Hold'em Limit ($3/$6 USD) - 2015/11/23 8:34:27 ET
Table 'Aigyptios' 2-max Seat #2 is the button
Seat 1: Kosova1968 ($95.64 in chips)
Seat 2: NeoNH5 ($92 in chips)
NeoNH5: posts small blind $1
Kosova1968: posts big blind $3
*** HOLE CARDS ***
NeoNH5: raises $3 to $6
Kosova1968: calls $3
*** FLOP *** [8d Ks 4h]
Kosova1968: bets $3
NeoNH5: raises $3 to $6
Kosova1968: calls $3
*** TURN *** [8d Ks 4h] [Qs]
Kosova1968: checks
NeoNH5: checks
*** RIVER *** [8d Ks 4h Qs] [4d]
Kosova1968: bets $6
NeoNH5: folds
Uncalled bet ($6) returned to Kosova1968
Kosova1968 collected $23.52 from pot
*** SUMMARY ***
Total pot $24 | Rake $0.48
Board [8d Ks 4h Qs 4d]
Seat 1: Kosova1968 (big blind) collected ($23.52)
Seat 2: NeoNH5 (button) (small blind) folded on the River


PokerStars Hand #144259598351:  Hold'em Limit ($3/$6 USD) - 2015/11/23 8:34:46 ET
Table 'Aigyptios' 2-max Seat #1 is the button
Seat 1: Kosova1968 ($107.16 in chips)
Seat 2: NeoNH5 ($80 in chips)
Kosova1968: posts small blind $1
NeoNH5: posts big blind $3
*** HOLE CARDS ***
Kosova1968: raises $3 to $6
NeoNH5: raises $3 to $9
Kosova1968: calls $3
*** FLOP *** [Jd 5d 3d]
NeoNH5: bets $3
Kosova1968: calls $3
*** TURN *** [Jd 5d 3d] [Ah]
NeoNH5: bets $6
Kosova1968: calls $6
*** RIVER *** [Jd 5d 3d Ah] [9h]
NeoNH5: bets $6
Kosova1968: calls $6
*** SHOW DOWN ***
NeoNH5: shows [Jh 8c] (a pair of Jacks)
Kosova1968: shows [5h Tc] (a pair of Fives)
NeoNH5 collected $47.50 from pot
*** SUMMARY ***
Total pot $48 | Rake $0.50
Board [Jd 5d 3d Ah 9h]
Seat 1: Kosova1968 (button) (small blind) showed [5h Tc] and lost with a pair of Fives
Seat 2: NeoNH5 (big blind) showed [Jh 8c] and won ($47.50) with a pair of Jacks


PokerStars Hand #144259637515:  Hold'em Limit ($3/$6 USD) - 2015/11/23 8:35:55 ET
Table 'Aigyptios' 2-max Seat #2 is the button
Seat 1: Kosova1968 ($81.91 in chips)
Seat 2: NeoNH5 ($104.25 in chips)
NeoNH5: posts small blind $1
Kosova1968: posts big blind $3
*** HOLE CARDS ***
NeoNH5: raises $3 to $6
Kosova1968: folds
Uncalled bet ($3) returned to NeoNH5
NeoNH5 collected $6 from pot
*** SUMMARY ***
Total pot $6 | Rake $0
Seat 1: Kosova1968 (big blind) folded before Flop
Seat 2: NeoNH5 (button) (small blind) collected ($6)


PokerStars Hand #144259634715:  Hold'em Limit ($3/$6 USD) - 2015/11/23 8:35:50 ET
Table 'Aigyptios' 2-max Seat #1 is the button
Seat 1: Kosova1968 ($82.91 in chips)
Seat 2: NeoNH5 ($103.25 in chips)
Kosova1968: posts small blind $1
NeoNH5: posts big blind $3
*** HOLE CARDS ***
Kosova1968: folds
Uncalled bet ($2) returned to NeoNH5
NeoNH5 collected $2 from pot
*** SUMMARY ***
Total pot $2 | Rake $0
Seat 1: Kosova1968 (button) (small blind) folded before Flop
Seat 2: NeoNH5 (big blind) collected ($2)


PokerStars Hand #144259611849:  Hold'em Limit ($3/$6 USD) - 2015/11/23 8:35:10 ET
Table 'Aigyptios' 2-max Seat #2 is the button
Seat 1: Kosova1968 ($83.16 in chips)
Seat 2: NeoNH5 ($103.50 in chips)
NeoNH5: posts small blind $1
Kosova1968: posts big blind $3
*** HOLE CARDS ***
NeoNH5: raises $3 to $6
Kosova1968: calls $3
*** FLOP *** [9d 7h 8h]
Kosova1968: bets $3
NeoNH5: raises $3 to $6
Kosova1968: calls $3
*** TURN *** [9d 7h 8h] [Th]
Kosova1968: bets $6
NeoNH5: raises $6 to $12
Kosova1968: calls $6
*** RIVER *** [9d 7h 8h Th] [6c]
Kosova1968: checks
NeoNH5: checks
*** SHOW DOWN ***
Kosova1968: shows [6s 7d] (a straight, Six to Ten)
NeoNH5: shows [6h 9c] (a straight, Six to Ten)
Kosova1968 collected $23.75 from pot
NeoNH5 collected $23.75 from pot
*** SUMMARY ***
Total pot $48 | Rake $0.50
Board [9d 7h 8h Th 6c]
Seat 1: Kosova1968 (big blind) showed [6s 7d] and won ($23.75) with a straight, Six to Ten
Seat 2: NeoNH5 (button) (small blind) showed [6h 9c] and won ($23.75) with a straight, Six to Ten


PokerStars Hand #144259655351:  Hold'em Limit ($3/$6 USD) - 2015/11/23 8:36:26 ET
Table 'Aigyptios' 2-max Seat #2 is the button
Seat 1: Kosova1968 ($63.91 in chips)
Seat 2: NeoNH5 ($121.75 in chips)
NeoNH5: posts small blind $1
Kosova1968: posts big blind $3
*** HOLE CARDS ***
NeoNH5: raises $3 to $6
Kosova1968: calls $3
*** FLOP *** [Th 3d 5d]
Kosova1968: checks
NeoNH5: bets $3
Kosova1968: calls $3
*** TURN *** [Th 3d 5d] [Qd]
Kosova1968: checks
NeoNH5: checks
*** RIVER *** [Th 3d 5d Qd] [Ad]
Kosova1968: bets $6
NeoNH5: folds
Uncalled bet ($6) returned to Kosova1968
Kosova1968 collected $17.64 from pot
*** SUMMARY ***
Total pot $18 | Rake $0.36
Board [Th 3d 5d Qd Ad]
Seat 1: Kosova1968 (big blind) collected ($17.64)
Seat 2: NeoNH5 (button) (small blind) folded on the River


PokerStars Hand #144259669277:  Hold'em Limit ($3/$6 USD) - 2015/11/23 8:36:50 ET
Table 'Aigyptios' 2-max Seat #1 is the button
Seat 1: Kosova1968 ($72.55 in chips)
Seat 2: NeoNH5 ($112.75 in chips)
Kosova1968: posts small blind $1
NeoNH5: posts big blind $3
*** HOLE CARDS ***
Kosova1968: raises $3 to $6
NeoNH5: raises $3 to $9
Kosova1968: calls $3
*** FLOP *** [3d 9s Js]
NeoNH5: bets $3
Kosova1968: calls $3
*** TURN *** [3d 9s Js] [5d]
NeoNH5: bets $6
Kosova1968: calls $6
*** RIVER *** [3d 9s Js 5d] [2h]
NeoNH5: bets $6
Kosova1968: calls $6
*** SHOW DOWN ***
NeoNH5: shows [As 9h] (a pair of Nines)
Kosova1968: shows [9d Kd] (a pair of Nines - lower kicker)
NeoNH5 collected $47.50 from pot
*** SUMMARY ***
Total pot $48 | Rake $0.50
Board [3d 9s Js 5d 2h]
Seat 1: Kosova1968 (button) (small blind) showed [9d Kd] and lost with a pair of Nines
Seat 2: NeoNH5 (big blind) showed [As 9h] and won ($47.50) with a pair of Nines


PokerStars Hand #144259641397:  Hold'em Limit ($3/$6 USD) - 2015/11/23 8:36:01 ET
Table 'Aigyptios' 2-max Seat #1 is the button
Seat 1: Kosova1968 ($78.91 in chips)
Seat 2: NeoNH5 ($107.25 in chips)
Kosova1968: posts small blind $1
NeoNH5: posts big blind $3
*** HOLE CARDS ***
Kosova1968: raises $3 to $6
NeoNH5: calls $3
*** FLOP *** [5s Td 8c]
NeoNH5: checks
Kosova1968: bets $3
NeoNH5: calls $3
*** TURN *** [5s Td 8c] [7s]
NeoNH5: checks
Kosova1968: checks
*** RIVER *** [5s Td 8c 7s] [Kc]
NeoNH5: bets $6
Kosova1968: calls $6
*** SHOW DOWN ***
NeoNH5: shows [9d 7c] (a pair of Sevens)
Kosova1968: shows [3c 5d] (a pair of Fives)
NeoNH5 collected $29.50 from pot
*** SUMMARY ***
Total pot $30 | Rake $0.50
Board [5s Td 8c 7s Kc]
Seat 1: Kosova1968 (button) (small blind) showed [3c 5d] and lost with a pair of Fives
Seat 2: NeoNH5 (big blind) showed [9d 7c] and won ($29.50) with a pair of Sevens


PokerStars Hand #144259703405:  Hold'em Limit ($3/$6 USD) - 2015/11/23 8:37:49 ET
Table 'Aigyptios' 2-max Seat #1 is the button
Seat 1: Kosova1968 ($27.55 in chips)
Seat 2: NeoNH5 ($156.75 in chips)
Kosova1968: posts small blind $1
NeoNH5: posts big blind $3
*** HOLE CARDS ***
Kosova1968: raises $3 to $6
NeoNH5: calls $3
*** FLOP *** [7h 6c 9s]
NeoNH5: checks
Kosova1968: bets $3
NeoNH5: calls $3
*** TURN *** [7h 6c 9s] [Ah]
NeoNH5: checks
Kosova1968: bets $6
NeoNH5: calls $6
*** RIVER *** [7h 6c 9s Ah] [Qc]
NeoNH5: checks
Kosova1968: bets $6
NeoNH5: calls $6
*** SHOW DOWN ***
Kosova1968: shows [As 6h] (two pair, Aces and Sixes)
NeoNH5: mucks hand
Kosova1968 collected $41.50 from pot
*** SUMMARY ***
Total pot $42 | Rake $0.50
Board [7h 6c 9s Ah Qc]
Seat 1: Kosova1968 (button) (small blind) showed [As 6h] and won ($41.50) with two pair, Aces and Sixes
Seat 2: NeoNH5 (big blind) mucked


PokerStars Hand #144259681045:  Hold'em Limit ($3/$6 USD) - 2015/11/23 8:37:10 ET
Table 'Aigyptios' 2-max Seat #2 is the button
Seat 1: Kosova1968 ($48.55 in chips)
Seat 2: NeoNH5 ($136.25 in chips)
NeoNH5: posts small blind $1
Kosova1968: posts big blind $3
*** HOLE CARDS ***
NeoNH5: raises $3 to $6
Kosova1968: calls $3
*** FLOP *** [3c 3h Tc]
Kosova1968: bets $3
NeoNH5: calls $3
*** TURN *** [3c 3h Tc] [Ts]
Kosova1968: checks
NeoNH5: bets $6
Kosova1968: calls $6
*** RIVER *** [3c 3h Tc Ts] [2h]
Kosova1968: checks
NeoNH5: bets $6
Kosova1968: calls $6
*** SHOW DOWN ***
NeoNH5: shows [3s 2s] (a full house, Threes full of Tens)
Kosova1968: shows [5s Ks] (two pair, Tens and Threes)
NeoNH5 collected $41.50 from pot
*** SUMMARY ***
Total pot $42 | Rake $0.50
Board [3c 3h Tc Ts 2h]
Seat 1: Kosova1968 (big blind) showed [5s Ks] and lost with two pair, Tens and Threes
Seat 2: NeoNH5 (button) (small blind) showed [3s 2s] and won ($41.50) with a full house, Threes full of Tens


PokerStars Hand #144259720786:  Hold'em Limit ($3/$6 USD) - 2015/11/23 8:38:20 ET
Table 'Aigyptios' 2-max Seat #2 is the button
Seat 1: Kosova1968 ($48.05 in chips)
Seat 2: NeoNH5 ($135.75 in chips)
NeoNH5: posts small blind $1
Kosova1968: posts big blind $3
*** HOLE CARDS ***
NeoNH5: raises $3 to $6
Kosova1968: folds
Uncalled bet ($3) returned to NeoNH5
NeoNH5 collected $6 from pot
*** SUMMARY ***
Total pot $6 | Rake $0
Seat 1: Kosova1968 (big blind) folded before Flop
Seat 2: NeoNH5 (button) (small blind) collected ($6)


PokerStars Hand #144259739849:  Hold'em Limit ($3/$6 USD) - 2015/11/23 8:38:53 ET
Table 'Aigyptios' 2-max Seat #2 is the button
Seat 1: Kosova1968 ($21.05 in chips)
Seat 2: NeoNH5 ($162.25 in chips)
NeoNH5: posts small blind $1
Kosova1968: posts big blind $3
*** HOLE CARDS ***
NeoNH5: folds
Uncalled bet ($2) returned to Kosova1968
Kosova1968 collected $2 from pot
*** SUMMARY ***
Total pot $2 | Rake $0
Seat 1: Kosova1968 (big blind) collected ($2)
Seat 2: NeoNH5 (button) (small blind) folded before Flop


PokerStars Hand #144259724021:  Hold'em Limit ($3/$6 USD) - 2015/11/23 8:38:25 ET
Table 'Aigyptios' 2-max Seat #1 is the button
Seat 1: Kosova1968 ($45.05 in chips)
Seat 2: NeoNH5 ($138.75 in chips)
Kosova1968: posts small blind $1
NeoNH5: posts big blind $3
*** HOLE CARDS ***
Kosova1968: raises $3 to $6
NeoNH5: calls $3
*** FLOP *** [9h 3d 5c]
NeoNH5: checks
Kosova1968: bets $3
NeoNH5: raises $3 to $6
Kosova1968: calls $3
*** TURN *** [9h 3d 5c] [9c]
NeoNH5: bets $6
Kosova1968: calls $6
*** RIVER *** [9h 3d 5c 9c] [Ah]
NeoNH5: bets $6
Kosova1968: calls $6
*** SHOW DOWN ***
NeoNH5: shows [9s 6c] (three of a kind, Nines)
Kosova1968: shows [5d 6h] (two pair, Nines and Fives)
NeoNH5 collected $47.50 from pot
*** SUMMARY ***
Total pot $48 | Rake $0.50
Board [9h 3d 5c 9c Ah]
Seat 1: Kosova1968 (button) (small blind) showed [5d 6h] and lost with two pair, Nines and Fives
Seat 2: NeoNH5 (big blind) showed [9s 6c] and won ($47.50) with three of a kind, Nines


PokerStars Hand #144259769264:  Hold'em Limit ($3/$6 USD) - 2015/11/23 8:39:44 ET
Table 'Aigyptios' 2-max Seat #2 is the button
Seat 1: Kosova1968 ($118.85 in chips)
Seat 2: NeoNH5 ($183.75 in chips)
NeoNH5: posts small blind $1
Kosova1968: posts big blind $3
*** HOLE CARDS ***
NeoNH5: raises $3 to $6
Kosova1968: raises $3 to $9
NeoNH5: calls $3
*** FLOP *** [2d 5s 6c]
Kosova1968: bets $3
NeoNH5: calls $3
*** TURN *** [2d 5s 6c] [5h]
Kosova1968: bets $6
NeoNH5: calls $6
*** RIVER *** [2d 5s 6c 5h] [Kd]
Kosova1968: bets $6
NeoNH5: calls $6
*** SHOW DOWN ***
Kosova1968: shows [Ad Jc] (a pair of Fives)
NeoNH5: mucks hand
Kosova1968 collected $47.50 from pot
*** SUMMARY ***
Total pot $48 | Rake $0.50
Board [2d 5s 6c 5h Kd]
Seat 1: Kosova1968 (big blind) showed [Ad Jc] and won ($47.50) with a pair of Fives
Seat 2: NeoNH5 (button) (small blind) mucked


PokerStars Hand #144259780102:  Hold'em Limit ($3/$6 USD) - 2015/11/23 8:40:03 ET
Table 'Aigyptios' 2-max Seat #1 is the button
Seat 1: Kosova1968 ($142.35 in chips)
Seat 2: NeoNH5 ($159.75 in chips)
Kosova1968: posts small blind $1
NeoNH5: posts big blind $3
*** HOLE CARDS ***
Kosova1968: raises $3 to $6
NeoNH5: calls $3
*** FLOP *** [2c Jh Th]
NeoNH5: checks
Kosova1968: bets $3
NeoNH5: folds
Uncalled bet ($3) returned to Kosova1968
Kosova1968 collected $11.76 from pot
*** SUMMARY ***
Total pot $12 | Rake $0.24
Board [2c Jh Th]
Seat 1: Kosova1968 (button) (small blind) collected ($11.76)
Seat 2: NeoNH5 (big blind) folded on the Flop


PokerStars Hand #144259746177:  Hold'em Limit ($3/$6 USD) - 2015/11/23 8:39:04 ET
Table 'Aigyptios' 2-max Seat #2 is the button
Seat 1: Kosova1968 ($21.05 in chips)
Seat 2: NeoNH5 ($162.25 in chips)
NeoNH5: posts small blind $1
Kosova1968: posts big blind $3
*** HOLE CARDS ***
NeoNH5: raises $3 to $6
Kosova1968: calls $3
*** FLOP *** [2h 8h 3d]
Kosova1968: bets $3
NeoNH5: calls $3
*** TURN *** [2h 8h 3d] [9s]
Kosova1968: bets $6
NeoNH5: calls $6
*** RIVER *** [2h 8h 3d 9s] [8d]
Kosova1968: bets $6
NeoNH5: calls $6
*** SHOW DOWN ***
Kosova1968: shows [7d 5d] (a pair of Eights)
NeoNH5: shows [3c Kc] (two pair, Eights and Threes)
NeoNH5 collected $41.50 from pot
*** SUMMARY ***
Total pot $42 | Rake $0.50
Board [2h 8h 3d 9s 8d]
Seat 1: Kosova1968 (big blind) showed [7d 5d] and lost with a pair of Eights
Seat 2: NeoNH5 (button) (small blind) showed [3c Kc] and won ($41.50) with two pair, Eights and Threes


PokerStars Hand #144259818657:  Hold'em Limit ($3/$6 USD) - 2015/11/23 8:41:11 ET
Table 'Aigyptios' 2-max Seat #2 is the button
Seat 1: Kosova1968 ($153.61 in chips)
Seat 2: NeoNH5 ($147.39 in chips)
NeoNH5: posts small blind $1
Kosova1968: posts big blind $3
*** HOLE CARDS ***
NeoNH5: folds
Uncalled bet ($2) returned to Kosova1968
Kosova1968 collected $2 from pot
*** SUMMARY ***
Total pot $2 | Rake $0
Seat 1: Kosova1968 (big blind) collected ($2)
Seat 2: NeoNH5 (button) (small blind) folded before Flop


PokerStars Hand #144259801144:  Hold'em Limit ($3/$6 USD) - 2015/11/23 8:40:40 ET
Table 'Aigyptios' 2-max Seat #1 is the button
Seat 1: Kosova1968 ($162.61 in chips)
Seat 2: NeoNH5 ($138.75 in chips)
Kosova1968: posts small blind $1
NeoNH5: posts big blind $3
*** HOLE CARDS ***
Kosova1968: raises $3 to $6
NeoNH5: calls $3
*** FLOP *** [2c 4c Jh]
NeoNH5: checks
Kosova1968: bets $3
NeoNH5: calls $3
*** TURN *** [2c 4c Jh] [9c]
NeoNH5: checks
Kosova1968: checks
*** RIVER *** [2c 4c Jh 9c] [8c]
NeoNH5: bets $6
Kosova1968: folds [4h 5s]
Uncalled bet ($6) returned to NeoNH5
NeoNH5 collected $17.64 from pot
*** SUMMARY ***
Total pot $18 | Rake $0.36
Board [2c 4c Jh 9c 8c]
Seat 1: Kosova1968 (button) (small blind) folded on the River
Seat 2: NeoNH5 (big blind) collected ($17.64)


PokerStars Hand #144259787708:  Hold'em Limit ($3/$6 USD) - 2015/11/23 8:40:17 ET
Table 'Aigyptios' 2-max Seat #2 is the button
Seat 1: Kosova1968 ($148.11 in chips)
Seat 2: NeoNH5 ($153.75 in chips)
NeoNH5: posts small blind $1
Kosova1968: posts big blind $3
*** HOLE CARDS ***
NeoNH5: raises $3 to $6
Kosova1968: calls $3
*** FLOP *** [Ad 6c 2h]
Kosova1968: checks
NeoNH5: bets $3
Kosova1968: calls $3
*** TURN *** [Ad 6c 2h] [6d]
Kosova1968: checks
NeoNH5: checks
*** RIVER *** [Ad 6c 2h 6d] [5s]
Kosova1968: bets $6
NeoNH5: calls $6
*** SHOW DOWN ***
Kosova1968: shows [8c 5h] (two pair, Sixes and Fives)
NeoNH5: mucks hand
Kosova1968 collected $29.50 from pot
*** SUMMARY ***
Total pot $30 | Rake $0.50
Board [Ad 6c 2h 6d 5s]
Seat 1: Kosova1968 (big blind) showed [8c 5h] and won ($29.50) with two pair, Sixes and Fives
Seat 2: NeoNH5 (button) (small blind) mucked


PokerStars Hand #144259838054:  Hold'em Limit ($3/$6 USD) - 2015/11/23 8:41:45 ET
Table 'Aigyptios' 2-max Seat #1 is the button
Seat 1: Kosova1968 ($145.61 in chips)
Seat 2: NeoNH5 ($154.91 in chips)
Kosova1968: posts small blind $1
NeoNH5: posts big blind $3
*** HOLE CARDS ***
Kosova1968: raises $3 to $6
NeoNH5: calls $3
*** FLOP *** [5s Ts 5h]
NeoNH5: checks
Kosova1968: bets $3
NeoNH5: calls $3
*** TURN *** [5s Ts 5h] [8d]
NeoNH5: checks
Kosova1968: bets $6
NeoNH5: calls $6
*** RIVER *** [5s Ts 5h 8d] [6h]
NeoNH5: checks
Kosova1968: bets $6
NeoNH5: folds
Uncalled bet ($6) returned to Kosova1968
Kosova1968 collected $29.50 from pot
*** SUMMARY ***
Total pot $30 | Rake $0.50
Board [5s Ts 5h 8d 6h]
Seat 1: Kosova1968 (button) (small blind) collected ($29.50)
Seat 2: NeoNH5 (big blind) folded on the River


PokerStars Hand #144259826802:  Hold'em Limit ($3/$6 USD) - 2015/11/23 8:41:25 ET
Table 'Aigyptios' 2-max Seat #2 is the button
Seat 1: Kosova1968 ($157.61 in chips)
Seat 2: NeoNH5 ($143.39 in chips)
NeoNH5: posts small blind $1
Kosova1968: posts big blind $3
*** HOLE CARDS ***
NeoNH5: raises $3 to $6
Kosova1968: calls $3
*** FLOP *** [Jh 3c 8s]
Kosova1968: bets $3
NeoNH5: raises $3 to $6
Kosova1968: calls $3
*** TURN *** [Jh 3c 8s] [7d]
Kosova1968: checks
NeoNH5: bets $6
Kosova1968: folds
Uncalled bet ($6) returned to NeoNH5
NeoNH5 collected $23.52 from pot
*** SUMMARY ***
Total pot $24 | Rake $0.48
Board [Jh 3c 8s 7d]
Seat 1: Kosova1968 (big blind) folded on the Turn
Seat 2: NeoNH5 (button) (small blind) collected ($23.52)


PokerStars Hand #144259821858:  Hold'em Limit ($3/$6 USD) - 2015/11/23 8:41:16 ET
Table 'Aigyptios' 2-max Seat #1 is the button
Seat 1: Kosova1968 ($154.61 in chips)
Seat 2: NeoNH5 ($146.39 in chips)
Kosova1968: posts small blind $1
NeoNH5: posts big blind $3
*** HOLE CARDS ***
Kosova1968: raises $3 to $6
NeoNH5: folds
Uncalled bet ($3) returned to Kosova1968
Kosova1968 collected $6 from pot
*** SUMMARY ***
Total pot $6 | Rake $0
Seat 1: Kosova1968 (button) (small blind) collected ($6)
Seat 2: NeoNH5 (big blind) folded before Flop


PokerStars Hand #144260019764:  Hold'em Limit ($3/$6 USD) - 2015/11/23 8:46:47 ET
Table 'Aigyptios' 2-max Seat #1 is the button
Seat 1: Kosova1968 ($157.11 in chips)
Seat 2: NeoNH5 ($142.91 in chips)
Kosova1968: posts small blind $1
NeoNH5: posts big blind $3
*** HOLE CARDS ***
Kosova1968: folds
Uncalled bet ($2) returned to NeoNH5
NeoNH5 collected $2 from pot
*** SUMMARY ***
Total pot $2 | Rake $0
Seat 1: Kosova1968 (button) (small blind) folded before Flop
Seat 2: NeoNH5 (big blind) collected ($2)


PokerStars Hand #144260015426:  Hold'em Limit ($3/$6 USD) - 2015/11/23 8:46:40 ET
Table 'Aigyptios' 2-max Seat #2 is the button
Seat 1: Kosova1968 ($160.11 in chips)
Seat 2: NeoNH5 ($139.91 in chips)
NeoNH5: posts small blind $1
Kosova1968: posts big blind $3
*** HOLE CARDS ***
NeoNH5: raises $3 to $6
Kosova1968: folds
Uncalled bet ($3) returned to NeoNH5
NeoNH5 collected $6 from pot
*** SUMMARY ***
Total pot $6 | Rake $0
Seat 1: Kosova1968 (big blind) folded before Flop
Seat 2: NeoNH5 (button) (small blind) collected ($6)


PokerStars Hand #144260044980:  Hold'em Limit ($3/$6 USD) - 2015/11/23 8:47:29 ET
Table 'Aigyptios' 2-max Seat #1 is the button
Seat 1: Kosova1968 ($132.11 in chips)
Seat 2: NeoNH5 ($167.41 in chips)
Kosova1968: posts small blind $1
NeoNH5: posts big blind $3
*** HOLE CARDS ***
Kosova1968: raises $3 to $6
NeoNH5: calls $3
*** FLOP *** [2s 5c 4s]
NeoNH5: bets $3
Kosova1968: calls $3
*** TURN *** [2s 5c 4s] [6s]
NeoNH5: checks
Kosova1968: checks
*** RIVER *** [2s 5c 4s 6s] [4d]
NeoNH5: checks
Kosova1968: bets $6
NeoNH5: calls $6
*** SHOW DOWN ***
Kosova1968: shows [8c Ah] (a pair of Fours)
NeoNH5: shows [9c 2c] (two pair, Fours and Deuces)
NeoNH5 collected $29.50 from pot
*** SUMMARY ***
Total pot $30 | Rake $0.50
Board [2s 5c 4s 6s 4d]
Seat 1: Kosova1968 (button) (small blind) showed [8c Ah] and lost with a pair of Fours
Seat 2: NeoNH5 (big blind) showed [9c 2c] and won ($29.50) with two pair, Fours and Deuces


PokerStars Hand #144260068780:  Hold'em Limit ($3/$6 USD) - 2015/11/23 8:48:08 ET
Table 'Aigyptios' 2-max Seat #1 is the button
Seat 1: Kosova1968 ($128.63 in chips)
Seat 2: NeoNH5 ($169.91 in chips)
Kosova1968: posts small blind $1
NeoNH5: posts big blind $3
*** HOLE CARDS ***
Kosova1968: raises $3 to $6
NeoNH5: calls $3
*** FLOP *** [6s 8s Ks]
NeoNH5: bets $3
Kosova1968: folds
Uncalled bet ($3) returned to NeoNH5
NeoNH5 collected $11.76 from pot
*** SUMMARY ***
Total pot $12 | Rake $0.24
Board [6s 8s Ks]
Seat 1: Kosova1968 (button) (small blind) folded on the Flop
Seat 2: NeoNH5 (big blind) collected ($11.76)


PokerStars Hand #144260060008:  Hold'em Limit ($3/$6 USD) - 2015/11/23 8:47:54 ET
Table 'Aigyptios' 2-max Seat #2 is the button
Seat 1: Kosova1968 ($117.11 in chips)
Seat 2: NeoNH5 ($181.91 in chips)
NeoNH5: posts small blind $1
Kosova1968: posts big blind $3
*** HOLE CARDS ***
NeoNH5: raises $3 to $6
Kosova1968: calls $3
*** FLOP *** [5c 7c Td]
Kosova1968: checks
NeoNH5: bets $3
Kosova1968: raises $3 to $6
NeoNH5: calls $3
*** TURN *** [5c 7c Td] [9s]
Kosova1968: bets $6
NeoNH5: folds
Uncalled bet ($6) returned to Kosova1968
Kosova1968 collected $23.52 from pot
*** SUMMARY ***
Total pot $24 | Rake $0.48
Board [5c 7c Td 9s]
Seat 1: Kosova1968 (big blind) collected ($23.52)
Seat 2: NeoNH5 (button) (small blind) folded on the Turn


PokerStars Hand #144260023439:  Hold'em Limit ($3/$6 USD) - 2015/11/23 8:46:53 ET
Table 'Aigyptios' 2-max Seat #2 is the button
Seat 1: Kosova1968 ($156.11 in chips)
Seat 2: NeoNH5 ($143.91 in chips)
NeoNH5: posts small blind $1
Kosova1968: posts big blind $3
*** HOLE CARDS ***
NeoNH5: raises $3 to $6
Kosova1968: calls $3
*** FLOP *** [3h 6d 9h]
Kosova1968: bets $3
NeoNH5: raises $3 to $6
Kosova1968: calls $3
*** TURN *** [3h 6d 9h] [6h]
Kosova1968: checks
NeoNH5: bets $6
Kosova1968: calls $6
*** RIVER *** [3h 6d 9h 6h] [Tc]
Kosova1968: checks
NeoNH5: bets $6
Kosova1968: calls $6
*** SHOW DOWN ***
NeoNH5: shows [Kh Th] (a flush, King high)
Kosova1968: mucks hand
NeoNH5 collected $47.50 from pot
*** SUMMARY ***
Total pot $48 | Rake $0.50
Board [3h 6d 9h 6h Tc]
Seat 1: Kosova1968 (big blind) mucked
Seat 2: NeoNH5 (button) (small blind) showed [Kh Th] and won ($47.50) with a flush, King high


PokerStars Hand #144260086808:  Hold'em Limit ($3/$6 USD) - 2015/11/23 8:48:38 ET
Table 'Aigyptios' 2-max Seat #1 is the button
Seat 1: Kosova1968 ($107.63 in chips)
Seat 2: NeoNH5 ($190.17 in chips)
Kosova1968: posts small blind $1
NeoNH5: posts big blind $3
*** HOLE CARDS ***
Kosova1968: folds
Uncalled bet ($2) returned to NeoNH5
NeoNH5 collected $2 from pot
*** SUMMARY ***
Total pot $2 | Rake $0
Seat 1: Kosova1968 (button) (small blind) folded before Flop
Seat 2: NeoNH5 (big blind) collected ($2)


PokerStars Hand #144260074571:  Hold'em Limit ($3/$6 USD) - 2015/11/23 8:48:18 ET
Table 'Aigyptios' 2-max Seat #2 is the button
Seat 1: Kosova1968 ($122.63 in chips)
Seat 2: NeoNH5 ($175.67 in chips)
NeoNH5: posts small blind $1
Kosova1968: posts big blind $3
*** HOLE CARDS ***
NeoNH5: raises $3 to $6
Kosova1968: calls $3
*** FLOP *** [Qh Ad 8s]
Kosova1968: bets $3
NeoNH5: calls $3
*** TURN *** [Qh Ad 8s] [Jh]
Kosova1968: bets $6
NeoNH5: calls $6
*** RIVER *** [Qh Ad 8s Jh] [2h]
Kosova1968: checks
NeoNH5: checks
*** SHOW DOWN ***
Kosova1968: shows [Kd 7s] (high card Ace)
NeoNH5: shows [5c 8c] (a pair of Eights)
NeoNH5 collected $29.50 from pot
*** SUMMARY ***
Total pot $30 | Rake $0.50
Board [Qh Ad 8s Jh 2h]
Seat 1: Kosova1968 (big blind) showed [Kd 7s] and lost with high card Ace
Seat 2: NeoNH5 (button) (small blind) showed [5c 8c] and won ($29.50) with a pair of Eights


PokerStars Hand #144260095318:  Hold'em Limit ($3/$6 USD) - 2015/11/23 8:48:53 ET
Table 'Aigyptios' 2-max Seat #1 is the button
Seat 1: Kosova1968 ($100.63 in chips)
Seat 2: NeoNH5 ($196.93 in chips)
Kosova1968: posts small blind $1
NeoNH5: posts big blind $3
*** HOLE CARDS ***
Kosova1968: raises $3 to $6
NeoNH5: calls $3
*** FLOP *** [7d Ad 4d]
NeoNH5: checks
Kosova1968: checks
*** TURN *** [7d Ad 4d] [6c]
NeoNH5: bets $6
Kosova1968: raises $6 to $12
NeoNH5: calls $6
*** RIVER *** [7d Ad 4d 6c] [Th]
NeoNH5: checks
Kosova1968: bets $6
NeoNH5: calls $6
*** SHOW DOWN ***
Kosova1968: shows [Kh Kc] (a pair of Kings)
NeoNH5: mucks hand
Kosova1968 collected $47.50 from pot
*** SUMMARY ***
Total pot $48 | Rake $0.50
Board [7d Ad 4d 6c Th]
Seat 1: Kosova1968 (button) (small blind) showed [Kh Kc] and won ($47.50) with a pair of Kings
Seat 2: NeoNH5 (big blind) mucked


PokerStars Hand #144260089857:  Hold'em Limit ($3/$6 USD) - 2015/11/23 8:48:43 ET
Table 'Aigyptios' 2-max Seat #2 is the button
Seat 1: Kosova1968 ($106.63 in chips)
Seat 2: NeoNH5 ($191.17 in chips)
NeoNH5: posts small blind $1
Kosova1968: posts big blind $3
*** HOLE CARDS ***
NeoNH5: raises $3 to $6
Kosova1968: calls $3
*** FLOP *** [Ac Qd 9h]
Kosova1968: checks
NeoNH5: bets $3
Kosova1968: folds
Uncalled bet ($3) returned to NeoNH5
NeoNH5 collected $11.76 from pot
*** SUMMARY ***
Total pot $12 | Rake $0.24
Board [Ac Qd 9h]
Seat 1: Kosova1968 (big blind) folded on the Flop
Seat 2: NeoNH5 (button) (small blind) collected ($11.76)


PokerStars Hand #144260118748:  Hold'em Limit ($3/$6 USD) - 2015/11/23 8:49:32 ET
Table 'Aigyptios' 2-max Seat #1 is the button
Seat 1: Kosova1968 ($109.13 in chips)
Seat 2: NeoNH5 ($187.43 in chips)
Kosova1968: posts small blind $1
NeoNH5: posts big blind $3
*** HOLE CARDS ***
Kosova1968: raises $3 to $6
NeoNH5: calls $3
*** FLOP *** [Kc 3d 7s]
NeoNH5: bets $3
Kosova1968: folds
Uncalled bet ($3) returned to NeoNH5
NeoNH5 collected $11.76 from pot
*** SUMMARY ***
Total pot $12 | Rake $0.24
Board [Kc 3d 7s]
Seat 1: Kosova1968 (button) (small blind) folded on the Flop
Seat 2: NeoNH5 (big blind) collected ($11.76)


PokerStars Hand #144260125310:  Hold'em Limit ($3/$6 USD) - 2015/11/23 8:49:43 ET
Table 'Aigyptios' 2-max Seat #2 is the button
Seat 1: Kosova1968 ($103.13 in chips)
Seat 2: NeoNH5 ($193.19 in chips)
NeoNH5: posts small blind $1
Kosova1968: posts big blind $3
*** HOLE CARDS ***
NeoNH5: raises $3 to $6
Kosova1968: calls $3
*** FLOP *** [Ad 6c 2h]
Kosova1968: checks
NeoNH5: bets $3
Kosova1968: raises $3 to $6
NeoNH5: calls $3
*** TURN *** [Ad 6c 2h] [Kh]
Kosova1968: checks
NeoNH5: checks
*** RIVER *** [Ad 6c 2h Kh] [6d]
Kosova1968: bets $6
NeoNH5: calls $6
*** SHOW DOWN ***
Kosova1968: shows [6s Tc] (three of a kind, Sixes)
NeoNH5: mucks hand
Kosova1968 collected $35.50 from pot
*** SUMMARY ***
Total pot $36 | Rake $0.50
Board [Ad 6c 2h Kh 6d]
Seat 1: Kosova1968 (big blind) showed [6s Tc] and won ($35.50) with three of a kind, Sixes
Seat 2: NeoNH5 (button) (small blind) mucked


PokerStars Hand #144260107416:  Hold'em Limit ($3/$6 USD) - 2015/11/23 8:49:13 ET
Table 'Aigyptios' 2-max Seat #2 is the button
Seat 1: Kosova1968 ($124.13 in chips)
Seat 2: NeoNH5 ($172.93 in chips)
NeoNH5: posts small blind $1
Kosova1968: posts big blind $3
*** HOLE CARDS ***
NeoNH5: raises $3 to $6
Kosova1968: calls $3
*** FLOP *** [4c 3d 3s]
Kosova1968: bets $3
NeoNH5: calls $3
*** TURN *** [4c 3d 3s] [Ac]
Kosova1968: checks
NeoNH5: bets $6
Kosova1968: calls $6
*** RIVER *** [4c 3d 3s Ac] [8h]
Kosova1968: checks
NeoNH5: checks
*** SHOW DOWN ***
Kosova1968: shows [5s Td] (a pair of Threes)
NeoNH5: shows [7s Kh] (a pair of Threes - Ace+King kicker)
NeoNH5 collected $29.50 from pot
*** SUMMARY ***
Total pot $30 | Rake $0.50
Board [4c 3d 3s Ac 8h]
Seat 1: Kosova1968 (big blind) showed [5s Td] and lost with a pair of Threes
Seat 2: NeoNH5 (button) (small blind) showed [7s Kh] and won ($29.50) with a pair of Threes


PokerStars Hand #144260135828:  Hold'em Limit ($3/$6 USD) - 2015/11/23 8:50:00 ET
Table 'Aigyptios' 2-max Seat #1 is the button
Seat 1: Kosova1968 ($120.63 in chips)
Seat 2: NeoNH5 ($175.19 in chips)
Kosova1968: posts small blind $1
NeoNH5: posts big blind $3
*** HOLE CARDS ***
Kosova1968: raises $3 to $6
NeoNH5: raises $3 to $9
Kosova1968: raises $3 to $12
Betting is capped
NeoNH5: calls $3
*** FLOP *** [4c 2h Ks]
NeoNH5: checks
Kosova1968: checks
*** TURN *** [4c 2h Ks] [2s]
NeoNH5: checks
Kosova1968: bets $6
NeoNH5: calls $6
*** RIVER *** [4c 2h Ks 2s] [2d]
NeoNH5: checks
Kosova1968: bets $6
NeoNH5: calls $6
*** SHOW DOWN ***
Kosova1968: shows [3c 3s] (a full house, Deuces full of Threes)
NeoNH5: mucks hand
Kosova1968 collected $47.50 from pot
*** SUMMARY ***
Total pot $48 | Rake $0.50
Board [4c 2h Ks 2s 2d]
Seat 1: Kosova1968 (button) (small blind) showed [3c 3s] and won ($47.50) with a full house, Deuces full of Threes
Seat 2: NeoNH5 (big blind) mucked


PokerStars Hand #144260164170:  Hold'em Limit ($3/$6 USD) - 2015/11/23 8:50:49 ET
Table 'Aigyptios' 2-max Seat #1 is the button
Seat 1: Kosova1968 ($152.77 in chips)
Seat 2: NeoNH5 ($142.19 in chips)
Kosova1968: posts small blind $1
NeoNH5: posts big blind $3
*** HOLE CARDS ***
Kosova1968: raises $3 to $6
NeoNH5: calls $3
*** FLOP *** [5h 9c Jd]
NeoNH5: bets $3
Kosova1968: calls $3
*** TURN *** [5h 9c Jd] [8c]
NeoNH5: bets $6
Kosova1968: calls $6
*** RIVER *** [5h 9c Jd 8c] [Ts]
NeoNH5: checks
Kosova1968: bets $6
NeoNH5: calls $6
*** SHOW DOWN ***
Kosova1968: shows [Qh 2c] (a straight, Eight to Queen)
NeoNH5: mucks hand
Kosova1968 collected $41.50 from pot
*** SUMMARY ***
Total pot $42 | Rake $0.50
Board [5h 9c Jd 8c Ts]
Seat 1: Kosova1968 (button) (small blind) showed [Qh 2c] and won ($41.50) with a straight, Eight to Queen
Seat 2: NeoNH5 (big blind) mucked


PokerStars Hand #144260152024:  Hold'em Limit ($3/$6 USD) - 2015/11/23 8:50:28 ET
Table 'Aigyptios' 2-max Seat #2 is the button
Seat 1: Kosova1968 ($144.13 in chips)
Seat 2: NeoNH5 ($151.19 in chips)
NeoNH5: posts small blind $1
Kosova1968: posts big blind $3
*** HOLE CARDS ***
NeoNH5: raises $3 to $6
Kosova1968: calls $3
*** FLOP *** [3h Qs 5c]
Kosova1968: checks
NeoNH5: bets $3
Kosova1968: calls $3
*** TURN *** [3h Qs 5c] [8d]
Kosova1968: checks
NeoNH5: checks
*** RIVER *** [3h Qs 5c 8d] [3c]
Kosova1968: bets $6
NeoNH5: folds
Uncalled bet ($6) returned to Kosova1968
Kosova1968 collected $17.64 from pot
*** SUMMARY ***
Total pot $18 | Rake $0.36
Board [3h Qs 5c 8d 3c]
Seat 1: Kosova1968 (big blind) collected ($17.64)
Seat 2: NeoNH5 (button) (small blind) folded on the River


PokerStars Hand #144260199261:  Hold'em Limit ($3/$6 USD) - 2015/11/23 8:51:48 ET
Table 'Aigyptios' 2-max Seat #1 is the button
Seat 1: Kosova1968 ($152.02 in chips)
Seat 2: NeoNH5 ($141.44 in chips)
Kosova1968: posts small blind $1
NeoNH5: posts big blind $3
*** HOLE CARDS ***
Kosova1968: raises $3 to $6
NeoNH5: calls $3
*** FLOP *** [2d 6c Ah]
NeoNH5: checks
Kosova1968: bets $3
NeoNH5: calls $3
*** TURN *** [2d 6c Ah] [Ks]
NeoNH5: bets $6
Kosova1968: calls $6
*** RIVER *** [2d 6c Ah Ks] [7h]
NeoNH5: bets $6
Kosova1968: calls $6
*** SHOW DOWN ***
NeoNH5: shows [8c Kd] (a pair of Kings)
Kosova1968: shows [6h 9h] (a pair of Sixes)
NeoNH5 collected $41.50 from pot
*** SUMMARY ***
Total pot $42 | Rake $0.50
Board [2d 6c Ah Ks 7h]
Seat 1: Kosova1968 (button) (small blind) showed [6h 9h] and lost with a pair of Sixes
Seat 2: NeoNH5 (big blind) showed [8c Kd] and won ($41.50) with a pair of Kings


PokerStars Hand #144260195345:  Hold'em Limit ($3/$6 USD) - 2015/11/23 8:51:41 ET
Table 'Aigyptios' 2-max Seat #2 is the button
Seat 1: Kosova1968 ($155.02 in chips)
Seat 2: NeoNH5 ($138.44 in chips)
NeoNH5: posts small blind $1
Kosova1968: posts big blind $3
*** HOLE CARDS ***
NeoNH5: raises $3 to $6
Kosova1968: folds
Uncalled bet ($3) returned to NeoNH5
NeoNH5 collected $6 from pot
*** SUMMARY ***
Total pot $6 | Rake $0
Seat 1: Kosova1968 (big blind) folded before Flop
Seat 2: NeoNH5 (button) (small blind) collected ($6)


PokerStars Hand #144260185628:  Hold'em Limit ($3/$6 USD) - 2015/11/23 8:51:25 ET
Table 'Aigyptios' 2-max Seat #1 is the button
Seat 1: Kosova1968 ($173.02 in chips)
Seat 2: NeoNH5 ($120.94 in chips)
Kosova1968: posts small blind $1
NeoNH5: posts big blind $3
*** HOLE CARDS ***
Kosova1968: raises $3 to $6
NeoNH5: calls $3
*** FLOP *** [Ah Jh 5s]
NeoNH5: checks
Kosova1968: checks
*** TURN *** [Ah Jh 5s] [6h]
NeoNH5: bets $6
Kosova1968: calls $6
*** RIVER *** [Ah Jh 5s 6h] [2h]
NeoNH5: checks
Kosova1968: bets $6
NeoNH5: calls $6
*** SHOW DOWN ***
Kosova1968: shows [7s Ts] (high card Ace)
NeoNH5: shows [Jc 6d] (two pair, Jacks and Sixes)
NeoNH5 collected $35.50 from pot
*** SUMMARY ***
Total pot $36 | Rake $0.50
Board [Ah Jh 5s 6h 2h]
Seat 1: Kosova1968 (button) (small blind) showed [7s Ts] and lost with high card Ace
Seat 2: NeoNH5 (big blind) showed [Jc 6d] and won ($35.50) with two pair, Jacks and Sixes


PokerStars Hand #144260175920:  Hold'em Limit ($3/$6 USD) - 2015/11/23 8:51:08 ET
Table 'Aigyptios' 2-max Seat #2 is the button
Seat 1: Kosova1968 ($173.27 in chips)
Seat 2: NeoNH5 ($121.19 in chips)
NeoNH5: posts small blind $1
Kosova1968: posts big blind $3
*** HOLE CARDS ***
NeoNH5: raises $3 to $6
Kosova1968: calls $3
*** FLOP *** [3h Jd Qs]
Kosova1968: bets $3
NeoNH5: calls $3
*** TURN *** [3h Jd Qs] [9s]
Kosova1968: checks
NeoNH5: checks
*** RIVER *** [3h Jd Qs 9s] [Qd]
Kosova1968: bets $6
NeoNH5: calls $6
*** SHOW DOWN ***
Kosova1968: shows [Ac 5h] (a pair of Queens)
NeoNH5: shows [5c Ad] (a pair of Queens)
Kosova1968 collected $14.75 from pot
NeoNH5 collected $14.75 from pot
*** SUMMARY ***
Total pot $30 | Rake $0.50
Board [3h Jd Qs 9s Qd]
Seat 1: Kosova1968 (big blind) showed [Ac 5h] and won ($14.75) with a pair of Queens
Seat 2: NeoNH5 (button) (small blind) showed [5c Ad] and won ($14.75) with a pair of Queens


PokerStars Hand #144260209863:  Hold'em Limit ($3/$6 USD) - 2015/11/23 8:52:06 ET
Table 'Aigyptios' 2-max Seat #2 is the button
Seat 1: Kosova1968 ($131.02 in chips)
Seat 2: NeoNH5 ($161.94 in chips)
NeoNH5: posts small blind $1
Kosova1968: posts big blind $3
*** HOLE CARDS ***
NeoNH5: raises $3 to $6
Kosova1968: calls $3
*** FLOP *** [Js 4c 4d]
Kosova1968: checks
NeoNH5: bets $3
Kosova1968: calls $3
*** TURN *** [Js 4c 4d] [3h]
Kosova1968: bets $6
NeoNH5: folds
Uncalled bet ($6) returned to Kosova1968
Kosova1968 collected $17.64 from pot
Kosova1968: shows [6c Qs] (a pair of Fours)
*** SUMMARY ***
Total pot $18 | Rake $0.36
Board [Js 4c 4d 3h]
Seat 1: Kosova1968 (big blind) collected ($17.64)
Seat 2: NeoNH5 (button) (small blind) folded on the Turn


PokerStars Hand #144260248016:  Hold'em Limit ($3/$6 USD) - 2015/11/23 8:53:10 ET
Table 'Aigyptios' 2-max Seat #2 is the button
Seat 1: Kosova1968 ($118.30 in chips)
Seat 2: NeoNH5 ($173.08 in chips)
NeoNH5: posts small blind $1
Kosova1968: posts big blind $3
*** HOLE CARDS ***
NeoNH5: raises $3 to $6
Kosova1968: calls $3
*** FLOP *** [8h 2s Js]
Kosova1968: bets $3
NeoNH5: raises $3 to $6
Kosova1968: calls $3
*** TURN *** [8h 2s Js] [Jh]
Kosova1968: checks
NeoNH5: bets $6
Kosova1968: folds
Uncalled bet ($6) returned to NeoNH5
NeoNH5 collected $23.52 from pot
*** SUMMARY ***
Total pot $24 | Rake $0.48
Board [8h 2s Js Jh]
Seat 1: Kosova1968 (big blind) folded on the Turn
Seat 2: NeoNH5 (button) (small blind) collected ($23.52)


PokerStars Hand #144260240744:  Hold'em Limit ($3/$6 USD) - 2015/11/23 8:52:58 ET
Table 'Aigyptios' 2-max Seat #1 is the button
Seat 1: Kosova1968 ($109.66 in chips)
Seat 2: NeoNH5 ($182.08 in chips)
Kosova1968: posts small blind $1
NeoNH5: posts big blind $3
*** HOLE CARDS ***
Kosova1968: raises $3 to $6
NeoNH5: calls $3
*** FLOP *** [8d Qh Js]
NeoNH5: bets $3
Kosova1968: calls $3
*** TURN *** [8d Qh Js] [Ts]
NeoNH5: checks
Kosova1968: bets $6
NeoNH5: folds
Uncalled bet ($6) returned to Kosova1968
Kosova1968 collected $17.64 from pot
*** SUMMARY ***
Total pot $18 | Rake $0.36
Board [8d Qh Js Ts]
Seat 1: Kosova1968 (button) (small blind) collected ($17.64)
Seat 2: NeoNH5 (big blind) folded on the Turn


PokerStars Hand #144260218406:  Hold'em Limit ($3/$6 USD) - 2015/11/23 8:52:20 ET
Table 'Aigyptios' 2-max Seat #1 is the button
Seat 1: Kosova1968 ($139.66 in chips)
Seat 2: NeoNH5 ($152.94 in chips)
Kosova1968: posts small blind $1
NeoNH5: posts big blind $3
*** HOLE CARDS ***
Kosova1968: calls $2
NeoNH5: raises $3 to $6
Kosova1968: calls $3
*** FLOP *** [Ah Qs Qc]
NeoNH5: bets $3
Kosova1968: calls $3
*** TURN *** [Ah Qs Qc] [Js]
NeoNH5: bets $6
Kosova1968: folds
Uncalled bet ($6) returned to NeoNH5
NeoNH5 collected $17.64 from pot
*** SUMMARY ***
Total pot $18 | Rake $0.36
Board [Ah Qs Qc Js]
Seat 1: Kosova1968 (button) (small blind) folded on the Turn
Seat 2: NeoNH5 (big blind) collected ($17.64)


PokerStars Hand #144260227195:  Hold'em Limit ($3/$6 USD) - 2015/11/23 8:52:35 ET
Table 'Aigyptios' 2-max Seat #2 is the button
Seat 1: Kosova1968 ($130.66 in chips)
Seat 2: NeoNH5 ($161.58 in chips)
NeoNH5: posts small blind $1
Kosova1968: posts big blind $3
*** HOLE CARDS ***
NeoNH5: raises $3 to $6
Kosova1968: calls $3
*** FLOP *** [5s 3h Qh]
Kosova1968: checks
NeoNH5: bets $3
Kosova1968: calls $3
*** TURN *** [5s 3h Qh] [5h]
Kosova1968: bets $6
NeoNH5: raises $6 to $12
Kosova1968: calls $6
*** RIVER *** [5s 3h Qh 5h] [Tc]
Kosova1968: checks
NeoNH5: bets $6
Kosova1968: folds
Uncalled bet ($6) returned to NeoNH5
NeoNH5 collected $41.50 from pot
*** SUMMARY ***
Total pot $42 | Rake $0.50
Board [5s 3h Qh 5h Tc]
Seat 1: Kosova1968 (big blind) folded on the River
Seat 2: NeoNH5 (button) (small blind) collected ($41.50)


PokerStars Hand #144260278555:  Hold'em Limit ($3/$6 USD) - 2015/11/23 8:54:01 ET
Table 'Aigyptios' 2-max Seat #1 is the button
Seat 1: Kosova1968 ($114.80 in chips)
Seat 2: NeoNH5 ($175.10 in chips)
Kosova1968: posts small blind $1
NeoNH5: posts big blind $3
*** HOLE CARDS ***
Kosova1968: raises $3 to $6
NeoNH5: folds
Uncalled bet ($3) returned to Kosova1968
Kosova1968 collected $6 from pot
*** SUMMARY ***
Total pot $6 | Rake $0
Seat 1: Kosova1968 (button) (small blind) collected ($6)
Seat 2: NeoNH5 (big blind) folded before Flop


PokerStars Hand #144260256174:  Hold'em Limit ($3/$6 USD) - 2015/11/23 8:53:23 ET
Table 'Aigyptios' 2-max Seat #1 is the button
Seat 1: Kosova1968 ($106.30 in chips)
Seat 2: NeoNH5 ($184.60 in chips)
Kosova1968: posts small blind $1
NeoNH5: posts big blind $3
*** HOLE CARDS ***
Kosova1968: raises $3 to $6
NeoNH5: raises $3 to $9
Kosova1968: raises $3 to $12
Betting is capped
NeoNH5: calls $3
*** FLOP *** [6c Ts Ad]
NeoNH5: bets $3
Kosova1968: calls $3
*** TURN *** [6c Ts Ad] [8h]
NeoNH5: bets $6
Kosova1968: calls $6
*** RIVER *** [6c Ts Ad 8h] [9d]
NeoNH5: bets $6
Kosova1968: raises $6 to $12
NeoNH5: calls $6
*** SHOW DOWN ***
Kosova1968: shows [Qs Jh] (a straight, Eight to Queen)
NeoNH5: mucks hand
Kosova1968 collected $65.50 from pot
*** SUMMARY ***
Total pot $66 | Rake $0.50
Board [6c Ts Ad 8h 9d]
Seat 1: Kosova1968 (button) (small blind) showed [Qs Jh] and won ($65.50) with a straight, Eight to Queen
Seat 2: NeoNH5 (big blind) mucked


PokerStars Hand #144260269185:  Hold'em Limit ($3/$6 USD) - 2015/11/23 8:53:45 ET
Table 'Aigyptios' 2-max Seat #2 is the button
Seat 1: Kosova1968 ($138.80 in chips)
Seat 2: NeoNH5 ($151.60 in chips)
NeoNH5: posts small blind $1
Kosova1968: posts big blind $3
*** HOLE CARDS ***
NeoNH5: raises $3 to $6
Kosova1968: calls $3
*** FLOP *** [2d Qd Kd]
Kosova1968: bets $3
NeoNH5: raises $3 to $6
Kosova1968: calls $3
*** TURN *** [2d Qd Kd] [4d]
Kosova1968: bets $6
NeoNH5: calls $6
*** RIVER *** [2d Qd Kd 4d] [Qh]
Kosova1968: bets $6
NeoNH5: calls $6
*** SHOW DOWN ***
Kosova1968: shows [As 5s] (a pair of Queens)
NeoNH5: shows [9d 7d] (a flush, King high)
NeoNH5 collected $47.50 from pot
*** SUMMARY ***
Total pot $48 | Rake $0.50
Board [2d Qd Kd 4d Qh]
Seat 1: Kosova1968 (big blind) showed [As 5s] and lost with a pair of Queens
Seat 2: NeoNH5 (button) (small blind) showed [9d 7d] and won ($47.50) with a flush, King high


PokerStars Hand #144260287180:  Hold'em Limit ($3/$6 USD) - 2015/11/23 8:54:15 ET
Table 'Aigyptios' 2-max Seat #1 is the button
Seat 1: Kosova1968 ($123.56 in chips)
Seat 2: NeoNH5 ($166.10 in chips)
Kosova1968: posts small blind $1
NeoNH5: posts big blind $3
*** HOLE CARDS ***
Kosova1968: raises $3 to $6
NeoNH5: raises $3 to $9
Kosova1968: calls $3
*** FLOP *** [9d 3d Ts]
NeoNH5: bets $3
Kosova1968: raises $3 to $6
NeoNH5: calls $3
*** TURN *** [9d 3d Ts] [Qc]
NeoNH5: checks
Kosova1968: bets $6
NeoNH5: calls $6
*** RIVER *** [9d 3d Ts Qc] [2d]
NeoNH5: checks
Kosova1968: bets $6
NeoNH5: calls $6
*** SHOW DOWN ***
Kosova1968: shows [Td 9c] (two pair, Tens and Nines)
NeoNH5: mucks hand
Kosova1968 collected $53.50 from pot
*** SUMMARY ***
Total pot $54 | Rake $0.50
Board [9d 3d Ts Qc 2d]
Seat 1: Kosova1968 (button) (small blind) showed [Td 9c] and won ($53.50) with two pair, Tens and Nines
Seat 2: NeoNH5 (big blind) mucked


PokerStars Hand #144260281947:  Hold'em Limit ($3/$6 USD) - 2015/11/23 8:54:07 ET
Table 'Aigyptios' 2-max Seat #2 is the button
Seat 1: Kosova1968 ($117.80 in chips)
Seat 2: NeoNH5 ($172.10 in chips)
NeoNH5: posts small blind $1
Kosova1968: posts big blind $3
*** HOLE CARDS ***
NeoNH5: raises $3 to $6
Kosova1968: calls $3
*** FLOP *** [Kh 2h 8s]
Kosova1968: bets $3
NeoNH5: folds
Uncalled bet ($3) returned to Kosova1968
Kosova1968 collected $11.76 from pot
*** SUMMARY ***
Total pot $12 | Rake $0.24
Board [Kh 2h 8s]
Seat 1: Kosova1968 (big blind) collected ($11.76)
Seat 2: NeoNH5 (button) (small blind) folded on the Flop


PokerStars Hand #144260299202:  Hold'em Limit ($3/$6 USD) - 2015/11/23 8:54:36 ET
Table 'Aigyptios' 2-max Seat #2 is the button
Seat 1: Kosova1968 ($150.06 in chips)
Seat 2: NeoNH5 ($139.10 in chips)
NeoNH5: posts small blind $1
Kosova1968: posts big blind $3
*** HOLE CARDS ***
NeoNH5: raises $3 to $6
Kosova1968: raises $3 to $9
NeoNH5: calls $3
*** FLOP *** [3h Kd 7d]
Kosova1968: checks
NeoNH5: bets $3
Kosova1968: calls $3
*** TURN *** [3h Kd 7d] [2d]
Kosova1968: checks
NeoNH5: bets $6
Kosova1968: calls $6
*** RIVER *** [3h Kd 7d 2d] [Th]
Kosova1968: checks
NeoNH5: bets $6
Kosova1968: calls $6
*** SHOW DOWN ***
NeoNH5: shows [2h 2c] (three of a kind, Deuces)
Kosova1968: shows [4s 4h] (a pair of Fours)
NeoNH5 collected $47.50 from pot
*** SUMMARY ***
Total pot $48 | Rake $0.50
Board [3h Kd 7d 2d Th]
Seat 1: Kosova1968 (big blind) showed [4s 4h] and lost with a pair of Fours
Seat 2: NeoNH5 (button) (small blind) showed [2h 2c] and won ($47.50) with three of a kind, Deuces


PokerStars Hand #144260315119:  Hold'em Limit ($3/$6 USD) - 2015/11/23 8:55:03 ET
Table 'Aigyptios' 2-max Seat #1 is the button
Seat 1: Kosova1968 ($126.06 in chips)
Seat 2: NeoNH5 ($162.60 in chips)
Kosova1968: posts small blind $1
NeoNH5: posts big blind $3
*** HOLE CARDS ***
Kosova1968: folds
Uncalled bet ($2) returned to NeoNH5
NeoNH5 collected $2 from pot
*** SUMMARY ***
Total pot $2 | Rake $0
Seat 1: Kosova1968 (button) (small blind) folded before Flop
Seat 2: NeoNH5 (big blind) collected ($2)


PokerStars Hand #144260325019:  Hold'em Limit ($3/$6 USD) - 2015/11/23 8:55:22 ET
Table 'Aigyptios' 2-max Seat #1 is the button
Seat 1: Kosova1968 ($107.06 in chips)
Seat 2: NeoNH5 ($181.10 in chips)
Kosova1968: posts small blind $1
NeoNH5: posts big blind $3
*** HOLE CARDS ***
Kosova1968: raises $3 to $6
NeoNH5: calls $3
*** FLOP *** [As 6s 7h]
NeoNH5: checks
Kosova1968: checks
*** TURN *** [As 6s 7h] [9s]
NeoNH5: bets $6
Kosova1968: calls $6
*** RIVER *** [As 6s 7h 9s] [2s]
NeoNH5: checks
Kosova1968: checks
*** SHOW DOWN ***
NeoNH5: shows [9d Jh] (a pair of Nines)
Kosova1968: shows [Kh 2c] (a pair of Deuces)
NeoNH5 collected $23.52 from pot
*** SUMMARY ***
Total pot $24 | Rake $0.48
Board [As 6s 7h 9s 2s]
Seat 1: Kosova1968 (button) (small blind) showed [Kh 2c] and lost with a pair of Deuces
Seat 2: NeoNH5 (big blind) showed [9d Jh] and won ($23.52) with a pair of Nines


PokerStars Hand #144260333570:  Hold'em Limit ($3/$6 USD) - 2015/11/23 8:55:40 ET
Table 'Aigyptios' 2-max Seat #2 is the button
Seat 1: Kosova1968 ($95.06 in chips)
Seat 2: NeoNH5 ($192.62 in chips)
NeoNH5: posts small blind $1
Kosova1968: posts big blind $3
*** HOLE CARDS ***
NeoNH5: raises $3 to $6
Kosova1968: folds
Uncalled bet ($3) returned to NeoNH5
NeoNH5 collected $6 from pot
*** SUMMARY ***
Total pot $6 | Rake $0
Seat 1: Kosova1968 (big blind) folded before Flop
Seat 2: NeoNH5 (button) (small blind) collected ($6)


PokerStars Hand #144260317486:  Hold'em Limit ($3/$6 USD) - 2015/11/23 8:55:07 ET
Table 'Aigyptios' 2-max Seat #2 is the button
Seat 1: Kosova1968 ($125.06 in chips)
Seat 2: NeoNH5 ($163.60 in chips)
NeoNH5: posts small blind $1
Kosova1968: posts big blind $3
*** HOLE CARDS ***
NeoNH5: raises $3 to $6
Kosova1968: calls $3
*** FLOP *** [Ad Th 4d]
Kosova1968: bets $3
NeoNH5: raises $3 to $6
Kosova1968: calls $3
*** TURN *** [Ad Th 4d] [As]
Kosova1968: checks
NeoNH5: bets $6
Kosova1968: calls $6
*** RIVER *** [Ad Th 4d As] [Kh]
Kosova1968: checks
NeoNH5: checks
*** SHOW DOWN ***
Kosova1968: shows [4c 8s] (two pair, Aces and Fours)
NeoNH5: shows [5c 5d] (two pair, Aces and Fives)
NeoNH5 collected $35.50 from pot
*** SUMMARY ***
Total pot $36 | Rake $0.50
Board [Ad Th 4d As Kh]
Seat 1: Kosova1968 (big blind) showed [4c 8s] and lost with two pair, Aces and Fours
Seat 2: NeoNH5 (button) (small blind) showed [5c 5d] and won ($35.50) with two pair, Aces and Fives


PokerStars Hand #144260336426:  Hold'em Limit ($3/$6 USD) - 2015/11/23 8:55:46 ET
Table 'Aigyptios' 2-max Seat #1 is the button
Seat 1: Kosova1968 ($92.06 in chips)
Seat 2: NeoNH5 ($195.62 in chips)
Kosova1968: posts small blind $1
NeoNH5: posts big blind $3
*** HOLE CARDS ***
Kosova1968: raises $3 to $6
NeoNH5: calls $3
*** FLOP *** [2c Ks 5h]
NeoNH5: checks
Kosova1968: checks
*** TURN *** [2c Ks 5h] [Qs]
NeoNH5: checks
Kosova1968: bets $6
NeoNH5: folds
Uncalled bet ($6) returned to Kosova1968
Kosova1968 collected $11.76 from pot
*** SUMMARY ***
Total pot $12 | Rake $0.24
Board [2c Ks 5h Qs]
Seat 1: Kosova1968 (button) (small blind) collected ($11.76)
Seat 2: NeoNH5 (big blind) folded on the Turn


PokerStars Hand #144260345654:  Hold'em Limit ($3/$6 USD) - 2015/11/23 8:56:04 ET
Table 'Aigyptios' 2-max Seat #2 is the button
Seat 1: Kosova1968 ($97.82 in chips)
Seat 2: NeoNH5 ($189.62 in chips)
NeoNH5: posts small blind $1
Kosova1968: posts big blind $3
*** HOLE CARDS ***
NeoNH5: raises $3 to $6
Kosova1968: calls $3
*** FLOP *** [3s 3d 8d]
Kosova1968: checks
NeoNH5: bets $3
Kosova1968: calls $3
*** TURN *** [3s 3d 8d] [8h]
Kosova1968: checks
NeoNH5: bets $6
Kosova1968: calls $6
*** RIVER *** [3s 3d 8d 8h] [4s]
Kosova1968: checks
NeoNH5: bets $6
Kosova1968: folds
Uncalled bet ($6) returned to NeoNH5
NeoNH5 collected $29.50 from pot
*** SUMMARY ***
Total pot $30 | Rake $0.50
Board [3s 3d 8d 8h 4s]
Seat 1: Kosova1968 (big blind) folded on the River
Seat 2: NeoNH5 (button) (small blind) collected ($29.50)


PokerStars Hand #144260363112:  Hold'em Limit ($3/$6 USD) - 2015/11/23 8:56:40 ET
Table 'Aigyptios' 2-max Seat #2 is the button
Seat 1: Kosova1968 ($94.34 in chips)
Seat 2: NeoNH5 ($192.12 in chips)
NeoNH5: posts small blind $1
Kosova1968: posts big blind $3
*** HOLE CARDS ***
NeoNH5: raises $3 to $6
Kosova1968: calls $3
*** FLOP *** [5d Qd 3h]
Kosova1968: bets $3
NeoNH5: calls $3
*** TURN *** [5d Qd 3h] [3c]
Kosova1968: checks
NeoNH5: bets $6
Kosova1968: folds
Uncalled bet ($6) returned to NeoNH5
NeoNH5 collected $17.64 from pot
*** SUMMARY ***
Total pot $18 | Rake $0.36
Board [5d Qd 3h 3c]
Seat 1: Kosova1968 (big blind) folded on the Turn
Seat 2: NeoNH5 (button) (small blind) collected ($17.64)


PokerStars Hand #144260372340:  Hold'em Limit ($3/$6 USD) - 2015/11/23 8:56:58 ET
Table 'Aigyptios' 2-max Seat #1 is the button
Seat 1: Kosova1968 ($85.34 in chips)
Seat 2: NeoNH5 ($200.76 in chips)
Kosova1968: posts small blind $1
NeoNH5: posts big blind $3
*** HOLE CARDS ***
Kosova1968: raises $3 to $6
NeoNH5: calls $3
*** FLOP *** [9h 3s Ts]
NeoNH5: checks
Kosova1968: checks
*** TURN *** [9h 3s Ts] [5d]
NeoNH5: bets $6
Kosova1968: calls $6
*** RIVER *** [9h 3s Ts 5d] [Jd]
NeoNH5: bets $6
Kosova1968: calls $6
*** SHOW DOWN ***
NeoNH5: shows [8s Th] (a pair of Tens)
Kosova1968: shows [Ah Ks] (high card Ace)
NeoNH5 collected $35.50 from pot
*** SUMMARY ***
Total pot $36 | Rake $0.50
Board [9h 3s Ts 5d Jd]
Seat 1: Kosova1968 (button) (small blind) showed [Ah Ks] and lost with high card Ace
Seat 2: NeoNH5 (big blind) showed [8s Th] and won ($35.50) with a pair of Tens


PokerStars Hand #144260355031:  Hold'em Limit ($3/$6 USD) - 2015/11/23 8:56:23 ET
Table 'Aigyptios' 2-max Seat #1 is the button
Seat 1: Kosova1968 ($82.82 in chips)
Seat 2: NeoNH5 ($204.12 in chips)
Kosova1968: posts small blind $1
NeoNH5: posts big blind $3
*** HOLE CARDS ***
Kosova1968: raises $3 to $6
NeoNH5: calls $3
*** FLOP *** [5c Ts Jh]
NeoNH5: checks
Kosova1968: checks
*** TURN *** [5c Ts Jh] [3c]
NeoNH5: checks
Kosova1968: bets $6
NeoNH5: calls $6
*** RIVER *** [5c Ts Jh 3c] [Kd]
NeoNH5: checks
Kosova1968: checks
*** SHOW DOWN ***
NeoNH5: shows [7c 4h] (high card King)
Kosova1968: shows [Ac 2d] (high card Ace)
Kosova1968 collected $23.52 from pot
*** SUMMARY ***
Total pot $24 | Rake $0.48
Board [5c Ts Jh 3c Kd]
Seat 1: Kosova1968 (button) (small blind) showed [Ac 2d] and won ($23.52) with high card Ace
Seat 2: NeoNH5 (big blind) showed [7c 4h] and lost with high card King


PokerStars Hand #144260380279:  Hold'em Limit ($3/$6 USD) - 2015/11/23 8:57:15 ET
Table 'Aigyptios' 2-max Seat #2 is the button
Seat 1: Kosova1968 ($67.34 in chips)
Seat 2: NeoNH5 ($218.26 in chips)
NeoNH5: posts small blind $1
Kosova1968: posts big blind $3
*** HOLE CARDS ***
NeoNH5: raises $3 to $6
Kosova1968: calls $3
*** FLOP *** [7d 5c Jd]
Kosova1968: bets $3
NeoNH5: raises $3 to $6
Kosova1968: calls $3
*** TURN *** [7d 5c Jd] [7c]
Kosova1968: bets $6
NeoNH5: calls $6
*** RIVER *** [7d 5c Jd 7c] [7h]
Kosova1968: bets $6
NeoNH5: calls $6
*** SHOW DOWN ***
Kosova1968: shows [5h 8c] (a full house, Sevens full of Fives)
NeoNH5: shows [5s Js] (a full house, Sevens full of Jacks)
NeoNH5 collected $47.50 from pot
*** SUMMARY ***
Total pot $48 | Rake $0.50
Board [7d 5c Jd 7c 7h]
Seat 1: Kosova1968 (big blind) showed [5h 8c] and lost with a full house, Sevens full of Fives
Seat 2: NeoNH5 (button) (small blind) showed [5s Js] and won ($47.50) with a full house, Sevens full of Jacks


PokerStars Hand #144260389138:  Hold'em Limit ($3/$6 USD) - 2015/11/23 8:57:33 ET
Table 'Aigyptios' 2-max Seat #1 is the button
Seat 1: Kosova1968 ($43.34 in chips)
Seat 2: NeoNH5 ($241.76 in chips)
Kosova1968: posts small blind $1
NeoNH5: posts big blind $3
*** HOLE CARDS ***
Kosova1968: raises $3 to $6
NeoNH5: raises $3 to $9
Kosova1968: calls $3
*** FLOP *** [6d 4h Kd]
NeoNH5: bets $3
Kosova1968: folds
Uncalled bet ($3) returned to NeoNH5
NeoNH5 collected $17.64 from pot
*** SUMMARY ***
Total pot $18 | Rake $0.36
Board [6d 4h Kd]
Seat 1: Kosova1968 (button) (small blind) folded on the Flop
Seat 2: NeoNH5 (big blind) collected ($17.64)


PokerStars Hand #144260394952:  Hold'em Limit ($3/$6 USD) - 2015/11/23 8:57:45 ET
Table 'Aigyptios' 2-max Seat #2 is the button
Seat 1: Kosova1968 ($34.34 in chips)
Seat 2: NeoNH5 ($250.40 in chips)
NeoNH5: posts small blind $1
Kosova1968: posts big blind $3
*** HOLE CARDS ***
NeoNH5: raises $3 to $6
Kosova1968: raises $3 to $9
NeoNH5: calls $3
*** FLOP *** [5s 8s 4h]
Kosova1968: checks
NeoNH5: bets $3
Kosova1968: calls $3
*** TURN *** [5s 8s 4h] [Qd]
Kosova1968: bets $6
NeoNH5: calls $6
*** RIVER *** [5s 8s 4h Qd] [Td]
Kosova1968: bets $6
NeoNH5: calls $6
*** SHOW DOWN ***
Kosova1968: shows [Qs Kd] (a pair of Queens)
NeoNH5: mucks hand
Kosova1968 collected $47.50 from pot
*** SUMMARY ***
Total pot $48 | Rake $0.50
Board [5s 8s 4h Qd Td]
Seat 1: Kosova1968 (big blind) showed [Qs Kd] and won ($47.50) with a pair of Queens
Seat 2: NeoNH5 (button) (small blind) mucked


PokerStars Hand #144260425924:  Hold'em Limit ($3/$6 USD) - 2015/11/23 8:58:47 ET
Table 'Aigyptios' 2-max Seat #2 is the button
Seat 1: Kosova1968 ($26.84 in chips)
Seat 2: NeoNH5 ($256.40 in chips)
NeoNH5: posts small blind $1
Kosova1968: posts big blind $3
*** HOLE CARDS ***
NeoNH5: raises $3 to $6
Kosova1968: calls $3
*** FLOP *** [8c 6s 6h]
Kosova1968: checks
NeoNH5: bets $3
Kosova1968: calls $3
*** TURN *** [8c 6s 6h] [Ac]
Kosova1968: checks
NeoNH5: bets $6
Kosova1968: raises $6 to $12
NeoNH5: calls $6
*** RIVER *** [8c 6s 6h Ac] [3d]
Kosova1968: bets $5.84 and is all-in
NeoNH5: calls $5.84
*** SHOW DOWN ***
Kosova1968: shows [9h 6c] (three of a kind, Sixes)
NeoNH5: shows [5s 8s] (two pair, Eights and Sixes)
Kosova1968 collected $53.18 from pot
*** SUMMARY ***
Total pot $53.68 | Rake $0.50
Board [8c 6s 6h Ac 3d]
Seat 1: Kosova1968 (big blind) showed [9h 6c] and won ($53.18) with three of a kind, Sixes
Seat 2: NeoNH5 (button) (small blind) showed [5s 8s] and lost with two pair, Eights and Sixes


PokerStars Hand #144260404766:  Hold'em Limit ($3/$6 USD) - 2015/11/23 8:58:04 ET
Table 'Aigyptios' 2-max Seat #1 is the button
Seat 1: Kosova1968 ($57.84 in chips)
Seat 2: NeoNH5 ($226.40 in chips)
Kosova1968: posts small blind $1
NeoNH5: posts big blind $3
*** HOLE CARDS ***
Kosova1968: raises $3 to $6
NeoNH5: calls $3
*** FLOP *** [9c 6c 7s]
NeoNH5: checks
Kosova1968: bets $3
NeoNH5: calls $3
*** TURN *** [9c 6c 7s] [3c]
NeoNH5: checks
Kosova1968: bets $6
NeoNH5: calls $6
*** RIVER *** [9c 6c 7s 3c] [3d]
NeoNH5: checks
Kosova1968: checks
*** SHOW DOWN ***
NeoNH5: shows [6d Jh] (two pair, Sixes and Threes)
Kosova1968: shows [Ad 2s] (a pair of Threes)
NeoNH5 collected $29.50 from pot
*** SUMMARY ***
Total pot $30 | Rake $0.50
Board [9c 6c 7s 3c 3d]
Seat 1: Kosova1968 (button) (small blind) showed [Ad 2s] and lost with a pair of Threes
Seat 2: NeoNH5 (big blind) showed [6d Jh] and won ($29.50) with two pair, Sixes and Threes


PokerStars Hand #144260414796:  Hold'em Limit ($3/$6 USD) - 2015/11/23 8:58:24 ET
Table 'Aigyptios' 2-max Seat #2 is the button
Seat 1: Kosova1968 ($42.84 in chips)
Seat 2: NeoNH5 ($240.90 in chips)
NeoNH5: posts small blind $1
Kosova1968: posts big blind $3
*** HOLE CARDS ***
NeoNH5: raises $3 to $6
Kosova1968: calls $3
*** FLOP *** [Js 3d 3c]
Kosova1968: checks
NeoNH5: bets $3
Kosova1968: calls $3
*** TURN *** [Js 3d 3c] [Th]
Kosova1968: bets $6
NeoNH5: calls $6
*** RIVER *** [Js 3d 3c Th] [5c]
Kosova1968: checks
NeoNH5: checks
*** SHOW DOWN ***
Kosova1968: shows [8d Kd] (a pair of Threes)
NeoNH5: shows [Qc As] (a pair of Threes - Ace kicker)
NeoNH5 collected $29.50 from pot
*** SUMMARY ***
Total pot $30 | Rake $0.50
Board [Js 3d 3c Th 5c]
Seat 1: Kosova1968 (big blind) showed [8d Kd] and lost with a pair of Threes
Seat 2: NeoNH5 (button) (small blind) showed [Qc As] and won ($29.50) with a pair of Threes


PokerStars Hand #144260423637:  Hold'em Limit ($3/$6 USD) - 2015/11/23 8:58:42 ET
Table 'Aigyptios' 2-max Seat #1 is the button
Seat 1: Kosova1968 ($27.84 in chips)
Seat 2: NeoNH5 ($255.40 in chips)
Kosova1968: posts small blind $1
NeoNH5: posts big blind $3
*** HOLE CARDS ***
Kosova1968: folds
Uncalled bet ($2) returned to NeoNH5
NeoNH5 collected $2 from pot
*** SUMMARY ***
Total pot $2 | Rake $0
Seat 1: Kosova1968 (button) (small blind) folded before Flop
Seat 2: NeoNH5 (big blind) collected ($2)


PokerStars Hand #144260447120:  Hold'em Limit ($3/$6 USD) - 2015/11/23 8:59:29 ET
Table 'Aigyptios' 2-max Seat #1 is the button
Seat 1: Kosova1968 ($32.18 in chips)
Seat 2: NeoNH5 ($250.06 in chips)
Kosova1968: posts small blind $1
NeoNH5: posts big blind $3
*** HOLE CARDS ***
Kosova1968: raises $3 to $6
NeoNH5: calls $3
*** FLOP *** [Ac 3d Jd]
NeoNH5: bets $3
Kosova1968: folds
Uncalled bet ($3) returned to NeoNH5
NeoNH5 collected $11.76 from pot
*** SUMMARY ***
Total pot $12 | Rake $0.24
Board [Ac 3d Jd]
Seat 1: Kosova1968 (button) (small blind) folded on the Flop
Seat 2: NeoNH5 (big blind) collected ($11.76)


PokerStars Hand #144260452281:  Hold'em Limit ($3/$6 USD) - 2015/11/23 8:59:39 ET
Table 'Aigyptios' 2-max Seat #2 is the button
Seat 1: Kosova1968 ($26.18 in chips)
Seat 2: NeoNH5 ($255.82 in chips)
NeoNH5: posts small blind $1
Kosova1968: posts big blind $3
*** HOLE CARDS ***
NeoNH5: raises $3 to $6
Kosova1968: raises $3 to $9
NeoNH5: calls $3
*** FLOP *** [Ah Jd Qh]
Kosova1968: bets $3
NeoNH5: raises $3 to $6
Kosova1968: calls $3
*** TURN *** [Ah Jd Qh] [Jc]
Kosova1968: checks
NeoNH5: bets $6
Kosova1968: folds
Uncalled bet ($6) returned to NeoNH5
NeoNH5 collected $29.50 from pot
*** SUMMARY ***
Total pot $30 | Rake $0.50
Board [Ah Jd Qh Jc]
Seat 1: Kosova1968 (big blind) folded on the Turn
Seat 2: NeoNH5 (button) (small blind) collected ($29.50)


PokerStars Hand #144260460022:  Hold'em Limit ($3/$6 USD) - 2015/11/23 8:59:55 ET
Table 'Aigyptios' 2-max Seat #1 is the button
Seat 1: Kosova1968 ($11.18 in chips)
Seat 2: NeoNH5 ($270.32 in chips)
Kosova1968: posts small blind $1
NeoNH5: posts big blind $3
*** HOLE CARDS ***
Kosova1968: raises $3 to $6
NeoNH5: folds
Uncalled bet ($3) returned to Kosova1968
Kosova1968 collected $6 from pot
*** SUMMARY ***
Total pot $6 | Rake $0
Seat 1: Kosova1968 (button) (small blind) collected ($6)
Seat 2: NeoNH5 (big blind) folded before Flop


PokerStars Hand #144260435815:  Hold'em Limit ($3/$6 USD) - 2015/11/23 8:59:07 ET
Table 'Aigyptios' 2-max Seat #1 is the button
Seat 1: Kosova1968 ($53.18 in chips)
Seat 2: NeoNH5 ($229.56 in chips)
Kosova1968: posts small blind $1
NeoNH5: posts big blind $3
*** HOLE CARDS ***
Kosova1968: raises $3 to $6
NeoNH5: raises $3 to $9
Kosova1968: calls $3
*** FLOP *** [5c Qh 4c]
NeoNH5: bets $3
Kosova1968: calls $3
*** TURN *** [5c Qh 4c] [Kc]
NeoNH5: bets $6
Kosova1968: calls $6
*** RIVER *** [5c Qh 4c Kc] [5h]
NeoNH5: checks
Kosova1968: checks
*** SHOW DOWN ***
NeoNH5: shows [7c 7s] (two pair, Sevens and Fives)
Kosova1968: mucks hand
NeoNH5 collected $35.50 from pot
*** SUMMARY ***
Total pot $36 | Rake $0.50
Board [5c Qh 4c Kc 5h]
Seat 1: Kosova1968 (button) (small blind) mucked
Seat 2: NeoNH5 (big blind) showed [7c 7s] and won ($35.50) with two pair, Sevens and Fives


PokerStars Hand #144260444762:  Hold'em Limit ($3/$6 USD) - 2015/11/23 8:59:25 ET
Table 'Aigyptios' 2-max Seat #2 is the button
Seat 1: Kosova1968 ($35.18 in chips)
Seat 2: NeoNH5 ($247.06 in chips)
NeoNH5: posts small blind $1
Kosova1968: posts big blind $3
*** HOLE CARDS ***
NeoNH5: raises $3 to $6
Kosova1968: folds
Uncalled bet ($3) returned to NeoNH5
NeoNH5 collected $6 from pot
*** SUMMARY ***
Total pot $6 | Rake $0
Seat 1: Kosova1968 (big blind) folded before Flop
Seat 2: NeoNH5 (button) (small blind) collected ($6)


PokerStars Hand #144260493759:  Hold'em Limit ($3/$6 USD) - 2015/11/23 9:00:56 ET
Table 'Aigyptios' 2-max Seat #1 is the button
Seat 1: Kosova1968 ($18.36 in chips)
Seat 2: NeoNH5 ($261.64 in chips)
Kosova1968: posts small blind $1
NeoNH5: posts big blind $3
*** HOLE CARDS ***
Kosova1968: raises $3 to $6
NeoNH5: folds
Uncalled bet ($3) returned to Kosova1968
Kosova1968 collected $6 from pot
*** SUMMARY ***
Total pot $6 | Rake $0
Seat 1: Kosova1968 (button) (small blind) collected ($6)
Seat 2: NeoNH5 (big blind) folded before Flop


PokerStars Hand #144260471768:  Hold'em Limit ($3/$6 USD) - 2015/11/23 9:00:14 ET
Table 'Aigyptios' 2-max Seat #1 is the button
Seat 1: Kosova1968 ($27.86 in chips)
Seat 2: NeoNH5 ($253.14 in chips)
Kosova1968: posts small blind $1
NeoNH5: posts big blind $3
*** HOLE CARDS ***
Kosova1968: raises $3 to $6
NeoNH5: calls $3
*** FLOP *** [8h 9h 8c]
NeoNH5: checks
Kosova1968: bets $3
NeoNH5: calls $3
*** TURN *** [8h 9h 8c] [Ad]
NeoNH5: checks
Kosova1968: bets $6
NeoNH5: calls $6
*** RIVER *** [8h 9h 8c Ad] [4h]
NeoNH5: checks
Kosova1968: bets $6
NeoNH5: calls $6
*** SHOW DOWN ***
Kosova1968: shows [3d 4s] (two pair, Eights and Fours)
NeoNH5: mucks hand
Kosova1968 collected $41.50 from pot
*** SUMMARY ***
Total pot $42 | Rake $0.50
Board [8h 9h 8c Ad 4h]
Seat 1: Kosova1968 (button) (small blind) showed [3d 4s] and won ($41.50) with two pair, Eights and Fours
Seat 2: NeoNH5 (big blind) mucked


PokerStars Hand #144260483627:  Hold'em Limit ($3/$6 USD) - 2015/11/23 9:00:37 ET
Table 'Aigyptios' 2-max Seat #2 is the button
Seat 1: Kosova1968 ($48.36 in chips)
Seat 2: NeoNH5 ($232.14 in chips)
NeoNH5: posts small blind $1
Kosova1968: posts big blind $3
*** HOLE CARDS ***
NeoNH5: raises $3 to $6
Kosova1968: raises $3 to $9
NeoNH5: calls $3
*** FLOP *** [4h 2d Ac]
Kosova1968: bets $3
NeoNH5: calls $3
*** TURN *** [4h 2d Ac] [Kc]
Kosova1968: bets $6
NeoNH5: raises $6 to $12
Kosova1968: calls $6
*** RIVER *** [4h 2d Ac Kc] [Qh]
Kosova1968: checks
NeoNH5: bets $6
Kosova1968: calls $6
*** SHOW DOWN ***
NeoNH5: shows [5h 3d] (a straight, Ace to Five)
Kosova1968: shows [Ts Kh] (a pair of Kings)
NeoNH5 collected $59.50 from pot
*** SUMMARY ***
Total pot $60 | Rake $0.50
Board [4h 2d Ac Kc Qh]
Seat 1: Kosova1968 (big blind) showed [Ts Kh] and lost with a pair of Kings
Seat 2: NeoNH5 (button) (small blind) showed [5h 3d] and won ($59.50) with a straight, Ace to Five


PokerStars Hand #144260517427:  Hold'em Limit ($3/$6 USD) - 2015/11/23 9:01:36 ET
Table 'Aigyptios' 2-max Seat #1 is the button
Seat 1: Kosova1968 ($118.92 in chips)
Seat 2: NeoNH5 ($279.14 in chips)
Kosova1968: posts small blind $1
NeoNH5: posts big blind $3
*** HOLE CARDS ***
Kosova1968: raises $3 to $6
NeoNH5: calls $3
*** FLOP *** [Kd 4h 6d]
NeoNH5: checks
Kosova1968: checks
*** TURN *** [Kd 4h 6d] [7c]
NeoNH5: bets $6
Kosova1968: calls $6
*** RIVER *** [Kd 4h 6d 7c] [8s]
NeoNH5: bets $6
Kosova1968: folds
Uncalled bet ($6) returned to NeoNH5
NeoNH5 collected $23.52 from pot
*** SUMMARY ***
Total pot $24 | Rake $0.48
Board [Kd 4h 6d 7c 8s]
Seat 1: Kosova1968 (button) (small blind) folded on the River
Seat 2: NeoNH5 (big blind) collected ($23.52)


PokerStars Hand #144260497288:  Hold'em Limit ($3/$6 USD) - 2015/11/23 9:01:02 ET
Table 'Aigyptios' 2-max Seat #2 is the button
Seat 1: Kosova1968 ($21.36 in chips)
Seat 2: NeoNH5 ($258.64 in chips)
NeoNH5: posts small blind $1
Kosova1968: posts big blind $3
*** HOLE CARDS ***
NeoNH5: raises $3 to $6
Kosova1968: calls $3
*** FLOP *** [6s 6d 2s]
Kosova1968: checks
NeoNH5: bets $3
Kosova1968: calls $3
*** TURN *** [6s 6d 2s] [Ad]
Kosova1968: checks
NeoNH5: checks
*** RIVER *** [6s 6d 2s Ad] [5h]
Kosova1968: bets $6
NeoNH5: raises $6 to $12
Kosova1968: calls $6
*** SHOW DOWN ***
NeoNH5: shows [As Td] (two pair, Aces and Sixes)
Kosova1968: mucks hand
NeoNH5 collected $41.50 from pot
*** SUMMARY ***
Total pot $42 | Rake $0.50
Board [6s 6d 2s Ad 5h]
Seat 1: Kosova1968 (big blind) mucked
Seat 2: NeoNH5 (button) (small blind) showed [As Td] and won ($41.50) with two pair, Aces and Sixes


PokerStars Hand #144260534268:  Hold'em Limit ($3/$6 USD) - 2015/11/23 9:02:04 ET
Table 'Aigyptios' 2-max Seat #2 is the button
Seat 1: Kosova1968 ($106.92 in chips)
Seat 2: NeoNH5 ($290.66 in chips)
NeoNH5: posts small blind $1
Kosova1968: posts big blind $3
*** HOLE CARDS ***
NeoNH5: raises $3 to $6
Kosova1968: calls $3
*** FLOP *** [4c 6d 3s]
Kosova1968: bets $3
NeoNH5: calls $3
*** TURN *** [4c 6d 3s] [7c]
Kosova1968: bets $6
NeoNH5: calls $6
*** RIVER *** [4c 6d 3s 7c] [2h]
Kosova1968: bets $6
NeoNH5: folds
Uncalled bet ($6) returned to Kosova1968
Kosova1968 collected $29.50 from pot
*** SUMMARY ***
Total pot $30 | Rake $0.50
Board [4c 6d 3s 7c 2h]
Seat 1: Kosova1968 (big blind) collected ($29.50)
Seat 2: NeoNH5 (button) (small blind) folded on the River


PokerStars Hand #144260562150:  Hold'em Limit ($3/$6 USD) - 2015/11/23 9:02:49 ET
Table 'Aigyptios' 2-max Seat #1 is the button
Seat 1: Kosova1968 ($150.68 in chips)
Seat 2: NeoNH5 ($245.66 in chips)
Kosova1968: posts small blind $1
NeoNH5: posts big blind $3
*** HOLE CARDS ***
Kosova1968: raises $3 to $6
NeoNH5: folds
Uncalled bet ($3) returned to Kosova1968
Kosova1968 collected $6 from pot
*** SUMMARY ***
Total pot $6 | Rake $0
Seat 1: Kosova1968 (button) (small blind) collected ($6)
Seat 2: NeoNH5 (big blind) folded before Flop


PokerStars Hand #144260548519:  Hold'em Limit ($3/$6 USD) - 2015/11/23 9:02:28 ET
Table 'Aigyptios' 2-max Seat #2 is the button
Seat 1: Kosova1968 ($127.18 in chips)
Seat 2: NeoNH5 ($269.66 in chips)
NeoNH5: posts small blind $1
Kosova1968: posts big blind $3
*** HOLE CARDS ***
NeoNH5: raises $3 to $6
Kosova1968: calls $3
*** FLOP *** [7s 5h 8c]
Kosova1968: bets $3
NeoNH5: raises $3 to $6
Kosova1968: calls $3
*** TURN *** [7s 5h 8c] [Td]
Kosova1968: checks
NeoNH5: bets $6
Kosova1968: calls $6
*** RIVER *** [7s 5h 8c Td] [Jh]
Kosova1968: checks
NeoNH5: bets $6
Kosova1968: calls $6
*** SHOW DOWN ***
NeoNH5: shows [2d 3d] (high card Jack)
Kosova1968: shows [Jd Ks] (a pair of Jacks)
Kosova1968 collected $47.50 from pot
*** SUMMARY ***
Total pot $48 | Rake $0.50
Board [7s 5h 8c Td Jh]
Seat 1: Kosova1968 (big blind) showed [Jd Ks] and won ($47.50) with a pair of Jacks
Seat 2: NeoNH5 (button) (small blind) showed [2d 3d] and lost with high card Jack


PokerStars Hand #144260543578:  Hold'em Limit ($3/$6 USD) - 2015/11/23 9:02:20 ET
Table 'Aigyptios' 2-max Seat #1 is the button
Seat 1: Kosova1968 ($121.42 in chips)
Seat 2: NeoNH5 ($275.66 in chips)
Kosova1968: posts small blind $1
NeoNH5: posts big blind $3
*** HOLE CARDS ***
Kosova1968: raises $3 to $6
NeoNH5: calls $3
*** FLOP *** [Tc Ks Ah]
NeoNH5: checks
Kosova1968: bets $3
NeoNH5: folds
Uncalled bet ($3) returned to Kosova1968
Kosova1968 collected $11.76 from pot
*** SUMMARY ***
Total pot $12 | Rake $0.24
Board [Tc Ks Ah]
Seat 1: Kosova1968 (button) (small blind) collected ($11.76)
Seat 2: NeoNH5 (big blind) folded on the Flop


PokerStars Hand #144260565203:  Hold'em Limit ($3/$6 USD) - 2015/11/23 9:02:54 ET
Table 'Aigyptios' 2-max Seat #2 is the button
Seat 1: Kosova1968 ($153.68 in chips)
Seat 2: NeoNH5 ($242.66 in chips)
NeoNH5: posts small blind $1
Kosova1968: posts big blind $3
*** HOLE CARDS ***
NeoNH5: raises $3 to $6
Kosova1968: calls $3
*** FLOP *** [Tc Qh 3d]
Kosova1968: checks
NeoNH5: bets $3
Kosova1968: calls $3
*** TURN *** [Tc Qh 3d] [Ks]
Kosova1968: checks
NeoNH5: bets $6
Kosova1968: raises $6 to $12
NeoNH5: raises $6 to $18
Kosova1968: folds
Uncalled bet ($6) returned to NeoNH5
NeoNH5 collected $41.50 from pot
*** SUMMARY ***
Total pot $42 | Rake $0.50
Board [Tc Qh 3d Ks]
Seat 1: Kosova1968 (big blind) folded on the Turn
Seat 2: NeoNH5 (button) (small blind) collected ($41.50)


PokerStars Hand #144260604332:  Hold'em Limit ($3/$6 USD) - 2015/11/23 9:03:57 ET
Table 'Aigyptios' 2-max Seat #1 is the button
Seat 1: Kosova1968 ($185.44 in chips)
Seat 2: NeoNH5 ($208.80 in chips)
Kosova1968: posts small blind $1
NeoNH5: posts big blind $3
*** HOLE CARDS ***
Kosova1968: raises $3 to $6
NeoNH5: calls $3
*** FLOP *** [Td Qh Ts]
NeoNH5: checks
Kosova1968: checks
*** TURN *** [Td Qh Ts] [Ah]
NeoNH5: checks
Kosova1968: checks
*** RIVER *** [Td Qh Ts Ah] [6d]
NeoNH5: checks
Kosova1968: bets $6
NeoNH5: folds
Uncalled bet ($6) returned to Kosova1968
Kosova1968 collected $11.76 from pot
*** SUMMARY ***
Total pot $12 | Rake $0.24
Board [Td Qh Ts Ah 6d]
Seat 1: Kosova1968 (button) (small blind) collected ($11.76)
Seat 2: NeoNH5 (big blind) folded on the River


PokerStars Hand #144260574774:  Hold'em Limit ($3/$6 USD) - 2015/11/23 9:03:10 ET
Table 'Aigyptios' 2-max Seat #1 is the button
Seat 1: Kosova1968 ($132.68 in chips)
Seat 2: NeoNH5 ($263.16 in chips)
Kosova1968: posts small blind $1
NeoNH5: posts big blind $3
*** HOLE CARDS ***
Kosova1968: raises $3 to $6
NeoNH5: calls $3
*** FLOP *** [9s Td 3c]
NeoNH5: bets $3
Kosova1968: calls $3
*** TURN *** [9s Td 3c] [5h]
NeoNH5: bets $6
Kosova1968: calls $6
*** RIVER *** [9s Td 3c 5h] [Jd]
NeoNH5: bets $6
Kosova1968: calls $6
*** SHOW DOWN ***
NeoNH5: shows [4h Qs] (high card Queen)
Kosova1968: shows [7d Kd] (high card King)
Kosova1968 collected $41.50 from pot
*** SUMMARY ***
Total pot $42 | Rake $0.50
Board [9s Td 3c 5h Jd]
Seat 1: Kosova1968 (button) (small blind) showed [7d Kd] and won ($41.50) with high card King
Seat 2: NeoNH5 (big blind) showed [4h Qs] and lost with high card Queen


PokerStars Hand #144260588102:  Hold'em Limit ($3/$6 USD) - 2015/11/23 9:03:31 ET
Table 'Aigyptios' 2-max Seat #1 is the button
Seat 1: Kosova1968 ($158.94 in chips)
Seat 2: NeoNH5 ($236.16 in chips)
Kosova1968: posts small blind $1
NeoNH5: posts big blind $3
*** HOLE CARDS ***
Kosova1968: raises $3 to $6
NeoNH5: raises $3 to $9
Kosova1968: calls $3
*** FLOP *** [2d Qd 4s]
NeoNH5: bets $3
Kosova1968: folds
Uncalled bet ($3) returned to NeoNH5
NeoNH5 collected $17.64 from pot
*** SUMMARY ***
Total pot $18 | Rake $0.36
Board [2d Qd 4s]
Seat 1: Kosova1968 (button) (small blind) folded on the Flop
Seat 2: NeoNH5 (big blind) collected ($17.64)


PokerStars Hand #144260583185:  Hold'em Limit ($3/$6 USD) - 2015/11/23 9:03:23 ET
Table 'Aigyptios' 2-max Seat #2 is the button
Seat 1: Kosova1968 ($153.18 in chips)
Seat 2: NeoNH5 ($242.16 in chips)
NeoNH5: posts small blind $1
Kosova1968: posts big blind $3
*** HOLE CARDS ***
NeoNH5: raises $3 to $6
Kosova1968: calls $3
*** FLOP *** [Jh 6d Jd]
Kosova1968: bets $3
NeoNH5: folds
Uncalled bet ($3) returned to Kosova1968
Kosova1968 collected $11.76 from pot
*** SUMMARY ***
Total pot $12 | Rake $0.24
Board [Jh 6d Jd]
Seat 1: Kosova1968 (big blind) collected ($11.76)
Seat 2: NeoNH5 (button) (small blind) folded on the Flop


PokerStars Hand #144260594202:  Hold'em Limit ($3/$6 USD) - 2015/11/23 9:03:41 ET
Table 'Aigyptios' 2-max Seat #2 is the button
Seat 1: Kosova1968 ($149.94 in chips)
Seat 2: NeoNH5 ($244.80 in chips)
NeoNH5: posts small blind $1
Kosova1968: posts big blind $3
*** HOLE CARDS ***
NeoNH5: raises $3 to $6
Kosova1968: calls $3
*** FLOP *** [8s Kd 2d]
Kosova1968: bets $3
NeoNH5: raises $3 to $6
Kosova1968: calls $3
*** TURN *** [8s Kd 2d] [4d]
Kosova1968: bets $6
NeoNH5: calls $6
*** RIVER *** [8s Kd 2d 4d] [Ah]
Kosova1968: bets $6
NeoNH5: raises $6 to $12
Kosova1968: raises $6 to $18
NeoNH5: calls $6
*** SHOW DOWN ***
Kosova1968: shows [Jd 6d] (a flush, King high)
NeoNH5: mucks hand
Kosova1968 collected $71.50 from pot
*** SUMMARY ***
Total pot $72 | Rake $0.50
Board [8s Kd 2d 4d Ah]
Seat 1: Kosova1968 (big blind) showed [Jd 6d] and won ($71.50) with a flush, King high
Seat 2: NeoNH5 (button) (small blind) mucked


PokerStars Hand #144260612276:  Hold'em Limit ($3/$6 USD) - 2015/11/23 9:04:10 ET
Table 'Aigyptios' 2-max Seat #2 is the button
Seat 1: Kosova1968 ($191.20 in chips)
Seat 2: NeoNH5 ($202.80 in chips)
NeoNH5: posts small blind $1
Kosova1968: posts big blind $3
*** HOLE CARDS ***
NeoNH5: raises $3 to $6
Kosova1968: calls $3
*** FLOP *** [Ks 2h 2c]
Kosova1968: bets $3
NeoNH5: raises $3 to $6
Kosova1968: calls $3
*** TURN *** [Ks 2h 2c] [4c]
Kosova1968: bets $6
NeoNH5: calls $6
*** RIVER *** [Ks 2h 2c 4c] [Qh]
Kosova1968: bets $6
NeoNH5: calls $6
*** SHOW DOWN ***
Kosova1968: shows [Kd 3s] (two pair, Kings and Deuces)
NeoNH5: mucks hand
Kosova1968 collected $47.50 from pot
*** SUMMARY ***
Total pot $48 | Rake $0.50
Board [Ks 2h 2c 4c Qh]
Seat 1: Kosova1968 (big blind) showed [Kd 3s] and won ($47.50) with two pair, Kings and Deuces
Seat 2: NeoNH5 (button) (small blind) mucked


PokerStars Hand #144260621318:  Hold'em Limit ($3/$6 USD) - 2015/11/23 9:04:24 ET
Table 'Aigyptios' 2-max Seat #1 is the button
Seat 1: Kosova1968 ($214.70 in chips)
Seat 2: NeoNH5 ($178.80 in chips)
Kosova1968: posts small blind $1
NeoNH5: posts big blind $3
*** HOLE CARDS ***
Kosova1968: raises $3 to $6
NeoNH5: calls $3
*** FLOP *** [9s Kd Ac]
NeoNH5: checks
Kosova1968: bets $3
NeoNH5: raises $3 to $6
Kosova1968: calls $3
*** TURN *** [9s Kd Ac] [2d]
NeoNH5: checks
Kosova1968: bets $6
NeoNH5: calls $6
*** RIVER *** [9s Kd Ac 2d] [Jc]
NeoNH5: checks
Kosova1968: bets $6
NeoNH5: calls $6
*** SHOW DOWN ***
Kosova1968: shows [Ah 2s] (two pair, Aces and Deuces)
NeoNH5: mucks hand
Kosova1968 collected $47.50 from pot
*** SUMMARY ***
Total pot $48 | Rake $0.50
Board [9s Kd Ac 2d Jc]
Seat 1: Kosova1968 (button) (small blind) showed [Ah 2s] and won ($47.50) with two pair, Aces and Deuces
Seat 2: NeoNH5 (big blind) mucked


PokerStars Hand #144260640548:  Hold'em Limit ($3/$6 USD) - 2015/11/23 9:04:55 ET
Table 'Aigyptios' 2-max Seat #1 is the button
Seat 1: Kosova1968 ($252.70 in chips)
Seat 2: NeoNH5 ($139.80 in chips)
Kosova1968: posts small blind $1
NeoNH5: posts big blind $3
*** HOLE CARDS ***
Kosova1968: raises $3 to $6
NeoNH5: raises $3 to $9
Kosova1968: calls $3
*** FLOP *** [Jd 4d Kc]
NeoNH5: bets $3
Kosova1968: calls $3
*** TURN *** [Jd 4d Kc] [9s]
NeoNH5: bets $6
Kosova1968: calls $6
*** RIVER *** [Jd 4d Kc 9s] [7c]
NeoNH5: checks
Kosova1968: bets $6
NeoNH5: calls $6
*** SHOW DOWN ***
Kosova1968: shows [Tc Ts] (a pair of Tens)
NeoNH5: mucks hand
Kosova1968 collected $47.50 from pot
*** SUMMARY ***
Total pot $48 | Rake $0.50
Board [Jd 4d Kc 9s 7c]
Seat 1: Kosova1968 (button) (small blind) showed [Tc Ts] and won ($47.50) with a pair of Tens
Seat 2: NeoNH5 (big blind) mucked


PokerStars Hand #144260631607:  Hold'em Limit ($3/$6 USD) - 2015/11/23 9:04:41 ET
Table 'Aigyptios' 2-max Seat #2 is the button
Seat 1: Kosova1968 ($238.20 in chips)
Seat 2: NeoNH5 ($154.80 in chips)
NeoNH5: posts small blind $1
Kosova1968: posts big blind $3
*** HOLE CARDS ***
NeoNH5: raises $3 to $6
Kosova1968: calls $3
*** FLOP *** [5h Kh 7s]
Kosova1968: bets $3
NeoNH5: calls $3
*** TURN *** [5h Kh 7s] [6c]
Kosova1968: bets $6
NeoNH5: calls $6
*** RIVER *** [5h Kh 7s 6c] [Tc]
Kosova1968: checks
NeoNH5: checks
*** SHOW DOWN ***
Kosova1968: shows [Jc 6h] (a pair of Sixes)
NeoNH5: mucks hand
Kosova1968 collected $29.50 from pot
*** SUMMARY ***
Total pot $30 | Rake $0.50
Board [5h Kh 7s 6c Tc]
Seat 1: Kosova1968 (big blind) showed [Jc 6h] and won ($29.50) with a pair of Sixes
Seat 2: NeoNH5 (button) (small blind) mucked


PokerStars Hand #144260678331:  Hold'em Limit ($3/$6 USD) - 2015/11/23 9:05:55 ET
Table 'Aigyptios' 2-max Seat #1 is the button
Seat 1: Kosova1968 ($250.95 in chips)
Seat 2: NeoNH5 ($140.05 in chips)
Kosova1968: posts small blind $1
NeoNH5: posts big blind $3
*** HOLE CARDS ***
Kosova1968: raises $3 to $6
NeoNH5: calls $3
*** FLOP *** [6h 4d Kh]
NeoNH5: checks
Kosova1968: bets $3
NeoNH5: folds
Uncalled bet ($3) returned to Kosova1968
Kosova1968 collected $11.76 from pot
*** SUMMARY ***
Total pot $12 | Rake $0.24
Board [6h 4d Kh]
Seat 1: Kosova1968 (button) (small blind) collected ($11.76)
Seat 2: NeoNH5 (big blind) folded on the Flop


PokerStars Hand #144260661918:  Hold'em Limit ($3/$6 USD) - 2015/11/23 9:05:29 ET
Table 'Aigyptios' 2-max Seat #1 is the button
Seat 1: Kosova1968 ($252.20 in chips)
Seat 2: NeoNH5 ($139.30 in chips)
Kosova1968: posts small blind $1
NeoNH5: posts big blind $3
*** HOLE CARDS ***
Kosova1968: folds
Uncalled bet ($2) returned to NeoNH5
NeoNH5 collected $2 from pot
*** SUMMARY ***
Total pot $2 | Rake $0
Seat 1: Kosova1968 (button) (small blind) folded before Flop
Seat 2: NeoNH5 (big blind) collected ($2)


PokerStars Hand #144260650668:  Hold'em Limit ($3/$6 USD) - 2015/11/23 9:05:11 ET
Table 'Aigyptios' 2-max Seat #2 is the button
Seat 1: Kosova1968 ($276.20 in chips)
Seat 2: NeoNH5 ($115.80 in chips)
NeoNH5: posts small blind $1
Kosova1968: posts big blind $3
*** HOLE CARDS ***
NeoNH5: raises $3 to $6
Kosova1968: calls $3
*** FLOP *** [4d Ts 6c]
Kosova1968: bets $3
NeoNH5: raises $3 to $6
Kosova1968: calls $3
*** TURN *** [4d Ts 6c] [2d]
Kosova1968: checks
NeoNH5: bets $6
Kosova1968: calls $6
*** RIVER *** [4d Ts 6c 2d] [Kh]
Kosova1968: checks
NeoNH5: bets $6
Kosova1968: calls $6
*** SHOW DOWN ***
NeoNH5: shows [Js Jc] (a pair of Jacks)
Kosova1968: shows [6h 3d] (a pair of Sixes)
NeoNH5 collected $47.50 from pot
*** SUMMARY ***
Total pot $48 | Rake $0.50
Board [4d Ts 6c 2d Kh]
Seat 1: Kosova1968 (big blind) showed [6h 3d] and lost with a pair of Sixes
Seat 2: NeoNH5 (button) (small blind) showed [Js Jc] and won ($47.50) with a pair of Jacks


PokerStars Hand #144260664675:  Hold'em Limit ($3/$6 USD) - 2015/11/23 9:05:33 ET
Table 'Aigyptios' 2-max Seat #2 is the button
Seat 1: Kosova1968 ($251.20 in chips)
Seat 2: NeoNH5 ($140.30 in chips)
NeoNH5: posts small blind $1
Kosova1968: posts big blind $3
*** HOLE CARDS ***
NeoNH5: raises $3 to $6
Kosova1968: calls $3
*** FLOP *** [6h 4d 3s]
Kosova1968: checks
NeoNH5: bets $3
Kosova1968: calls $3
*** TURN *** [6h 4d 3s] [Th]
Kosova1968: checks
NeoNH5: checks
*** RIVER *** [6h 4d 3s Th] [Js]
Kosova1968: checks
NeoNH5: bets $6
Kosova1968: calls $6
*** SHOW DOWN ***
NeoNH5: shows [Kd 5d] (high card King)
Kosova1968: shows [Ks 5h] (high card King)
Kosova1968 collected $14.75 from pot
NeoNH5 collected $14.75 from pot
*** SUMMARY ***
Total pot $30 | Rake $0.50
Board [6h 4d 3s Th Js]
Seat 1: Kosova1968 (big blind) showed [Ks 5h] and won ($14.75) with high card King
Seat 2: NeoNH5 (button) (small blind) showed [Kd 5d] and won ($14.75) with high card King


PokerStars Hand #144260697053:  Hold'em Limit ($3/$6 USD) - 2015/11/23 9:06:24 ET
Table 'Aigyptios' 2-max Seat #1 is the button
Seat 1: Kosova1968 ($283.21 in chips)
Seat 2: NeoNH5 ($107.05 in chips)
Kosova1968: posts small blind $1
NeoNH5: posts big blind $3
*** HOLE CARDS ***
Kosova1968: raises $3 to $6
NeoNH5: calls $3
*** FLOP *** [8h 7d 2c]
NeoNH5: checks
Kosova1968: bets $3
NeoNH5: calls $3
*** TURN *** [8h 7d 2c] [Ts]
NeoNH5: checks
Kosova1968: checks
*** RIVER *** [8h 7d 2c Ts] [3c]
NeoNH5: bets $6
Kosova1968: calls $6
*** SHOW DOWN ***
NeoNH5: shows [6h 4c] (high card Ten)
Kosova1968: shows [7s 9s] (a pair of Sevens)
Kosova1968 collected $29.50 from pot
*** SUMMARY ***
Total pot $30 | Rake $0.50
Board [8h 7d 2c Ts 3c]
Seat 1: Kosova1968 (button) (small blind) showed [7s 9s] and won ($29.50) with a pair of Sevens
Seat 2: NeoNH5 (big blind) showed [6h 4c] and lost with high card Ten


PokerStars Hand #144260704516:  Hold'em Limit ($3/$6 USD) - 2015/11/23 9:06:36 ET
Table 'Aigyptios' 2-max Seat #2 is the button
Seat 1: Kosova1968 ($297.71 in chips)
Seat 2: NeoNH5 ($92.05 in chips)
NeoNH5: posts small blind $1
Kosova1968: posts big blind $3
*** HOLE CARDS ***
NeoNH5: raises $3 to $6
Kosova1968: folds
Uncalled bet ($3) returned to NeoNH5
NeoNH5 collected $6 from pot
*** SUMMARY ***
Total pot $6 | Rake $0
Seat 1: Kosova1968 (big blind) folded before Flop
Seat 2: NeoNH5 (button) (small blind) collected ($6)


PokerStars Hand #144260707461:  Hold'em Limit ($3/$6 USD) - 2015/11/23 9:06:41 ET
Table 'Aigyptios' 2-max Seat #1 is the button
Seat 1: Kosova1968 ($294.71 in chips)
Seat 2: NeoNH5 ($95.05 in chips)
Kosova1968: posts small blind $1
NeoNH5: posts big blind $3
*** HOLE CARDS ***
Kosova1968: raises $3 to $6
NeoNH5: raises $3 to $9
Kosova1968: calls $3
*** FLOP *** [2c Ts 3d]
NeoNH5: bets $3
Kosova1968: raises $3 to $6
NeoNH5: calls $3
*** TURN *** [2c Ts 3d] [6h]
NeoNH5: checks
Kosova1968: bets $6
NeoNH5: calls $6
*** RIVER *** [2c Ts 3d 6h] [Th]
NeoNH5: checks
Kosova1968: bets $6
NeoNH5: calls $6
*** SHOW DOWN ***
Kosova1968: shows [Ks 2d] (two pair, Tens and Deuces)
NeoNH5: mucks hand
Kosova1968 collected $53.50 from pot
*** SUMMARY ***
Total pot $54 | Rake $0.50
Board [2c Ts 3d 6h Th]
Seat 1: Kosova1968 (button) (small blind) showed [Ks 2d] and won ($53.50) with two pair, Tens and Deuces
Seat 2: NeoNH5 (big blind) mucked


PokerStars Hand #144260717765:  Hold'em Limit ($3/$6 USD) - 2015/11/23 9:06:57 ET
Table 'Aigyptios' 2-max Seat #2 is the button
Seat 1: Kosova1968 ($321.21 in chips)
Seat 2: NeoNH5 ($128.05 in chips)
NeoNH5: posts small blind $1
Kosova1968: posts big blind $3
*** HOLE CARDS ***
NeoNH5: raises $3 to $6
Kosova1968: calls $3
*** FLOP *** [Td Qs 2c]
Kosova1968: bets $3
NeoNH5: calls $3
*** TURN *** [Td Qs 2c] [3d]
Kosova1968: bets $6
NeoNH5: calls $6
*** RIVER *** [Td Qs 2c 3d] [4d]
Kosova1968: bets $6
NeoNH5: calls $6
*** SHOW DOWN ***
Kosova1968: shows [Ah 7c] (high card Ace)
NeoNH5: mucks hand
Kosova1968 collected $41.50 from pot
*** SUMMARY ***
Total pot $42 | Rake $0.50
Board [Td Qs 2c 3d 4d]
Seat 1: Kosova1968 (big blind) showed [Ah 7c] and won ($41.50) with high card Ace
Seat 2: NeoNH5 (button) (small blind) mucked


PokerStars Hand #144260683927:  Hold'em Limit ($3/$6 USD) - 2015/11/23 9:06:04 ET
Table 'Aigyptios' 2-max Seat #2 is the button
Seat 1: Kosova1968 ($256.71 in chips)
Seat 2: NeoNH5 ($134.05 in chips)
NeoNH5: posts small blind $1
Kosova1968: posts big blind $3
*** HOLE CARDS ***
NeoNH5: raises $3 to $6
Kosova1968: calls $3
*** FLOP *** [6c 5c Ah]
Kosova1968: checks
NeoNH5: bets $3
Kosova1968: calls $3
*** TURN *** [6c 5c Ah] [3s]
Kosova1968: checks
NeoNH5: bets $6
Kosova1968: raises $6 to $12
NeoNH5: calls $6
*** RIVER *** [6c 5c Ah 3s] [Jc]
Kosova1968: bets $6
NeoNH5: calls $6
*** SHOW DOWN ***
Kosova1968: shows [Js 6h] (two pair, Jacks and Sixes)
NeoNH5: mucks hand
Kosova1968 collected $53.50 from pot
*** SUMMARY ***
Total pot $54 | Rake $0.50
Board [6c 5c Ah 3s Jc]
Seat 1: Kosova1968 (big blind) showed [Js 6h] and won ($53.50) with two pair, Jacks and Sixes
Seat 2: NeoNH5 (button) (small blind) mucked


PokerStars Hand #144260726404:  Hold'em Limit ($3/$6 USD) - 2015/11/23 9:07:11 ET
Table 'Aigyptios' 2-max Seat #1 is the button
Seat 1: Kosova1968 ($341.71 in chips)
Seat 2: NeoNH5 ($107.05 in chips)
Kosova1968: posts small blind $1
NeoNH5: posts big blind $3
*** HOLE CARDS ***
Kosova1968: raises $3 to $6
NeoNH5: calls $3
*** FLOP *** [4s Js 6d]
NeoNH5: checks
Kosova1968: checks
*** TURN *** [4s Js 6d] [Kd]
NeoNH5: bets $6
Kosova1968: folds
Uncalled bet ($6) returned to NeoNH5
NeoNH5 collected $11.76 from pot
*** SUMMARY ***
Total pot $12 | Rake $0.24
Board [4s Js 6d Kd]
Seat 1: Kosova1968 (button) (small blind) folded on the Turn
Seat 2: NeoNH5 (big blind) collected ($11.76)


PokerStars Hand #144260744404:  Hold'em Limit ($3/$6 USD) - 2015/11/23 9:07:39 ET
Table 'Aigyptios' 2-max Seat #2 is the button
Seat 1: Kosova1968 ($313.71 in chips)
Seat 2: NeoNH5 ($194.31 in chips)
NeoNH5: posts small blind $1
Kosova1968: posts big blind $3
*** HOLE CARDS ***
NeoNH5: raises $3 to $6
Kosova1968: calls $3
*** FLOP *** [2d Js 9s]
Kosova1968: checks
NeoNH5: bets $3
Kosova1968: calls $3
*** TURN *** [2d Js 9s] [Qs]
Kosova1968: bets $6
NeoNH5: calls $6
*** RIVER *** [2d Js 9s Qs] [Tc]
Kosova1968: bets $6
NeoNH5: raises $6 to $12
Kosova1968: calls $6
*** SHOW DOWN ***
NeoNH5: shows [Kh 8h] (a straight, Nine to King)
Kosova1968: mucks hand
NeoNH5 collected $53.50 from pot
*** SUMMARY ***
Total pot $54 | Rake $0.50
Board [2d Js 9s Qs Tc]
Seat 1: Kosova1968 (big blind) mucked
Seat 2: NeoNH5 (button) (small blind) showed [Kh 8h] and won ($53.50) with a straight, Nine to King


PokerStars Hand #144260732624:  Hold'em Limit ($3/$6 USD) - 2015/11/23 9:07:21 ET
Table 'Aigyptios' 2-max Seat #2 is the button
Seat 1: Kosova1968 ($335.71 in chips)
Seat 2: NeoNH5 ($172.81 in chips)
NeoNH5: posts small blind $1
Kosova1968: posts big blind $3
*** HOLE CARDS ***
NeoNH5: raises $3 to $6
Kosova1968: calls $3
*** FLOP *** [Qs 7c 9h]
Kosova1968: checks
NeoNH5: bets $3
Kosova1968: calls $3
*** TURN *** [Qs 7c 9h] [4d]
Kosova1968: checks
NeoNH5: bets $6
Kosova1968: calls $6
*** RIVER *** [Qs 7c 9h 4d] [5s]
Kosova1968: checks
NeoNH5: bets $6
Kosova1968: calls $6
*** SHOW DOWN ***
NeoNH5: shows [8h 6c] (a straight, Five to Nine)
Kosova1968: shows [8c 4c] (a pair of Fours)
NeoNH5 collected $41.50 from pot
*** SUMMARY ***
Total pot $42 | Rake $0.50
Board [Qs 7c 9h 4d 5s]
Seat 1: Kosova1968 (big blind) showed [8c 4c] and lost with a pair of Fours
Seat 2: NeoNH5 (button) (small blind) showed [8h 6c] and won ($41.50) with a straight, Five to Nine


PokerStars Hand #144260758445:  Hold'em Limit ($3/$6 USD) - 2015/11/23 9:08:02 ET
Table 'Aigyptios' 2-max Seat #2 is the button
Seat 1: Kosova1968 ($285.71 in chips)
Seat 2: NeoNH5 ($221.81 in chips)
NeoNH5: posts small blind $1
Kosova1968: posts big blind $3
*** HOLE CARDS ***
NeoNH5: raises $3 to $6
Kosova1968: folds
Uncalled bet ($3) returned to NeoNH5
NeoNH5 collected $6 from pot
*** SUMMARY ***
Total pot $6 | Rake $0
Seat 1: Kosova1968 (big blind) folded before Flop
Seat 2: NeoNH5 (button) (small blind) collected ($6)


PokerStars Hand #144260777313:  Hold'em Limit ($3/$6 USD) - 2015/11/23 9:08:32 ET
Table 'Aigyptios' 2-max Seat #1 is the button
Seat 1: Kosova1968 ($258.71 in chips)
Seat 2: NeoNH5 ($248.07 in chips)
Kosova1968: posts small blind $1
NeoNH5: posts big blind $3
*** HOLE CARDS ***
Kosova1968: folds
Uncalled bet ($2) returned to NeoNH5
NeoNH5 collected $2 from pot
*** SUMMARY ***
Total pot $2 | Rake $0
Seat 1: Kosova1968 (button) (small blind) folded before Flop
Seat 2: NeoNH5 (big blind) collected ($2)


PokerStars Hand #144260772580:  Hold'em Limit ($3/$6 USD) - 2015/11/23 9:08:24 ET
Table 'Aigyptios' 2-max Seat #2 is the button
Seat 1: Kosova1968 ($264.71 in chips)
Seat 2: NeoNH5 ($242.31 in chips)
NeoNH5: posts small blind $1
Kosova1968: posts big blind $3
*** HOLE CARDS ***
NeoNH5: raises $3 to $6
Kosova1968: calls $3
*** FLOP *** [9d Ad Ah]
Kosova1968: checks
NeoNH5: bets $3
Kosova1968: folds
Uncalled bet ($3) returned to NeoNH5
NeoNH5 collected $11.76 from pot
*** SUMMARY ***
Total pot $12 | Rake $0.24
Board [9d Ad Ah]
Seat 1: Kosova1968 (big blind) folded on the Flop
Seat 2: NeoNH5 (button) (small blind) collected ($11.76)


PokerStars Hand #144260761571:  Hold'em Limit ($3/$6 USD) - 2015/11/23 9:08:07 ET
Table 'Aigyptios' 2-max Seat #1 is the button
Seat 1: Kosova1968 ($282.71 in chips)
Seat 2: NeoNH5 ($224.81 in chips)
Kosova1968: posts small blind $1
NeoNH5: posts big blind $3
*** HOLE CARDS ***
Kosova1968: raises $3 to $6
NeoNH5: raises $3 to $9
Kosova1968: calls $3
*** FLOP *** [Ks 5d 6d]
NeoNH5: bets $3
Kosova1968: calls $3
*** TURN *** [Ks 5d 6d] [9c]
NeoNH5: bets $6
Kosova1968: calls $6
*** RIVER *** [Ks 5d 6d 9c] [6c]
NeoNH5: checks
Kosova1968: checks
*** SHOW DOWN ***
NeoNH5: shows [Ac 8d] (a pair of Sixes)
Kosova1968: mucks hand
NeoNH5 collected $35.50 from pot
*** SUMMARY ***
Total pot $36 | Rake $0.50
Board [Ks 5d 6d 9c 6c]
Seat 1: Kosova1968 (button) (small blind) mucked
Seat 2: NeoNH5 (big blind) showed [Ac 8d] and won ($35.50) with a pair of Sixes


PokerStars Hand #144260790491:  Hold'em Limit ($3/$6 USD) - 2015/11/23 9:08:53 ET
Table 'Aigyptios' 2-max Seat #2 is the button
Seat 1: Kosova1968 ($265.35 in chips)
Seat 2: NeoNH5 ($241.07 in chips)
NeoNH5: posts small blind $1
Kosova1968: posts big blind $3
*** HOLE CARDS ***
NeoNH5: raises $3 to $6
Kosova1968: calls $3
*** FLOP *** [8s 6h Jd]
Kosova1968: bets $3
NeoNH5: calls $3
*** TURN *** [8s 6h Jd] [Ts]
Kosova1968: bets $6
NeoNH5: calls $6
*** RIVER *** [8s 6h Jd Ts] [2s]
Kosova1968: checks
NeoNH5: checks
*** SHOW DOWN ***
Kosova1968: shows [Ac 4c] (high card Ace)
NeoNH5: mucks hand
Kosova1968 collected $29.50 from pot
*** SUMMARY ***
Total pot $30 | Rake $0.50
Board [8s 6h Jd Ts 2s]
Seat 1: Kosova1968 (big blind) showed [Ac 4c] and won ($29.50) with high card Ace
Seat 2: NeoNH5 (button) (small blind) mucked


PokerStars Hand #144260787524:  Hold'em Limit ($3/$6 USD) - 2015/11/23 9:08:48 ET
Table 'Aigyptios' 2-max Seat #1 is the button
Seat 1: Kosova1968 ($266.35 in chips)
Seat 2: NeoNH5 ($240.07 in chips)
Kosova1968: posts small blind $1
NeoNH5: posts big blind $3
*** HOLE CARDS ***
Kosova1968: folds
Uncalled bet ($2) returned to NeoNH5
NeoNH5 collected $2 from pot
*** SUMMARY ***
Total pot $2 | Rake $0
Seat 1: Kosova1968 (button) (small blind) folded before Flop
Seat 2: NeoNH5 (big blind) collected ($2)


PokerStars Hand #144260780172:  Hold'em Limit ($3/$6 USD) - 2015/11/23 9:08:36 ET
Table 'Aigyptios' 2-max Seat #2 is the button
Seat 1: Kosova1968 ($257.71 in chips)
Seat 2: NeoNH5 ($249.07 in chips)
NeoNH5: posts small blind $1
Kosova1968: posts big blind $3
*** HOLE CARDS ***
NeoNH5: raises $3 to $6
Kosova1968: calls $3
*** FLOP *** [6d 3h Kd]
Kosova1968: bets $3
NeoNH5: calls $3
*** TURN *** [6d 3h Kd] [Tc]
Kosova1968: checks
NeoNH5: checks
*** RIVER *** [6d 3h Kd Tc] [Th]
Kosova1968: bets $6
NeoNH5: folds
Uncalled bet ($6) returned to Kosova1968
Kosova1968 collected $17.64 from pot
*** SUMMARY ***
Total pot $18 | Rake $0.36
Board [6d 3h Kd Tc Th]
Seat 1: Kosova1968 (big blind) collected ($17.64)
Seat 2: NeoNH5 (button) (small blind) folded on the River


PokerStars Hand #144260833161:  Hold'em Limit ($3/$6 USD) - 2015/11/23 9:10:00 ET
Table 'Aigyptios' 2-max Seat #2 is the button
Seat 1: Kosova1968 ($308.85 in chips)
Seat 2: NeoNH5 ($195.57 in chips)
NeoNH5: posts small blind $1
Kosova1968: posts big blind $3
*** HOLE CARDS ***
NeoNH5: raises $3 to $6
Kosova1968: folds
Uncalled bet ($3) returned to NeoNH5
NeoNH5 collected $6 from pot
*** SUMMARY ***
Total pot $6 | Rake $0
Seat 1: Kosova1968 (big blind) folded before Flop
Seat 2: NeoNH5 (button) (small blind) collected ($6)


PokerStars Hand #144260825620:  Hold'em Limit ($3/$6 USD) - 2015/11/23 9:09:48 ET
Table 'Aigyptios' 2-max Seat #1 is the button
Seat 1: Kosova1968 ($294.35 in chips)
Seat 2: NeoNH5 ($210.57 in chips)
Kosova1968: posts small blind $1
NeoNH5: posts big blind $3
*** HOLE CARDS ***
Kosova1968: calls $2
NeoNH5: checks
*** FLOP *** [7s 4s 8d]
NeoNH5: bets $3
Kosova1968: raises $3 to $6
NeoNH5: calls $3
*** TURN *** [7s 4s 8d] [Ac]
NeoNH5: checks
Kosova1968: checks
*** RIVER *** [7s 4s 8d Ac] [Qh]
NeoNH5: bets $6
Kosova1968: calls $6
*** SHOW DOWN ***
NeoNH5: shows [6s 9d] (high card Ace)
Kosova1968: shows [5s 4h] (a pair of Fours)
Kosova1968 collected $29.50 from pot
*** SUMMARY ***
Total pot $30 | Rake $0.50
Board [7s 4s 8d Ac Qh]
Seat 1: Kosova1968 (button) (small blind) showed [5s 4h] and won ($29.50) with a pair of Fours
Seat 2: NeoNH5 (big blind) showed [6s 9d] and lost with high card Ace


PokerStars Hand #144260836132:  Hold'em Limit ($3/$6 USD) - 2015/11/23 9:10:05 ET
Table 'Aigyptios' 2-max Seat #1 is the button
Seat 1: Kosova1968 ($305.85 in chips)
Seat 2: NeoNH5 ($198.57 in chips)
Kosova1968: posts small blind $1
NeoNH5: posts big blind $3
*** HOLE CARDS ***
Kosova1968: raises $3 to $6
NeoNH5: calls $3
*** FLOP *** [Ac 3d Tc]
NeoNH5: checks
Kosova1968: bets $3
NeoNH5: folds
Uncalled bet ($3) returned to Kosova1968
Kosova1968 collected $11.76 from pot
*** SUMMARY ***
Total pot $12 | Rake $0.24
Board [Ac 3d Tc]
Seat 1: Kosova1968 (button) (small blind) collected ($11.76)
Seat 2: NeoNH5 (big blind) folded on the Flop


PokerStars Hand #144260810785:  Hold'em Limit ($3/$6 USD) - 2015/11/23 9:09:25 ET
Table 'Aigyptios' 2-max Seat #2 is the button
Seat 1: Kosova1968 ($261.85 in chips)
Seat 2: NeoNH5 ($243.57 in chips)
NeoNH5: posts small blind $1
Kosova1968: posts big blind $3
*** HOLE CARDS ***
NeoNH5: raises $3 to $6
Kosova1968: raises $3 to $9
NeoNH5: raises $3 to $12
Betting is capped
Kosova1968: calls $3
*** FLOP *** [Ts 8c As]
Kosova1968: checks
NeoNH5: bets $3
Kosova1968: calls $3
*** TURN *** [Ts 8c As] [6d]
Kosova1968: checks
NeoNH5: bets $6
Kosova1968: calls $6
*** RIVER *** [Ts 8c As 6d] [4d]
Kosova1968: checks
NeoNH5: bets $6
Kosova1968: raises $6 to $12
NeoNH5: calls $6
*** SHOW DOWN ***
Kosova1968: shows [8h 8d] (three of a kind, Eights)
NeoNH5: mucks hand
Kosova1968 collected $65.50 from pot
*** SUMMARY ***
Total pot $66 | Rake $0.50
Board [Ts 8c As 6d 4d]
Seat 1: Kosova1968 (big blind) showed [8h 8d] and won ($65.50) with three of a kind, Eights
Seat 2: NeoNH5 (button) (small blind) mucked


PokerStars Hand #144260801629:  Hold'em Limit ($3/$6 USD) - 2015/11/23 9:09:10 ET
Table 'Aigyptios' 2-max Seat #1 is the button
Seat 1: Kosova1968 ($279.85 in chips)
Seat 2: NeoNH5 ($226.07 in chips)
Kosova1968: posts small blind $1
NeoNH5: posts big blind $3
*** HOLE CARDS ***
Kosova1968: raises $3 to $6
NeoNH5: calls $3
*** FLOP *** [6s 5h 7c]
NeoNH5: checks
Kosova1968: checks
*** TURN *** [6s 5h 7c] [Ah]
NeoNH5: bets $6
Kosova1968: calls $6
*** RIVER *** [6s 5h 7c Ah] [7d]
NeoNH5: bets $6
Kosova1968: calls $6
*** SHOW DOWN ***
NeoNH5: shows [6c 9h] (two pair, Sevens and Sixes)
Kosova1968: mucks hand
NeoNH5 collected $35.50 from pot
*** SUMMARY ***
Total pot $36 | Rake $0.50
Board [6s 5h 7c Ah 7d]
Seat 1: Kosova1968 (button) (small blind) mucked
Seat 2: NeoNH5 (big blind) showed [6c 9h] and won ($35.50) with two pair, Sevens and Sixes


PokerStars Hand #144260869544:  Hold'em Limit ($3/$6 USD) - 2015/11/23 9:10:58 ET
Table 'Aigyptios' 2-max Seat #2 is the button
Seat 1: Kosova1968 ($283.37 in chips)
Seat 2: NeoNH5 ($219.57 in chips)
NeoNH5: posts small blind $1
Kosova1968: posts big blind $3
*** HOLE CARDS ***
NeoNH5: raises $3 to $6
Kosova1968: calls $3
*** FLOP *** [9s 5d Jc]
Kosova1968: bets $3
NeoNH5: raises $3 to $6
Kosova1968: calls $3
*** TURN *** [9s 5d Jc] [9d]
Kosova1968: checks
NeoNH5: bets $6
Kosova1968: calls $6
*** RIVER *** [9s 5d Jc 9d] [3h]
Kosova1968: checks
NeoNH5: bets $6
Kosova1968: calls $6
*** SHOW DOWN ***
NeoNH5: shows [Th Js] (two pair, Jacks and Nines)
Kosova1968: mucks hand
NeoNH5 collected $47.50 from pot
*** SUMMARY ***
Total pot $48 | Rake $0.50
Board [9s 5d Jc 9d 3h]
Seat 1: Kosova1968 (big blind) mucked
Seat 2: NeoNH5 (button) (small blind) showed [Th Js] and won ($47.50) with two pair, Jacks and Nines


PokerStars Hand #144260862785:  Hold'em Limit ($3/$6 USD) - 2015/11/23 9:10:47 ET
Table 'Aigyptios' 2-max Seat #1 is the button
Seat 1: Kosova1968 ($277.61 in chips)
Seat 2: NeoNH5 ($225.57 in chips)
Kosova1968: posts small blind $1
NeoNH5: posts big blind $3
*** HOLE CARDS ***
Kosova1968: raises $3 to $6
NeoNH5: calls $3
*** FLOP *** [Ks 4c 2h]
NeoNH5: checks
Kosova1968: checks
*** TURN *** [Ks 4c 2h] [3d]
NeoNH5: checks
Kosova1968: bets $6
NeoNH5: folds
Uncalled bet ($6) returned to Kosova1968
Kosova1968 collected $11.76 from pot
*** SUMMARY ***
Total pot $12 | Rake $0.24
Board [Ks 4c 2h 3d]
Seat 1: Kosova1968 (button) (small blind) collected ($11.76)
Seat 2: NeoNH5 (big blind) folded on the Turn


PokerStars Hand #144260851674:  Hold'em Limit ($3/$6 USD) - 2015/11/23 9:10:30 ET
Table 'Aigyptios' 2-max Seat #1 is the button
Seat 1: Kosova1968 ($293.61 in chips)
Seat 2: NeoNH5 ($210.07 in chips)
Kosova1968: posts small blind $1
NeoNH5: posts big blind $3
*** HOLE CARDS ***
Kosova1968: folds
Uncalled bet ($2) returned to NeoNH5
NeoNH5 collected $2 from pot
*** SUMMARY ***
Total pot $2 | Rake $0
Seat 1: Kosova1968 (button) (small blind) folded before Flop
Seat 2: NeoNH5 (big blind) collected ($2)


PokerStars Hand #144260841029:  Hold'em Limit ($3/$6 USD) - 2015/11/23 9:10:13 ET
Table 'Aigyptios' 2-max Seat #2 is the button
Seat 1: Kosova1968 ($311.61 in chips)
Seat 2: NeoNH5 ($192.57 in chips)
NeoNH5: posts small blind $1
Kosova1968: posts big blind $3
*** HOLE CARDS ***
NeoNH5: raises $3 to $6
Kosova1968: calls $3
*** FLOP *** [Ad Kd 3h]
Kosova1968: bets $3
NeoNH5: raises $3 to $6
Kosova1968: calls $3
*** TURN *** [Ad Kd 3h] [7c]
Kosova1968: checks
NeoNH5: bets $6
Kosova1968: calls $6
*** RIVER *** [Ad Kd 3h 7c] [7d]
Kosova1968: checks
NeoNH5: bets $6
Kosova1968: folds
Uncalled bet ($6) returned to NeoNH5
NeoNH5 collected $35.50 from pot
*** SUMMARY ***
Total pot $36 | Rake $0.50
Board [Ad Kd 3h 7c 7d]
Seat 1: Kosova1968 (big blind) folded on the River
Seat 2: NeoNH5 (button) (small blind) collected ($35.50)


PokerStars Hand #144260854425:  Hold'em Limit ($3/$6 USD) - 2015/11/23 9:10:34 ET
Table 'Aigyptios' 2-max Seat #2 is the button
Seat 1: Kosova1968 ($292.61 in chips)
Seat 2: NeoNH5 ($211.07 in chips)
NeoNH5: posts small blind $1
Kosova1968: posts big blind $3
*** HOLE CARDS ***
NeoNH5: raises $3 to $6
Kosova1968: calls $3
*** FLOP *** [5d 2s Th]
Kosova1968: bets $3
NeoNH5: calls $3
*** TURN *** [5d 2s Th] [Ad]
Kosova1968: checks
NeoNH5: checks
*** RIVER *** [5d 2s Th Ad] [Qd]
Kosova1968: bets $6
NeoNH5: calls $6
*** SHOW DOWN ***
Kosova1968: shows [4s 4h] (a pair of Fours)
NeoNH5: shows [8d 5s] (a pair of Fives)
NeoNH5 collected $29.50 from pot
*** SUMMARY ***
Total pot $30 | Rake $0.50
Board [5d 2s Th Ad Qd]
Seat 1: Kosova1968 (big blind) showed [4s 4h] and lost with a pair of Fours
Seat 2: NeoNH5 (button) (small blind) showed [8d 5s] and won ($29.50) with a pair of Fives


PokerStars Hand #144260911637:  Hold'em Limit ($3/$6 USD) - 2015/11/23 9:12:05 ET
Table 'Aigyptios' 2-max Seat #1 is the button
Seat 1: Kosova1968 ($230.25 in chips)
Seat 2: NeoNH5 ($271.09 in chips)
Kosova1968: posts small blind $1
NeoNH5: posts big blind $3
*** HOLE CARDS ***
Kosova1968: raises $3 to $6
NeoNH5: calls $3
*** FLOP *** [As 6c Ah]
NeoNH5: checks
Kosova1968: bets $3
NeoNH5: folds
Uncalled bet ($3) returned to Kosova1968
Kosova1968 collected $11.76 from pot
*** SUMMARY ***
Total pot $12 | Rake $0.24
Board [As 6c Ah]
Seat 1: Kosova1968 (button) (small blind) collected ($11.76)
Seat 2: NeoNH5 (big blind) folded on the Flop


PokerStars Hand #144260892486:  Hold'em Limit ($3/$6 USD) - 2015/11/23 9:11:34 ET
Table 'Aigyptios' 2-max Seat #1 is the button
Seat 1: Kosova1968 ($263.25 in chips)
Seat 2: NeoNH5 ($239.07 in chips)
Kosova1968: posts small blind $1
NeoNH5: posts big blind $3
*** HOLE CARDS ***
Kosova1968: raises $3 to $6
NeoNH5: calls $3
*** FLOP *** [8c Qh 3c]
NeoNH5: checks
Kosova1968: checks
*** TURN *** [8c Qh 3c] [Td]
NeoNH5: bets $6
Kosova1968: calls $6
*** RIVER *** [8c Qh 3c Td] [6h]
NeoNH5: bets $6
Kosova1968: folds
Uncalled bet ($6) returned to NeoNH5
NeoNH5 collected $23.52 from pot
*** SUMMARY ***
Total pot $24 | Rake $0.48
Board [8c Qh 3c Td 6h]
Seat 1: Kosova1968 (button) (small blind) folded on the River
Seat 2: NeoNH5 (big blind) collected ($23.52)


PokerStars Hand #144260889664:  Hold'em Limit ($3/$6 USD) - 2015/11/23 9:11:30 ET
Table 'Aigyptios' 2-max Seat #2 is the button
Seat 1: Kosova1968 ($262.25 in chips)
Seat 2: NeoNH5 ($240.07 in chips)
NeoNH5: posts small blind $1
Kosova1968: posts big blind $3
*** HOLE CARDS ***
NeoNH5: folds
Uncalled bet ($2) returned to Kosova1968
Kosova1968 collected $2 from pot
*** SUMMARY ***
Total pot $2 | Rake $0
Seat 1: Kosova1968 (big blind) collected ($2)
Seat 2: NeoNH5 (button) (small blind) folded before Flop


PokerStars Hand #144260881199:  Hold'em Limit ($3/$6 USD) - 2015/11/23 9:11:17 ET
Table 'Aigyptios' 2-max Seat #1 is the button
Seat 1: Kosova1968 ($259.37 in chips)
Seat 2: NeoNH5 ($243.07 in chips)
Kosova1968: posts small blind $1
NeoNH5: posts big blind $3
*** HOLE CARDS ***
Kosova1968: calls $2
NeoNH5: checks
*** FLOP *** [Qc 3c 8s]
NeoNH5: checks
Kosova1968: checks
*** TURN *** [Qc 3c 8s] [Kd]
NeoNH5: checks
Kosova1968: checks
*** RIVER *** [Qc 3c 8s Kd] [Ad]
NeoNH5: checks
Kosova1968: bets $6
NeoNH5: folds
Uncalled bet ($6) returned to Kosova1968
Kosova1968 collected $5.88 from pot
*** SUMMARY ***
Total pot $6 | Rake $0.12
Board [Qc 3c 8s Kd Ad]
Seat 1: Kosova1968 (button) (small blind) collected ($5.88)
Seat 2: NeoNH5 (big blind) folded on the River


PokerStars Hand #144260901917:  Hold'em Limit ($3/$6 USD) - 2015/11/23 9:11:50 ET
Table 'Aigyptios' 2-max Seat #2 is the button
Seat 1: Kosova1968 ($251.25 in chips)
Seat 2: NeoNH5 ($250.59 in chips)
NeoNH5: posts small blind $1
Kosova1968: posts big blind $3
*** HOLE CARDS ***
NeoNH5: raises $3 to $6
Kosova1968: calls $3
*** FLOP *** [3s 9s Th]
Kosova1968: checks
NeoNH5: bets $3
Kosova1968: calls $3
*** TURN *** [3s 9s Th] [9c]
Kosova1968: checks
NeoNH5: bets $6
Kosova1968: calls $6
*** RIVER *** [3s 9s Th 9c] [2d]
Kosova1968: checks
NeoNH5: bets $6
Kosova1968: calls $6
*** SHOW DOWN ***
NeoNH5: shows [Ac Ah] (two pair, Aces and Nines)
Kosova1968: mucks hand
NeoNH5 collected $41.50 from pot
*** SUMMARY ***
Total pot $42 | Rake $0.50
Board [3s 9s Th 9c 2d]
Seat 1: Kosova1968 (big blind) mucked
Seat 2: NeoNH5 (button) (small blind) showed [Ac Ah] and won ($41.50) with two pair, Aces and Nines


PokerStars Hand #144260946009:  Hold'em Limit ($3/$6 USD) - 2015/11/23 9:13:00 ET
Table 'Aigyptios' 2-max Seat #2 is the button
Seat 1: Kosova1968 ($262.01 in chips)
Seat 2: NeoNH5 ($237.59 in chips)
NeoNH5: posts small blind $1
Kosova1968: posts big blind $3
*** HOLE CARDS ***
NeoNH5: raises $3 to $6
Kosova1968: calls $3
*** FLOP *** [7c 6d 5c]
Kosova1968: bets $3
NeoNH5: raises $3 to $6
Kosova1968: calls $3
*** TURN *** [7c 6d 5c] [Js]
Kosova1968: checks
NeoNH5: checks
*** RIVER *** [7c 6d 5c Js] [7s]
Kosova1968: bets $6
NeoNH5: calls $6
*** SHOW DOWN ***
Kosova1968: shows [Kd 4d] (a pair of Sevens)
NeoNH5: shows [4h 6s] (two pair, Sevens and Sixes)
NeoNH5 collected $35.50 from pot
*** SUMMARY ***
Total pot $36 | Rake $0.50
Board [7c 6d 5c Js 7s]
Seat 1: Kosova1968 (big blind) showed [Kd 4d] and lost with a pair of Sevens
Seat 2: NeoNH5 (button) (small blind) showed [4h 6s] and won ($35.50) with two pair, Sevens and Sixes


PokerStars Hand #144260926990:  Hold'em Limit ($3/$6 USD) - 2015/11/23 9:12:30 ET
Table 'Aigyptios' 2-max Seat #1 is the button
Seat 1: Kosova1968 ($259.51 in chips)
Seat 2: NeoNH5 ($241.09 in chips)
Kosova1968: posts small blind $1
NeoNH5: posts big blind $3
*** HOLE CARDS ***
Kosova1968: raises $3 to $6
NeoNH5: folds
Uncalled bet ($3) returned to Kosova1968
Kosova1968 collected $6 from pot
*** SUMMARY ***
Total pot $6 | Rake $0
Seat 1: Kosova1968 (button) (small blind) collected ($6)
Seat 2: NeoNH5 (big blind) folded before Flop


PokerStars Hand #144260917375:  Hold'em Limit ($3/$6 USD) - 2015/11/23 9:12:14 ET
Table 'Aigyptios' 2-max Seat #2 is the button
Seat 1: Kosova1968 ($236.01 in chips)
Seat 2: NeoNH5 ($265.09 in chips)
NeoNH5: posts small blind $1
Kosova1968: posts big blind $3
*** HOLE CARDS ***
NeoNH5: raises $3 to $6
Kosova1968: calls $3
*** FLOP *** [4d Kd 4s]
Kosova1968: checks
NeoNH5: bets $3
Kosova1968: raises $3 to $6
NeoNH5: calls $3
*** TURN *** [4d Kd 4s] [8h]
Kosova1968: bets $6
NeoNH5: calls $6
*** RIVER *** [4d Kd 4s 8h] [2s]
Kosova1968: bets $6
NeoNH5: calls $6
*** SHOW DOWN ***
Kosova1968: shows [Kh 3d] (two pair, Kings and Fours)
NeoNH5: mucks hand
Kosova1968 collected $47.50 from pot
*** SUMMARY ***
Total pot $48 | Rake $0.50
Board [4d Kd 4s 8h 2s]
Seat 1: Kosova1968 (big blind) showed [Kh 3d] and won ($47.50) with two pair, Kings and Fours
Seat 2: NeoNH5 (button) (small blind) mucked


PokerStars Hand #144260937905:  Hold'em Limit ($3/$6 USD) - 2015/11/23 9:12:47 ET
Table 'Aigyptios' 2-max Seat #1 is the button
Seat 1: Kosova1968 ($247.51 in chips)
Seat 2: NeoNH5 ($252.59 in chips)
Kosova1968: posts small blind $1
NeoNH5: posts big blind $3
*** HOLE CARDS ***
Kosova1968: raises $3 to $6
NeoNH5: calls $3
*** FLOP *** [5s 5h Qs]
NeoNH5: bets $3
Kosova1968: calls $3
*** TURN *** [5s 5h Qs] [5d]
NeoNH5: bets $6
Kosova1968: calls $6
*** RIVER *** [5s 5h Qs 5d] [Jc]
NeoNH5: checks
Kosova1968: checks
*** SHOW DOWN ***
NeoNH5: shows [Ts 7d] (three of a kind, Fives)
Kosova1968: shows [Ks 2s] (three of a kind, Fives - King kicker)
Kosova1968 collected $29.50 from pot
*** SUMMARY ***
Total pot $30 | Rake $0.50
Board [5s 5h Qs 5d Jc]
Seat 1: Kosova1968 (button) (small blind) showed [Ks 2s] and won ($29.50) with three of a kind, Fives
Seat 2: NeoNH5 (big blind) showed [Ts 7d] and lost with three of a kind, Fives


PokerStars Hand #144260929975:  Hold'em Limit ($3/$6 USD) - 2015/11/23 9:12:34 ET
Table 'Aigyptios' 2-max Seat #2 is the button
Seat 1: Kosova1968 ($262.51 in chips)
Seat 2: NeoNH5 ($238.09 in chips)
NeoNH5: posts small blind $1
Kosova1968: posts big blind $3
*** HOLE CARDS ***
NeoNH5: raises $3 to $6
Kosova1968: calls $3
*** FLOP *** [Jc 7h 5c]
Kosova1968: bets $3
NeoNH5: calls $3
*** TURN *** [Jc 7h 5c] [Qd]
Kosova1968: checks
NeoNH5: checks
*** RIVER *** [Jc 7h 5c Qd] [6d]
Kosova1968: bets $6
NeoNH5: calls $6
*** SHOW DOWN ***
Kosova1968: shows [8h Tc] (high card Queen)
NeoNH5: shows [3s 6h] (a pair of Sixes)
NeoNH5 collected $29.50 from pot
*** SUMMARY ***
Total pot $30 | Rake $0.50
Board [Jc 7h 5c Qd 6d]
Seat 1: Kosova1968 (big blind) showed [8h Tc] and lost with high card Queen
Seat 2: NeoNH5 (button) (small blind) showed [3s 6h] and won ($29.50) with a pair of Sixes


PokerStars Hand #144260955060:  Hold'em Limit ($3/$6 USD) - 2015/11/23 9:13:14 ET
Table 'Aigyptios' 2-max Seat #1 is the button
Seat 1: Kosova1968 ($244.01 in chips)
Seat 2: NeoNH5 ($255.09 in chips)
Kosova1968: posts small blind $1
NeoNH5: posts big blind $3
*** HOLE CARDS ***
Kosova1968: raises $3 to $6
NeoNH5: raises $3 to $9
Kosova1968: calls $3
*** FLOP *** [Ac 2h 6c]
NeoNH5: bets $3
Kosova1968: raises $3 to $6
NeoNH5: raises $3 to $9
Kosova1968: raises $3 to $12
Betting is capped
NeoNH5: calls $3
*** TURN *** [Ac 2h 6c] [Kh]
NeoNH5: checks
Kosova1968: bets $6
NeoNH5: calls $6
*** RIVER *** [Ac 2h 6c Kh] [Qc]
NeoNH5: checks
Kosova1968: bets $6
NeoNH5: calls $6
*** SHOW DOWN ***
Kosova1968: shows [Ah Jc] (a pair of Aces)
NeoNH5: mucks hand
Kosova1968 collected $65.50 from pot
*** SUMMARY ***
Total pot $66 | Rake $0.50
Board [Ac 2h 6c Kh Qc]
Seat 1: Kosova1968 (button) (small blind) showed [Ah Jc] and won ($65.50) with a pair of Aces
Seat 2: NeoNH5 (big blind) mucked


PokerStars Hand #144260967445:  Hold'em Limit ($3/$6 USD) - 2015/11/23 9:13:34 ET
Table 'Aigyptios' 2-max Seat #2 is the button
Seat 1: Kosova1968 ($276.51 in chips)
Seat 2: NeoNH5 ($222.09 in chips)
NeoNH5: posts small blind $1
Kosova1968: posts big blind $3
*** HOLE CARDS ***
NeoNH5: raises $3 to $6
Kosova1968: calls $3
*** FLOP *** [Ts 2d Kc]
Kosova1968: checks
NeoNH5: bets $3
Kosova1968: folds
Uncalled bet ($3) returned to NeoNH5
NeoNH5 collected $11.76 from pot
*** SUMMARY ***
Total pot $12 | Rake $0.24
Board [Ts 2d Kc]
Seat 1: Kosova1968 (big blind) folded on the Flop
Seat 2: NeoNH5 (button) (small blind) collected ($11.76)


PokerStars Hand #144260972675:  Hold'em Limit ($3/$6 USD) - 2015/11/23 9:13:43 ET
Table 'Aigyptios' 2-max Seat #1 is the button
Seat 1: Kosova1968 ($270.51 in chips)
Seat 2: NeoNH5 ($227.85 in chips)
Kosova1968: posts small blind $1
NeoNH5: posts big blind $3
*** HOLE CARDS ***
Kosova1968: raises $3 to $6
NeoNH5: raises $3 to $9
Kosova1968: calls $3
*** FLOP *** [Qd 7s 2h]
NeoNH5: bets $3
Kosova1968: folds
Uncalled bet ($3) returned to NeoNH5
NeoNH5 collected $17.64 from pot
*** SUMMARY ***
Total pot $18 | Rake $0.36
Board [Qd 7s 2h]
Seat 1: Kosova1968 (button) (small blind) folded on the Flop
Seat 2: NeoNH5 (big blind) collected ($17.64)


