PokerStars Hand #150698372858:  Hold'em Limit ($3/$6 USD) - 2016/03/21 7:57:41 ET
Table 'Aigyptios II' 6-max Seat #6 is the button
Seat 4: Mudager ($120 in chips)
Seat 6: nordschrott ($30 in chips)
nordschrott: posts small blind $1
Mudager: posts big blind $3
*** HOLE CARDS ***
nordschrott: calls $2
Mudager: raises $3 to $6
nordschrott: calls $3
*** FLOP *** [Jd 4c 3s]
Mudager: bets $3
nordschrott: raises $3 to $6
Mudager: calls $3
*** TURN *** [Jd 4c 3s] [3c]
Mudager: checks
nordschrott: bets $6
nordschrott said, "zzzzzzzzzzzzzzzzz"
Mudager: calls $6
*** RIVER *** [Jd 4c 3s 3c] [8h]
Mudager: checks
nordschrott: bets $6
Mudager: calls $6
*** SHOW DOWN ***
nordschrott: shows [Kh Jc] (two pair, Jacks and Threes)
Mudager: mucks hand
nordschrott collected $47.50 from pot
*** SUMMARY ***
Total pot $48 | Rake $0.50
Board [Jd 4c 3s 3c 8h]
Seat 4: Mudager (big blind) mucked
Seat 6: nordschrott (button) (small blind) showed [Kh Jc] and won ($47.50) with two pair, Jacks and Threes


PokerStars Hand #150698417607:  Hold'em Limit ($3/$6 USD) - 2016/03/21 7:59:19 ET
Table 'Aigyptios II' 6-max Seat #6 is the button
Seat 4: Mudager ($146.50 in chips)
Seat 6: nordschrott ($26.50 in chips)
nordschrott: posts small blind $1
Mudager: posts big blind $3
*** HOLE CARDS ***
nordschrott: calls $2
Mudager: raises $3 to $6
nordschrott: calls $3
*** FLOP *** [6s 8d 2c]
Mudager: bets $3
nordschrott: calls $3
*** TURN *** [6s 8d 2c] [7c]
Mudager: checks
nordschrott: checks
*** RIVER *** [6s 8d 2c 7c] [Td]
Mudager: bets $6
nordschrott: folds
Uncalled bet ($6) returned to Mudager
Mudager collected $17.64 from pot
Mudager: doesn't show hand
*** SUMMARY ***
Total pot $18 | Rake $0.36
Board [6s 8d 2c 7c Td]
Seat 4: Mudager (big blind) collected ($17.64)
Seat 6: nordschrott (button) (small blind) folded on the River


PokerStars Hand #150698395741:  Hold'em Limit ($3/$6 USD) - 2016/03/21 7:58:31 ET
Table 'Aigyptios II' 6-max Seat #4 is the button
Seat 4: Mudager ($120 in chips)
Seat 6: nordschrott ($53.50 in chips)
Mudager: posts small blind $1
nordschrott: posts big blind $3
*** HOLE CARDS ***
Mudager: raises $3 to $6
nordschrott: calls $3
*** FLOP *** [5c 2h 6c]
nordschrott: checks
Mudager: bets $3
nordschrott: calls $3
*** TURN *** [5c 2h 6c] [5h]
nordschrott: checks
Mudager: bets $6
nordschrott: raises $6 to $12
Mudager: calls $6
*** RIVER *** [5c 2h 6c 5h] [9c]
nordschrott: bets $6
Mudager: calls $6
*** SHOW DOWN ***
nordschrott: shows [Ad Jh] (a pair of Fives)
Mudager: shows [2d 8d] (two pair, Fives and Deuces)
Mudager collected $53.50 from pot
*** SUMMARY ***
Total pot $54 | Rake $0.50
Board [5c 2h 6c 5h 9c]
Seat 4: Mudager (button) (small blind) showed [2d 8d] and won ($53.50) with two pair, Fives and Deuces
Seat 6: nordschrott (big blind) showed [Ad Jh] and lost with a pair of Fives


PokerStars Hand #150698453815:  Hold'em Limit ($3/$6 USD) - 2016/03/21 8:00:37 ET
Table 'Aigyptios II' 6-max Seat #4 is the button
Seat 4: Mudager ($145.40 in chips)
Seat 6: nordschrott ($26.50 in chips)
Mudager: posts small blind $1
nordschrott: posts big blind $3
*** HOLE CARDS ***
Mudager: folds
Uncalled bet ($2) returned to nordschrott
nordschrott collected $2 from pot
*** SUMMARY ***
Total pot $2 | Rake $0
Seat 4: Mudager (button) (small blind) folded before Flop
Seat 6: nordschrott (big blind) collected ($2)


PokerStars Hand #150698451171:  Hold'em Limit ($3/$6 USD) - 2016/03/21 8:00:31 ET
Table 'Aigyptios II' 6-max Seat #6 is the button
Seat 4: Mudager ($144.40 in chips)
Seat 6: nordschrott ($27.50 in chips)
nordschrott: posts small blind $1
Mudager: posts big blind $3
*** HOLE CARDS ***
nordschrott: folds
Uncalled bet ($2) returned to Mudager
Mudager collected $2 from pot
Mudager: doesn't show hand
*** SUMMARY ***
Total pot $2 | Rake $0
Seat 4: Mudager (big blind) collected ($2)
Seat 6: nordschrott (button) (small blind) folded before Flop


PokerStars Hand #150698443960:  Hold'em Limit ($3/$6 USD) - 2016/03/21 8:00:16 ET
Table 'Aigyptios II' 6-max Seat #4 is the button
Seat 4: Mudager ($138.64 in chips)
Seat 6: nordschrott ($33.50 in chips)
Mudager: posts small blind $1
nordschrott: posts big blind $3
*** HOLE CARDS ***
Mudager: raises $3 to $6
nordschrott: calls $3
*** FLOP *** [Kd 8d 9h]
nordschrott: checks
Mudager: bets $3
nordschrott: folds
Uncalled bet ($3) returned to Mudager
Mudager collected $11.76 from pot
Mudager: doesn't show hand
*** SUMMARY ***
Total pot $12 | Rake $0.24
Board [Kd 8d 9h]
Seat 4: Mudager (button) (small blind) collected ($11.76)
Seat 6: nordschrott (big blind) folded on the Flop


PokerStars Hand #150698440947:  Hold'em Limit ($3/$6 USD) - 2016/03/21 8:00:09 ET
Table 'Aigyptios II' 6-max Seat #6 is the button
Seat 4: Mudager ($137.64 in chips)
Seat 6: nordschrott ($34.50 in chips)
nordschrott: posts small blind $1
Mudager: posts big blind $3
*** HOLE CARDS ***
nordschrott: folds
Uncalled bet ($2) returned to Mudager
Mudager collected $2 from pot
Mudager: doesn't show hand
*** SUMMARY ***
Total pot $2 | Rake $0
Seat 4: Mudager (big blind) collected ($2)
Seat 6: nordschrott (button) (small blind) folded before Flop


PokerStars Hand #150698431025:  Hold'em Limit ($3/$6 USD) - 2016/03/21 7:59:48 ET
Table 'Aigyptios II' 6-max Seat #4 is the button
Seat 4: Mudager ($155.14 in chips)
Seat 6: nordschrott ($17.50 in chips)
Mudager: posts small blind $1
nordschrott: posts big blind $3
*** HOLE CARDS ***
Mudager: raises $3 to $6
nordschrott: raises $3 to $9
Mudager: calls $3
*** FLOP *** [As 5d 2d]
nordschrott: bets $3
Mudager: raises $3 to $6
nordschrott: raises $2.50 to $8.50 and is all-in
Mudager: calls $2.50
*** TURN *** [As 5d 2d] [9d]
*** RIVER *** [As 5d 2d 9d] [Jh]
*** SHOW DOWN ***
nordschrott: shows [Ad Qc] (a pair of Aces)
Mudager: mucks hand
nordschrott collected $34.50 from pot
*** SUMMARY ***
Total pot $35 | Rake $0.50
Board [As 5d 2d 9d Jh]
Seat 4: Mudager (button) (small blind) mucked
Seat 6: nordschrott (big blind) showed [Ad Qc] and won ($34.50) with a pair of Aces


PokerStars Hand #150698456123:  Hold'em Limit ($3/$6 USD) - 2016/03/21 8:00:42 ET
Table 'Aigyptios II' 6-max Seat #6 is the button
Seat 4: Mudager ($144.40 in chips)
Seat 6: nordschrott ($27.50 in chips)
nordschrott: posts small blind $1
Mudager: posts big blind $3
*** HOLE CARDS ***
nordschrott: calls $2
Mudager: raises $3 to $6
nordschrott: calls $3
*** FLOP *** [2s 6h 7c]
Mudager: bets $3
nordschrott: calls $3
*** TURN *** [2s 6h 7c] [6c]
Mudager: checks
nordschrott: checks
*** RIVER *** [2s 6h 7c 6c] [6s]
Mudager: checks
nordschrott: checks
*** SHOW DOWN ***
Mudager: shows [9h Kd] (three of a kind, Sixes)
nordschrott: mucks hand
Mudager collected $17.64 from pot
*** SUMMARY ***
Total pot $18 | Rake $0.36
Board [2s 6h 7c 6c 6s]
Seat 4: Mudager (big blind) showed [9h Kd] and won ($17.64) with three of a kind, Sixes
Seat 6: nordschrott (button) (small blind) mucked


PokerStars Hand #150698505343:  Hold'em Limit ($3/$6 USD) - 2016/03/21 8:02:19 ET
Table 'Aigyptios II' 6-max Seat #6 is the button
Seat 4: Mudager ($146.80 in chips)
Seat 6: nordschrott ($24.02 in chips)
nordschrott: posts small blind $1
Mudager: posts big blind $3
*** HOLE CARDS ***
nordschrott: folds
Uncalled bet ($2) returned to Mudager
Mudager collected $2 from pot
Mudager: doesn't show hand
*** SUMMARY ***
Total pot $2 | Rake $0
Seat 4: Mudager (big blind) collected ($2)
Seat 6: nordschrott (button) (small blind) folded before Flop


PokerStars Hand #150698499456:  Hold'em Limit ($3/$6 USD) - 2016/03/21 8:02:07 ET
Table 'Aigyptios II' 6-max Seat #4 is the button
Seat 4: Mudager ($141.04 in chips)
Seat 6: nordschrott ($30.02 in chips)
Mudager: posts small blind $1
nordschrott: posts big blind $3
*** HOLE CARDS ***
Mudager: raises $3 to $6
nordschrott: calls $3
*** FLOP *** [Ks 2s 4d]
nordschrott: checks
Mudager: bets $3
nordschrott: folds
Uncalled bet ($3) returned to Mudager
Mudager collected $11.76 from pot
Mudager: doesn't show hand
*** SUMMARY ***
Total pot $12 | Rake $0.24
Board [Ks 2s 4d]
Seat 4: Mudager (button) (small blind) collected ($11.76)
Seat 6: nordschrott (big blind) folded on the Flop


PokerStars Hand #150698491509:  Hold'em Limit ($3/$6 USD) - 2016/03/21 8:01:52 ET
Table 'Aigyptios II' 6-max Seat #6 is the button
Seat 4: Mudager ($144.04 in chips)
Seat 6: nordschrott ($27.14 in chips)
nordschrott: posts small blind $1
Mudager: posts big blind $3
*** HOLE CARDS ***
nordschrott: calls $2
Mudager: checks
*** FLOP *** [8s Js 8d]
Mudager: checks
nordschrott: checks
*** TURN *** [8s Js 8d] [3d]
Mudager: checks
nordschrott: bets $6
Mudager: folds
Uncalled bet ($6) returned to nordschrott
nordschrott collected $5.88 from pot
*** SUMMARY ***
Total pot $6 | Rake $0.12
Board [8s Js 8d 3d]
Seat 4: Mudager (big blind) folded on the Turn
Seat 6: nordschrott (button) (small blind) collected ($5.88)


PokerStars Hand #150698471340:  Hold'em Limit ($3/$6 USD) - 2016/03/21 8:01:13 ET
Table 'Aigyptios II' 6-max Seat #4 is the button
Seat 4: Mudager ($153.04 in chips)
Seat 6: nordschrott ($18.50 in chips)
Mudager: posts small blind $1
nordschrott: posts big blind $3
*** HOLE CARDS ***
Mudager: raises $3 to $6
nordschrott: calls $3
*** FLOP *** [2c Kh 5d]
nordschrott: checks
Mudager: bets $3
nordschrott: calls $3
*** TURN *** [2c Kh 5d] [6d]
nordschrott: checks
Mudager: checks
*** RIVER *** [2c Kh 5d 6d] [6s]
nordschrott: bets $6
Mudager: folds
Uncalled bet ($6) returned to nordschrott
nordschrott collected $17.64 from pot
nordschrott: shows [8c Jc] (a pair of Sixes)
*** SUMMARY ***
Total pot $18 | Rake $0.36
Board [2c Kh 5d 6d 6s]
Seat 4: Mudager (button) (small blind) folded on the River
Seat 6: nordschrott (big blind) collected ($17.64)


PokerStars Hand #150698541927:  Hold'em Limit ($3/$6 USD) - 2016/03/21 8:03:30 ET
Table 'Aigyptios II' 6-max Seat #6 is the button
Seat 4: Mudager ($148.30 in chips)
Seat 6: nordschrott ($21.52 in chips)
nordschrott: posts small blind $1
Mudager: posts big blind $3
*** HOLE CARDS ***
nordschrott: folds
Uncalled bet ($2) returned to Mudager
Mudager collected $2 from pot
Mudager: doesn't show hand
*** SUMMARY ***
Total pot $2 | Rake $0
Seat 4: Mudager (big blind) collected ($2)
Seat 6: nordschrott (button) (small blind) folded before Flop


PokerStars Hand #150698526538:  Hold'em Limit ($3/$6 USD) - 2016/03/21 8:03:00 ET
Table 'Aigyptios II' 6-max Seat #4 is the button
Seat 4: Mudager ($133.80 in chips)
Seat 6: nordschrott ($36.52 in chips)
Mudager: posts small blind $1
nordschrott: posts big blind $3
*** HOLE CARDS ***
Mudager: raises $3 to $6
nordschrott: calls $3
*** FLOP *** [Kd Tc Qc]
nordschrott: checks
Mudager: bets $3
nordschrott: calls $3
*** TURN *** [Kd Tc Qc] [3c]
nordschrott: checks
Mudager: bets $6
nordschrott: calls $6
*** RIVER *** [Kd Tc Qc 3c] [9s]
nordschrott: checks
Mudager: bets $6
nordschrott: folds
Uncalled bet ($6) returned to Mudager
Mudager collected $29.50 from pot
Mudager: doesn't show hand
*** SUMMARY ***
Total pot $30 | Rake $0.50
Board [Kd Tc Qc 3c 9s]
Seat 4: Mudager (button) (small blind) collected ($29.50)
Seat 6: nordschrott (big blind) folded on the River


PokerStars Hand #150698522777:  Hold'em Limit ($3/$6 USD) - 2016/03/21 8:02:53 ET
Table 'Aigyptios II' 6-max Seat #6 is the button
Seat 4: Mudager ($132.80 in chips)
Seat 6: nordschrott ($37.52 in chips)
nordschrott: posts small blind $1
Mudager: posts big blind $3
*** HOLE CARDS ***
nordschrott: folds
Uncalled bet ($2) returned to Mudager
Mudager collected $2 from pot
Mudager: doesn't show hand
*** SUMMARY ***
Total pot $2 | Rake $0
Seat 4: Mudager (big blind) collected ($2)
Seat 6: nordschrott (button) (small blind) folded before Flop


PokerStars Hand #150698508390:  Hold'em Limit ($3/$6 USD) - 2016/03/21 8:02:25 ET
Table 'Aigyptios II' 6-max Seat #4 is the button
Seat 4: Mudager ($147.80 in chips)
Seat 6: nordschrott ($23.02 in chips)
Mudager: posts small blind $1
nordschrott: posts big blind $3
*** HOLE CARDS ***
Mudager: raises $3 to $6
nordschrott: calls $3
*** FLOP *** [6d 4d 7s]
nordschrott: checks
Mudager: bets $3
nordschrott: calls $3
*** TURN *** [6d 4d 7s] [8d]
nordschrott: checks
Mudager: bets $6
nordschrott: calls $6
*** RIVER *** [6d 4d 7s 8d] [9h]
nordschrott: checks
Mudager: checks
*** SHOW DOWN ***
nordschrott: shows [7d Qc] (a pair of Sevens)
Mudager: mucks hand
nordschrott collected $29.50 from pot
*** SUMMARY ***
Total pot $30 | Rake $0.50
Board [6d 4d 7s 8d 9h]
Seat 4: Mudager (button) (small blind) mucked
Seat 6: nordschrott (big blind) showed [7d Qc] and won ($29.50) with a pair of Sevens


PokerStars Hand #150698568720:  Hold'em Limit ($3/$6 USD) - 2016/03/21 8:04:21 ET
Table 'Aigyptios II' 6-max Seat #4 is the button
Seat 4: Mudager ($172.20 in chips)
Seat 6: nordschrott ($31.05 in chips)
Mudager: posts small blind $1
nordschrott: posts big blind $3
*** HOLE CARDS ***
Mudager: raises $3 to $6
nordschrott: calls $3
*** FLOP *** [9d 3c Ts]
nordschrott: checks
Mudager: bets $3
nordschrott: folds
Uncalled bet ($3) returned to Mudager
Mudager collected $11.76 from pot
Mudager: doesn't show hand
*** SUMMARY ***
Total pot $12 | Rake $0.24
Board [9d 3c Ts]
Seat 4: Mudager (button) (small blind) collected ($11.76)
Seat 6: nordschrott (big blind) folded on the Flop


PokerStars Hand #150698561575:  Hold'em Limit ($3/$6 USD) - 2016/03/21 8:04:07 ET
Table 'Aigyptios II' 6-max Seat #6 is the button
Seat 4: Mudager ($169.32 in chips)
Seat 6: nordschrott ($34.05 in chips)
nordschrott: posts small blind $1
Mudager: posts big blind $3
*** HOLE CARDS ***
nordschrott: calls $2
Mudager: checks
*** FLOP *** [4s Js Qd]
Mudager: bets $3
nordschrott: folds
Uncalled bet ($3) returned to Mudager
Mudager collected $5.88 from pot
Mudager: doesn't show hand
*** SUMMARY ***
Total pot $6 | Rake $0.12
Board [4s Js Qd]
Seat 4: Mudager (big blind) collected ($5.88)
Seat 6: nordschrott (button) (small blind) folded on the Flop


PokerStars Hand #150698544608:  Hold'em Limit ($3/$6 USD) - 2016/03/21 8:03:35 ET
Table 'Aigyptios II' 6-max Seat #4 is the button
Seat 4: Mudager ($149.30 in chips)
Seat 6: nordschrott ($20.52 in chips)
Mudager: posts small blind $1
nordschrott: posts big blind $3
*** HOLE CARDS ***
Mudager: raises $3 to $6
nordschrott: calls $3
*** FLOP *** [Ts 9h 9s]
nordschrott: checks
Mudager: bets $3
nordschrott: raises $3 to $6
Mudager: calls $3
*** TURN *** [Ts 9h 9s] [Qs]
nordschrott: bets $6
Mudager: raises $6 to $12
nordschrott: calls $2.52 and is all-in
Uncalled bet ($3.48) returned to Mudager
*** RIVER *** [Ts 9h 9s Qs] [Jh]
*** SHOW DOWN ***
nordschrott: shows [Th 6s] (two pair, Tens and Nines)
Mudager: shows [Ad Tc] (two pair, Tens and Nines - Ace kicker)
Mudager collected $40.54 from pot
*** SUMMARY ***
Total pot $41.04 | Rake $0.50
Board [Ts 9h 9s Qs Jh]
Seat 4: Mudager (button) (small blind) showed [Ad Tc] and won ($40.54) with two pair, Tens and Nines
Seat 6: nordschrott (big blind) showed [Th 6s] and lost with two pair, Tens and Nines


PokerStars Hand #150698598520:  Hold'em Limit ($3/$6 USD) - 2016/03/21 8:05:18 ET
Table 'Aigyptios II' 6-max Seat #6 is the button
Seat 4: Mudager ($180.72 in chips)
Seat 6: nordschrott ($21.93 in chips)
nordschrott: posts small blind $1
Mudager: posts big blind $3
*** HOLE CARDS ***
nordschrott: calls $2
Mudager: checks
*** FLOP *** [Ts 9h Kd]
Grieserix joins the table at seat #1
Mudager: checks
nordschrott: bets $3
Mudager: folds
Uncalled bet ($3) returned to nordschrott
nordschrott collected $5.88 from pot
nordschrott: shows [2s 3s] (high card King)
*** SUMMARY ***
Total pot $6 | Rake $0.12
Board [Ts 9h Kd]
Seat 4: Mudager (big blind) folded on the Flop
Seat 6: nordschrott (button) (small blind) collected ($5.88)


PokerStars Hand #150698590577:  Hold'em Limit ($3/$6 USD) - 2016/03/21 8:05:02 ET
Table 'Aigyptios II' 6-max Seat #4 is the button
Seat 4: Mudager ($174.96 in chips)
Seat 6: nordschrott ($27.93 in chips)
Mudager: posts small blind $1
nordschrott: posts big blind $3
*** HOLE CARDS ***
Mudager: raises $3 to $6
nordschrott: calls $3
*** FLOP *** [Qh 2d Jc]
nordschrott: checks
Mudager: bets $3
nordschrott: folds
Uncalled bet ($3) returned to Mudager
Mudager collected $11.76 from pot
Mudager: doesn't show hand
*** SUMMARY ***
Total pot $12 | Rake $0.24
Board [Qh 2d Jc]
Seat 4: Mudager (button) (small blind) collected ($11.76)
Seat 6: nordschrott (big blind) folded on the Flop


PokerStars Hand #150698581273:  Hold'em Limit ($3/$6 USD) - 2016/03/21 8:04:45 ET
Table 'Aigyptios II' 6-max Seat #6 is the button
Seat 4: Mudager ($177.96 in chips)
Seat 6: nordschrott ($25.05 in chips)
nordschrott: posts small blind $1
Mudager: posts big blind $3
*** HOLE CARDS ***
nordschrott: calls $2
Mudager: checks
*** FLOP *** [Qs 4d Ad]
Mudager: checks
nordschrott: checks
*** TURN *** [Qs 4d Ad] [5s]
Mudager: checks
nordschrott: bets $6
Mudager: folds
Uncalled bet ($6) returned to nordschrott
nordschrott collected $5.88 from pot
*** SUMMARY ***
Total pot $6 | Rake $0.12
Board [Qs 4d Ad 5s]
Seat 4: Mudager (big blind) folded on the Turn
Seat 6: nordschrott (button) (small blind) collected ($5.88)


PokerStars Hand #150698610402:  Hold'em Limit ($3/$6 USD) - 2016/03/21 8:05:40 ET
Table 'Aigyptios II' 6-max Seat #4 is the button
Seat 4: Mudager ($177.72 in chips)
Seat 6: nordschrott ($24.81 in chips)
Mudager: posts small blind $1
nordschrott: posts big blind $3
*** HOLE CARDS ***
Mudager: raises $3 to $6
nordschrott: calls $3
*** FLOP *** [Kd Jd 2c]
nordschrott: checks
Mudager: bets $3
nordschrott: raises $3 to $6
Mudager: calls $3
*** TURN *** [Kd Jd 2c] [4c]
nordschrott: bets $6
Mudager: calls $6
*** RIVER *** [Kd Jd 2c 4c] [9c]
nordschrott: bets $6
Mudager: raises $6 to $12
nordschrott: calls $0.81 and is all-in
Uncalled bet ($5.19) returned to Mudager
*** SHOW DOWN ***
Mudager: shows [Ks 8h] (a pair of Kings)
nordschrott: shows [Kc 2h] (two pair, Kings and Deuces)
nordschrott collected $49.12 from pot
*** SUMMARY ***
Total pot $49.62 | Rake $0.50
Board [Kd Jd 2c 4c 9c]
Seat 4: Mudager (button) (small blind) showed [Ks 8h] and lost with a pair of Kings
Seat 6: nordschrott (big blind) showed [Kc 2h] and won ($49.12) with two pair, Kings and Deuces


PokerStars Hand #150703076749:  Hold'em Limit ($3/$6 USD) - 2016/03/21 10:13:45 ET
Table 'Aigyptios II' 6-max Seat #5 is the button
Seat 3: HAL9QQQ ($236.59 in chips)
Seat 5: TbIP-TbIP 88 ($104.02 in chips)
TbIP-TbIP 88: posts small blind $1
B_loJkl: is sitting out
SmellyToes4u: is sitting out
HAL9QQQ: posts big blind $3
*** HOLE CARDS ***
B_loJkl leaves the table
TbIP-TbIP 88: raises $3 to $6
HAL9QQQ: folds
Uncalled bet ($3) returned to TbIP-TbIP 88
TbIP-TbIP 88 collected $6 from pot
TbIP-TbIP 88: doesn't show hand
*** SUMMARY ***
Total pot $6 | Rake $0
Seat 3: HAL9QQQ (big blind) folded before Flop
Seat 5: TbIP-TbIP 88 (button) (small blind) collected ($6)


