PokerStars Hand #144527189008:  Hold'em Limit ($3/$6 USD) - 2015/11/28 16:32:59 ET
Table 'Ain III' 2-max Seat #2 is the button
Seat 1: jl45259071 ($836.39 in chips)
Seat 2: Bastenok ($288.52 in chips)
Bastenok: posts small blind $1
jl45259071: posts big blind $3
*** HOLE CARDS ***
Bastenok: folds
Uncalled bet ($2) returned to jl45259071
jl45259071 collected $2 from pot
jl45259071: doesn't show hand
*** SUMMARY ***
Total pot $2 | Rake $0
Seat 1: jl45259071 (big blind) collected ($2)
Seat 2: Bastenok (button) (small blind) folded before Flop


PokerStars Hand #144527212500:  Hold'em Limit ($3/$6 USD) - 2015/11/28 16:33:24 ET
Table 'Ain III' 2-max Seat #1 is the button
Seat 1: jl45259071 ($835.39 in chips)
Seat 2: Bastenok ($289.40 in chips)
jl45259071: posts small blind $1
Bastenok: posts big blind $3
*** HOLE CARDS ***
jl45259071: folds
Uncalled bet ($2) returned to Bastenok
Bastenok collected $2 from pot
Bastenok: doesn't show hand
*** SUMMARY ***
Total pot $2 | Rake $0
Seat 1: jl45259071 (button) (small blind) folded before Flop
Seat 2: Bastenok (big blind) collected ($2)


PokerStars Hand #144527208023:  Hold'em Limit ($3/$6 USD) - 2015/11/28 16:33:20 ET
Table 'Ain III' 2-max Seat #2 is the button
Seat 1: jl45259071 ($834.39 in chips)
Seat 2: Bastenok ($290.40 in chips)
Bastenok: posts small blind $1
jl45259071: posts big blind $3
*** HOLE CARDS ***
Bastenok: folds
Uncalled bet ($2) returned to jl45259071
jl45259071 collected $2 from pot
jl45259071: doesn't show hand
*** SUMMARY ***
Total pot $2 | Rake $0
Seat 1: jl45259071 (big blind) collected ($2)
Seat 2: Bastenok (button) (small blind) folded before Flop


PokerStars Hand #144527227625:  Hold'em Limit ($3/$6 USD) - 2015/11/28 16:33:41 ET
Table 'Ain III' 2-max Seat #1 is the button
Seat 1: jl45259071 ($840.15 in chips)
Seat 2: Bastenok ($284.40 in chips)
jl45259071: posts small blind $1
Bastenok: posts big blind $3
*** HOLE CARDS ***
jl45259071: raises $3 to $6
Bastenok: folds
Uncalled bet ($3) returned to jl45259071
jl45259071 collected $6 from pot
jl45259071: doesn't show hand
*** SUMMARY ***
Total pot $6 | Rake $0
Seat 1: jl45259071 (button) (small blind) collected ($6)
Seat 2: Bastenok (big blind) folded before Flop


PokerStars Hand #144527217290:  Hold'em Limit ($3/$6 USD) - 2015/11/28 16:33:29 ET
Table 'Ain III' 2-max Seat #2 is the button
Seat 1: jl45259071 ($834.39 in chips)
Seat 2: Bastenok ($290.40 in chips)
Bastenok: posts small blind $1
jl45259071: posts big blind $3
*** HOLE CARDS ***
Bastenok: raises $3 to $6
jl45259071: calls $3
*** FLOP *** [Jc 5h 7c]
jl45259071: checks
Bastenok: checks
*** TURN *** [Jc 5h 7c] [7s]
jl45259071: bets $6
Bastenok: folds
Uncalled bet ($6) returned to jl45259071
jl45259071 collected $11.76 from pot
jl45259071: doesn't show hand
*** SUMMARY ***
Total pot $12 | Rake $0.24
Board [Jc 5h 7c 7s]
Seat 1: jl45259071 (big blind) collected ($11.76)
Seat 2: Bastenok (button) (small blind) folded on the Turn


PokerStars Hand #144527234546:  Hold'em Limit ($3/$6 USD) - 2015/11/28 16:33:48 ET
Table 'Ain III' 2-max Seat #2 is the button
Seat 1: jl45259071 ($843.15 in chips)
Seat 2: Bastenok ($281.40 in chips)
Bastenok: posts small blind $1
jl45259071: posts big blind $3
*** HOLE CARDS ***
Bastenok: raises $3 to $6
jl45259071: calls $3
*** FLOP *** [3c Qc 8c]
jl45259071: checks
Bastenok: bets $3
jl45259071: folds
Uncalled bet ($3) returned to Bastenok
Bastenok collected $11.76 from pot
Bastenok: doesn't show hand
*** SUMMARY ***
Total pot $12 | Rake $0.24
Board [3c Qc 8c]
Seat 1: jl45259071 (big blind) folded on the Flop
Seat 2: Bastenok (button) (small blind) collected ($11.76)


PokerStars Hand #144527193613:  Hold'em Limit ($3/$6 USD) - 2015/11/28 16:33:04 ET
Table 'Ain III' 2-max Seat #1 is the button
Seat 1: jl45259071 ($837.39 in chips)
Seat 2: Bastenok ($287.52 in chips)
jl45259071: posts small blind $1
Bastenok: posts big blind $3
*** HOLE CARDS ***
jl45259071: calls $2
Bastenok: checks
*** FLOP *** [2d Qd As]
Bastenok: checks
jl45259071: checks
*** TURN *** [2d Qd As] [6d]
Bastenok: checks
jl45259071: checks
*** RIVER *** [2d Qd As 6d] [Kd]
Bastenok: checks
jl45259071: checks
*** SHOW DOWN ***
Bastenok: shows [Kh 3s] (a pair of Kings)
jl45259071: mucks hand
Bastenok collected $5.88 from pot
*** SUMMARY ***
Total pot $6 | Rake $0.12
Board [2d Qd As 6d Kd]
Seat 1: jl45259071 (button) (small blind) mucked
Seat 2: Bastenok (big blind) showed [Kh 3s] and won ($5.88) with a pair of Kings


PokerStars Hand #144527258919:  Hold'em Limit ($3/$6 USD) - 2015/11/28 16:34:15 ET
Table 'Ain III' 2-max Seat #2 is the button
Seat 1: jl45259071 ($840.15 in chips)
Seat 2: Bastenok ($284.16 in chips)
Bastenok: posts small blind $1
jl45259071: posts big blind $3
*** HOLE CARDS ***
Bastenok: raises $3 to $6
jl45259071: raises $3 to $9
Bastenok: calls $3
*** FLOP *** [Th 5d 8h]
jl45259071: bets $3
Bastenok: calls $3
*** TURN *** [Th 5d 8h] [Jd]
jl45259071: bets $6
Bastenok: raises $6 to $12
jl45259071: calls $6
*** RIVER *** [Th 5d 8h Jd] [Kh]
jl45259071: checks
Bastenok: bets $6
jl45259071: raises $6 to $12
Bastenok: calls $6
*** SHOW DOWN ***
jl45259071: shows [Kc Tc] (two pair, Kings and Tens)
Bastenok: mucks hand
jl45259071 collected $71.50 from pot
*** SUMMARY ***
Total pot $72 | Rake $0.50
Board [Th 5d 8h Jd Kh]
Seat 1: jl45259071 (big blind) showed [Kc Tc] and won ($71.50) with two pair, Kings and Tens
Seat 2: Bastenok (button) (small blind) mucked


PokerStars Hand #144527284717:  Hold'em Limit ($3/$6 USD) - 2015/11/28 16:34:43 ET
Table 'Ain III' 2-max Seat #1 is the button
Seat 1: jl45259071 ($875.65 in chips)
Seat 2: Bastenok ($248.16 in chips)
jl45259071: posts small blind $1
Bastenok: posts big blind $3
*** HOLE CARDS ***
jl45259071: calls $2
Bastenok: checks
*** FLOP *** [2s 3c 3s]
Bastenok: checks
jl45259071: checks
*** TURN *** [2s 3c 3s] [Qc]
Bastenok: checks
jl45259071: bets $6
Bastenok: folds
Uncalled bet ($6) returned to jl45259071
jl45259071 collected $5.88 from pot
jl45259071: doesn't show hand
*** SUMMARY ***
Total pot $6 | Rake $0.12
Board [2s 3c 3s Qc]
Seat 1: jl45259071 (button) (small blind) collected ($5.88)
Seat 2: Bastenok (big blind) folded on the Turn


PokerStars Hand #144527295579:  Hold'em Limit ($3/$6 USD) - 2015/11/28 16:34:54 ET
Table 'Ain III' 2-max Seat #2 is the button
Seat 1: jl45259071 ($878.53 in chips)
Seat 2: Bastenok ($245.16 in chips)
Bastenok: posts small blind $1
jl45259071: posts big blind $3
*** HOLE CARDS ***
Bastenok: raises $3 to $6
jl45259071: calls $3
*** FLOP *** [9d 6c Th]
jl45259071: checks
Bastenok: bets $3
jl45259071: calls $3
*** TURN *** [9d 6c Th] [7c]
jl45259071: checks
Bastenok: checks
*** RIVER *** [9d 6c Th 7c] [4c]
jl45259071: checks
Bastenok: checks
*** SHOW DOWN ***
jl45259071: shows [5s Qh] (high card Queen)
Bastenok: shows [As 5c] (high card Ace)
Bastenok collected $17.64 from pot
*** SUMMARY ***
Total pot $18 | Rake $0.36
Board [9d 6c Th 7c 4c]
Seat 1: jl45259071 (big blind) showed [5s Qh] and lost with high card Queen
Seat 2: Bastenok (button) (small blind) showed [As 5c] and won ($17.64) with high card Ace


PokerStars Hand #144527248504:  Hold'em Limit ($3/$6 USD) - 2015/11/28 16:34:03 ET
Table 'Ain III' 2-max Seat #1 is the button
Seat 1: jl45259071 ($837.15 in chips)
Seat 2: Bastenok ($287.16 in chips)
jl45259071: posts small blind $1
Bastenok: posts big blind $3
*** HOLE CARDS ***
jl45259071: raises $3 to $6
Bastenok: folds
Uncalled bet ($3) returned to jl45259071
jl45259071 collected $6 from pot
jl45259071: doesn't show hand
*** SUMMARY ***
Total pot $6 | Rake $0
Seat 1: jl45259071 (button) (small blind) collected ($6)
Seat 2: Bastenok (big blind) folded before Flop


PokerStars Hand #144527307520:  Hold'em Limit ($3/$6 USD) - 2015/11/28 16:35:07 ET
Table 'Ain III' 2-max Seat #1 is the button
Seat 1: jl45259071 ($869.53 in chips)
Seat 2: Bastenok ($253.80 in chips)
jl45259071: posts small blind $1
Bastenok: posts big blind $3
*** HOLE CARDS ***
jl45259071: calls $2
Bastenok: raises $3 to $6
jl45259071: calls $3
*** FLOP *** [Qs 7s Ts]
Bastenok: bets $3
jl45259071: calls $3
*** TURN *** [Qs 7s Ts] [8c]
Bastenok: checks
jl45259071: checks
*** RIVER *** [Qs 7s Ts 8c] [6s]
Bastenok: bets $6
jl45259071: folds
Uncalled bet ($6) returned to Bastenok
Bastenok collected $17.64 from pot
Bastenok: doesn't show hand
*** SUMMARY ***
Total pot $18 | Rake $0.36
Board [Qs 7s Ts 8c 6s]
Seat 1: jl45259071 (button) (small blind) folded on the River
Seat 2: Bastenok (big blind) collected ($17.64)


PokerStars Hand #144527327498:  Hold'em Limit ($3/$6 USD) - 2015/11/28 16:35:29 ET
Table 'Ain III' 2-max Seat #1 is the button
Seat 1: jl45259071 ($861.53 in chips)
Seat 2: Bastenok ($261.44 in chips)
jl45259071: posts small blind $1
Bastenok: posts big blind $3
*** HOLE CARDS ***
jl45259071: calls $2
Bastenok: checks
*** FLOP *** [Qs Kc 9d]
Bastenok: bets $3
jl45259071: folds
Uncalled bet ($3) returned to Bastenok
Bastenok collected $5.88 from pot
Bastenok: doesn't show hand
*** SUMMARY ***
Total pot $6 | Rake $0.12
Board [Qs Kc 9d]
Seat 1: jl45259071 (button) (small blind) folded on the Flop
Seat 2: Bastenok (big blind) collected ($5.88)


PokerStars Hand #144527350245:  Hold'em Limit ($3/$6 USD) - 2015/11/28 16:35:54 ET
Table 'Ain III' 2-max Seat #1 is the button
Seat 1: jl45259071 ($859.53 in chips)
Seat 2: Bastenok ($263.32 in chips)
jl45259071: posts small blind $1
Bastenok: posts big blind $3
*** HOLE CARDS ***
jl45259071: raises $3 to $6
Bastenok: folds
Uncalled bet ($3) returned to jl45259071
jl45259071 collected $6 from pot
jl45259071: doesn't show hand
*** SUMMARY ***
Total pot $6 | Rake $0
Seat 1: jl45259071 (button) (small blind) collected ($6)
Seat 2: Bastenok (big blind) folded before Flop


PokerStars Hand #144527344907:  Hold'em Limit ($3/$6 USD) - 2015/11/28 16:35:48 ET
Table 'Ain III' 2-max Seat #2 is the button
Seat 1: jl45259071 ($858.53 in chips)
Seat 2: Bastenok ($264.32 in chips)
Bastenok: posts small blind $1
jl45259071: posts big blind $3
*** HOLE CARDS ***
Bastenok: folds
Uncalled bet ($2) returned to jl45259071
jl45259071 collected $2 from pot
jl45259071: doesn't show hand
*** SUMMARY ***
Total pot $2 | Rake $0
Seat 1: jl45259071 (big blind) collected ($2)
Seat 2: Bastenok (button) (small blind) folded before Flop


PokerStars Hand #144527377974:  Hold'em Limit ($3/$6 USD) - 2015/11/28 16:36:25 ET
Table 'Ain III' 2-max Seat #2 is the button
Seat 1: jl45259071 ($831.53 in chips)
Seat 2: Bastenok ($290.82 in chips)
Bastenok: posts small blind $1
jl45259071: posts big blind $3
*** HOLE CARDS ***
Bastenok: folds
Uncalled bet ($2) returned to jl45259071
jl45259071 collected $2 from pot
jl45259071: doesn't show hand
*** SUMMARY ***
Total pot $2 | Rake $0
Seat 1: jl45259071 (big blind) collected ($2)
Seat 2: Bastenok (button) (small blind) folded before Flop


PokerStars Hand #144527382884:  Hold'em Limit ($3/$6 USD) - 2015/11/28 16:36:30 ET
Table 'Ain III' 2-max Seat #1 is the button
Seat 1: jl45259071 ($832.53 in chips)
Seat 2: Bastenok ($289.82 in chips)
jl45259071: posts small blind $1
Bastenok: posts big blind $3
*** HOLE CARDS ***
jl45259071: calls $2
Bastenok: raises $3 to $6
jl45259071: calls $3
*** FLOP *** [5s 7d Jh]
Bastenok: bets $3
jl45259071: calls $3
*** TURN *** [5s 7d Jh] [8h]
Bastenok: checks
jl45259071: checks
*** RIVER *** [5s 7d Jh 8h] [4h]
Bastenok: checks
jl45259071: bets $6
Bastenok: folds
Uncalled bet ($6) returned to jl45259071
jl45259071 collected $17.64 from pot
jl45259071: doesn't show hand
*** SUMMARY ***
Total pot $18 | Rake $0.36
Board [5s 7d Jh 8h 4h]
Seat 1: jl45259071 (button) (small blind) collected ($17.64)
Seat 2: Bastenok (big blind) folded on the River


PokerStars Hand #144527355892:  Hold'em Limit ($3/$6 USD) - 2015/11/28 16:36:00 ET
Table 'Ain III' 2-max Seat #2 is the button
Seat 1: jl45259071 ($862.53 in chips)
Seat 2: Bastenok ($260.32 in chips)
Bastenok: posts small blind $1
jl45259071: posts big blind $3
*** HOLE CARDS ***
Bastenok: raises $3 to $6
jl45259071: calls $3
*** FLOP *** [8d Jh 3s]
jl45259071: checks
Bastenok: bets $3
jl45259071: raises $3 to $6
Bastenok: calls $3
*** TURN *** [8d Jh 3s] [9s]
jl45259071: bets $6
Bastenok: calls $6
*** RIVER *** [8d Jh 3s 9s] [Tc]
jl45259071: bets $6
Bastenok: raises $6 to $12
jl45259071: calls $6
*** SHOW DOWN ***
Bastenok: shows [Qs 3c] (a straight, Eight to Queen)
jl45259071: mucks hand
Bastenok collected $59.50 from pot
*** SUMMARY ***
Total pot $60 | Rake $0.50
Board [8d Jh 3s 9s Tc]
Seat 1: jl45259071 (big blind) mucked
Seat 2: Bastenok (button) (small blind) showed [Qs 3c] and won ($59.50) with a straight, Eight to Queen


PokerStars Hand #144527424470:  Hold'em Limit ($3/$6 USD) - 2015/11/28 16:37:16 ET
Table 'Ain III' 2-max Seat #1 is the button
Seat 1: jl45259071 ($817.17 in chips)
Seat 2: Bastenok ($304.32 in chips)
jl45259071: posts small blind $1
Bastenok: posts big blind $3
*** HOLE CARDS ***
jl45259071: calls $2
Bastenok: checks
*** FLOP *** [9c Qd As]
Bastenok: checks
jl45259071: checks
*** TURN *** [9c Qd As] [6d]
Bastenok: bets $6
jl45259071: folds
Uncalled bet ($6) returned to Bastenok
Bastenok collected $5.88 from pot
Bastenok: doesn't show hand
*** SUMMARY ***
Total pot $6 | Rake $0.12
Board [9c Qd As 6d]
Seat 1: jl45259071 (button) (small blind) folded on the Turn
Seat 2: Bastenok (big blind) collected ($5.88)


PokerStars Hand #144527433996:  Hold'em Limit ($3/$6 USD) - 2015/11/28 16:37:26 ET
Table 'Ain III' 2-max Seat #2 is the button
Seat 1: jl45259071 ($814.17 in chips)
Seat 2: Bastenok ($307.20 in chips)
Bastenok: posts small blind $1
jl45259071: posts big blind $3
*** HOLE CARDS ***
Bastenok: raises $3 to $6
jl45259071: calls $3
*** FLOP *** [Td 2s Kh]
jl45259071: checks
Bastenok: bets $3
jl45259071: folds
Uncalled bet ($3) returned to Bastenok
Bastenok collected $11.76 from pot
Bastenok: doesn't show hand
*** SUMMARY ***
Total pot $12 | Rake $0.24
Board [Td 2s Kh]
Seat 1: jl45259071 (big blind) folded on the Flop
Seat 2: Bastenok (button) (small blind) collected ($11.76)


PokerStars Hand #144527442181:  Hold'em Limit ($3/$6 USD) - 2015/11/28 16:37:35 ET
Table 'Ain III' 2-max Seat #1 is the button
Seat 1: jl45259071 ($808.17 in chips)
Seat 2: Bastenok ($312.96 in chips)
jl45259071: posts small blind $1
Bastenok: posts big blind $3
*** HOLE CARDS ***
jl45259071: calls $2
Bastenok: checks
*** FLOP *** [Ks 6h 3h]
Bastenok: bets $3
jl45259071: calls $3
*** TURN *** [Ks 6h 3h] [3c]
Bastenok: checks
jl45259071: checks
*** RIVER *** [Ks 6h 3h 3c] [8c]
Bastenok: checks
jl45259071: checks
*** SHOW DOWN ***
Bastenok: shows [Th Jh] (a pair of Threes)
jl45259071: shows [7c Qs] (a pair of Threes - King+Queen kicker)
jl45259071 collected $11.76 from pot
*** SUMMARY ***
Total pot $12 | Rake $0.24
Board [Ks 6h 3h 3c 8c]
Seat 1: jl45259071 (button) (small blind) showed [7c Qs] and won ($11.76) with a pair of Threes
Seat 2: Bastenok (big blind) showed [Th Jh] and lost with a pair of Threes


PokerStars Hand #144527456445:  Hold'em Limit ($3/$6 USD) - 2015/11/28 16:37:51 ET
Table 'Ain III' 2-max Seat #2 is the button
Seat 1: jl45259071 ($813.93 in chips)
Seat 2: Bastenok ($306.96 in chips)
Bastenok: posts small blind $1
jl45259071: posts big blind $3
*** HOLE CARDS ***
Bastenok: raises $3 to $6
jl45259071: calls $3
*** FLOP *** [Jc Tc 4c]
jl45259071: checks
Bastenok: bets $3
jl45259071: calls $3
*** TURN *** [Jc Tc 4c] [7d]
jl45259071: checks
Bastenok: bets $6
jl45259071: calls $6
*** RIVER *** [Jc Tc 4c 7d] [7c]
jl45259071: checks
Bastenok: checks
*** SHOW DOWN ***
jl45259071: shows [2d Ac] (a flush, Ace high)
Bastenok: mucks hand
jl45259071 collected $29.50 from pot
*** SUMMARY ***
Total pot $30 | Rake $0.50
Board [Jc Tc 4c 7d 7c]
Seat 1: jl45259071 (big blind) showed [2d Ac] and won ($29.50) with a flush, Ace high
Seat 2: Bastenok (button) (small blind) mucked


PokerStars Hand #144527404840:  Hold'em Limit ($3/$6 USD) - 2015/11/28 16:36:54 ET
Table 'Ain III' 2-max Seat #2 is the button
Seat 1: jl45259071 ($841.17 in chips)
Seat 2: Bastenok ($280.82 in chips)
Bastenok: posts small blind $1
jl45259071: posts big blind $3
*** HOLE CARDS ***
Bastenok: raises $3 to $6
jl45259071: calls $3
*** FLOP *** [9h Js 5s]
jl45259071: checks
Bastenok: bets $3
jl45259071: raises $3 to $6
Bastenok: calls $3
*** TURN *** [9h Js 5s] [Kc]
jl45259071: checks
Bastenok: bets $6
jl45259071: calls $6
*** RIVER *** [9h Js 5s Kc] [Jh]
jl45259071: checks
Bastenok: bets $6
jl45259071: calls $6
*** SHOW DOWN ***
Bastenok: shows [Kd Ac] (two pair, Kings and Jacks)
jl45259071: mucks hand
Bastenok collected $47.50 from pot
*** SUMMARY ***
Total pot $48 | Rake $0.50
Board [9h Js 5s Kc Jh]
Seat 1: jl45259071 (big blind) mucked
Seat 2: Bastenok (button) (small blind) showed [Kd Ac] and won ($47.50) with two pair, Kings and Jacks


PokerStars Hand #144527489877:  Hold'em Limit ($3/$6 USD) - 2015/11/28 16:38:28 ET
Table 'Ain III' 2-max Seat #2 is the button
Seat 1: jl45259071 ($825.43 in chips)
Seat 2: Bastenok ($294.84 in chips)
Bastenok: posts small blind $1
jl45259071: posts big blind $3
*** HOLE CARDS ***
Bastenok: raises $3 to $6
jl45259071: calls $3
*** FLOP *** [4s 7c 9d]
jl45259071: checks
Bastenok: checks
*** TURN *** [4s 7c 9d] [Qs]
jl45259071: bets $6
Bastenok: raises $6 to $12
jl45259071: raises $6 to $18
Bastenok: calls $6
*** RIVER *** [4s 7c 9d Qs] [Th]
jl45259071: bets $6
Bastenok: calls $6
*** SHOW DOWN ***
jl45259071: shows [Qh 4d] (two pair, Queens and Fours)
Bastenok: mucks hand
jl45259071 collected $59.50 from pot
*** SUMMARY ***
Total pot $60 | Rake $0.50
Board [4s 7c 9d Qs Th]
Seat 1: jl45259071 (big blind) showed [Qh 4d] and won ($59.50) with two pair, Queens and Fours
Seat 2: Bastenok (button) (small blind) mucked


PokerStars Hand #144527505326:  Hold'em Limit ($3/$6 USD) - 2015/11/28 16:38:45 ET
Table 'Ain III' 2-max Seat #1 is the button
Seat 1: jl45259071 ($854.93 in chips)
Seat 2: Bastenok ($264.84 in chips)
jl45259071: posts small blind $1
Bastenok: posts big blind $3
*** HOLE CARDS ***
jl45259071: calls $2
Bastenok: checks
*** FLOP *** [5c Kh Js]
Bastenok: checks
jl45259071: checks
*** TURN *** [5c Kh Js] [9c]
Bastenok: checks
jl45259071: bets $6
Bastenok: folds
Uncalled bet ($6) returned to jl45259071
jl45259071 collected $5.88 from pot
jl45259071: doesn't show hand
*** SUMMARY ***
Total pot $6 | Rake $0.12
Board [5c Kh Js 9c]
Seat 1: jl45259071 (button) (small blind) collected ($5.88)
Seat 2: Bastenok (big blind) folded on the Turn


PokerStars Hand #144527515632:  Hold'em Limit ($3/$6 USD) - 2015/11/28 16:38:57 ET
Table 'Ain III' 2-max Seat #2 is the button
Seat 1: jl45259071 ($857.81 in chips)
Seat 2: Bastenok ($261.84 in chips)
Bastenok: posts small blind $1
jl45259071: posts big blind $3
*** HOLE CARDS ***
Bastenok: raises $3 to $6
jl45259071: calls $3
*** FLOP *** [3d Qd 5s]
jl45259071: checks
Bastenok: checks
*** TURN *** [3d Qd 5s] [5c]
jl45259071: bets $6
Bastenok: folds
Uncalled bet ($6) returned to jl45259071
jl45259071 collected $11.76 from pot
jl45259071: doesn't show hand
*** SUMMARY ***
Total pot $12 | Rake $0.24
Board [3d Qd 5s 5c]
Seat 1: jl45259071 (big blind) collected ($11.76)
Seat 2: Bastenok (button) (small blind) folded on the Turn


PokerStars Hand #144527540453:  Hold'em Limit ($3/$6 USD) - 2015/11/28 16:39:25 ET
Table 'Ain III' 2-max Seat #2 is the button
Seat 1: jl45259071 ($872.21 in chips)
Seat 2: Bastenok ($246.84 in chips)
Bastenok: posts small blind $1
jl45259071: posts big blind $3
*** HOLE CARDS ***
Bastenok: raises $3 to $6
jl45259071: calls $3
*** FLOP *** [Ks 8s 5c]
jl45259071: checks
Bastenok: bets $3
jl45259071: calls $3
*** TURN *** [Ks 8s 5c] [6s]
jl45259071: checks
Bastenok: checks
*** RIVER *** [Ks 8s 5c 6s] [9c]
jl45259071: checks
Bastenok: checks
*** SHOW DOWN ***
jl45259071: shows [3h 5s] (a pair of Fives)
Bastenok: mucks hand
jl45259071 collected $17.64 from pot
*** SUMMARY ***
Total pot $18 | Rake $0.36
Board [Ks 8s 5c 6s 9c]
Seat 1: jl45259071 (big blind) showed [3h 5s] and won ($17.64) with a pair of Fives
Seat 2: Bastenok (button) (small blind) mucked


PokerStars Hand #144527553225:  Hold'em Limit ($3/$6 USD) - 2015/11/28 16:39:39 ET
Table 'Ain III' 2-max Seat #1 is the button
Seat 1: jl45259071 ($880.85 in chips)
Seat 2: Bastenok ($237.84 in chips)
jl45259071: posts small blind $1
Bastenok: posts big blind $3
*** HOLE CARDS ***
jl45259071: calls $2
Bastenok: checks
*** FLOP *** [7c Ad Ts]
Bastenok: bets $3
jl45259071: calls $3
*** TURN *** [7c Ad Ts] [Qs]
Bastenok: bets $6
jl45259071: raises $6 to $12
Bastenok: calls $6
*** RIVER *** [7c Ad Ts Qs] [4h]
Bastenok: checks
jl45259071: bets $6
Bastenok: calls $6
*** SHOW DOWN ***
jl45259071: shows [Qc 7h] (two pair, Queens and Sevens)
Bastenok: mucks hand
jl45259071 collected $47.50 from pot
*** SUMMARY ***
Total pot $48 | Rake $0.50
Board [7c Ad Ts Qs 4h]
Seat 1: jl45259071 (button) (small blind) showed [Qc 7h] and won ($47.50) with two pair, Queens and Sevens
Seat 2: Bastenok (big blind) mucked


PokerStars Hand #144527564572:  Hold'em Limit ($3/$6 USD) - 2015/11/28 16:39:52 ET
Table 'Ain III' 2-max Seat #2 is the button
Seat 1: jl45259071 ($904.35 in chips)
Seat 2: Bastenok ($213.84 in chips)
Bastenok: posts small blind $1
jl45259071: posts big blind $3
*** HOLE CARDS ***
Bastenok: raises $3 to $6
jl45259071: calls $3
*** FLOP *** [5h Qc 5d]
jl45259071: checks
Bastenok: bets $3
jl45259071: calls $3
*** TURN *** [5h Qc 5d] [4d]
jl45259071: checks
Bastenok: bets $6
jl45259071: calls $6
*** RIVER *** [5h Qc 5d 4d] [3h]
jl45259071: checks
Bastenok: checks
*** SHOW DOWN ***
jl45259071: shows [As 2s] (a straight, Ace to Five)
Bastenok: mucks hand
jl45259071 collected $29.50 from pot
*** SUMMARY ***
Total pot $30 | Rake $0.50
Board [5h Qc 5d 4d 3h]
Seat 1: jl45259071 (big blind) showed [As 2s] and won ($29.50) with a straight, Ace to Five
Seat 2: Bastenok (button) (small blind) mucked


PokerStars Hand #144527528630:  Hold'em Limit ($3/$6 USD) - 2015/11/28 16:39:12 ET
Table 'Ain III' 2-max Seat #1 is the button
Seat 1: jl45259071 ($863.57 in chips)
Seat 2: Bastenok ($255.84 in chips)
jl45259071: posts small blind $1
Bastenok: posts big blind $3
*** HOLE CARDS ***
jl45259071: calls $2
Bastenok: checks
*** FLOP *** [7s 4d Ks]
Bastenok: checks
jl45259071: checks
*** TURN *** [7s 4d Ks] [As]
Bastenok: checks
jl45259071: checks
*** RIVER *** [7s 4d Ks As] [9s]
Bastenok: bets $6
jl45259071: calls $6
*** SHOW DOWN ***
Bastenok: shows [6c 3s] (a flush, Ace high)
jl45259071: shows [3d 8s] (a flush, Ace high - Eight higher)
jl45259071 collected $17.64 from pot
*** SUMMARY ***
Total pot $18 | Rake $0.36
Board [7s 4d Ks As 9s]
Seat 1: jl45259071 (button) (small blind) showed [3d 8s] and won ($17.64) with a flush, Ace high
Seat 2: Bastenok (big blind) showed [6c 3s] and lost with a flush, Ace high


PokerStars Hand #144527612879:  Hold'em Limit ($3/$6 USD) - 2015/11/28 16:40:46 ET
Table 'Ain III' 2-max Seat #2 is the button
Seat 1: jl45259071 ($959.49 in chips)
Seat 2: Bastenok ($156.84 in chips)
Bastenok: posts small blind $1
jl45259071: posts big blind $3
*** HOLE CARDS ***
Bastenok: raises $3 to $6
jl45259071: calls $3
*** FLOP *** [8d 3d 2h]
jl45259071: checks
Bastenok: bets $3
jl45259071: calls $3
*** TURN *** [8d 3d 2h] [Ad]
jl45259071: checks
Bastenok: bets $6
jl45259071: calls $6
*** RIVER *** [8d 3d 2h Ad] [3h]
jl45259071: checks
Bastenok: bets $6
jl45259071: folds
Uncalled bet ($6) returned to Bastenok
Bastenok collected $29.50 from pot
Bastenok: doesn't show hand
*** SUMMARY ***
Total pot $30 | Rake $0.50
Board [8d 3d 2h Ad 3h]
Seat 1: jl45259071 (big blind) folded on the River
Seat 2: Bastenok (button) (small blind) collected ($29.50)


PokerStars Hand #144527602254:  Hold'em Limit ($3/$6 USD) - 2015/11/28 16:40:34 ET
Table 'Ain III' 2-max Seat #1 is the button
Seat 1: jl45259071 ($944.99 in chips)
Seat 2: Bastenok ($171.84 in chips)
jl45259071: posts small blind $1
Bastenok: posts big blind $3
*** HOLE CARDS ***
jl45259071: calls $2
Bastenok: raises $3 to $6
jl45259071: calls $3
*** FLOP *** [Ac 3c 8s]
Bastenok: bets $3
jl45259071: calls $3
*** TURN *** [Ac 3c 8s] [2s]
Bastenok: bets $6
jl45259071: calls $6
*** RIVER *** [Ac 3c 8s 2s] [4d]
Bastenok: checks
jl45259071: checks
*** SHOW DOWN ***
Bastenok: shows [Qs Ks] (high card Ace)
jl45259071: shows [Qc 2d] (a pair of Deuces)
jl45259071 collected $29.50 from pot
*** SUMMARY ***
Total pot $30 | Rake $0.50
Board [Ac 3c 8s 2s 4d]
Seat 1: jl45259071 (button) (small blind) showed [Qc 2d] and won ($29.50) with a pair of Deuces
Seat 2: Bastenok (big blind) showed [Qs Ks] and lost with high card Ace


PokerStars Hand #144527589456:  Hold'em Limit ($3/$6 USD) - 2015/11/28 16:40:20 ET
Table 'Ain III' 2-max Seat #2 is the button
Seat 1: jl45259071 ($936.35 in chips)
Seat 2: Bastenok ($180.84 in chips)
Bastenok: posts small blind $1
jl45259071: posts big blind $3
*** HOLE CARDS ***
Bastenok: raises $3 to $6
jl45259071: calls $3
*** FLOP *** [3c Ts 8c]
jl45259071: checks
Bastenok: bets $3
jl45259071: calls $3
*** TURN *** [3c Ts 8c] [6s]
jl45259071: checks
Bastenok: checks
*** RIVER *** [3c Ts 8c 6s] [6c]
jl45259071: bets $6
Bastenok: folds
Uncalled bet ($6) returned to jl45259071
jl45259071 collected $17.64 from pot
jl45259071: doesn't show hand
*** SUMMARY ***
Total pot $18 | Rake $0.36
Board [3c Ts 8c 6s 6c]
Seat 1: jl45259071 (big blind) collected ($17.64)
Seat 2: Bastenok (button) (small blind) folded on the River


PokerStars Hand #144527578644:  Hold'em Limit ($3/$6 USD) - 2015/11/28 16:40:08 ET
Table 'Ain III' 2-max Seat #1 is the button
Seat 1: jl45259071 ($918.85 in chips)
Seat 2: Bastenok ($198.84 in chips)
jl45259071: posts small blind $1
Bastenok: posts big blind $3
*** HOLE CARDS ***
jl45259071: calls $2
Bastenok: checks
*** FLOP *** [Jd Qc Qs]
Bastenok: bets $3
jl45259071: calls $3
*** TURN *** [Jd Qc Qs] [9s]
Bastenok: bets $6
jl45259071: calls $6
*** RIVER *** [Jd Qc Qs 9s] [Ac]
Bastenok: bets $6
jl45259071: calls $6
*** SHOW DOWN ***
Bastenok: shows [Jc 6c] (two pair, Queens and Jacks)
jl45259071: shows [As 7h] (two pair, Aces and Queens)
jl45259071 collected $35.50 from pot
*** SUMMARY ***
Total pot $36 | Rake $0.50
Board [Jd Qc Qs 9s Ac]
Seat 1: jl45259071 (button) (small blind) showed [As 7h] and won ($35.50) with two pair, Aces and Queens
Seat 2: Bastenok (big blind) showed [Jc 6c] and lost with two pair, Queens and Jacks


PokerStars Hand #144527663017:  Hold'em Limit ($3/$6 USD) - 2015/11/28 16:41:42 ET
Table 'Ain III' 2-max Seat #1 is the button
Seat 1: jl45259071 ($927.01 in chips)
Seat 2: Bastenok ($187.84 in chips)
jl45259071: posts small blind $1
Bastenok: posts big blind $3
*** HOLE CARDS ***
jl45259071: raises $3 to $6
Bastenok: calls $3
*** FLOP *** [9s 8s Ac]
Bastenok: bets $3
jl45259071: raises $3 to $6
Bastenok: raises $3 to $9
jl45259071: calls $3
*** TURN *** [9s 8s Ac] [7c]
Bastenok: bets $6
jl45259071: calls $6
*** RIVER *** [9s 8s Ac 7c] [4s]
Bastenok: bets $6
jl45259071: folds
Uncalled bet ($6) returned to Bastenok
Bastenok collected $41.50 from pot
Bastenok: doesn't show hand
*** SUMMARY ***
Total pot $42 | Rake $0.50
Board [9s 8s Ac 7c 4s]
Seat 1: jl45259071 (button) (small blind) folded on the River
Seat 2: Bastenok (big blind) collected ($41.50)


PokerStars Hand #144527658320:  Hold'em Limit ($3/$6 USD) - 2015/11/28 16:41:37 ET
Table 'Ain III' 2-max Seat #2 is the button
Seat 1: jl45259071 ($930.01 in chips)
Seat 2: Bastenok ($184.84 in chips)
Bastenok: posts small blind $1
jl45259071: posts big blind $3
*** HOLE CARDS ***
Bastenok: raises $3 to $6
jl45259071: folds
Uncalled bet ($3) returned to Bastenok
Bastenok collected $6 from pot
Bastenok: doesn't show hand
*** SUMMARY ***
Total pot $6 | Rake $0
Seat 1: jl45259071 (big blind) folded before Flop
Seat 2: Bastenok (button) (small blind) collected ($6)


PokerStars Hand #144527646046:  Hold'em Limit ($3/$6 USD) - 2015/11/28 16:41:24 ET
Table 'Ain III' 2-max Seat #1 is the button
Seat 1: jl45259071 ($957.01 in chips)
Seat 2: Bastenok ($158.34 in chips)
jl45259071: posts small blind $1
Bastenok: posts big blind $3
*** HOLE CARDS ***
jl45259071: raises $3 to $6
Bastenok: calls $3
*** FLOP *** [Qs Qc 8d]
Bastenok: bets $3
jl45259071: raises $3 to $6
Bastenok: raises $3 to $9
jl45259071: calls $3
*** TURN *** [Qs Qc 8d] [4d]
Bastenok: bets $6
jl45259071: calls $6
*** RIVER *** [Qs Qc 8d 4d] [8c]
Bastenok: bets $6
jl45259071: calls $6
*** SHOW DOWN ***
Bastenok: shows [8h Tc] (a full house, Eights full of Queens)
jl45259071: mucks hand
Bastenok collected $53.50 from pot
*** SUMMARY ***
Total pot $54 | Rake $0.50
Board [Qs Qc 8d 4d 8c]
Seat 1: jl45259071 (button) (small blind) mucked
Seat 2: Bastenok (big blind) showed [8h Tc] and won ($53.50) with a full house, Eights full of Queens


PokerStars Hand #144527641307:  Hold'em Limit ($3/$6 USD) - 2015/11/28 16:41:18 ET
Table 'Ain III' 2-max Seat #2 is the button
Seat 1: jl45259071 ($956.01 in chips)
Seat 2: Bastenok ($159.34 in chips)
Bastenok: posts small blind $1
jl45259071: posts big blind $3
*** HOLE CARDS ***
Bastenok: folds
Uncalled bet ($2) returned to jl45259071
jl45259071 collected $2 from pot
jl45259071: doesn't show hand
*** SUMMARY ***
Total pot $2 | Rake $0
Seat 1: jl45259071 (big blind) collected ($2)
Seat 2: Bastenok (button) (small blind) folded before Flop


PokerStars Hand #144527627692:  Hold'em Limit ($3/$6 USD) - 2015/11/28 16:41:03 ET
Table 'Ain III' 2-max Seat #1 is the button
Seat 1: jl45259071 ($944.49 in chips)
Seat 2: Bastenok ($171.34 in chips)
jl45259071: posts small blind $1
Bastenok: posts big blind $3
*** HOLE CARDS ***
jl45259071: calls $2
Bastenok: checks
*** FLOP *** [5h 6c 8s]
Bastenok: bets $3
jl45259071: calls $3
*** TURN *** [5h 6c 8s] [Jd]
Bastenok: checks
jl45259071: bets $6
Bastenok: calls $6
*** RIVER *** [5h 6c 8s Jd] [9h]
Bastenok: checks
jl45259071: bets $6
Bastenok: folds
Uncalled bet ($6) returned to jl45259071
jl45259071 collected $23.52 from pot
jl45259071: doesn't show hand
*** SUMMARY ***
Total pot $24 | Rake $0.48
Board [5h 6c 8s Jd 9h]
Seat 1: jl45259071 (button) (small blind) collected ($23.52)
Seat 2: Bastenok (big blind) folded on the River


PokerStars Hand #144527727922:  Hold'em Limit ($3/$6 USD) - 2015/11/28 16:42:56 ET
Table 'Ain III' 2-max Seat #2 is the button
Seat 1: jl45259071 ($861.65 in chips)
Seat 2: Bastenok ($251.10 in chips)
Bastenok: posts small blind $1
jl45259071: posts big blind $3
*** HOLE CARDS ***
Bastenok: raises $3 to $6
jl45259071: calls $3
*** FLOP *** [8c 3s As]
jl45259071: checks
Bastenok: bets $3
jl45259071: calls $3
*** TURN *** [8c 3s As] [2h]
jl45259071: checks
Bastenok: checks
*** RIVER *** [8c 3s As 2h] [7d]
jl45259071: bets $6
Bastenok: calls $6
*** SHOW DOWN ***
jl45259071: shows [2d 2s] (three of a kind, Deuces)
Bastenok: mucks hand
jl45259071 collected $29.50 from pot
*** SUMMARY ***
Total pot $30 | Rake $0.50
Board [8c 3s As 2h 7d]
Seat 1: jl45259071 (big blind) showed [2d 2s] and won ($29.50) with three of a kind, Deuces
Seat 2: Bastenok (button) (small blind) mucked


PokerStars Hand #144527709545:  Hold'em Limit ($3/$6 USD) - 2015/11/28 16:42:35 ET
Table 'Ain III' 2-max Seat #2 is the button
Seat 1: jl45259071 ($891.65 in chips)
Seat 2: Bastenok ($221.60 in chips)
Bastenok: posts small blind $1
jl45259071: posts big blind $3
*** HOLE CARDS ***
Bastenok: raises $3 to $6
jl45259071: folds
Uncalled bet ($3) returned to Bastenok
Bastenok collected $6 from pot
Bastenok: doesn't show hand
*** SUMMARY ***
Total pot $6 | Rake $0
Seat 1: jl45259071 (big blind) folded before Flop
Seat 2: Bastenok (button) (small blind) collected ($6)


PokerStars Hand #144527698674:  Hold'em Limit ($3/$6 USD) - 2015/11/28 16:42:23 ET
Table 'Ain III' 2-max Seat #1 is the button
Seat 1: jl45259071 ($883.01 in chips)
Seat 2: Bastenok ($230.60 in chips)
jl45259071: posts small blind $1
Bastenok: posts big blind $3
*** HOLE CARDS ***
jl45259071: raises $3 to $6
Bastenok: calls $3
*** FLOP *** [5c 4d 4h]
Bastenok: checks
jl45259071: bets $3
Bastenok: calls $3
*** TURN *** [5c 4d 4h] [9c]
Bastenok: checks
jl45259071: checks
*** RIVER *** [5c 4d 4h 9c] [2s]
Bastenok: checks
jl45259071: checks
*** SHOW DOWN ***
Bastenok: shows [7c Js] (a pair of Fours)
jl45259071: shows [7h Ac] (a pair of Fours - Ace kicker)
jl45259071 collected $17.64 from pot
*** SUMMARY ***
Total pot $18 | Rake $0.36
Board [5c 4d 4h 9c 2s]
Seat 1: jl45259071 (button) (small blind) showed [7h Ac] and won ($17.64) with a pair of Fours
Seat 2: Bastenok (big blind) showed [7c Js] and lost with a pair of Fours


PokerStars Hand #144527694769:  Hold'em Limit ($3/$6 USD) - 2015/11/28 16:42:18 ET
Table 'Ain III' 2-max Seat #2 is the button
Seat 1: jl45259071 ($882.01 in chips)
Seat 2: Bastenok ($231.60 in chips)
Bastenok: posts small blind $1
jl45259071: posts big blind $3
*** HOLE CARDS ***
Bastenok: folds
Uncalled bet ($2) returned to jl45259071
jl45259071 collected $2 from pot
jl45259071: doesn't show hand
*** SUMMARY ***
Total pot $2 | Rake $0
Seat 1: jl45259071 (big blind) collected ($2)
Seat 2: Bastenok (button) (small blind) folded before Flop


PokerStars Hand #144527683869:  Hold'em Limit ($3/$6 USD) - 2015/11/28 16:42:06 ET
Table 'Ain III' 2-max Seat #1 is the button
Seat 1: jl45259071 ($900.01 in chips)
Seat 2: Bastenok ($214.10 in chips)
jl45259071: posts small blind $1
Bastenok: posts big blind $3
*** HOLE CARDS ***
jl45259071: calls $2
Bastenok: checks
*** FLOP *** [9h Tc 6s]
Bastenok: bets $3
jl45259071: calls $3
*** TURN *** [9h Tc 6s] [4h]
Bastenok: bets $6
jl45259071: calls $6
*** RIVER *** [9h Tc 6s 4h] [Ac]
Bastenok: bets $6
jl45259071: calls $6
*** SHOW DOWN ***
Bastenok: shows [5c Ts] (a pair of Tens)
jl45259071: mucks hand
Bastenok collected $35.50 from pot
*** SUMMARY ***
Total pot $36 | Rake $0.50
Board [9h Tc 6s 4h Ac]
Seat 1: jl45259071 (button) (small blind) mucked
Seat 2: Bastenok (big blind) showed [5c Ts] and won ($35.50) with a pair of Tens


PokerStars Hand #144527775413:  Hold'em Limit ($3/$6 USD) - 2015/11/28 16:43:49 ET
Table 'Ain III' 2-max Seat #1 is the button
Seat 1: jl45259071 ($935.15 in chips)
Seat 2: Bastenok ($176.10 in chips)
jl45259071: posts small blind $1
Bastenok: posts big blind $3
*** HOLE CARDS ***
jl45259071: calls $2
Bastenok: checks
*** FLOP *** [As 9d Ts]
Bastenok: checks
jl45259071: checks
*** TURN *** [As 9d Ts] [Kh]
Bastenok: checks
jl45259071: checks
*** RIVER *** [As 9d Ts Kh] [8d]
Bastenok: checks
jl45259071: checks
*** SHOW DOWN ***
Bastenok: shows [8h 3h] (a pair of Eights)
jl45259071: mucks hand
Bastenok collected $5.88 from pot
*** SUMMARY ***
Total pot $6 | Rake $0.12
Board [As 9d Ts Kh 8d]
Seat 1: jl45259071 (button) (small blind) mucked
Seat 2: Bastenok (big blind) showed [8h 3h] and won ($5.88) with a pair of Eights


PokerStars Hand #144527760599:  Hold'em Limit ($3/$6 USD) - 2015/11/28 16:43:32 ET
Table 'Ain III' 2-max Seat #2 is the button
Seat 1: jl45259071 ($899.65 in chips)
Seat 2: Bastenok ($212.10 in chips)
Bastenok: posts small blind $1
jl45259071: posts big blind $3
*** HOLE CARDS ***
Bastenok: raises $3 to $6
jl45259071: raises $3 to $9
Bastenok: raises $3 to $12
Betting is capped
jl45259071: calls $3
*** FLOP *** [5c Qd Jd]
jl45259071: bets $3
Bastenok: raises $3 to $6
jl45259071: calls $3
*** TURN *** [5c Qd Jd] [3d]
jl45259071: checks
Bastenok: bets $6
jl45259071: raises $6 to $12
Bastenok: calls $6
*** RIVER *** [5c Qd Jd 3d] [Jc]
jl45259071: bets $6
Bastenok: calls $6
*** SHOW DOWN ***
jl45259071: shows [3h 3c] (a full house, Threes full of Jacks)
Bastenok: mucks hand
jl45259071 collected $71.50 from pot
*** SUMMARY ***
Total pot $72 | Rake $0.50
Board [5c Qd Jd 3d Jc]
Seat 1: jl45259071 (big blind) showed [3h 3c] and won ($71.50) with a full house, Threes full of Jacks
Seat 2: Bastenok (button) (small blind) mucked


PokerStars Hand #144527743642:  Hold'em Limit ($3/$6 USD) - 2015/11/28 16:43:13 ET
Table 'Ain III' 2-max Seat #2 is the button
Seat 1: jl45259071 ($879.15 in chips)
Seat 2: Bastenok ($233.10 in chips)
Bastenok: posts small blind $1
jl45259071: posts big blind $3
*** HOLE CARDS ***
Bastenok: raises $3 to $6
jl45259071: folds
Uncalled bet ($3) returned to Bastenok
Bastenok collected $6 from pot
Bastenok: doesn't show hand
*** SUMMARY ***
Total pot $6 | Rake $0
Seat 1: jl45259071 (big blind) folded before Flop
Seat 2: Bastenok (button) (small blind) collected ($6)


PokerStars Hand #144527738840:  Hold'em Limit ($3/$6 USD) - 2015/11/28 16:43:08 ET
Table 'Ain III' 2-max Seat #1 is the button
Seat 1: jl45259071 ($876.15 in chips)
Seat 2: Bastenok ($236.10 in chips)
jl45259071: posts small blind $1
Bastenok: posts big blind $3
*** HOLE CARDS ***
jl45259071: raises $3 to $6
Bastenok: folds
Uncalled bet ($3) returned to jl45259071
jl45259071 collected $6 from pot
jl45259071: doesn't show hand
*** SUMMARY ***
Total pot $6 | Rake $0
Seat 1: jl45259071 (button) (small blind) collected ($6)
Seat 2: Bastenok (big blind) folded before Flop


PokerStars Hand #144527836938:  Hold'em Limit ($3/$6 USD) - 2015/11/28 16:44:59 ET
Table 'Ain III' 2-max Seat #1 is the button
Seat 1: jl45259071 ($988.67 in chips)
Seat 2: Bastenok ($120.98 in chips)
jl45259071: posts small blind $1
Bastenok: posts big blind $3
*** HOLE CARDS ***
jl45259071: calls $2
Bastenok: raises $3 to $6
jl45259071: calls $3
*** FLOP *** [Ah 4c 6c]
Bastenok: bets $3
jl45259071: calls $3
*** TURN *** [Ah 4c 6c] [9s]
Bastenok: checks
jl45259071: bets $6
Bastenok: folds
Uncalled bet ($6) returned to jl45259071
jl45259071 collected $17.64 from pot
jl45259071: doesn't show hand
*** SUMMARY ***
Total pot $18 | Rake $0.36
Board [Ah 4c 6c 9s]
Seat 1: jl45259071 (button) (small blind) collected ($17.64)
Seat 2: Bastenok (big blind) folded on the Turn


PokerStars Hand #144527832433:  Hold'em Limit ($3/$6 USD) - 2015/11/28 16:44:54 ET
Table 'Ain III' 2-max Seat #2 is the button
Seat 1: jl45259071 ($987.67 in chips)
Seat 2: Bastenok ($121.98 in chips)
Bastenok: posts small blind $1
jl45259071: posts big blind $3
*** HOLE CARDS ***
Bastenok: folds
Uncalled bet ($2) returned to jl45259071
jl45259071 collected $2 from pot
jl45259071: doesn't show hand
*** SUMMARY ***
Total pot $2 | Rake $0
Seat 1: jl45259071 (big blind) collected ($2)
Seat 2: Bastenok (button) (small blind) folded before Flop


PokerStars Hand #144527822554:  Hold'em Limit ($3/$6 USD) - 2015/11/28 16:44:42 ET
Table 'Ain III' 2-max Seat #1 is the button
Seat 1: jl45259071 ($981.91 in chips)
Seat 2: Bastenok ($127.98 in chips)
jl45259071: posts small blind $1
Bastenok: posts big blind $3
*** HOLE CARDS ***
jl45259071: calls $2
Bastenok: checks
*** FLOP *** [Jh Ad As]
Bastenok: bets $3
jl45259071: calls $3
*** TURN *** [Jh Ad As] [3h]
Bastenok: checks
jl45259071: bets $6
Bastenok: folds
Uncalled bet ($6) returned to jl45259071
jl45259071 collected $11.76 from pot
jl45259071: doesn't show hand
*** SUMMARY ***
Total pot $12 | Rake $0.24
Board [Jh Ad As 3h]
Seat 1: jl45259071 (button) (small blind) collected ($11.76)
Seat 2: Bastenok (big blind) folded on the Turn


PokerStars Hand #144527811827:  Hold'em Limit ($3/$6 USD) - 2015/11/28 16:44:30 ET
Table 'Ain III' 2-max Seat #2 is the button
Seat 1: jl45259071 ($976.15 in chips)
Seat 2: Bastenok ($133.98 in chips)
Bastenok: posts small blind $1
jl45259071: posts big blind $3
*** HOLE CARDS ***
Bastenok: raises $3 to $6
jl45259071: calls $3
*** FLOP *** [Td 8d 5c]
jl45259071: checks
Bastenok: checks
*** TURN *** [Td 8d 5c] [9s]
jl45259071: checks
Bastenok: checks
*** RIVER *** [Td 8d 5c 9s] [Ks]
jl45259071: checks
Bastenok: checks
*** SHOW DOWN ***
jl45259071: shows [8h Qs] (a pair of Eights)
Bastenok: mucks hand
jl45259071 collected $11.76 from pot
*** SUMMARY ***
Total pot $12 | Rake $0.24
Board [Td 8d 5c 9s Ks]
Seat 1: jl45259071 (big blind) showed [8h Qs] and won ($11.76) with a pair of Eights
Seat 2: Bastenok (button) (small blind) mucked


PokerStars Hand #144527800484:  Hold'em Limit ($3/$6 USD) - 2015/11/28 16:44:17 ET
Table 'Ain III' 2-max Seat #1 is the button
Seat 1: jl45259071 ($958.65 in chips)
Seat 2: Bastenok ($151.98 in chips)
jl45259071: posts small blind $1
Bastenok: posts big blind $3
*** HOLE CARDS ***
jl45259071: calls $2
Bastenok: checks
*** FLOP *** [8h Qc 5h]
Bastenok: bets $3
jl45259071: calls $3
*** TURN *** [8h Qc 5h] [Ks]
Bastenok: bets $6
jl45259071: calls $6
*** RIVER *** [8h Qc 5h Ks] [2s]
Bastenok: bets $6
jl45259071: calls $6
*** SHOW DOWN ***
Bastenok: shows [7h 3h] (high card King)
jl45259071: shows [8c 4s] (a pair of Eights)
jl45259071 collected $35.50 from pot
*** SUMMARY ***
Total pot $36 | Rake $0.50
Board [8h Qc 5h Ks 2s]
Seat 1: jl45259071 (button) (small blind) showed [8c 4s] and won ($35.50) with a pair of Eights
Seat 2: Bastenok (big blind) showed [7h 3h] and lost with high card King


PokerStars Hand #144527788268:  Hold'em Limit ($3/$6 USD) - 2015/11/28 16:44:03 ET
Table 'Ain III' 2-max Seat #2 is the button
Seat 1: jl45259071 ($932.15 in chips)
Seat 2: Bastenok ($178.98 in chips)
Bastenok: posts small blind $1
jl45259071: posts big blind $3
*** HOLE CARDS ***
Bastenok: raises $3 to $6
jl45259071: calls $3
*** FLOP *** [5s Ts Js]
jl45259071: checks
Bastenok: bets $3
jl45259071: calls $3
*** TURN *** [5s Ts Js] [2h]
jl45259071: checks
Bastenok: bets $6
jl45259071: calls $6
*** RIVER *** [5s Ts Js 2h] [2d]
jl45259071: checks
Bastenok: bets $6
jl45259071: raises $6 to $12
Bastenok: calls $6
*** SHOW DOWN ***
jl45259071: shows [Kd 2s] (three of a kind, Deuces)
Bastenok: mucks hand
jl45259071 collected $53.50 from pot
*** SUMMARY ***
Total pot $54 | Rake $0.50
Board [5s Ts Js 2h 2d]
Seat 1: jl45259071 (big blind) showed [Kd 2s] and won ($53.50) with three of a kind, Deuces
Seat 2: Bastenok (button) (small blind) mucked


PokerStars Hand #144527886709:  Hold'em Limit ($3/$6 USD) - 2015/11/28 16:45:55 ET
Table 'Ain III' 2-max Seat #1 is the button
Seat 1: jl45259071 ($969.19 in chips)
Seat 2: Bastenok ($139.24 in chips)
jl45259071: posts small blind $1
Bastenok: posts big blind $3
*** HOLE CARDS ***
jl45259071: calls $2
Bastenok: checks
*** FLOP *** [2d 9h Th]
Bastenok: checks
jl45259071: bets $3
Bastenok: folds
Uncalled bet ($3) returned to jl45259071
jl45259071 collected $5.88 from pot
jl45259071: doesn't show hand
*** SUMMARY ***
Total pot $6 | Rake $0.12
Board [2d 9h Th]
Seat 1: jl45259071 (button) (small blind) collected ($5.88)
Seat 2: Bastenok (big blind) folded on the Flop


PokerStars Hand #144527872138:  Hold'em Limit ($3/$6 USD) - 2015/11/28 16:45:38 ET
Table 'Ain III' 2-max Seat #2 is the button
Seat 1: jl45259071 ($996.19 in chips)
Seat 2: Bastenok ($112.74 in chips)
Bastenok: posts small blind $1
jl45259071: posts big blind $3
*** HOLE CARDS ***
Bastenok: raises $3 to $6
jl45259071: raises $3 to $9
Bastenok: raises $3 to $12
Betting is capped
jl45259071: calls $3
*** FLOP *** [4d Qs 7d]
jl45259071: checks
Bastenok: bets $3
jl45259071: calls $3
*** TURN *** [4d Qs 7d] [8s]
jl45259071: checks
Bastenok: bets $6
jl45259071: calls $6
*** RIVER *** [4d Qs 7d 8s] [9c]
jl45259071: checks
Bastenok: bets $6
jl45259071: calls $6
*** SHOW DOWN ***
Bastenok: shows [Ac Qc] (a pair of Queens)
jl45259071: mucks hand
Bastenok collected $53.50 from pot
*** SUMMARY ***
Total pot $54 | Rake $0.50
Board [4d Qs 7d 8s 9c]
Seat 1: jl45259071 (big blind) mucked
Seat 2: Bastenok (button) (small blind) showed [Ac Qc] and won ($53.50) with a pair of Queens


PokerStars Hand #144527894130:  Hold'em Limit ($3/$6 USD) - 2015/11/28 16:46:03 ET
Table 'Ain III' 2-max Seat #2 is the button
Seat 1: jl45259071 ($972.07 in chips)
Seat 2: Bastenok ($136.24 in chips)
Bastenok: posts small blind $1
jl45259071: posts big blind $3
*** HOLE CARDS ***
Bastenok: folds
Uncalled bet ($2) returned to jl45259071
jl45259071 collected $2 from pot
jl45259071: doesn't show hand
*** SUMMARY ***
Total pot $2 | Rake $0
Seat 1: jl45259071 (big blind) collected ($2)
Seat 2: Bastenok (button) (small blind) folded before Flop


PokerStars Hand #144527863192:  Hold'em Limit ($3/$6 USD) - 2015/11/28 16:45:28 ET
Table 'Ain III' 2-max Seat #1 is the button
Seat 1: jl45259071 ($993.31 in chips)
Seat 2: Bastenok ($115.74 in chips)
jl45259071: posts small blind $1
Bastenok: posts big blind $3
*** HOLE CARDS ***
jl45259071: calls $2
Bastenok: checks
*** FLOP *** [Qd Td 7s]
Bastenok: checks
jl45259071: checks
*** TURN *** [Qd Td 7s] [3c]
Bastenok: checks
jl45259071: bets $6
Bastenok: folds
Uncalled bet ($6) returned to jl45259071
jl45259071 collected $5.88 from pot
jl45259071: doesn't show hand
*** SUMMARY ***
Total pot $6 | Rake $0.12
Board [Qd Td 7s 3c]
Seat 1: jl45259071 (button) (small blind) collected ($5.88)
Seat 2: Bastenok (big blind) folded on the Turn


PokerStars Hand #144527859091:  Hold'em Limit ($3/$6 USD) - 2015/11/28 16:45:24 ET
Table 'Ain III' 2-max Seat #2 is the button
Seat 1: jl45259071 ($992.31 in chips)
Seat 2: Bastenok ($116.74 in chips)
Bastenok: posts small blind $1
jl45259071: posts big blind $3
*** HOLE CARDS ***
Bastenok: folds
Uncalled bet ($2) returned to jl45259071
jl45259071 collected $2 from pot
jl45259071: doesn't show hand
*** SUMMARY ***
Total pot $2 | Rake $0
Seat 1: jl45259071 (big blind) collected ($2)
Seat 2: Bastenok (button) (small blind) folded before Flop


PokerStars Hand #144527850739:  Hold'em Limit ($3/$6 USD) - 2015/11/28 16:45:14 ET
Table 'Ain III' 2-max Seat #1 is the button
Seat 1: jl45259071 ($998.31 in chips)
Seat 2: Bastenok ($110.98 in chips)
jl45259071: posts small blind $1
Bastenok: posts big blind $3
*** HOLE CARDS ***
jl45259071: calls $2
Bastenok: checks
*** FLOP *** [Kd 8c 6d]
Bastenok: bets $3
jl45259071: calls $3
*** TURN *** [Kd 8c 6d] [5s]
Bastenok: bets $6
jl45259071: folds
Uncalled bet ($6) returned to Bastenok
Bastenok collected $11.76 from pot
Bastenok: doesn't show hand
*** SUMMARY ***
Total pot $12 | Rake $0.24
Board [Kd 8c 6d 5s]
Seat 1: jl45259071 (button) (small blind) folded on the Turn
Seat 2: Bastenok (big blind) collected ($11.76)


PokerStars Hand #144527846765:  Hold'em Limit ($3/$6 USD) - 2015/11/28 16:45:10 ET
Table 'Ain III' 2-max Seat #2 is the button
Seat 1: jl45259071 ($997.31 in chips)
Seat 2: Bastenok ($111.98 in chips)
Bastenok: posts small blind $1
jl45259071: posts big blind $3
*** HOLE CARDS ***
Bastenok: folds
Uncalled bet ($2) returned to jl45259071
jl45259071 collected $2 from pot
jl45259071: doesn't show hand
*** SUMMARY ***
Total pot $2 | Rake $0
Seat 1: jl45259071 (big blind) collected ($2)
Seat 2: Bastenok (button) (small blind) folded before Flop


PokerStars Hand #144527936652:  Hold'em Limit ($3/$6 USD) - 2015/11/28 16:46:51 ET
Table 'Ain III' 2-max Seat #2 is the button
Seat 1: jl45259071 ($961.59 in chips)
Seat 2: Bastenok ($145.62 in chips)
Bastenok: posts small blind $1
jl45259071: posts big blind $3
*** HOLE CARDS ***
Bastenok: raises $3 to $6
jl45259071: calls $3
*** FLOP *** [2d Jc Qd]
jl45259071: checks
Bastenok: checks
*** TURN *** [2d Jc Qd] [8h]
jl45259071: bets $6
Bastenok: folds
Uncalled bet ($6) returned to jl45259071
jl45259071 collected $11.76 from pot
jl45259071: doesn't show hand
*** SUMMARY ***
Total pot $12 | Rake $0.24
Board [2d Jc Qd 8h]
Seat 1: jl45259071 (big blind) collected ($11.76)
Seat 2: Bastenok (button) (small blind) folded on the Turn


PokerStars Hand #144527929927:  Hold'em Limit ($3/$6 USD) - 2015/11/28 16:46:43 ET
Table 'Ain III' 2-max Seat #1 is the button
Seat 1: jl45259071 ($955.83 in chips)
Seat 2: Bastenok ($151.62 in chips)
jl45259071: posts small blind $1
Bastenok: posts big blind $3
*** HOLE CARDS ***
jl45259071: raises $3 to $6
Bastenok: calls $3
*** FLOP *** [8c Kh Ac]
Bastenok: checks
jl45259071: bets $3
Bastenok: folds
Uncalled bet ($3) returned to jl45259071
jl45259071 collected $11.76 from pot
jl45259071: doesn't show hand
*** SUMMARY ***
Total pot $12 | Rake $0.24
Board [8c Kh Ac]
Seat 1: jl45259071 (button) (small blind) collected ($11.76)
Seat 2: Bastenok (big blind) folded on the Flop


PokerStars Hand #144527921023:  Hold'em Limit ($3/$6 USD) - 2015/11/28 16:46:33 ET
Table 'Ain III' 2-max Seat #2 is the button
Seat 1: jl45259071 ($950.07 in chips)
Seat 2: Bastenok ($157.62 in chips)
Bastenok: posts small blind $1
jl45259071: posts big blind $3
*** HOLE CARDS ***
Bastenok: raises $3 to $6
jl45259071: calls $3
*** FLOP *** [7c As 4d]
jl45259071: checks
Bastenok: checks
*** TURN *** [7c As 4d] [Kh]
jl45259071: checks
Bastenok: checks
*** RIVER *** [7c As 4d Kh] [5c]
jl45259071: bets $6
Bastenok: folds
Uncalled bet ($6) returned to jl45259071
jl45259071 collected $11.76 from pot
jl45259071: doesn't show hand
*** SUMMARY ***
Total pot $12 | Rake $0.24
Board [7c As 4d Kh 5c]
Seat 1: jl45259071 (big blind) collected ($11.76)
Seat 2: Bastenok (button) (small blind) folded on the River


PokerStars Hand #144527910053:  Hold'em Limit ($3/$6 USD) - 2015/11/28 16:46:21 ET
Table 'Ain III' 2-max Seat #1 is the button
Seat 1: jl45259071 ($971.07 in chips)
Seat 2: Bastenok ($137.12 in chips)
jl45259071: posts small blind $1
Bastenok: posts big blind $3
*** HOLE CARDS ***
jl45259071: calls $2
Bastenok: raises $3 to $6
jl45259071: calls $3
*** FLOP *** [8d Jd Jh]
Bastenok: bets $3
jl45259071: calls $3
*** TURN *** [8d Jd Jh] [Ad]
Bastenok: bets $6
jl45259071: calls $6
*** RIVER *** [8d Jd Jh Ad] [Td]
Bastenok: bets $6
jl45259071: calls $6
*** SHOW DOWN ***
Bastenok: shows [Ah 7h] (two pair, Aces and Jacks)
jl45259071: mucks hand
Bastenok collected $41.50 from pot
*** SUMMARY ***
Total pot $42 | Rake $0.50
Board [8d Jd Jh Ad Td]
Seat 1: jl45259071 (button) (small blind) mucked
Seat 2: Bastenok (big blind) showed [Ah 7h] and won ($41.50) with two pair, Aces and Jacks


PokerStars Hand #144527906031:  Hold'em Limit ($3/$6 USD) - 2015/11/28 16:46:16 ET
Table 'Ain III' 2-max Seat #2 is the button
Seat 1: jl45259071 ($970.07 in chips)
Seat 2: Bastenok ($138.12 in chips)
Bastenok: posts small blind $1
jl45259071: posts big blind $3
*** HOLE CARDS ***
Bastenok: folds
Uncalled bet ($2) returned to jl45259071
jl45259071 collected $2 from pot
jl45259071: doesn't show hand
*** SUMMARY ***
Total pot $2 | Rake $0
Seat 1: jl45259071 (big blind) collected ($2)
Seat 2: Bastenok (button) (small blind) folded before Flop


PokerStars Hand #144527898168:  Hold'em Limit ($3/$6 USD) - 2015/11/28 16:46:08 ET
Table 'Ain III' 2-max Seat #1 is the button
Seat 1: jl45259071 ($973.07 in chips)
Seat 2: Bastenok ($135.24 in chips)
jl45259071: posts small blind $1
Bastenok: posts big blind $3
*** HOLE CARDS ***
jl45259071: calls $2
Bastenok: checks
*** FLOP *** [4h Kc 5s]
Bastenok: bets $3
jl45259071: folds
Uncalled bet ($3) returned to Bastenok
Bastenok collected $5.88 from pot
Bastenok: doesn't show hand
*** SUMMARY ***
Total pot $6 | Rake $0.12
Board [4h Kc 5s]
Seat 1: jl45259071 (button) (small blind) folded on the Flop
Seat 2: Bastenok (big blind) collected ($5.88)


PokerStars Hand #144527945920:  Hold'em Limit ($3/$6 USD) - 2015/11/28 16:47:01 ET
Table 'Ain III' 2-max Seat #1 is the button
Seat 1: jl45259071 ($967.35 in chips)
Seat 2: Bastenok ($139.62 in chips)
jl45259071: posts small blind $1
Bastenok: posts big blind $3
*** HOLE CARDS ***
jl45259071: calls $2
Bastenok: checks
*** FLOP *** [2h 7c Ac]
Bastenok: checks
jl45259071: bets $3
Bastenok: folds
Uncalled bet ($3) returned to jl45259071
jl45259071 collected $5.88 from pot
jl45259071: doesn't show hand
*** SUMMARY ***
Total pot $6 | Rake $0.12
Board [2h 7c Ac]
Seat 1: jl45259071 (button) (small blind) collected ($5.88)
Seat 2: Bastenok (big blind) folded on the Flop


PokerStars Hand #144527978816:  Hold'em Limit ($3/$6 USD) - 2015/11/28 16:47:38 ET
Table 'Ain III' 2-max Seat #1 is the button
Seat 1: jl45259071 ($939.23 in chips)
Seat 2: Bastenok ($166.88 in chips)
jl45259071: posts small blind $1
Bastenok: posts big blind $3
*** HOLE CARDS ***
jl45259071: raises $3 to $6
Bastenok: calls $3
*** FLOP *** [Ts 7s 4h]
Bastenok: checks
jl45259071: bets $3
Bastenok: calls $3
*** TURN *** [Ts 7s 4h] [9s]
Bastenok: checks
jl45259071: checks
*** RIVER *** [Ts 7s 4h 9s] [6s]
Bastenok: bets $6
jl45259071: calls $6
*** SHOW DOWN ***
Bastenok: shows [2s Ac] (a flush, Ten high)
jl45259071: mucks hand
Bastenok collected $29.50 from pot
*** SUMMARY ***
Total pot $30 | Rake $0.50
Board [Ts 7s 4h 9s 6s]
Seat 1: jl45259071 (button) (small blind) mucked
Seat 2: Bastenok (big blind) showed [2s Ac] and won ($29.50) with a flush, Ten high


PokerStars Hand #144527965710:  Hold'em Limit ($3/$6 USD) - 2015/11/28 16:47:23 ET
Table 'Ain III' 2-max Seat #2 is the button
Seat 1: jl45259071 ($963.23 in chips)
Seat 2: Bastenok ($143.38 in chips)
Bastenok: posts small blind $1
jl45259071: posts big blind $3
*** HOLE CARDS ***
Bastenok: raises $3 to $6
jl45259071: raises $3 to $9
Bastenok: calls $3
*** FLOP *** [7c 8h Jh]
jl45259071: bets $3
Bastenok: calls $3
*** TURN *** [7c 8h Jh] [Kc]
jl45259071: bets $6
Bastenok: raises $6 to $12
jl45259071: calls $6
*** RIVER *** [7c 8h Jh Kc] [3s]
jl45259071: checks
Bastenok: bets $6
jl45259071: folds
Uncalled bet ($6) returned to Bastenok
Bastenok collected $47.50 from pot
Bastenok: doesn't show hand
*** SUMMARY ***
Total pot $48 | Rake $0.50
Board [7c 8h Jh Kc 3s]
Seat 1: jl45259071 (big blind) folded on the River
Seat 2: Bastenok (button) (small blind) collected ($47.50)


PokerStars Hand #144527960952:  Hold'em Limit ($3/$6 USD) - 2015/11/28 16:47:18 ET
Table 'Ain III' 2-max Seat #1 is the button
Seat 1: jl45259071 ($964.23 in chips)
Seat 2: Bastenok ($142.38 in chips)
jl45259071: posts small blind $1
Bastenok: posts big blind $3
*** HOLE CARDS ***
jl45259071: folds
Uncalled bet ($2) returned to Bastenok
Bastenok collected $2 from pot
Bastenok: doesn't show hand
*** SUMMARY ***
Total pot $2 | Rake $0
Seat 1: jl45259071 (button) (small blind) folded before Flop
Seat 2: Bastenok (big blind) collected ($2)


PokerStars Hand #144527953424:  Hold'em Limit ($3/$6 USD) - 2015/11/28 16:47:09 ET
Table 'Ain III' 2-max Seat #2 is the button
Seat 1: jl45259071 ($970.23 in chips)
Seat 2: Bastenok ($136.62 in chips)
Bastenok: posts small blind $1
jl45259071: posts big blind $3
*** HOLE CARDS ***
Bastenok: raises $3 to $6
jl45259071: calls $3
*** FLOP *** [7d 3s Kh]
jl45259071: checks
Bastenok: bets $3
jl45259071: folds
Uncalled bet ($3) returned to Bastenok
Bastenok collected $11.76 from pot
Bastenok: doesn't show hand
*** SUMMARY ***
Total pot $12 | Rake $0.24
Board [7d 3s Kh]
Seat 1: jl45259071 (big blind) folded on the Flop
Seat 2: Bastenok (button) (small blind) collected ($11.76)


PokerStars Hand #144528034985:  Hold'em Limit ($3/$6 USD) - 2015/11/28 16:48:42 ET
Table 'Ain III' 2-max Seat #1 is the button
Seat 1: jl45259071 ($967.25 in chips)
Seat 2: Bastenok ($137.38 in chips)
jl45259071: posts small blind $1
Bastenok: posts big blind $3
*** HOLE CARDS ***
jl45259071: calls $2
Bastenok: checks
*** FLOP *** [3s Jc Jh]
Bastenok: checks
jl45259071: checks
*** TURN *** [3s Jc Jh] [Qs]
Bastenok: checks
jl45259071: bets $6
Bastenok: folds
Uncalled bet ($6) returned to jl45259071
jl45259071 collected $5.88 from pot
jl45259071: doesn't show hand
*** SUMMARY ***
Total pot $6 | Rake $0.12
Board [3s Jc Jh Qs]
Seat 1: jl45259071 (button) (small blind) collected ($5.88)
Seat 2: Bastenok (big blind) folded on the Turn


PokerStars Hand #144528030946:  Hold'em Limit ($3/$6 USD) - 2015/11/28 16:48:38 ET
Table 'Ain III' 2-max Seat #2 is the button
Seat 1: jl45259071 ($966.25 in chips)
Seat 2: Bastenok ($138.38 in chips)
Bastenok: posts small blind $1
jl45259071: posts big blind $3
*** HOLE CARDS ***
Bastenok: folds
Uncalled bet ($2) returned to jl45259071
jl45259071 collected $2 from pot
jl45259071: doesn't show hand
*** SUMMARY ***
Total pot $2 | Rake $0
Seat 1: jl45259071 (big blind) collected ($2)
Seat 2: Bastenok (button) (small blind) folded before Flop


PokerStars Hand #144528020375:  Hold'em Limit ($3/$6 USD) - 2015/11/28 16:48:25 ET
Table 'Ain III' 2-max Seat #1 is the button
Seat 1: jl45259071 ($957.61 in chips)
Seat 2: Bastenok ($147.38 in chips)
jl45259071: posts small blind $1
Bastenok: posts big blind $3
*** HOLE CARDS ***
jl45259071: calls $2
Bastenok: checks
*** FLOP *** [6s Ac 3h]
Bastenok: checks
jl45259071: checks
*** TURN *** [6s Ac 3h] [7c]
Bastenok: checks
jl45259071: checks
*** RIVER *** [6s Ac 3h 7c] [7d]
Bastenok: checks
jl45259071: bets $6
Bastenok: calls $6
*** SHOW DOWN ***
jl45259071: shows [Ad 9h] (two pair, Aces and Sevens)
Bastenok: mucks hand
jl45259071 collected $17.64 from pot
*** SUMMARY ***
Total pot $18 | Rake $0.36
Board [6s Ac 3h 7c 7d]
Seat 1: jl45259071 (button) (small blind) showed [Ad 9h] and won ($17.64) with two pair, Aces and Sevens
Seat 2: Bastenok (big blind) mucked


PokerStars Hand #144528016154:  Hold'em Limit ($3/$6 USD) - 2015/11/28 16:48:20 ET
Table 'Ain III' 2-max Seat #2 is the button
Seat 1: jl45259071 ($956.61 in chips)
Seat 2: Bastenok ($148.38 in chips)
Bastenok: posts small blind $1
jl45259071: posts big blind $3
*** HOLE CARDS ***
Bastenok: folds
Uncalled bet ($2) returned to jl45259071
jl45259071 collected $2 from pot
jl45259071: doesn't show hand
*** SUMMARY ***
Total pot $2 | Rake $0
Seat 1: jl45259071 (big blind) collected ($2)
Seat 2: Bastenok (button) (small blind) folded before Flop


PokerStars Hand #144528004524:  Hold'em Limit ($3/$6 USD) - 2015/11/28 16:48:07 ET
Table 'Ain III' 2-max Seat #1 is the button
Seat 1: jl45259071 ($953.73 in chips)
Seat 2: Bastenok ($151.38 in chips)
jl45259071: posts small blind $1
Bastenok: posts big blind $3
*** HOLE CARDS ***
jl45259071: calls $2
Bastenok: checks
*** FLOP *** [Ah 3h As]
Bastenok: checks
jl45259071: checks
*** TURN *** [Ah 3h As] [4d]
Bastenok: checks
jl45259071: checks
*** RIVER *** [Ah 3h As 4d] [6d]
Bastenok: checks
jl45259071: bets $6
Bastenok: folds
Uncalled bet ($6) returned to jl45259071
jl45259071 collected $5.88 from pot
jl45259071: doesn't show hand
*** SUMMARY ***
Total pot $6 | Rake $0.12
Board [Ah 3h As 4d 6d]
Seat 1: jl45259071 (button) (small blind) collected ($5.88)
Seat 2: Bastenok (big blind) folded on the River


PokerStars Hand #144527991251:  Hold'em Limit ($3/$6 USD) - 2015/11/28 16:47:52 ET
Table 'Ain III' 2-max Seat #2 is the button
Seat 1: jl45259071 ($924.23 in chips)
Seat 2: Bastenok ($181.38 in chips)
Bastenok: posts small blind $1
jl45259071: posts big blind $3
*** HOLE CARDS ***
Bastenok: raises $3 to $6
jl45259071: raises $3 to $9
Bastenok: raises $3 to $12
Betting is capped
jl45259071: calls $3
*** FLOP *** [5d 4h Kd]
jl45259071: bets $3
Bastenok: raises $3 to $6
jl45259071: calls $3
*** TURN *** [5d 4h Kd] [2s]
jl45259071: checks
Bastenok: bets $6
jl45259071: calls $6
*** RIVER *** [5d 4h Kd 2s] [Ah]
jl45259071: bets $6
Bastenok: calls $6
*** SHOW DOWN ***
jl45259071: shows [4s Ac] (two pair, Aces and Fours)
Bastenok: mucks hand
jl45259071 collected $59.50 from pot
*** SUMMARY ***
Total pot $60 | Rake $0.50
Board [5d 4h Kd 2s Ah]
Seat 1: jl45259071 (big blind) showed [4s Ac] and won ($59.50) with two pair, Aces and Fours
Seat 2: Bastenok (button) (small blind) mucked


PokerStars Hand #144528090404:  Hold'em Limit ($3/$6 USD) - 2015/11/28 16:49:45 ET
Table 'Ain III' 2-max Seat #1 is the button
Seat 1: jl45259071 ($947.63 in chips)
Seat 2: Bastenok ($155.04 in chips)
jl45259071: posts small blind $1
Bastenok: posts big blind $3
*** HOLE CARDS ***
jl45259071: raises $3 to $6
Bastenok: folds
Uncalled bet ($3) returned to jl45259071
jl45259071 collected $6 from pot
jl45259071: doesn't show hand
*** SUMMARY ***
Total pot $6 | Rake $0
Seat 1: jl45259071 (button) (small blind) collected ($6)
Seat 2: Bastenok (big blind) folded before Flop


PokerStars Hand #144528078783:  Hold'em Limit ($3/$6 USD) - 2015/11/28 16:49:32 ET
Table 'Ain III' 2-max Seat #2 is the button
Seat 1: jl45259071 ($971.63 in chips)
Seat 2: Bastenok ($131.54 in chips)
Bastenok: posts small blind $1
jl45259071: posts big blind $3
*** HOLE CARDS ***
Bastenok: raises $3 to $6
jl45259071: raises $3 to $9
Bastenok: calls $3
*** FLOP *** [2s 3d Ah]
jl45259071: bets $3
Bastenok: calls $3
*** TURN *** [2s 3d Ah] [6s]
jl45259071: bets $6
Bastenok: calls $6
*** RIVER *** [2s 3d Ah 6s] [6h]
jl45259071: bets $6
Bastenok: calls $6
*** SHOW DOWN ***
jl45259071: shows [9d Jd] (a pair of Sixes)
Bastenok: shows [Ks Qh] (a pair of Sixes - Ace+King kicker)
Bastenok collected $47.50 from pot
*** SUMMARY ***
Total pot $48 | Rake $0.50
Board [2s 3d Ah 6s 6h]
Seat 1: jl45259071 (big blind) showed [9d Jd] and lost with a pair of Sixes
Seat 2: Bastenok (button) (small blind) showed [Ks Qh] and won ($47.50) with a pair of Sixes


PokerStars Hand #144528069617:  Hold'em Limit ($3/$6 USD) - 2015/11/28 16:49:21 ET
Table 'Ain III' 2-max Seat #1 is the button
Seat 1: jl45259071 ($983.63 in chips)
Seat 2: Bastenok ($120.02 in chips)
jl45259071: posts small blind $1
Bastenok: posts big blind $3
*** HOLE CARDS ***
jl45259071: raises $3 to $6
Bastenok: raises $3 to $9
jl45259071: calls $3
*** FLOP *** [Ts 2c Td]
Bastenok: bets $3
jl45259071: calls $3
*** TURN *** [Ts 2c Td] [Tc]
Bastenok: bets $6
jl45259071: folds
Uncalled bet ($6) returned to Bastenok
Bastenok collected $23.52 from pot
Bastenok: doesn't show hand
*** SUMMARY ***
Total pot $24 | Rake $0.48
Board [Ts 2c Td Tc]
Seat 1: jl45259071 (button) (small blind) folded on the Turn
Seat 2: Bastenok (big blind) collected ($23.52)


PokerStars Hand #144528058269:  Hold'em Limit ($3/$6 USD) - 2015/11/28 16:49:08 ET
Table 'Ain III' 2-max Seat #2 is the button
Seat 1: jl45259071 ($960.13 in chips)
Seat 2: Bastenok ($144.02 in chips)
Bastenok: posts small blind $1
jl45259071: posts big blind $3
*** HOLE CARDS ***
Bastenok: raises $3 to $6
jl45259071: raises $3 to $9
Bastenok: calls $3
*** FLOP *** [2d 4s 3s]
jl45259071: bets $3
Bastenok: calls $3
*** TURN *** [2d 4s 3s] [Ks]
jl45259071: bets $6
Bastenok: calls $6
*** RIVER *** [2d 4s 3s Ks] [Jd]
jl45259071: bets $6
Bastenok: calls $6
*** SHOW DOWN ***
jl45259071: shows [Jc Kc] (two pair, Kings and Jacks)
Bastenok: mucks hand
jl45259071 collected $47.50 from pot
*** SUMMARY ***
Total pot $48 | Rake $0.50
Board [2d 4s 3s Ks Jd]
Seat 1: jl45259071 (big blind) showed [Jc Kc] and won ($47.50) with two pair, Kings and Jacks
Seat 2: Bastenok (button) (small blind) mucked


PokerStars Hand #144528053024:  Hold'em Limit ($3/$6 USD) - 2015/11/28 16:49:02 ET
Table 'Ain III' 2-max Seat #1 is the button
Seat 1: jl45259071 ($961.13 in chips)
Seat 2: Bastenok ($143.02 in chips)
jl45259071: posts small blind $1
Bastenok: posts big blind $3
*** HOLE CARDS ***
jl45259071: folds
Uncalled bet ($2) returned to Bastenok
Bastenok collected $2 from pot
Bastenok: doesn't show hand
*** SUMMARY ***
Total pot $2 | Rake $0
Seat 1: jl45259071 (button) (small blind) folded before Flop
Seat 2: Bastenok (big blind) collected ($2)


PokerStars Hand #144528130291:  Hold'em Limit ($3/$6 USD) - 2015/11/28 16:50:32 ET
Table 'Ain III' 2-max Seat #1 is the button
Seat 1: jl45259071 ($970.64 in chips)
Seat 2: Bastenok ($130.79 in chips)
jl45259071: posts small blind $1
Bastenok: posts big blind $3
*** HOLE CARDS ***
jl45259071: calls $2
Bastenok: checks
*** FLOP *** [6h 9h 6d]
Bastenok: checks
jl45259071: bets $3
Bastenok: calls $3
*** TURN *** [6h 9h 6d] [Qd]
Bastenok: checks
jl45259071: checks
*** RIVER *** [6h 9h 6d Qd] [Ah]
Bastenok: checks
jl45259071: bets $6
Bastenok: folds
Uncalled bet ($6) returned to jl45259071
jl45259071 collected $11.76 from pot
jl45259071: doesn't show hand
*** SUMMARY ***
Total pot $12 | Rake $0.24
Board [6h 9h 6d Qd Ah]
Seat 1: jl45259071 (button) (small blind) collected ($11.76)
Seat 2: Bastenok (big blind) folded on the River


PokerStars Hand #144528117086:  Hold'em Limit ($3/$6 USD) - 2015/11/28 16:50:16 ET
Table 'Ain III' 2-max Seat #2 is the button
Seat 1: jl45259071 ($956.14 in chips)
Seat 2: Bastenok ($145.79 in chips)
Bastenok: posts small blind $1
jl45259071: posts big blind $3
*** HOLE CARDS ***
Bastenok: raises $3 to $6
jl45259071: calls $3
*** FLOP *** [5h 8c 4d]
jl45259071: checks
Bastenok: bets $3
jl45259071: raises $3 to $6
Bastenok: raises $3 to $9
jl45259071: calls $3
*** TURN *** [5h 8c 4d] [7c]
jl45259071: bets $6
Bastenok: folds
Uncalled bet ($6) returned to jl45259071
jl45259071 collected $29.50 from pot
jl45259071: doesn't show hand
*** SUMMARY ***
Total pot $30 | Rake $0.50
Board [5h 8c 4d 7c]
Seat 1: jl45259071 (big blind) collected ($29.50)
Seat 2: Bastenok (button) (small blind) folded on the Turn


PokerStars Hand #144528107588:  Hold'em Limit ($3/$6 USD) - 2015/11/28 16:50:05 ET
Table 'Ain III' 2-max Seat #1 is the button
Seat 1: jl45259071 ($950.38 in chips)
Seat 2: Bastenok ($151.79 in chips)
jl45259071: posts small blind $1
Bastenok: posts big blind $3
*** HOLE CARDS ***
jl45259071: calls $2
Bastenok: checks
*** FLOP *** [7c 2h 3s]
Bastenok: checks
jl45259071: bets $3
Bastenok: calls $3
*** TURN *** [7c 2h 3s] [Ac]
Bastenok: checks
jl45259071: bets $6
Bastenok: folds
Uncalled bet ($6) returned to jl45259071
jl45259071 collected $11.76 from pot
jl45259071: doesn't show hand
*** SUMMARY ***
Total pot $12 | Rake $0.24
Board [7c 2h 3s Ac]
Seat 1: jl45259071 (button) (small blind) collected ($11.76)
Seat 2: Bastenok (big blind) folded on the Turn


PokerStars Hand #144528094946:  Hold'em Limit ($3/$6 USD) - 2015/11/28 16:49:51 ET
Table 'Ain III' 2-max Seat #2 is the button
Seat 1: jl45259071 ($950.63 in chips)
Seat 2: Bastenok ($152.04 in chips)
Bastenok: posts small blind $1
jl45259071: posts big blind $3
*** HOLE CARDS ***
Bastenok: raises $3 to $6
jl45259071: raises $3 to $9
Bastenok: calls $3
*** FLOP *** [7h 7s 7d]
jl45259071: bets $3
Bastenok: calls $3
*** TURN *** [7h 7s 7d] [Ks]
jl45259071: bets $6
Bastenok: raises $6 to $12
jl45259071: calls $6
*** RIVER *** [7h 7s 7d Ks] [7c]
jl45259071: checks
Bastenok: checks
*** SHOW DOWN ***
jl45259071: shows [Jc 6h] (four of a kind, Sevens)
Bastenok: shows [Qh Kh] (four of a kind, Sevens)
jl45259071 collected $23.75 from pot
Bastenok collected $23.75 from pot
*** SUMMARY ***
Total pot $48 | Rake $0.50
Board [7h 7s 7d Ks 7c]
Seat 1: jl45259071 (big blind) showed [Jc 6h] and won ($23.75) with four of a kind, Sevens
Seat 2: Bastenok (button) (small blind) showed [Qh Kh] and won ($23.75) with four of a kind, Sevens


PokerStars Hand #144528142359:  Hold'em Limit ($3/$6 USD) - 2015/11/28 16:50:46 ET
Table 'Ain III' 2-max Seat #2 is the button
Seat 1: jl45259071 ($976.40 in chips)
Seat 2: Bastenok ($124.79 in chips)
Bastenok: posts small blind $1
jl45259071: posts big blind $3
*** HOLE CARDS ***
Bastenok: raises $3 to $6
jl45259071: calls $3
*** FLOP *** [7c 2c 9s]
jl45259071: checks
Bastenok: checks
*** TURN *** [7c 2c 9s] [2s]
jl45259071: bets $6
Bastenok: folds
Uncalled bet ($6) returned to jl45259071
jl45259071 collected $11.76 from pot
jl45259071: doesn't show hand
*** SUMMARY ***
Total pot $12 | Rake $0.24
Board [7c 2c 9s 2s]
Seat 1: jl45259071 (big blind) collected ($11.76)
Seat 2: Bastenok (button) (small blind) folded on the Turn


PokerStars Hand #144528196451:  Hold'em Limit ($3/$6 USD) - 2015/11/28 16:51:48 ET
Table 'Ain III' 2-max Seat #2 is the button
Seat 1: jl45259071 ($1030.04 in chips)
Seat 2: Bastenok ($7853.43 in chips)
Bastenok: posts small blind $1
jl45259071: posts big blind $3
*** HOLE CARDS ***
Bastenok: folds
Uncalled bet ($2) returned to jl45259071
jl45259071 collected $2 from pot
jl45259071: doesn't show hand
*** SUMMARY ***
Total pot $2 | Rake $0
Seat 1: jl45259071 (big blind) collected ($2)
Seat 2: Bastenok (button) (small blind) folded before Flop


PokerStars Hand #144528185319:  Hold'em Limit ($3/$6 USD) - 2015/11/28 16:51:35 ET
Table 'Ain III' 2-max Seat #1 is the button
Seat 1: jl45259071 ($1036.04 in chips)
Seat 2: Bastenok ($7847.67 in chips)
jl45259071: posts small blind $1
Bastenok: posts big blind $3
*** HOLE CARDS ***
jl45259071: raises $3 to $6
Bastenok: calls $3
*** FLOP *** [7c 5s Td]
Bastenok: checks
jl45259071: checks
*** TURN *** [7c 5s Td] [2h]
Bastenok: checks
jl45259071: checks
*** RIVER *** [7c 5s Td 2h] [Th]
Bastenok: bets $6
jl45259071: folds
Uncalled bet ($6) returned to Bastenok
Bastenok collected $11.76 from pot
Bastenok: doesn't show hand
*** SUMMARY ***
Total pot $12 | Rake $0.24
Board [7c 5s Td 2h Th]
Seat 1: jl45259071 (button) (small blind) folded on the River
Seat 2: Bastenok (big blind) collected ($11.76)


PokerStars Hand #144528181313:  Hold'em Limit ($3/$6 USD) - 2015/11/28 16:51:31 ET
Table 'Ain III' 2-max Seat #2 is the button
Seat 1: jl45259071 ($1035.04 in chips)
Seat 2: Bastenok ($64.79 in chips)
Bastenok: posts small blind $1
jl45259071: posts big blind $3
*** HOLE CARDS ***
Bastenok: folds
Uncalled bet ($2) returned to jl45259071
jl45259071 collected $2 from pot
jl45259071: doesn't show hand
*** SUMMARY ***
Total pot $2 | Rake $0
Seat 1: jl45259071 (big blind) collected ($2)
Seat 2: Bastenok (button) (small blind) folded before Flop


PokerStars Hand #144528173995:  Hold'em Limit ($3/$6 USD) - 2015/11/28 16:51:22 ET
Table 'Ain III' 2-max Seat #1 is the button
Seat 1: jl45259071 ($1032.16 in chips)
Seat 2: Bastenok ($67.79 in chips)
jl45259071: posts small blind $1
Bastenok: posts big blind $3
*** HOLE CARDS ***
jl45259071: calls $2
Bastenok: checks
*** FLOP *** [6s 7s 8h]
Bastenok: checks
jl45259071: bets $3
Bastenok: folds
Uncalled bet ($3) returned to jl45259071
jl45259071 collected $5.88 from pot
jl45259071: doesn't show hand
*** SUMMARY ***
Total pot $6 | Rake $0.12
Board [6s 7s 8h]
Seat 1: jl45259071 (button) (small blind) collected ($5.88)
Seat 2: Bastenok (big blind) folded on the Flop


PokerStars Hand #144528162116:  Hold'em Limit ($3/$6 USD) - 2015/11/28 16:51:08 ET
Table 'Ain III' 2-max Seat #2 is the button
Seat 1: jl45259071 ($1002.66 in chips)
Seat 2: Bastenok ($97.79 in chips)
Bastenok: posts small blind $1
jl45259071: posts big blind $3
*** HOLE CARDS ***
Bastenok: raises $3 to $6
jl45259071: calls $3
*** FLOP *** [8s 4s 4c]
jl45259071: checks
Bastenok: checks
*** TURN *** [8s 4s 4c] [Qc]
jl45259071: bets $6
Bastenok: raises $6 to $12
jl45259071: raises $6 to $18
Bastenok: calls $6
*** RIVER *** [8s 4s 4c Qc] [8h]
jl45259071: bets $6
Bastenok: calls $6
*** SHOW DOWN ***
jl45259071: shows [6h 4h] (a full house, Fours full of Eights)
Bastenok: mucks hand
jl45259071 collected $59.50 from pot
*** SUMMARY ***
Total pot $60 | Rake $0.50
Board [8s 4s 4c Qc 8h]
Seat 1: jl45259071 (big blind) showed [6h 4h] and won ($59.50) with a full house, Fours full of Eights
Seat 2: Bastenok (button) (small blind) mucked


PokerStars Hand #144528151360:  Hold'em Limit ($3/$6 USD) - 2015/11/28 16:50:56 ET
Table 'Ain III' 2-max Seat #1 is the button
Seat 1: jl45259071 ($982.16 in chips)
Seat 2: Bastenok ($118.79 in chips)
jl45259071: posts small blind $1
Bastenok: posts big blind $3
*** HOLE CARDS ***
jl45259071: raises $3 to $6
Bastenok: calls $3
*** FLOP *** [7h 7c 8d]
Bastenok: checks
jl45259071: bets $3
Bastenok: calls $3
*** TURN *** [7h 7c 8d] [4s]
Bastenok: checks
jl45259071: bets $6
Bastenok: calls $6
*** RIVER *** [7h 7c 8d 4s] [6s]
Bastenok: checks
jl45259071: bets $6
Bastenok: calls $6
*** SHOW DOWN ***
jl45259071: shows [Kh Kc] (two pair, Kings and Sevens)
Bastenok: mucks hand
jl45259071 collected $41.50 from pot
*** SUMMARY ***
Total pot $42 | Rake $0.50
Board [7h 7c 8d 4s 6s]
Seat 1: jl45259071 (button) (small blind) showed [Kh Kc] and won ($41.50) with two pair, Kings and Sevens
Seat 2: Bastenok (big blind) mucked


PokerStars Hand #144528240853:  Hold'em Limit ($3/$6 USD) - 2015/11/28 16:52:40 ET
Table 'Ain III' 2-max Seat #2 is the button
Seat 1: jl45259071 ($1028.44 in chips)
Seat 2: Bastenok ($7853.71 in chips)
Bastenok: posts small blind $1
jl45259071: posts big blind $3
*** HOLE CARDS ***
Bastenok: raises $3 to $6
jl45259071: calls $3
*** FLOP *** [Jh 7h 4h]
jl45259071: checks
Bastenok: checks
*** TURN *** [Jh 7h 4h] [6c]
jl45259071: checks
Bastenok: checks
*** RIVER *** [Jh 7h 4h 6c] [Td]
jl45259071: checks
Bastenok: bets $6
jl45259071: folds
Uncalled bet ($6) returned to Bastenok
Bastenok collected $11.76 from pot
Bastenok: doesn't show hand
*** SUMMARY ***
Total pot $12 | Rake $0.24
Board [Jh 7h 4h 6c Td]
Seat 1: jl45259071 (big blind) folded on the River
Seat 2: Bastenok (button) (small blind) collected ($11.76)


PokerStars Hand #144528223912:  Hold'em Limit ($3/$6 USD) - 2015/11/28 16:52:20 ET
Table 'Ain III' 2-max Seat #2 is the button
Seat 1: jl45259071 ($1028.80 in chips)
Seat 2: Bastenok ($7854.07 in chips)
Bastenok: posts small blind $1
jl45259071: posts big blind $3
*** HOLE CARDS ***
Bastenok: raises $3 to $6
jl45259071: raises $3 to $9
Bastenok: calls $3
*** FLOP *** [9h Ac 4h]
jl45259071: bets $3
Bastenok: folds
Uncalled bet ($3) returned to jl45259071
jl45259071 collected $17.64 from pot
jl45259071: doesn't show hand
*** SUMMARY ***
Total pot $18 | Rake $0.36
Board [9h Ac 4h]
Seat 1: jl45259071 (big blind) collected ($17.64)
Seat 2: Bastenok (button) (small blind) folded on the Flop


PokerStars Hand #144528216244:  Hold'em Limit ($3/$6 USD) - 2015/11/28 16:52:11 ET
Table 'Ain III' 2-max Seat #1 is the button
Seat 1: jl45259071 ($1023.04 in chips)
Seat 2: Bastenok ($7860.07 in chips)
jl45259071: posts small blind $1
Bastenok: posts big blind $3
*** HOLE CARDS ***
jl45259071: raises $3 to $6
Bastenok: calls $3
*** FLOP *** [6c 8h Tc]
Bastenok: checks
jl45259071: bets $3
Bastenok: folds
Uncalled bet ($3) returned to jl45259071
jl45259071 collected $11.76 from pot
jl45259071: doesn't show hand
*** SUMMARY ***
Total pot $12 | Rake $0.24
Board [6c 8h Tc]
Seat 1: jl45259071 (button) (small blind) collected ($11.76)
Seat 2: Bastenok (big blind) folded on the Flop


PokerStars Hand #144528212132:  Hold'em Limit ($3/$6 USD) - 2015/11/28 16:52:06 ET
Table 'Ain III' 2-max Seat #2 is the button
Seat 1: jl45259071 ($1022.04 in chips)
Seat 2: Bastenok ($7861.07 in chips)
Bastenok: posts small blind $1
jl45259071: posts big blind $3
*** HOLE CARDS ***
Bastenok: folds
Uncalled bet ($2) returned to jl45259071
jl45259071 collected $2 from pot
jl45259071: doesn't show hand
*** SUMMARY ***
Total pot $2 | Rake $0
Seat 1: jl45259071 (big blind) collected ($2)
Seat 2: Bastenok (button) (small blind) folded before Flop


PokerStars Hand #144528200751:  Hold'em Limit ($3/$6 USD) - 2015/11/28 16:51:53 ET
Table 'Ain III' 2-max Seat #1 is the button
Seat 1: jl45259071 ($1031.04 in chips)
Seat 2: Bastenok ($7852.43 in chips)
jl45259071: posts small blind $1
Bastenok: posts big blind $3
*** HOLE CARDS ***
jl45259071: calls $2
Bastenok: raises $3 to $6
jl45259071: calls $3
*** FLOP *** [7s 9h 2d]
Bastenok: checks
jl45259071: bets $3
Bastenok: calls $3
*** TURN *** [7s 9h 2d] [Kc]
Bastenok: checks
jl45259071: checks
*** RIVER *** [7s 9h 2d Kc] [Qs]
Bastenok: checks
jl45259071: checks
*** SHOW DOWN ***
Bastenok: shows [3s As] (high card Ace)
jl45259071: mucks hand
Bastenok collected $17.64 from pot
*** SUMMARY ***
Total pot $18 | Rake $0.36
Board [7s 9h 2d Kc Qs]
Seat 1: jl45259071 (button) (small blind) mucked
Seat 2: Bastenok (big blind) showed [3s As] and won ($17.64) with high card Ace


PokerStars Hand #144528288221:  Hold'em Limit ($3/$6 USD) - 2015/11/28 16:53:35 ET
Table 'Ain III' 2-max Seat #1 is the button
Seat 1: jl45259071 ($1064.70 in chips)
Seat 2: Bastenok ($7816.47 in chips)
jl45259071: posts small blind $1
Bastenok: posts big blind $3
*** HOLE CARDS ***
jl45259071: calls $2
Bastenok: raises $3 to $6
jl45259071: calls $3
*** FLOP *** [2h 6c 6d]
Bastenok: bets $3
jl45259071: calls $3
*** TURN *** [2h 6c 6d] [Kd]
Bastenok: bets $6
jl45259071: calls $6
*** RIVER *** [2h 6c 6d Kd] [Ts]
Bastenok: bets $6
jl45259071: calls $6
*** SHOW DOWN ***
Bastenok: shows [As 7s] (a pair of Sixes)
jl45259071: shows [3c Tc] (two pair, Tens and Sixes)
jl45259071 collected $41.50 from pot
*** SUMMARY ***
Total pot $42 | Rake $0.50
Board [2h 6c 6d Kd Ts]
Seat 1: jl45259071 (button) (small blind) showed [3c Tc] and won ($41.50) with two pair, Tens and Sixes
Seat 2: Bastenok (big blind) showed [As 7s] and lost with a pair of Sixes


PokerStars Hand #144528284477:  Hold'em Limit ($3/$6 USD) - 2015/11/28 16:53:31 ET
Table 'Ain III' 2-max Seat #2 is the button
Seat 1: jl45259071 ($1063.70 in chips)
Seat 2: Bastenok ($7817.47 in chips)
Bastenok: posts small blind $1
jl45259071: posts big blind $3
*** HOLE CARDS ***
Bastenok: folds
Uncalled bet ($2) returned to jl45259071
jl45259071 collected $2 from pot
jl45259071: doesn't show hand
*** SUMMARY ***
Total pot $2 | Rake $0
Seat 1: jl45259071 (big blind) collected ($2)
Seat 2: Bastenok (button) (small blind) folded before Flop


PokerStars Hand #144528277172:  Hold'em Limit ($3/$6 USD) - 2015/11/28 16:53:22 ET
Table 'Ain III' 2-max Seat #1 is the button
Seat 1: jl45259071 ($1060.82 in chips)
Seat 2: Bastenok ($7820.47 in chips)
jl45259071: posts small blind $1
Bastenok: posts big blind $3
*** HOLE CARDS ***
jl45259071: calls $2
Bastenok: checks
*** FLOP *** [2s Kc 8h]
Bastenok: checks
jl45259071: bets $3
Bastenok: folds
Uncalled bet ($3) returned to jl45259071
jl45259071 collected $5.88 from pot
jl45259071: doesn't show hand
*** SUMMARY ***
Total pot $6 | Rake $0.12
Board [2s Kc 8h]
Seat 1: jl45259071 (button) (small blind) collected ($5.88)
Seat 2: Bastenok (big blind) folded on the Flop


PokerStars Hand #144528262594:  Hold'em Limit ($3/$6 USD) - 2015/11/28 16:53:05 ET
Table 'Ain III' 2-max Seat #2 is the button
Seat 1: jl45259071 ($1025.32 in chips)
Seat 2: Bastenok ($7856.47 in chips)
Bastenok: posts small blind $1
jl45259071: posts big blind $3
*** HOLE CARDS ***
Bastenok: raises $3 to $6
jl45259071: raises $3 to $9
Bastenok: calls $3
*** FLOP *** [Td 5c Qs]
jl45259071: bets $3
Bastenok: calls $3
*** TURN *** [Td 5c Qs] [2c]
jl45259071: bets $6
Bastenok: raises $6 to $12
jl45259071: raises $6 to $18
Bastenok: calls $6
*** RIVER *** [Td 5c Qs 2c] [3c]
jl45259071: bets $6
Bastenok: calls $6
*** SHOW DOWN ***
jl45259071: shows [9c Jc] (a flush, Jack high)
Bastenok: mucks hand
jl45259071 collected $71.50 from pot
*** SUMMARY ***
Total pot $72 | Rake $0.50
Board [Td 5c Qs 2c 3c]
Seat 1: jl45259071 (big blind) showed [9c Jc] and won ($71.50) with a flush, Jack high
Seat 2: Bastenok (button) (small blind) mucked


PokerStars Hand #144528329715:  Hold'em Limit ($3/$6 USD) - 2015/11/28 16:54:23 ET
Table 'Ain III' 2-max Seat #2 is the button
Seat 1: jl45259071 ($1058.20 in chips)
Seat 2: Bastenok ($7821.61 in chips)
Bastenok: posts small blind $1
jl45259071: posts big blind $3
*** HOLE CARDS ***
Bastenok: raises $3 to $6
jl45259071: raises $3 to $9
Bastenok: calls $3
*** FLOP *** [7h 5d 6s]
jl45259071: bets $3
Bastenok: raises $3 to $6
jl45259071: calls $3
*** TURN *** [7h 5d 6s] [5h]
jl45259071: checks
Bastenok: checks
*** RIVER *** [7h 5d 6s 5h] [2s]
jl45259071: checks
Bastenok: checks
*** SHOW DOWN ***
jl45259071: shows [As 3s] (a pair of Fives)
Bastenok: mucks hand
jl45259071 collected $29.50 from pot
*** SUMMARY ***
Total pot $30 | Rake $0.50
Board [7h 5d 6s 5h 2s]
Seat 1: jl45259071 (big blind) showed [As 3s] and won ($29.50) with a pair of Fives
Seat 2: Bastenok (button) (small blind) mucked


PokerStars Hand #144528318358:  Hold'em Limit ($3/$6 USD) - 2015/11/28 16:54:10 ET
Table 'Ain III' 2-max Seat #1 is the button
Seat 1: jl45259071 ($1076.20 in chips)
Seat 2: Bastenok ($7804.11 in chips)
jl45259071: posts small blind $1
Bastenok: posts big blind $3
*** HOLE CARDS ***
jl45259071: calls $2
Bastenok: checks
*** FLOP *** [5d Tc 5c]
Bastenok: bets $3
jl45259071: calls $3
*** TURN *** [5d Tc 5c] [2c]
Bastenok: bets $6
jl45259071: calls $6
*** RIVER *** [5d Tc 5c 2c] [4d]
Bastenok: bets $6
jl45259071: calls $6
*** SHOW DOWN ***
Bastenok: shows [Ts 6s] (two pair, Tens and Fives)
jl45259071: mucks hand
Bastenok collected $35.50 from pot
*** SUMMARY ***
Total pot $36 | Rake $0.50
Board [5d Tc 5c 2c 4d]
Seat 1: jl45259071 (button) (small blind) mucked
Seat 2: Bastenok (big blind) showed [Ts 6s] and won ($35.50) with two pair, Tens and Fives


PokerStars Hand #144528299359:  Hold'em Limit ($3/$6 USD) - 2015/11/28 16:53:48 ET
Table 'Ain III' 2-max Seat #2 is the button
Seat 1: jl45259071 ($1085.20 in chips)
Seat 2: Bastenok ($7795.47 in chips)
Bastenok: posts small blind $1
jl45259071: posts big blind $3
*** HOLE CARDS ***
Bastenok: raises $3 to $6
jl45259071: calls $3
*** FLOP *** [7s Th Ac]
jl45259071: checks
Bastenok: bets $3
jl45259071: calls $3
*** TURN *** [7s Th Ac] [7c]
jl45259071: checks
Bastenok: bets $6
jl45259071: folds
Uncalled bet ($6) returned to Bastenok
Bastenok collected $17.64 from pot
Bastenok: doesn't show hand
*** SUMMARY ***
Total pot $18 | Rake $0.36
Board [7s Th Ac 7c]
Seat 1: jl45259071 (big blind) folded on the Turn
Seat 2: Bastenok (button) (small blind) collected ($17.64)


PokerStars Hand #144528343268:  Hold'em Limit ($3/$6 USD) - 2015/11/28 16:54:38 ET
Table 'Ain III' 2-max Seat #1 is the button
Seat 1: jl45259071 ($1072.70 in chips)
Seat 2: Bastenok ($7806.61 in chips)
jl45259071: posts small blind $1
Bastenok: posts big blind $3
*** HOLE CARDS ***
jl45259071: calls $2
Bastenok: checks
*** FLOP *** [Kh 7h 4c]
Bastenok: checks
jl45259071: checks
*** TURN *** [Kh 7h 4c] [3h]
Bastenok: checks
jl45259071: bets $6
Bastenok: folds
Uncalled bet ($6) returned to jl45259071
jl45259071 collected $5.88 from pot
jl45259071: doesn't show hand
*** SUMMARY ***
Total pot $6 | Rake $0.12
Board [Kh 7h 4c 3h]
Seat 1: jl45259071 (button) (small blind) collected ($5.88)
Seat 2: Bastenok (big blind) folded on the Turn


PokerStars Hand #144528351548:  Hold'em Limit ($3/$6 USD) - 2015/11/28 16:54:48 ET
Table 'Ain III' 2-max Seat #2 is the button
Seat 1: jl45259071 ($1075.58 in chips)
Seat 2: Bastenok ($7803.61 in chips)
Bastenok: posts small blind $1
jl45259071: posts big blind $3
*** HOLE CARDS ***
Bastenok: raises $3 to $6
jl45259071: calls $3
*** FLOP *** [3h 5c 7d]
jl45259071: checks
Bastenok: checks
*** TURN *** [3h 5c 7d] [5h]
jl45259071: checks
Bastenok: bets $6
jl45259071: folds
Uncalled bet ($6) returned to Bastenok
Bastenok collected $11.76 from pot
Bastenok: doesn't show hand
*** SUMMARY ***
Total pot $12 | Rake $0.24
Board [3h 5c 7d 5h]
Seat 1: jl45259071 (big blind) folded on the Turn
Seat 2: Bastenok (button) (small blind) collected ($11.76)


PokerStars Hand #144528360217:  Hold'em Limit ($3/$6 USD) - 2015/11/28 16:54:58 ET
Table 'Ain III' 2-max Seat #1 is the button
Seat 1: jl45259071 ($1069.58 in chips)
Seat 2: Bastenok ($7809.37 in chips)
jl45259071: posts small blind $1
Bastenok: posts big blind $3
*** HOLE CARDS ***
jl45259071: calls $2
Bastenok: raises $3 to $6
jl45259071: calls $3
*** FLOP *** [Jd As Tc]
Bastenok: bets $3
jl45259071: folds
Uncalled bet ($3) returned to Bastenok
Bastenok collected $11.76 from pot
Bastenok: doesn't show hand
*** SUMMARY ***
Total pot $12 | Rake $0.24
Board [Jd As Tc]
Seat 1: jl45259071 (button) (small blind) folded on the Flop
Seat 2: Bastenok (big blind) collected ($11.76)


PokerStars Hand #144528367836:  Hold'em Limit ($3/$6 USD) - 2015/11/28 16:55:07 ET
Table 'Ain III' 2-max Seat #2 is the button
Seat 1: jl45259071 ($1063.58 in chips)
Seat 2: Bastenok ($7815.13 in chips)
Bastenok: posts small blind $1
jl45259071: posts big blind $3
*** HOLE CARDS ***
Bastenok: raises $3 to $6
jl45259071: calls $3
*** FLOP *** [3s 4d 4c]
jl45259071: checks
Bastenok: checks
*** TURN *** [3s 4d 4c] [Ah]
jl45259071: checks
Bastenok: checks
*** RIVER *** [3s 4d 4c Ah] [Ts]
jl45259071: checks
Bastenok: checks
*** SHOW DOWN ***
jl45259071: shows [7c Qd] (a pair of Fours)
Bastenok: mucks hand
jl45259071 collected $11.76 from pot
*** SUMMARY ***
Total pot $12 | Rake $0.24
Board [3s 4d 4c Ah Ts]
Seat 1: jl45259071 (big blind) showed [7c Qd] and won ($11.76) with a pair of Fours
Seat 2: Bastenok (button) (small blind) mucked


PokerStars Hand #144528375457:  Hold'em Limit ($3/$6 USD) - 2015/11/28 16:55:18 ET
Table 'Ain III' 2-max Seat #1 is the button
Seat 1: jl45259071 ($1069.34 in chips)
Seat 2: Bastenok ($7809.13 in chips)
jl45259071: posts small blind $1
Bastenok: posts big blind $3
*** HOLE CARDS ***
jl45259071: calls $2
Bastenok: raises $3 to $6
jl45259071: calls $3
*** FLOP *** [3c 4d Ac]
Bastenok: bets $3
jl45259071: calls $3
*** TURN *** [3c 4d Ac] [Jc]
Bastenok: bets $6
jl45259071: calls $6
*** RIVER *** [3c 4d Ac Jc] [6d]
Bastenok: bets $6
jl45259071: calls $6
*** SHOW DOWN ***
Bastenok: shows [Ad Ah] (three of a kind, Aces)
jl45259071: mucks hand
Bastenok collected $41.50 from pot
*** SUMMARY ***
Total pot $42 | Rake $0.50
Board [3c 4d Ac Jc 6d]
Seat 1: jl45259071 (button) (small blind) mucked
Seat 2: Bastenok (big blind) showed [Ad Ah] and won ($41.50) with three of a kind, Aces


PokerStars Hand #144528391396:  Hold'em Limit ($3/$6 USD) - 2015/11/28 16:55:42 ET
Table 'Ain III' 2-max Seat #1 is the button
Seat 1: jl45259071 ($1065.84 in chips)
Seat 2: Bastenok ($7811.63 in chips)
jl45259071: posts small blind $1
Bastenok: posts big blind $3
*** HOLE CARDS ***
jl45259071: folds
Uncalled bet ($2) returned to Bastenok
Bastenok collected $2 from pot
Bastenok: doesn't show hand
*** SUMMARY ***
Total pot $2 | Rake $0
Seat 1: jl45259071 (button) (small blind) folded before Flop
Seat 2: Bastenok (big blind) collected ($2)


PokerStars Hand #144528383397:  Hold'em Limit ($3/$6 USD) - 2015/11/28 16:55:30 ET
Table 'Ain III' 2-max Seat #2 is the button
Seat 1: jl45259071 ($1048.34 in chips)
Seat 2: Bastenok ($7829.63 in chips)
Bastenok: posts small blind $1
jl45259071: posts big blind $3
*** HOLE CARDS ***
Bastenok: raises $3 to $6
jl45259071: raises $3 to $9
Bastenok: calls $3
*** FLOP *** [Jh 5s 3c]
jl45259071: bets $3
Bastenok: calls $3
*** TURN *** [Jh 5s 3c] [6c]
jl45259071: bets $6
Bastenok: calls $6
*** RIVER *** [Jh 5s 3c 6c] [9s]
jl45259071: bets $6
Bastenok: folds
Uncalled bet ($6) returned to jl45259071
jl45259071 collected $35.50 from pot
jl45259071: doesn't show hand
*** SUMMARY ***
Total pot $36 | Rake $0.50
Board [Jh 5s 3c 6c 9s]
Seat 1: jl45259071 (big blind) collected ($35.50)
Seat 2: Bastenok (button) (small blind) folded on the River


PokerStars Hand #144528394538:  Hold'em Limit ($3/$6 USD) - 2015/11/28 16:55:47 ET
Table 'Ain III' 2-max Seat #2 is the button
Seat 1: jl45259071 ($1064.84 in chips)
Seat 2: Bastenok ($7812.63 in chips)
Bastenok: posts small blind $1
jl45259071: posts big blind $3
*** HOLE CARDS ***
Bastenok: raises $3 to $6
jl45259071: raises $3 to $9
Bastenok: calls $3
*** FLOP *** [8h Kc Ah]
jl45259071: bets $3
Bastenok: calls $3
*** TURN *** [8h Kc Ah] [8d]
jl45259071: bets $6
Bastenok: calls $6
*** RIVER *** [8h Kc Ah 8d] [9h]
jl45259071: bets $6
Bastenok: raises $6 to $12
jl45259071: folds
Uncalled bet ($6) returned to Bastenok
Bastenok collected $47.50 from pot
Bastenok: doesn't show hand
*** SUMMARY ***
Total pot $48 | Rake $0.50
Board [8h Kc Ah 8d 9h]
Seat 1: jl45259071 (big blind) folded on the River
Seat 2: Bastenok (button) (small blind) collected ($47.50)


PokerStars Hand #144528402808:  Hold'em Limit ($3/$6 USD) - 2015/11/28 16:55:59 ET
Table 'Ain III' 2-max Seat #1 is the button
Seat 1: jl45259071 ($1040.84 in chips)
Seat 2: Bastenok ($7836.13 in chips)
jl45259071: posts small blind $1
Bastenok: posts big blind $3
*** HOLE CARDS ***
jl45259071: calls $2
Bastenok: checks
*** FLOP *** [Ad 3s 4c]
Bastenok: checks
jl45259071: bets $3
Bastenok: folds
Uncalled bet ($3) returned to jl45259071
jl45259071 collected $5.88 from pot
jl45259071: doesn't show hand
*** SUMMARY ***
Total pot $6 | Rake $0.12
Board [Ad 3s 4c]
Seat 1: jl45259071 (button) (small blind) collected ($5.88)
Seat 2: Bastenok (big blind) folded on the Flop


PokerStars Hand #144528416274:  Hold'em Limit ($3/$6 USD) - 2015/11/28 16:56:20 ET
Table 'Ain III' 2-max Seat #1 is the button
Seat 1: jl45259071 ($1064.22 in chips)
Seat 2: Bastenok ($7812.13 in chips)
jl45259071: posts small blind $1
Bastenok: posts big blind $3
*** HOLE CARDS ***
jl45259071: raises $3 to $6
Bastenok: folds
Uncalled bet ($3) returned to jl45259071
jl45259071 collected $6 from pot
jl45259071: doesn't show hand
*** SUMMARY ***
Total pot $6 | Rake $0
Seat 1: jl45259071 (button) (small blind) collected ($6)
Seat 2: Bastenok (big blind) folded before Flop


PokerStars Hand #144528408184:  Hold'em Limit ($3/$6 USD) - 2015/11/28 16:56:07 ET
Table 'Ain III' 2-max Seat #2 is the button
Seat 1: jl45259071 ($1043.72 in chips)
Seat 2: Bastenok ($7833.13 in chips)
Bastenok: posts small blind $1
jl45259071: posts big blind $3
*** HOLE CARDS ***
Bastenok: raises $3 to $6
jl45259071: raises $3 to $9
Bastenok: calls $3
*** FLOP *** [8s 9c Kd]
jl45259071: bets $3
Bastenok: raises $3 to $6
jl45259071: calls $3
*** TURN *** [8s 9c Kd] [6h]
jl45259071: checks
Bastenok: checks
*** RIVER *** [8s 9c Kd 6h] [7d]
jl45259071: bets $6
Bastenok: calls $6
*** SHOW DOWN ***
jl45259071: shows [Td Ah] (a straight, Six to Ten)
Bastenok: mucks hand
jl45259071 collected $41.50 from pot
*** SUMMARY ***
Total pot $42 | Rake $0.50
Board [8s 9c Kd 6h 7d]
Seat 1: jl45259071 (big blind) showed [Td Ah] and won ($41.50) with a straight, Six to Ten
Seat 2: Bastenok (button) (small blind) mucked


PokerStars Hand #144528420009:  Hold'em Limit ($3/$6 USD) - 2015/11/28 16:56:25 ET
Table 'Ain III' 2-max Seat #2 is the button
Seat 1: jl45259071 ($1067.22 in chips)
Seat 2: Bastenok ($7809.13 in chips)
Bastenok: posts small blind $1
jl45259071: posts big blind $3
*** HOLE CARDS ***
Bastenok: raises $3 to $6
jl45259071: raises $3 to $9
Bastenok: calls $3
*** FLOP *** [7c Ts 8s]
jl45259071: bets $3
Bastenok: raises $3 to $6
jl45259071: raises $3 to $9
Bastenok: raises $3 to $12
Betting is capped
jl45259071: calls $3
*** TURN *** [7c Ts 8s] [6s]
jl45259071: bets $6
Bastenok: raises $6 to $12
jl45259071: raises $6 to $18
Bastenok: calls $6
*** RIVER *** [7c Ts 8s 6s] [Jd]
jl45259071: bets $6
Bastenok: calls $6
*** SHOW DOWN ***
jl45259071: shows [5s Ks] (a flush, King high)
Bastenok: mucks hand
jl45259071 collected $89.50 from pot
*** SUMMARY ***
Total pot $90 | Rake $0.50
Board [7c Ts 8s 6s Jd]
Seat 1: jl45259071 (big blind) showed [5s Ks] and won ($89.50) with a flush, King high
Seat 2: Bastenok (button) (small blind) mucked


PokerStars Hand #144528431377:  Hold'em Limit ($3/$6 USD) - 2015/11/28 16:56:42 ET
Table 'Ain III' 2-max Seat #1 is the button
Seat 1: jl45259071 ($1111.72 in chips)
Seat 2: Bastenok ($7764.13 in chips)
jl45259071: posts small blind $1
Bastenok: posts big blind $3
*** HOLE CARDS ***
jl45259071: raises $3 to $6
Bastenok: calls $3
*** FLOP *** [4d 5h 5d]
Bastenok: checks
jl45259071: checks
*** TURN *** [4d 5h 5d] [7h]
Bastenok: checks
jl45259071: checks
*** RIVER *** [4d 5h 5d 7h] [Ks]
Bastenok: checks
jl45259071: checks
*** SHOW DOWN ***
Bastenok: shows [Js Th] (a pair of Fives)
jl45259071: mucks hand
Bastenok collected $11.76 from pot
*** SUMMARY ***
Total pot $12 | Rake $0.24
Board [4d 5h 5d 7h Ks]
Seat 1: jl45259071 (button) (small blind) mucked
Seat 2: Bastenok (big blind) showed [Js Th] and won ($11.76) with a pair of Fives


PokerStars Hand #144528438566:  Hold'em Limit ($3/$6 USD) - 2015/11/28 16:56:53 ET
Table 'Ain III' 2-max Seat #2 is the button
Seat 1: jl45259071 ($1105.72 in chips)
Seat 2: Bastenok ($7769.89 in chips)
Bastenok: posts small blind $1
jl45259071: posts big blind $3
*** HOLE CARDS ***
Bastenok: raises $3 to $6
jl45259071: calls $3
*** FLOP *** [Th Ks 3c]
jl45259071: checks
Bastenok: bets $3
jl45259071: calls $3
*** TURN *** [Th Ks 3c] [7d]
jl45259071: checks
Bastenok: checks
*** RIVER *** [Th Ks 3c 7d] [7s]
jl45259071: checks
Bastenok: checks
*** SHOW DOWN ***
jl45259071: shows [8s 2s] (a pair of Sevens)
Bastenok: shows [6h Qs] (a pair of Sevens - King+Queen kicker)
Bastenok collected $17.64 from pot
*** SUMMARY ***
Total pot $18 | Rake $0.36
Board [Th Ks 3c 7d 7s]
Seat 1: jl45259071 (big blind) showed [8s 2s] and lost with a pair of Sevens
Seat 2: Bastenok (button) (small blind) showed [6h Qs] and won ($17.64) with a pair of Sevens


PokerStars Hand #144528446992:  Hold'em Limit ($3/$6 USD) - 2015/11/28 16:57:06 ET
Table 'Ain III' 2-max Seat #1 is the button
Seat 1: jl45259071 ($1096.72 in chips)
Seat 2: Bastenok ($7778.53 in chips)
jl45259071: posts small blind $1
Bastenok: posts big blind $3
*** HOLE CARDS ***
jl45259071: folds
Uncalled bet ($2) returned to Bastenok
Bastenok collected $2 from pot
Bastenok: doesn't show hand
*** SUMMARY ***
Total pot $2 | Rake $0
Seat 1: jl45259071 (button) (small blind) folded before Flop
Seat 2: Bastenok (big blind) collected ($2)


PokerStars Hand #144528450457:  Hold'em Limit ($3/$6 USD) - 2015/11/28 16:57:11 ET
Table 'Ain III' 2-max Seat #2 is the button
Seat 1: jl45259071 ($1095.72 in chips)
Seat 2: Bastenok ($7779.53 in chips)
Bastenok: posts small blind $1
jl45259071: posts big blind $3
*** HOLE CARDS ***
Bastenok: raises $3 to $6
jl45259071: raises $3 to $9
Bastenok: raises $3 to $12
Betting is capped
jl45259071: calls $3
*** FLOP *** [6c 2h Ts]
jl45259071: bets $3
Bastenok: raises $3 to $6
jl45259071: calls $3
*** TURN *** [6c 2h Ts] [4d]
jl45259071: checks
Bastenok: bets $6
jl45259071: calls $6
*** RIVER *** [6c 2h Ts 4d] [Js]
jl45259071: checks
Bastenok: checks
*** SHOW DOWN ***
jl45259071: shows [Kd 9d] (high card King)
Bastenok: shows [9s As] (high card Ace)
Bastenok collected $47.50 from pot
*** SUMMARY ***
Total pot $48 | Rake $0.50
Board [6c 2h Ts 4d Js]
Seat 1: jl45259071 (big blind) showed [Kd 9d] and lost with high card King
Seat 2: Bastenok (button) (small blind) showed [9s As] and won ($47.50) with high card Ace


PokerStars Hand #144528460666:  Hold'em Limit ($3/$6 USD) - 2015/11/28 16:57:26 ET
Table 'Ain III' 2-max Seat #1 is the button
Seat 1: jl45259071 ($1071.72 in chips)
Seat 2: Bastenok ($7803.03 in chips)
jl45259071: posts small blind $1
Bastenok: posts big blind $3
*** HOLE CARDS ***
jl45259071: calls $2
Bastenok: checks
*** FLOP *** [2s 8h 6c]
Bastenok: checks
jl45259071: bets $3
Bastenok: folds
Uncalled bet ($3) returned to jl45259071
jl45259071 collected $5.88 from pot
jl45259071: doesn't show hand
*** SUMMARY ***
Total pot $6 | Rake $0.12
Board [2s 8h 6c]
Seat 1: jl45259071 (button) (small blind) collected ($5.88)
Seat 2: Bastenok (big blind) folded on the Flop


PokerStars Hand #144528466090:  Hold'em Limit ($3/$6 USD) - 2015/11/28 16:57:34 ET
Table 'Ain III' 2-max Seat #2 is the button
Seat 1: jl45259071 ($1074.60 in chips)
Seat 2: Bastenok ($7800.03 in chips)
Bastenok: posts small blind $1
jl45259071: posts big blind $3
*** HOLE CARDS ***
Bastenok: raises $3 to $6
jl45259071: raises $3 to $9
Bastenok: raises $3 to $12
Betting is capped
jl45259071: calls $3
*** FLOP *** [8c 3h Qc]
jl45259071: bets $3
Bastenok: calls $3
*** TURN *** [8c 3h Qc] [4s]
jl45259071: bets $6
Bastenok: raises $6 to $12
jl45259071: calls $6
*** RIVER *** [8c 3h Qc 4s] [7c]
jl45259071: checks
Bastenok: bets $6
jl45259071: calls $6
*** SHOW DOWN ***
Bastenok: shows [Ah As] (a pair of Aces)
jl45259071: mucks hand
Bastenok collected $65.50 from pot
*** SUMMARY ***
Total pot $66 | Rake $0.50
Board [8c 3h Qc 4s 7c]
Seat 1: jl45259071 (big blind) mucked
Seat 2: Bastenok (button) (small blind) showed [Ah As] and won ($65.50) with a pair of Aces


PokerStars Hand #144528475942:  Hold'em Limit ($3/$6 USD) - 2015/11/28 16:57:49 ET
Table 'Ain III' 2-max Seat #1 is the button
Seat 1: jl45259071 ($1041.60 in chips)
Seat 2: Bastenok ($7832.53 in chips)
jl45259071: posts small blind $1
Bastenok: posts big blind $3
*** HOLE CARDS ***
jl45259071: calls $2
Bastenok: checks
*** FLOP *** [7d Ks 8h]
Bastenok: checks
jl45259071: checks
*** TURN *** [7d Ks 8h] [Jh]
Bastenok: checks
jl45259071: bets $6
Bastenok: folds
Uncalled bet ($6) returned to jl45259071
jl45259071 collected $5.88 from pot
jl45259071: doesn't show hand
*** SUMMARY ***
Total pot $6 | Rake $0.12
Board [7d Ks 8h Jh]
Seat 1: jl45259071 (button) (small blind) collected ($5.88)
Seat 2: Bastenok (big blind) folded on the Turn


PokerStars Hand #144528490951:  Hold'em Limit ($3/$6 USD) - 2015/11/28 16:58:11 ET
Table 'Ain III' 2-max Seat #1 is the button
Seat 1: jl45259071 ($1014.48 in chips)
Seat 2: Bastenok ($7859.03 in chips)
jl45259071: posts small blind $1
Bastenok: posts big blind $3
*** HOLE CARDS ***
jl45259071: calls $2
Bastenok: raises $3 to $6
jl45259071: calls $3
*** FLOP *** [2h Jc 9d]
Bastenok: bets $3
jl45259071: calls $3
*** TURN *** [2h Jc 9d] [Qh]
Bastenok: bets $6
jl45259071: calls $6
*** RIVER *** [2h Jc 9d Qh] [9h]
Bastenok: bets $6
jl45259071: folds
Uncalled bet ($6) returned to Bastenok
Bastenok collected $29.50 from pot
Bastenok: doesn't show hand
*** SUMMARY ***
Total pot $30 | Rake $0.50
Board [2h Jc 9d Qh 9h]
Seat 1: jl45259071 (button) (small blind) folded on the River
Seat 2: Bastenok (big blind) collected ($29.50)


PokerStars Hand #144528499063:  Hold'em Limit ($3/$6 USD) - 2015/11/28 16:58:23 ET
Table 'Ain III' 2-max Seat #2 is the button
Seat 1: jl45259071 ($999.48 in chips)
Seat 2: Bastenok ($7873.53 in chips)
Bastenok: posts small blind $1
jl45259071: posts big blind $3
*** HOLE CARDS ***
Bastenok: folds
Uncalled bet ($2) returned to jl45259071
jl45259071 collected $2 from pot
jl45259071: doesn't show hand
*** SUMMARY ***
Total pot $2 | Rake $0
Seat 1: jl45259071 (big blind) collected ($2)
Seat 2: Bastenok (button) (small blind) folded before Flop


PokerStars Hand #144528502156:  Hold'em Limit ($3/$6 USD) - 2015/11/28 16:58:28 ET
Table 'Ain III' 2-max Seat #1 is the button
Seat 1: jl45259071 ($1000.48 in chips)
Seat 2: Bastenok ($7872.53 in chips)
jl45259071: posts small blind $1
Bastenok: posts big blind $3
*** HOLE CARDS ***
jl45259071: calls $2
Bastenok: checks
*** FLOP *** [Qh 7s 5c]
Bastenok: bets $3
jl45259071: calls $3
*** TURN *** [Qh 7s 5c] [Ah]
Bastenok: bets $6
jl45259071: calls $6
*** RIVER *** [Qh 7s 5c Ah] [2d]
Bastenok: bets $6
jl45259071: folds
Uncalled bet ($6) returned to Bastenok
Bastenok collected $23.52 from pot
Bastenok: doesn't show hand
*** SUMMARY ***
Total pot $24 | Rake $0.48
Board [Qh 7s 5c Ah 2d]
Seat 1: jl45259071 (button) (small blind) folded on the River
Seat 2: Bastenok (big blind) collected ($23.52)


PokerStars Hand #144528509357:  Hold'em Limit ($3/$6 USD) - 2015/11/28 16:58:39 ET
Table 'Ain III' 2-max Seat #2 is the button
Seat 1: jl45259071 ($988.48 in chips)
Seat 2: Bastenok ($7884.05 in chips)
Bastenok: posts small blind $1
jl45259071: posts big blind $3
*** HOLE CARDS ***
Bastenok: raises $3 to $6
jl45259071: calls $3
*** FLOP *** [6s Qd Ah]
jl45259071: checks
Bastenok: bets $3
jl45259071: calls $3
*** TURN *** [6s Qd Ah] [9d]
jl45259071: checks
Bastenok: checks
*** RIVER *** [6s Qd Ah 9d] [Tc]
jl45259071: checks
Bastenok: bets $6
jl45259071: calls $6
*** SHOW DOWN ***
Bastenok: shows [8s 7d] (a straight, Six to Ten)
jl45259071: mucks hand
Bastenok collected $29.50 from pot
*** SUMMARY ***
Total pot $30 | Rake $0.50
Board [6s Qd Ah 9d Tc]
Seat 1: jl45259071 (big blind) mucked
Seat 2: Bastenok (button) (small blind) showed [8s 7d] and won ($29.50) with a straight, Six to Ten


PokerStars Hand #144528518517:  Hold'em Limit ($3/$6 USD) - 2015/11/28 16:58:52 ET
Table 'Ain III' 2-max Seat #1 is the button
Seat 1: jl45259071 ($973.48 in chips)
Seat 2: Bastenok ($7898.55 in chips)
jl45259071: posts small blind $1
Bastenok: posts big blind $3
*** HOLE CARDS ***
jl45259071: calls $2
Bastenok: checks
*** FLOP *** [Jd 7d 4d]
Bastenok: bets $3
jl45259071: calls $3
*** TURN *** [Jd 7d 4d] [Ad]
Bastenok: bets $6
jl45259071: calls $6
*** RIVER *** [Jd 7d 4d Ad] [Ks]
Bastenok: checks
jl45259071: bets $6
Bastenok: calls $6
*** SHOW DOWN ***
jl45259071: shows [6d 5h] (a flush, Ace high)
Bastenok: mucks hand
jl45259071 collected $35.50 from pot
*** SUMMARY ***
Total pot $36 | Rake $0.50
Board [Jd 7d 4d Ad Ks]
Seat 1: jl45259071 (button) (small blind) showed [6d 5h] and won ($35.50) with a flush, Ace high
Seat 2: Bastenok (big blind) mucked


