PokerStars Hand #148170444881:  Hold'em Limit ($3/$6 USD) - 2016/02/03 11:47:34 ET
Table 'Ain II' 2-max Seat #2 is the button
Seat 1: jl45259071 ($60.16 in chips)
Seat 2: punkrott ($72 in chips)
punkrott: posts small blind $1
jl45259071: posts big blind $3
*** HOLE CARDS ***
punkrott: raises $3 to $6
jl45259071: calls $3
*** FLOP *** [4s Qd 8d]
jl45259071: checks
punkrott: bets $3
jl45259071: calls $3
*** TURN *** [4s Qd 8d] [7h]
jl45259071: checks
punkrott: checks
*** RIVER *** [4s Qd 8d 7h] [Qc]
jl45259071: bets $6
punkrott: calls $6
*** SHOW DOWN ***
jl45259071: shows [Jd 5s] (a pair of Queens)
punkrott: shows [Ah 7d] (two pair, Queens and Sevens)
punkrott collected $29.50 from pot
*** SUMMARY ***
Total pot $30 | Rake $0.50
Board [4s Qd 8d 7h Qc]
Seat 1: jl45259071 (big blind) showed [Jd 5s] and lost with a pair of Queens
Seat 2: punkrott (button) (small blind) showed [Ah 7d] and won ($29.50) with two pair, Queens and Sevens


PokerStars Hand #148170484307:  Hold'em Limit ($3/$6 USD) - 2016/02/03 11:48:19 ET
Table 'Ain II' 2-max Seat #1 is the button
Seat 1: jl45259071 ($45.16 in chips)
Seat 2: punkrott ($86.50 in chips)
jl45259071: posts small blind $1
punkrott: posts big blind $3
*** HOLE CARDS ***
jl45259071: raises $3 to $6
punkrott: calls $3
*** FLOP *** [Th 2c Qh]
punkrott: checks
jl45259071: bets $3
punkrott: folds
Uncalled bet ($3) returned to jl45259071
jl45259071 collected $11.76 from pot
*** SUMMARY ***
Total pot $12 | Rake $0.24
Board [Th 2c Qh]
Seat 1: jl45259071 (button) (small blind) collected ($11.76)
Seat 2: punkrott (big blind) folded on the Flop


PokerStars Hand #148170503041:  Hold'em Limit ($3/$6 USD) - 2016/02/03 11:48:40 ET
Table 'Ain II' 2-max Seat #2 is the button
Seat 1: jl45259071 ($50.92 in chips)
Seat 2: punkrott ($80.50 in chips)
punkrott: posts small blind $1
jl45259071: posts big blind $3
*** HOLE CARDS ***
punkrott: raises $3 to $6
jl45259071: calls $3
*** FLOP *** [Ks 7h 9d]
jl45259071: checks
punkrott: bets $3
jl45259071: calls $3
*** TURN *** [Ks 7h 9d] [6h]
jl45259071: bets $6
punkrott: folds
Uncalled bet ($6) returned to jl45259071
jl45259071 collected $17.64 from pot
*** SUMMARY ***
Total pot $18 | Rake $0.36
Board [Ks 7h 9d 6h]
Seat 1: jl45259071 (big blind) collected ($17.64)
Seat 2: punkrott (button) (small blind) folded on the Turn


PokerStars Hand #148170552980:  Hold'em Limit ($3/$6 USD) - 2016/02/03 11:49:38 ET
Table 'Ain II' 2-max Seat #2 is the button
Seat 1: jl45259071 ($50.56 in chips)
Seat 2: punkrott ($80.14 in chips)
punkrott: posts small blind $1
jl45259071: posts big blind $3
*** HOLE CARDS ***
punkrott: raises $3 to $6
jl45259071: raises $3 to $9
punkrott: calls $3
*** FLOP *** [8h 2d 7c]
jl45259071: bets $3
punkrott: folds
Uncalled bet ($3) returned to jl45259071
jl45259071 collected $17.64 from pot
*** SUMMARY ***
Total pot $18 | Rake $0.36
Board [8h 2d 7c]
Seat 1: jl45259071 (big blind) collected ($17.64)
Seat 2: punkrott (button) (small blind) folded on the Flop


PokerStars Hand #148170529865:  Hold'em Limit ($3/$6 USD) - 2016/02/03 11:49:11 ET
Table 'Ain II' 2-max Seat #1 is the button
Seat 1: jl45259071 ($59.56 in chips)
Seat 2: punkrott ($71.50 in chips)
jl45259071: posts small blind $1
punkrott: posts big blind $3
*** HOLE CARDS ***
jl45259071: raises $3 to $6
punkrott: calls $3
*** FLOP *** [Kd Tc 2c]
punkrott: checks
jl45259071: bets $3
punkrott: calls $3
*** TURN *** [Kd Tc 2c] [2s]
punkrott: checks
jl45259071: checks
*** RIVER *** [Kd Tc 2c 2s] [Kc]
punkrott: checks
jl45259071: checks
*** SHOW DOWN ***
punkrott: shows [3h Ks] (a full house, Kings full of Deuces)
jl45259071: mucks hand
punkrott collected $17.64 from pot
*** SUMMARY ***
Total pot $18 | Rake $0.36
Board [Kd Tc 2c 2s Kc]
Seat 1: jl45259071 (button) (small blind) mucked
Seat 2: punkrott (big blind) showed [3h Ks] and won ($17.64) with a full house, Kings full of Deuces


PokerStars Hand #148170574591:  Hold'em Limit ($3/$6 USD) - 2016/02/03 11:50:02 ET
Table 'Ain II' 2-max Seat #1 is the button
Seat 1: jl45259071 ($59.20 in chips)
Seat 2: punkrott ($71.14 in chips)
jl45259071: posts small blind $1
punkrott: posts big blind $3
*** HOLE CARDS ***
jl45259071: raises $3 to $6
punkrott: calls $3
*** FLOP *** [4d 2h Ks]
punkrott: checks
jl45259071: checks
*** TURN *** [4d 2h Ks] [8s]
punkrott: bets $6
jl45259071: calls $6
*** RIVER *** [4d 2h Ks 8s] [Kh]
punkrott: bets $6
jl45259071: calls $6
*** SHOW DOWN ***
punkrott: shows [8c 7s] (two pair, Kings and Eights)
jl45259071: mucks hand
punkrott collected $35.50 from pot
*** SUMMARY ***
Total pot $36 | Rake $0.50
Board [4d 2h Ks 8s Kh]
Seat 1: jl45259071 (button) (small blind) mucked
Seat 2: punkrott (big blind) showed [8c 7s] and won ($35.50) with two pair, Kings and Eights


PokerStars Hand #148170602300:  Hold'em Limit ($3/$6 USD) - 2016/02/03 11:50:35 ET
Table 'Ain II' 2-max Seat #2 is the button
Seat 1: jl45259071 ($41.20 in chips)
Seat 2: punkrott ($88.64 in chips)
punkrott: posts small blind $1
jl45259071: posts big blind $3
*** HOLE CARDS ***
punkrott: raises $3 to $6
jl45259071: raises $3 to $9
punkrott: calls $3
*** FLOP *** [Ks 4d Qd]
jl45259071: bets $3
punkrott: calls $3
*** TURN *** [Ks 4d Qd] [Qh]
jl45259071: checks
punkrott: bets $6
jl45259071: folds
Uncalled bet ($6) returned to punkrott
punkrott collected $23.52 from pot
punkrott: doesn't show hand
*** SUMMARY ***
Total pot $24 | Rake $0.48
Board [Ks 4d Qd Qh]
Seat 1: jl45259071 (big blind) folded on the Turn
Seat 2: punkrott (button) (small blind) collected ($23.52)


PokerStars Hand #148170625835:  Hold'em Limit ($3/$6 USD) - 2016/02/03 11:51:02 ET
Table 'Ain II' 2-max Seat #1 is the button
Seat 1: jl45259071 ($29.20 in chips)
Seat 2: punkrott ($100.16 in chips)
jl45259071: posts small blind $1
punkrott: posts big blind $3
*** HOLE CARDS ***
jl45259071: calls $2
punkrott: raises $3 to $6
jl45259071: calls $3
*** FLOP *** [Ac 2h 5s]
punkrott: bets $3
jl45259071: calls $3
*** TURN *** [Ac 2h 5s] [Js]
punkrott: bets $6
jl45259071: calls $6
*** RIVER *** [Ac 2h 5s Js] [7s]
punkrott: bets $6
jl45259071: folds
Uncalled bet ($6) returned to punkrott
punkrott collected $29.50 from pot
punkrott: doesn't show hand
*** SUMMARY ***
Total pot $30 | Rake $0.50
Board [Ac 2h 5s Js 7s]
Seat 1: jl45259071 (button) (small blind) folded on the River
Seat 2: punkrott (big blind) collected ($29.50)


PokerStars Hand #148170663242:  Hold'em Limit ($3/$6 USD) - 2016/02/03 11:51:45 ET
Table 'Ain II' 2-max Seat #2 is the button
Seat 1: jl45259071 ($14.20 in chips)
Seat 2: punkrott ($114.66 in chips)
punkrott: posts small blind $1
jl45259071: posts big blind $3
*** HOLE CARDS ***
punkrott: raises $3 to $6
jl45259071: raises $3 to $9
punkrott: calls $3
*** FLOP *** [8c Td Jc]
jl45259071: bets $3
punkrott: raises $3 to $6
jl45259071: calls $2.20 and is all-in
Uncalled bet ($0.80) returned to punkrott
*** TURN *** [8c Td Jc] [As]
*** RIVER *** [8c Td Jc As] [4h]
*** SHOW DOWN ***
jl45259071: shows [5s 6d] (high card Ace)
punkrott: shows [6s 8s] (a pair of Eights)
punkrott collected $27.90 from pot
*** SUMMARY ***
Total pot $28.40 | Rake $0.50
Board [8c Td Jc As 4h]
Seat 1: jl45259071 (big blind) showed [5s 6d] and lost with high card Ace
Seat 2: punkrott (button) (small blind) showed [6s 8s] and won ($27.90) with a pair of Eights


