PokerStars Hand #175019522803:  Hold'em Limit ($3/$6 USD) - 2017/08/31 8:45:16 ET
Table 'Ain' 6-max Seat #3 is the button
Seat 3: vitamin168 ($30 in chips)
Seat 4: Agrotait ($60 in chips)
vitamin168: posts small blind $1
Agrotait: posts big blind $3
*** HOLE CARDS ***
vitamin168: calls $2
B_loJkl joins the table at seat #5
Agrotait: checks
*** FLOP *** [Ts 8h 9d]
Agrotait: checks
vitamin168: bets $3
Agrotait: folds
Uncalled bet ($3) returned to vitamin168
vitamin168 collected $5.88 from pot
vitamin168: doesn't show hand
*** SUMMARY ***
Total pot $6 | Rake $0.12
Board [Ts 8h 9d]
Seat 3: vitamin168 (button) (small blind) collected ($5.88)
Seat 4: Agrotait (big blind) folded on the Flop


PokerStars Hand #175019634900:  Hold'em Limit ($3/$6 USD) - 2017/08/31 8:49:06 ET
Table 'Ain' 6-max Seat #5 is the button
Seat 3: vitamin168 ($47.16 in chips)
Seat 5: B_loJkl ($136 in chips)
B_loJkl: posts small blind $1
vitamin168: posts big blind $3
*** HOLE CARDS ***
B_loJkl: folds
Uncalled bet ($2) returned to vitamin168
vitamin168 collected $2 from pot
vitamin168: doesn't show hand
*** SUMMARY ***
Total pot $2 | Rake $0
Seat 3: vitamin168 (big blind) collected ($2)
Seat 5: B_loJkl (button) (small blind) folded before Flop


PokerStars Hand #175019631759:  Hold'em Limit ($3/$6 USD) - 2017/08/31 8:49:00 ET
Table 'Ain' 6-max Seat #3 is the button
Seat 3: vitamin168 ($44.16 in chips)
Seat 5: B_loJkl ($139 in chips)
vitamin168: posts small blind $1
B_loJkl: posts big blind $3
*** HOLE CARDS ***
vitamin168: raises $3 to $6
B_loJkl: folds
Uncalled bet ($3) returned to vitamin168
vitamin168 collected $6 from pot
vitamin168: doesn't show hand
*** SUMMARY ***
Total pot $6 | Rake $0
Seat 3: vitamin168 (button) (small blind) collected ($6)
Seat 5: B_loJkl (big blind) folded before Flop


PokerStars Hand #175019619138:  Hold'em Limit ($3/$6 USD) - 2017/08/31 8:48:34 ET
Table 'Ain' 6-max Seat #5 is the button
Seat 3: vitamin168 ($35.52 in chips)
Seat 5: B_loJkl ($148 in chips)
B_loJkl: posts small blind $1
vitamin168: posts big blind $3
*** HOLE CARDS ***
B_loJkl: raises $3 to $6
vitamin168: calls $3
*** FLOP *** [Ks As Ah]
vitamin168: checks
B_loJkl: bets $3
vitamin168: raises $3 to $6
B_loJkl: folds
Uncalled bet ($3) returned to vitamin168
vitamin168 collected $17.64 from pot
vitamin168: doesn't show hand
*** SUMMARY ***
Total pot $18 | Rake $0.36
Board [Ks As Ah]
Seat 3: vitamin168 (big blind) collected ($17.64)
Seat 5: B_loJkl (button) (small blind) folded on the Flop


PokerStars Hand #175019616736:  Hold'em Limit ($3/$6 USD) - 2017/08/31 8:48:29 ET
Table 'Ain' 6-max Seat #3 is the button
Seat 3: vitamin168 ($36.52 in chips)
Seat 5: B_loJkl ($147 in chips)
vitamin168: posts small blind $1
B_loJkl: posts big blind $3
*** HOLE CARDS ***
vitamin168: folds
Uncalled bet ($2) returned to B_loJkl
B_loJkl collected $2 from pot
B_loJkl: doesn't show hand
*** SUMMARY ***
Total pot $2 | Rake $0
Seat 3: vitamin168 (button) (small blind) folded before Flop
Seat 5: B_loJkl (big blind) collected ($2)


PokerStars Hand #175019664283:  Hold'em Limit ($3/$6 USD) - 2017/08/31 8:50:07 ET
Table 'Ain' 6-max Seat #5 is the button
Seat 3: vitamin168 ($70.66 in chips)
Seat 5: B_loJkl ($111.76 in chips)
B_loJkl: posts small blind $1
vitamin168: posts big blind $3
*** HOLE CARDS ***
B_loJkl: raises $3 to $6
vitamin168: folds
Uncalled bet ($3) returned to B_loJkl
B_loJkl collected $6 from pot
B_loJkl: doesn't show hand
*** SUMMARY ***
Total pot $6 | Rake $0
Seat 3: vitamin168 (big blind) folded before Flop
Seat 5: B_loJkl (button) (small blind) collected ($6)


PokerStars Hand #175019639152:  Hold'em Limit ($3/$6 USD) - 2017/08/31 8:49:15 ET
Table 'Ain' 6-max Seat #3 is the button
Seat 3: vitamin168 ($48.16 in chips)
Seat 5: B_loJkl ($135 in chips)
vitamin168: posts small blind $1
B_loJkl: posts big blind $3
*** HOLE CARDS ***
vitamin168: raises $3 to $6
B_loJkl: raises $3 to $9
vitamin168: calls $3
*** FLOP *** [9s Jh 9d]
B_loJkl: bets $3
vitamin168: calls $3
*** TURN *** [9s Jh 9d] [Td]
B_loJkl: bets $6
vitamin168: raises $6 to $12
B_loJkl: calls $6
*** RIVER *** [9s Jh 9d Td] [Qs]
B_loJkl: checks
vitamin168: bets $6
B_loJkl: calls $6
*** SHOW DOWN ***
vitamin168: shows [9c Ah] (three of a kind, Nines)
B_loJkl: mucks hand
vitamin168 collected $59.50 from pot
*** SUMMARY ***
Total pot $60 | Rake $0.50
Board [9s Jh 9d Td Qs]
Seat 3: vitamin168 (button) (small blind) showed [9c Ah] and won ($59.50) with three of a kind, Nines
Seat 5: B_loJkl (big blind) mucked


PokerStars Hand #175019655986:  Hold'em Limit ($3/$6 USD) - 2017/08/31 8:49:50 ET
Table 'Ain' 6-max Seat #3 is the button
Seat 3: vitamin168 ($71.66 in chips)
Seat 5: B_loJkl ($110.76 in chips)
vitamin168: posts small blind $1
B_loJkl: posts big blind $3
*** HOLE CARDS ***
vitamin168: folds
Uncalled bet ($2) returned to B_loJkl
B_loJkl collected $2 from pot
B_loJkl: doesn't show hand
*** SUMMARY ***
Total pot $2 | Rake $0
Seat 3: vitamin168 (button) (small blind) folded before Flop
Seat 5: B_loJkl (big blind) collected ($2)


PokerStars Hand #175019649725:  Hold'em Limit ($3/$6 USD) - 2017/08/31 8:49:37 ET
Table 'Ain' 6-max Seat #5 is the button
Seat 3: vitamin168 ($77.66 in chips)
Seat 5: B_loJkl ($105 in chips)
B_loJkl: posts small blind $1
vitamin168: posts big blind $3
*** HOLE CARDS ***
B_loJkl: raises $3 to $6
vitamin168: calls $3
*** FLOP *** [2c 2d Td]
vitamin168: checks
B_loJkl: bets $3
vitamin168: folds
Uncalled bet ($3) returned to B_loJkl
B_loJkl collected $11.76 from pot
B_loJkl: doesn't show hand
*** SUMMARY ***
Total pot $12 | Rake $0.24
Board [2c 2d Td]
Seat 3: vitamin168 (big blind) folded on the Flop
Seat 5: B_loJkl (button) (small blind) collected ($11.76)


PokerStars Hand #175019661338:  Hold'em Limit ($3/$6 USD) - 2017/08/31 8:50:01 ET
Table 'Ain' 6-max Seat #3 is the button
Seat 3: vitamin168 ($67.66 in chips)
Seat 5: B_loJkl ($114.76 in chips)
vitamin168: posts small blind $1
B_loJkl: posts big blind $3
*** HOLE CARDS ***
vitamin168: raises $3 to $6
B_loJkl: folds
Uncalled bet ($3) returned to vitamin168
vitamin168 collected $6 from pot
vitamin168: doesn't show hand
*** SUMMARY ***
Total pot $6 | Rake $0
Seat 3: vitamin168 (button) (small blind) collected ($6)
Seat 5: B_loJkl (big blind) folded before Flop


PokerStars Hand #175019658375:  Hold'em Limit ($3/$6 USD) - 2017/08/31 8:49:55 ET
Table 'Ain' 6-max Seat #5 is the button
Seat 3: vitamin168 ($70.66 in chips)
Seat 5: B_loJkl ($111.76 in chips)
B_loJkl: posts small blind $1
vitamin168: posts big blind $3
*** HOLE CARDS ***
B_loJkl: raises $3 to $6
vitamin168: folds
Uncalled bet ($3) returned to B_loJkl
B_loJkl collected $6 from pot
B_loJkl: doesn't show hand
*** SUMMARY ***
Total pot $6 | Rake $0
Seat 3: vitamin168 (big blind) folded before Flop
Seat 5: B_loJkl (button) (small blind) collected ($6)


PokerStars Hand #175019667073:  Hold'em Limit ($3/$6 USD) - 2017/08/31 8:50:12 ET
Table 'Ain' 6-max Seat #3 is the button
Seat 3: vitamin168 ($67.66 in chips)
Seat 5: B_loJkl ($114.76 in chips)
vitamin168: posts small blind $1
B_loJkl: posts big blind $3
*** HOLE CARDS ***
vitamin168: raises $3 to $6
B_loJkl: calls $3
*** FLOP *** [3c 9s 6s]
B_loJkl: checks
vitamin168: checks
*** TURN *** [3c 9s 6s] [Qd]
B_loJkl: checks
vitamin168: bets $6
B_loJkl: calls $6
*** RIVER *** [3c 9s 6s Qd] [Jd]
B_loJkl: checks
vitamin168: bets $6
B_loJkl: folds
Uncalled bet ($6) returned to vitamin168
vitamin168 collected $23.52 from pot
vitamin168: doesn't show hand
*** SUMMARY ***
Total pot $24 | Rake $0.48
Board [3c 9s 6s Qd Jd]
Seat 3: vitamin168 (button) (small blind) collected ($23.52)
Seat 5: B_loJkl (big blind) folded on the River


PokerStars Hand #175019674853:  Hold'em Limit ($3/$6 USD) - 2017/08/31 8:50:29 ET
Table 'Ain' 6-max Seat #5 is the button
Seat 3: vitamin168 ($79.18 in chips)
Seat 5: B_loJkl ($102.76 in chips)
B_loJkl: posts small blind $1
vitamin168: posts big blind $3
*** HOLE CARDS ***
B_loJkl: raises $3 to $6
vitamin168: calls $3
*** FLOP *** [8s 7h Kh]
vitamin168: checks
B_loJkl: bets $3
vitamin168: calls $3
*** TURN *** [8s 7h Kh] [4s]
vitamin168: checks
B_loJkl: bets $6
vitamin168: calls $6
*** RIVER *** [8s 7h Kh 4s] [4d]
vitamin168: checks
B_loJkl: bets $6
vitamin168: calls $6
*** SHOW DOWN ***
B_loJkl: shows [8c Jh] (two pair, Eights and Fours)
vitamin168: mucks hand
B_loJkl collected $41.50 from pot
*** SUMMARY ***
Total pot $42 | Rake $0.50
Board [8s 7h Kh 4s 4d]
Seat 3: vitamin168 (big blind) mucked
Seat 5: B_loJkl (button) (small blind) showed [8c Jh] and won ($41.50) with two pair, Eights and Fours


PokerStars Hand #175019689039:  Hold'em Limit ($3/$6 USD) - 2017/08/31 8:50:58 ET
Table 'Ain' 6-max Seat #5 is the button
Seat 3: vitamin168 ($63.94 in chips)
Seat 5: B_loJkl ($117.26 in chips)
B_loJkl: posts small blind $1
vitamin168: posts big blind $3
*** HOLE CARDS ***
B_loJkl: raises $3 to $6
vitamin168: folds
Uncalled bet ($3) returned to B_loJkl
B_loJkl collected $6 from pot
B_loJkl: doesn't show hand
*** SUMMARY ***
Total pot $6 | Rake $0
Seat 3: vitamin168 (big blind) folded before Flop
Seat 5: B_loJkl (button) (small blind) collected ($6)


PokerStars Hand #175019683455:  Hold'em Limit ($3/$6 USD) - 2017/08/31 8:50:46 ET
Table 'Ain' 6-max Seat #3 is the button
Seat 3: vitamin168 ($58.18 in chips)
Seat 5: B_loJkl ($123.26 in chips)
vitamin168: posts small blind $1
B_loJkl: posts big blind $3
*** HOLE CARDS ***
vitamin168: raises $3 to $6
B_loJkl: calls $3
*** FLOP *** [7s 4s 7d]
B_loJkl: checks
vitamin168: bets $3
B_loJkl: folds
Uncalled bet ($3) returned to vitamin168
vitamin168 collected $11.76 from pot
vitamin168: doesn't show hand
*** SUMMARY ***
Total pot $12 | Rake $0.24
Board [7s 4s 7d]
Seat 3: vitamin168 (button) (small blind) collected ($11.76)
Seat 5: B_loJkl (big blind) folded on the Flop


PokerStars Hand #175019692209:  Hold'em Limit ($3/$6 USD) - 2017/08/31 8:51:04 ET
Table 'Ain' 6-max Seat #3 is the button
Seat 3: vitamin168 ($60.94 in chips)
Seat 5: B_loJkl ($120.26 in chips)
vitamin168: posts small blind $1
B_loJkl: posts big blind $3
*** HOLE CARDS ***
vitamin168: folds
Uncalled bet ($2) returned to B_loJkl
B_loJkl collected $2 from pot
B_loJkl: doesn't show hand
*** SUMMARY ***
Total pot $2 | Rake $0
Seat 3: vitamin168 (button) (small blind) folded before Flop
Seat 5: B_loJkl (big blind) collected ($2)


PokerStars Hand #175019694628:  Hold'em Limit ($3/$6 USD) - 2017/08/31 8:51:09 ET
Table 'Ain' 6-max Seat #5 is the button
Seat 3: vitamin168 ($59.94 in chips)
Seat 5: B_loJkl ($121.26 in chips)
B_loJkl: posts small blind $1
ionellu joins the table at seat #1
vitamin168: posts big blind $3
*** HOLE CARDS ***
B_loJkl: raises $3 to $6
vitamin168: calls $3
*** FLOP *** [Kd 8c Jd]
vitamin168: checks
B_loJkl: bets $3
vitamin168: calls $3
*** TURN *** [Kd 8c Jd] [Qh]
vitamin168: checks
B_loJkl: bets $6
vitamin168: calls $6
*** RIVER *** [Kd 8c Jd Qh] [5s]
vitamin168: checks
B_loJkl: checks
*** SHOW DOWN ***
vitamin168: shows [8h 3h] (a pair of Eights)
B_loJkl: shows [8d Tc] (a pair of Eights)
vitamin168 collected $14.75 from pot
B_loJkl collected $14.75 from pot
*** SUMMARY ***
Total pot $30 | Rake $0.50
Board [Kd 8c Jd Qh 5s]
Seat 3: vitamin168 (big blind) showed [8h 3h] and won ($14.75) with a pair of Eights
Seat 5: B_loJkl (button) (small blind) showed [8d Tc] and won ($14.75) with a pair of Eights


PokerStars Hand #175019705118:  Hold'em Limit ($3/$6 USD) - 2017/08/31 8:51:30 ET
Table 'Ain' 6-max Seat #3 is the button
Seat 3: vitamin168 ($59.69 in chips)
Seat 5: B_loJkl ($121.01 in chips)
DDriessen joins the table at seat #6
vitamin168: posts small blind $1
B_loJkl: posts big blind $3
*** HOLE CARDS ***
vitamin168: raises $3 to $6
B_loJkl: raises $3 to $9
vitamin168: calls $3
*** FLOP *** [6h 2c 8c]
B_loJkl: bets $3
vitamin168: raises $3 to $6
B_loJkl: calls $3
*** TURN *** [6h 2c 8c] [2h]
B_loJkl: checks
vitamin168: bets $6
B_loJkl: calls $6
*** RIVER *** [6h 2c 8c 2h] [2s]
B_loJkl: checks
vitamin168: bets $6
B_loJkl: calls $6
*** SHOW DOWN ***
vitamin168: shows [Jc 9c] (three of a kind, Deuces)
B_loJkl: shows [Qd Ks] (three of a kind, Deuces - King kicker)
B_loJkl collected $53.50 from pot
*** SUMMARY ***
Total pot $54 | Rake $0.50
Board [6h 2c 8c 2h 2s]
Seat 3: vitamin168 (button) (small blind) showed [Jc 9c] and lost with three of a kind, Deuces
Seat 5: B_loJkl (big blind) showed [Qd Ks] and won ($53.50) with three of a kind, Deuces


PokerStars Hand #175028533714:  Hold'em Limit ($3/$6 USD) - 2017/08/31 13:10:36 ET
Table 'Ain' 6-max Seat #6 is the button
Seat 2: Fabulous108 ($352.73 in chips)
Seat 6: ToDaFelt ($89.18 in chips)
ToDaFelt: posts small blind $1
Fabulous108: posts big blind $3
*** HOLE CARDS ***
ToDaFelt: raises $3 to $6
Fabulous108: calls $3
*** FLOP *** [6h Jh Qc]
Fabulous108: checks
ToDaFelt: bets $3
Fabulous108: raises $3 to $6
ToDaFelt: folds
Uncalled bet ($3) returned to Fabulous108
Fabulous108 collected $17.64 from pot
Fabulous108: doesn't show hand
*** SUMMARY ***
Total pot $18 | Rake $0.36
Board [6h Jh Qc]
Seat 2: Fabulous108 (big blind) collected ($17.64)
Seat 6: ToDaFelt (button) (small blind) folded on the Flop


