PokerStars Hand #165443247346:  Hold'em Limit ($3/$6 USD) - 2017/01/31 2:40:00 ET
Table 'Aisakos' 6-max Seat #4 is the button
Seat 3: Darts ($123 in chips)
Seat 4: Agrotait ($69 in chips)
Agrotait: posts small blind $1
Darts: posts big blind $3
*** HOLE CARDS ***
Agrotait: folds
Uncalled bet ($2) returned to Darts
Darts collected $2 from pot
Darts: doesn't show hand
*** SUMMARY ***
Total pot $2 | Rake $0
Seat 3: Darts (big blind) collected ($2)
Seat 4: Agrotait (button) (small blind) folded before Flop


PokerStars Hand #165443242996:  Hold'em Limit ($3/$6 USD) - 2017/01/31 2:39:45 ET
Table 'Aisakos' 6-max Seat #3 is the button
Seat 3: Darts ($120 in chips)
Seat 4: Agrotait ($72 in chips)
Darts: posts small blind $1
Agrotait: posts big blind $3
*** HOLE CARDS ***
Darts: raises $3 to $6
Agrotait: folds
Uncalled bet ($3) returned to Darts
Darts collected $6 from pot
Darts: doesn't show hand
*** SUMMARY ***
Total pot $6 | Rake $0
Seat 3: Darts (button) (small blind) collected ($6)
Seat 4: Agrotait (big blind) folded before Flop


PokerStars Hand #165443251362:  Hold'em Limit ($3/$6 USD) - 2017/01/31 2:40:14 ET
Table 'Aisakos' 6-max Seat #3 is the button
Seat 3: Darts ($124 in chips)
Seat 4: Agrotait ($68 in chips)
Darts: posts small blind $1
Agrotait: posts big blind $3
*** HOLE CARDS ***
Darts: raises $3 to $6
Agrotait: calls $3
*** FLOP *** [8c 6h 2s]
Agrotait: checks
Darts: bets $3
Agrotait: calls $3
*** TURN *** [8c 6h 2s] [Qc]
Agrotait: checks
Darts: checks
*** RIVER *** [8c 6h 2s Qc] [6c]
Agrotait: checks
Darts: bets $6
Agrotait: folds
Uncalled bet ($6) returned to Darts
Darts collected $17.64 from pot
Darts: doesn't show hand
*** SUMMARY ***
Total pot $18 | Rake $0.36
Board [8c 6h 2s Qc 6c]
Seat 3: Darts (button) (small blind) collected ($17.64)
Seat 4: Agrotait (big blind) folded on the River


PokerStars Hand #165443274764:  Hold'em Limit ($3/$6 USD) - 2017/01/31 2:41:36 ET
Table 'Aisakos' 6-max Seat #3 is the button
Seat 3: Darts ($141.28 in chips)
Seat 4: Agrotait ($63 in chips)
Darts: posts small blind $1
Agrotait: posts big blind $3
*** HOLE CARDS ***
Darts: folds
Uncalled bet ($2) returned to Agrotait
Agrotait collected $2 from pot
*** SUMMARY ***
Total pot $2 | Rake $0
Seat 3: Darts (button) (small blind) folded before Flop
Seat 4: Agrotait (big blind) collected ($2)


PokerStars Hand #165443266865:  Hold'em Limit ($3/$6 USD) - 2017/01/31 2:41:08 ET
Table 'Aisakos' 6-max Seat #4 is the button
Seat 3: Darts ($132.64 in chips)
Seat 4: Agrotait ($72 in chips)
Agrotait: posts small blind $1
Darts: posts big blind $3
*** HOLE CARDS ***
Agrotait: raises $3 to $6
Darts: calls $3
*** FLOP *** [As Kh Qh]
Darts: checks
Agrotait: bets $3
Darts: calls $3
*** TURN *** [As Kh Qh] [Ad]
Darts: checks
Agrotait: checks
*** RIVER *** [As Kh Qh Ad] [8h]
Darts: bets $6
Agrotait: folds
Uncalled bet ($6) returned to Darts
Darts collected $17.64 from pot
Darts: doesn't show hand
*** SUMMARY ***
Total pot $18 | Rake $0.36
Board [As Kh Qh Ad 8h]
Seat 3: Darts (big blind) collected ($17.64)
Seat 4: Agrotait (button) (small blind) folded on the River


PokerStars Hand #165443284161:  Hold'em Limit ($3/$6 USD) - 2017/01/31 2:42:10 ET
Table 'Aisakos' 6-max Seat #4 is the button
Seat 3: Darts ($130.28 in chips)
Seat 4: Agrotait ($73.64 in chips)
Agrotait: posts small blind $1
Darts: posts big blind $3
*** HOLE CARDS ***
Agrotait: raises $3 to $6
Darts: calls $3
*** FLOP *** [Tc 9s 8h]
Darts: checks
Agrotait: bets $3
Darts: calls $3
*** TURN *** [Tc 9s 8h] [Qh]
Darts: checks
Agrotait: checks
*** RIVER *** [Tc 9s 8h Qh] [Qs]
Darts: bets $6
Agrotait: calls $6
*** SHOW DOWN ***
Darts: shows [3s Kh] (a pair of Queens)
Agrotait: shows [Kd Kc] (two pair, Kings and Queens)
Agrotait collected $29.50 from pot
*** SUMMARY ***
Total pot $30 | Rake $0.50
Board [Tc 9s 8h Qh Qs]
Seat 3: Darts (big blind) showed [3s Kh] and lost with a pair of Queens
Seat 4: Agrotait (button) (small blind) showed [Kd Kc] and won ($29.50) with two pair, Kings and Queens


PokerStars Hand #165443282447:  Hold'em Limit ($3/$6 USD) - 2017/01/31 2:42:04 ET
Table 'Aisakos' 6-max Seat #3 is the button
Seat 3: Darts ($131.28 in chips)
Seat 4: Agrotait ($72.64 in chips)
Darts: posts small blind $1
Agrotait: posts big blind $3
*** HOLE CARDS ***
Darts: folds
Uncalled bet ($2) returned to Agrotait
Agrotait collected $2 from pot
Agrotait: doesn't show hand
*** SUMMARY ***
Total pot $2 | Rake $0
Seat 3: Darts (button) (small blind) folded before Flop
Seat 4: Agrotait (big blind) collected ($2)


PokerStars Hand #165443276469:  Hold'em Limit ($3/$6 USD) - 2017/01/31 2:41:42 ET
Table 'Aisakos' 6-max Seat #4 is the button
Seat 3: Darts ($140.28 in chips)
Seat 4: Agrotait ($64 in chips)
Agrotait: posts small blind $1
Darts: posts big blind $3
*** HOLE CARDS ***
Agrotait: raises $3 to $6
Darts: calls $3
*** FLOP *** [6d 9d Th]
Darts: checks
Agrotait: bets $3
Darts: calls $3
*** TURN *** [6d 9d Th] [Kc]
Darts: checks
Agrotait: bets $6
Darts: folds
Uncalled bet ($6) returned to Agrotait
Agrotait collected $17.64 from pot
Agrotait: doesn't show hand
*** SUMMARY ***
Total pot $18 | Rake $0.36
Board [6d 9d Th Kc]
Seat 3: Darts (big blind) folded on the Turn
Seat 4: Agrotait (button) (small blind) collected ($17.64)


PokerStars Hand #165443292181:  Hold'em Limit ($3/$6 USD) - 2017/01/31 2:42:38 ET
Table 'Aisakos' 6-max Seat #3 is the button
Seat 3: Darts ($115.28 in chips)
Seat 4: Agrotait ($88.14 in chips)
Darts: posts small blind $1
Agrotait: posts big blind $3
*** HOLE CARDS ***
Darts: raises $3 to $6
Agrotait: folds
Uncalled bet ($3) returned to Darts
Darts collected $6 from pot
Darts: doesn't show hand
*** SUMMARY ***
Total pot $6 | Rake $0
Seat 3: Darts (button) (small blind) collected ($6)
Seat 4: Agrotait (big blind) folded before Flop


PokerStars Hand #165443297165:  Hold'em Limit ($3/$6 USD) - 2017/01/31 2:42:56 ET
Table 'Aisakos' 6-max Seat #4 is the button
Seat 3: Darts ($118.28 in chips)
Seat 4: Agrotait ($85.14 in chips)
Agrotait: posts small blind $1
Darts: posts big blind $3
*** HOLE CARDS ***
Agrotait: raises $3 to $6
Darts: calls $3
*** FLOP *** [5d Ah Ac]
Darts: checks
Agrotait: bets $3
Darts: folds
Uncalled bet ($3) returned to Agrotait
Agrotait collected $11.76 from pot
Agrotait: doesn't show hand
*** SUMMARY ***
Total pot $12 | Rake $0.24
Board [5d Ah Ac]
Seat 3: Darts (big blind) folded on the Flop
Seat 4: Agrotait (button) (small blind) collected ($11.76)


PokerStars Hand #165443301647:  Hold'em Limit ($3/$6 USD) - 2017/01/31 2:43:11 ET
Table 'Aisakos' 6-max Seat #3 is the button
Seat 3: Darts ($112.28 in chips)
Seat 4: Agrotait ($90.90 in chips)
Darts: posts small blind $1
Agrotait: posts big blind $3
*** HOLE CARDS ***
Darts: raises $3 to $6
Agrotait: raises $3 to $9
Darts: calls $3
*** FLOP *** [2d 3c 7d]
Agrotait: bets $3
Darts: folds
Uncalled bet ($3) returned to Agrotait
Agrotait collected $17.64 from pot
Agrotait: doesn't show hand
*** SUMMARY ***
Total pot $18 | Rake $0.36
Board [2d 3c 7d]
Seat 3: Darts (button) (small blind) folded on the Flop
Seat 4: Agrotait (big blind) collected ($17.64)


PokerStars Hand #165443905706:  Hold'em Limit ($3/$6 USD) - 2017/01/31 3:17:47 ET
Table 'Aisakos' 6-max Seat #4 is the button
Seat 1: Rainbow Rag ($59.52 in chips)
Seat 4: Rus29APX ($120 in chips)
Rus29APX: posts small blind $1
Rainbow Rag: posts big blind $3
*** HOLE CARDS ***
Rus29APX: raises $3 to $6
Rainbow Rag: raises $3 to $9
Rus29APX: calls $3
*** FLOP *** [5c 2h 5d]
Rainbow Rag: bets $3
Rus29APX: calls $3
*** TURN *** [5c 2h 5d] [Kh]
Rainbow Rag: bets $6
234599330 joins the table at seat #2
Rus29APX: calls $6
*** RIVER *** [5c 2h 5d Kh] [3h]
Rainbow Rag: bets $6
Rus29APX: calls $6
*** SHOW DOWN ***
Rainbow Rag: shows [6s 9s] (a pair of Fives)
Rus29APX: shows [Tc Qc] (a pair of Fives - King+Queen kicker)
Rus29APX collected $47.50 from pot
*** SUMMARY ***
Total pot $48 | Rake $0.50
Board [5c 2h 5d Kh 3h]
Seat 1: Rainbow Rag (big blind) showed [6s 9s] and lost with a pair of Fives
Seat 4: Rus29APX (button) (small blind) showed [Tc Qc] and won ($47.50) with a pair of Fives


PokerStars Hand #165444025836:  Hold'em Limit ($3/$6 USD) - 2017/01/31 3:24:08 ET
Table 'Aisakos' 6-max Seat #4 is the button
Seat 3: WackoJacko13 ($64 in chips)
Seat 4: Rus29APX ($174.86 in chips)
Rus29APX: posts small blind $1
234599330: is sitting out
WackoJacko13: posts big blind $3
*** HOLE CARDS ***
Rus29APX: raises $3 to $6
234599330 leaves the table
WackoJacko13: calls $3
*** FLOP *** [8d 5h 9d]
WackoJacko13: checks
Rus29APX: checks
*** TURN *** [8d 5h 9d] [9s]
WackoJacko13: checks
Rus29APX: bets $6
WackoJacko13: calls $6
*** RIVER *** [8d 5h 9d 9s] [4s]
WackoJacko13: checks
Rus29APX: checks
*** SHOW DOWN ***
WackoJacko13: shows [Jd Qc] (a pair of Nines)
Rus29APX: shows [4h Qs] (two pair, Nines and Fours)
Rus29APX collected $23.52 from pot
*** SUMMARY ***
Total pot $24 | Rake $0.48
Board [8d 5h 9d 9s 4s]
Seat 3: WackoJacko13 (big blind) showed [Jd Qc] and lost with a pair of Nines
Seat 4: Rus29APX (button) (small blind) showed [4h Qs] and won ($23.52) with two pair, Nines and Fours


PokerStars Hand #165444035833:  Hold'em Limit ($3/$6 USD) - 2017/01/31 3:24:40 ET
Table 'Aisakos' 6-max Seat #3 is the button
Seat 3: WackoJacko13 ($52 in chips)
Seat 4: Rus29APX ($186.38 in chips)
WackoJacko13: posts small blind $1
Rus29APX: posts big blind $3
*** HOLE CARDS ***
WackoJacko13: raises $3 to $6
Rus29APX: calls $3
*** FLOP *** [Ad 7c 4s]
Rus29APX: checks
WackoJacko13: bets $3
Rus29APX: calls $3
*** TURN *** [Ad 7c 4s] [Qs]
Rus29APX: checks
WackoJacko13: bets $6
Rus29APX: folds
Uncalled bet ($6) returned to WackoJacko13
WackoJacko13 collected $17.64 from pot
WackoJacko13: doesn't show hand
*** SUMMARY ***
Total pot $18 | Rake $0.36
Board [Ad 7c 4s Qs]
Seat 3: WackoJacko13 (button) (small blind) collected ($17.64)
Seat 4: Rus29APX (big blind) folded on the Turn


PokerStars Hand #165444055665:  Hold'em Limit ($3/$6 USD) - 2017/01/31 3:25:43 ET
Table 'Aisakos' 6-max Seat #3 is the button
Seat 3: WackoJacko13 ($69.28 in chips)
Seat 4: Rus29APX ($168.38 in chips)
WackoJacko13: posts small blind $1
Rus29APX: posts big blind $3
*** HOLE CARDS ***
WackoJacko13: folds
Uncalled bet ($2) returned to Rus29APX
Rus29APX collected $2 from pot
Rus29APX: doesn't show hand
*** SUMMARY ***
Total pot $2 | Rake $0
Seat 3: WackoJacko13 (button) (small blind) folded before Flop
Seat 4: Rus29APX (big blind) collected ($2)


PokerStars Hand #165444045036:  Hold'em Limit ($3/$6 USD) - 2017/01/31 3:25:09 ET
Table 'Aisakos' 6-max Seat #4 is the button
Seat 3: WackoJacko13 ($60.64 in chips)
Seat 4: Rus29APX ($177.38 in chips)
Rus29APX: posts small blind $1
WackoJacko13: posts big blind $3
*** HOLE CARDS ***
Rus29APX: raises $3 to $6
WackoJacko13: calls $3
*** FLOP *** [7c 5c Jd]
WackoJacko13: checks
Rus29APX: bets $3
WackoJacko13: calls $3
*** TURN *** [7c 5c Jd] [9d]
WackoJacko13: checks
Rus29APX: checks
*** RIVER *** [7c 5c Jd 9d] [6d]
WackoJacko13: bets $6
Rus29APX: folds
Uncalled bet ($6) returned to WackoJacko13
WackoJacko13 collected $17.64 from pot
WackoJacko13: doesn't show hand
*** SUMMARY ***
Total pot $18 | Rake $0.36
Board [7c 5c Jd 9d 6d]
Seat 3: WackoJacko13 (big blind) collected ($17.64)
Seat 4: Rus29APX (button) (small blind) folded on the River


PokerStars Hand #165444068221:  Hold'em Limit ($3/$6 USD) - 2017/01/31 3:26:22 ET
Table 'Aisakos' 6-max Seat #3 is the button
Seat 3: WackoJacko13 ($97.78 in chips)
Seat 4: Rus29APX ($139.38 in chips)
WackoJacko13: posts small blind $1
Rus29APX: posts big blind $3
*** HOLE CARDS ***
WackoJacko13: folds
Uncalled bet ($2) returned to Rus29APX
Rus29APX collected $2 from pot
Rus29APX: doesn't show hand
*** SUMMARY ***
Total pot $2 | Rake $0
Seat 3: WackoJacko13 (button) (small blind) folded before Flop
Seat 4: Rus29APX (big blind) collected ($2)


PokerStars Hand #165444057395:  Hold'em Limit ($3/$6 USD) - 2017/01/31 3:25:48 ET
Table 'Aisakos' 6-max Seat #4 is the button
Seat 3: WackoJacko13 ($68.28 in chips)
Seat 4: Rus29APX ($169.38 in chips)
Rus29APX: posts small blind $1
WackoJacko13: posts big blind $3
*** HOLE CARDS ***
Rus29APX: raises $3 to $6
WackoJacko13: raises $3 to $9
Rus29APX: calls $3
*** FLOP *** [Kd 6c 5h]
WackoJacko13: bets $3
Rus29APX: calls $3
*** TURN *** [Kd 6c 5h] [3c]
WackoJacko13: bets $6
Rus29APX: raises $6 to $12
WackoJacko13: calls $6
*** RIVER *** [Kd 6c 5h 3c] [Jh]
WackoJacko13: checks
Rus29APX: bets $6
WackoJacko13: calls $6
*** SHOW DOWN ***
Rus29APX: shows [8c Kh] (a pair of Kings)
WackoJacko13: shows [Kc Qh] (a pair of Kings - Queen kicker)
WackoJacko13 collected $59.50 from pot
*** SUMMARY ***
Total pot $60 | Rake $0.50
Board [Kd 6c 5h 3c Jh]
Seat 3: WackoJacko13 (big blind) showed [Kc Qh] and won ($59.50) with a pair of Kings
Seat 4: Rus29APX (button) (small blind) showed [8c Kh] and lost with a pair of Kings


PokerStars Hand #165444069861:  Hold'em Limit ($3/$6 USD) - 2017/01/31 3:26:27 ET
Table 'Aisakos' 6-max Seat #4 is the button
Seat 3: WackoJacko13 ($96.78 in chips)
Seat 4: Rus29APX ($140.38 in chips)
Rus29APX: posts small blind $1
WackoJacko13: posts big blind $3
*** HOLE CARDS ***
Rus29APX: raises $3 to $6
WackoJacko13: calls $3
*** FLOP *** [6d 2s 8d]
WackoJacko13: checks
Rus29APX: bets $3
WackoJacko13: folds
Uncalled bet ($3) returned to Rus29APX
Rus29APX collected $11.76 from pot
Rus29APX: doesn't show hand
*** SUMMARY ***
Total pot $12 | Rake $0.24
Board [6d 2s 8d]
Seat 3: WackoJacko13 (big blind) folded on the Flop
Seat 4: Rus29APX (button) (small blind) collected ($11.76)


PokerStars Hand #165444088093:  Hold'em Limit ($3/$6 USD) - 2017/01/31 3:27:24 ET
Table 'Aisakos' 6-max Seat #3 is the button
Seat 3: WackoJacko13 ($61.78 in chips)
Seat 4: Rus29APX ($174.64 in chips)
WackoJacko13: posts small blind $1
Rus29APX: posts big blind $3
*** HOLE CARDS ***
WackoJacko13: raises $3 to $6
Rus29APX: calls $3
*** FLOP *** [Ac 4h 8d]
Rus29APX: checks
WackoJacko13: bets $3
Rus29APX: folds
Uncalled bet ($3) returned to WackoJacko13
WackoJacko13 collected $11.76 from pot
WackoJacko13: doesn't show hand
*** SUMMARY ***
Total pot $12 | Rake $0.24
Board [Ac 4h 8d]
Seat 3: WackoJacko13 (button) (small blind) collected ($11.76)
Seat 4: Rus29APX (big blind) folded on the Flop


PokerStars Hand #165444074173:  Hold'em Limit ($3/$6 USD) - 2017/01/31 3:26:41 ET
Table 'Aisakos' 6-max Seat #3 is the button
Seat 3: WackoJacko13 ($90.78 in chips)
Seat 4: Rus29APX ($146.14 in chips)
WackoJacko13: posts small blind $1
Rus29APX: posts big blind $3
*** HOLE CARDS ***
WackoJacko13: raises $3 to $6
Rus29APX: raises $3 to $9
WackoJacko13: raises $3 to $12
Betting is capped
Rus29APX: calls $3
*** FLOP *** [Kd Qd 6c]
Rus29APX: checks
WackoJacko13: bets $3
Rus29APX: raises $3 to $6
WackoJacko13: calls $3
*** TURN *** [Kd Qd 6c] [8d]
Rus29APX: bets $6
WackoJacko13: calls $6
*** RIVER *** [Kd Qd 6c 8d] [Kh]
Rus29APX: bets $6
WackoJacko13: calls $6
*** SHOW DOWN ***
Rus29APX: shows [Kc Ac] (three of a kind, Kings)
WackoJacko13: mucks hand
Rus29APX collected $59.50 from pot
*** SUMMARY ***
Total pot $60 | Rake $0.50
Board [Kd Qd 6c 8d Kh]
Seat 3: WackoJacko13 (button) (small blind) mucked
Seat 4: Rus29APX (big blind) showed [Kc Ac] and won ($59.50) with three of a kind, Kings


PokerStars Hand #165444085208:  Hold'em Limit ($3/$6 USD) - 2017/01/31 3:27:15 ET
Table 'Aisakos' 6-max Seat #4 is the button
Seat 3: WackoJacko13 ($60.78 in chips)
Seat 4: Rus29APX ($175.64 in chips)
Rus29APX: posts small blind $1
WackoJacko13: posts big blind $3
*** HOLE CARDS ***
Rus29APX: folds
Uncalled bet ($2) returned to WackoJacko13
WackoJacko13 collected $2 from pot
WackoJacko13: doesn't show hand
*** SUMMARY ***
Total pot $2 | Rake $0
Seat 3: WackoJacko13 (big blind) collected ($2)
Seat 4: Rus29APX (button) (small blind) folded before Flop


PokerStars Hand #165444094476:  Hold'em Limit ($3/$6 USD) - 2017/01/31 3:27:44 ET
Table 'Aisakos' 6-max Seat #4 is the button
Seat 3: WackoJacko13 ($67.54 in chips)
Seat 4: Rus29APX ($168.64 in chips)
Rus29APX: posts small blind $1
WackoJacko13: posts big blind $3
*** HOLE CARDS ***
Rus29APX: raises $3 to $6
WackoJacko13: folds
Uncalled bet ($3) returned to Rus29APX
Rus29APX collected $6 from pot
Rus29APX: doesn't show hand
*** SUMMARY ***
Total pot $6 | Rake $0
Seat 3: WackoJacko13 (big blind) folded before Flop
Seat 4: Rus29APX (button) (small blind) collected ($6)


PokerStars Hand #165444098730:  Hold'em Limit ($3/$6 USD) - 2017/01/31 3:27:57 ET
Table 'Aisakos' 6-max Seat #4 is the button
Seat 3: WackoJacko13 ($63.54 in chips)
Seat 4: Rus29APX ($172.64 in chips)
Rus29APX: posts small blind $1
WackoJacko13: posts big blind $3
*** HOLE CARDS ***
Rus29APX: folds
Uncalled bet ($2) returned to WackoJacko13
WackoJacko13 collected $2 from pot
WackoJacko13: doesn't show hand
*** SUMMARY ***
Total pot $2 | Rake $0
Seat 3: WackoJacko13 (big blind) collected ($2)
Seat 4: Rus29APX (button) (small blind) folded before Flop


PokerStars Hand #165444097065:  Hold'em Limit ($3/$6 USD) - 2017/01/31 3:27:52 ET
Table 'Aisakos' 6-max Seat #3 is the button
Seat 3: WackoJacko13 ($64.54 in chips)
Seat 4: Rus29APX ($171.64 in chips)
WackoJacko13: posts small blind $1
Rus29APX: posts big blind $3
*** HOLE CARDS ***
WackoJacko13: folds
Uncalled bet ($2) returned to Rus29APX
Rus29APX collected $2 from pot
Rus29APX: doesn't show hand
*** SUMMARY ***
Total pot $2 | Rake $0
Seat 3: WackoJacko13 (button) (small blind) folded before Flop
Seat 4: Rus29APX (big blind) collected ($2)


PokerStars Hand #165444100747:  Hold'em Limit ($3/$6 USD) - 2017/01/31 3:28:04 ET
Table 'Aisakos' 6-max Seat #3 is the button
Seat 3: WackoJacko13 ($64.54 in chips)
Seat 4: Rus29APX ($171.64 in chips)
WackoJacko13: posts small blind $1
Rus29APX: posts big blind $3
*** HOLE CARDS ***
WackoJacko13: raises $3 to $6
Rus29APX: calls $3
*** FLOP *** [2h 7h 8h]
Rus29APX: checks
WackoJacko13: bets $3
Rus29APX: raises $3 to $6
WackoJacko13: calls $3
*** TURN *** [2h 7h 8h] [Tc]
Rus29APX: bets $6
WackoJacko13: calls $6
*** RIVER *** [2h 7h 8h Tc] [7c]
Rus29APX: bets $6
WackoJacko13: calls $6
*** SHOW DOWN ***
Rus29APX: shows [8d Qd] (two pair, Eights and Sevens)
WackoJacko13: mucks hand
Rus29APX collected $47.50 from pot
*** SUMMARY ***
Total pot $48 | Rake $0.50
Board [2h 7h 8h Tc 7c]
Seat 3: WackoJacko13 (button) (small blind) mucked
Seat 4: Rus29APX (big blind) showed [8d Qd] and won ($47.50) with two pair, Eights and Sevens


PokerStars Hand #165444235434:  Hold'em Limit ($3/$6 USD) - 2017/01/31 3:34:59 ET
Table 'Aisakos' 6-max Seat #4 is the button
Seat 2: 234599330 ($72 in chips)
Seat 4: Rus29APX ($228.99 in chips)
Rus29APX: posts small blind $1
Ale4o: is sitting out
234599330: posts big blind $3
*** HOLE CARDS ***
Rus29APX: folds
Uncalled bet ($2) returned to 234599330
234599330 collected $2 from pot
234599330: doesn't show hand
*** SUMMARY ***
Total pot $2 | Rake $0
Seat 2: 234599330 (big blind) collected ($2)
Seat 4: Rus29APX (button) (small blind) folded before Flop


PokerStars Hand #165444237823:  Hold'em Limit ($3/$6 USD) - 2017/01/31 3:35:07 ET
Table 'Aisakos' 6-max Seat #2 is the button
Seat 2: 234599330 ($73 in chips)
Seat 4: Rus29APX ($227.99 in chips)
234599330: posts small blind $1
Rus29APX: posts big blind $3
*** HOLE CARDS ***
234599330: raises $3 to $6
Rus29APX: calls $3
*** FLOP *** [Jc 4d 9d]
Rus29APX: checks
234599330: bets $3
Rus29APX: folds
Uncalled bet ($3) returned to 234599330
234599330 collected $11.76 from pot
234599330: doesn't show hand
*** SUMMARY ***
Total pot $12 | Rake $0.24
Board [Jc 4d 9d]
Seat 2: 234599330 (button) (small blind) collected ($11.76)
Seat 4: Rus29APX (big blind) folded on the Flop


PokerStars Hand #165444257114:  Hold'em Limit ($3/$6 USD) - 2017/01/31 3:36:07 ET
Table 'Aisakos' 6-max Seat #2 is the button
Seat 2: 234599330 ($96.26 in chips)
Seat 4: Rus29APX ($203.99 in chips)
234599330: posts small blind $1
Rus29APX: posts big blind $3
*** HOLE CARDS ***
234599330: raises $3 to $6
Rus29APX: raises $3 to $9
234599330: calls $3
*** FLOP *** [5c 3h 8c]
Rus29APX: bets $3
234599330: calls $3
*** TURN *** [5c 3h 8c] [6d]
Rus29APX: bets $6
234599330: raises $6 to $12
Rus29APX: calls $6
*** RIVER *** [5c 3h 8c 6d] [7h]
Rus29APX: checks
234599330: bets $6
Rus29APX: folds
Uncalled bet ($6) returned to 234599330
234599330 collected $47.50 from pot
234599330: doesn't show hand
*** SUMMARY ***
Total pot $48 | Rake $0.50
Board [5c 3h 8c 6d 7h]
Seat 2: 234599330 (button) (small blind) collected ($47.50)
Seat 4: Rus29APX (big blind) folded on the River


PokerStars Hand #165444242951:  Hold'em Limit ($3/$6 USD) - 2017/01/31 3:35:23 ET
Table 'Aisakos' 6-max Seat #4 is the button
Seat 2: 234599330 ($78.76 in chips)
Seat 4: Rus29APX ($221.99 in chips)
Rus29APX: posts small blind $1
234599330: posts big blind $3
*** HOLE CARDS ***
Rus29APX: raises $3 to $6
234599330: calls $3
*** FLOP *** [Js 3d 7s]
234599330: checks
Rus29APX: bets $3
234599330: raises $3 to $6
Rus29APX: calls $3
*** TURN *** [Js 3d 7s] [Th]
234599330: bets $6
Rus29APX: calls $6
*** RIVER *** [Js 3d 7s Th] [3s]
234599330: checks
Rus29APX: checks
*** SHOW DOWN ***
234599330: shows [Td 7c] (two pair, Tens and Sevens)
Rus29APX: mucks hand
234599330 collected $35.50 from pot
*** SUMMARY ***
Total pot $36 | Rake $0.50
Board [Js 3d 7s Th 3s]
Seat 2: 234599330 (big blind) showed [Td 7c] and won ($35.50) with two pair, Tens and Sevens
Seat 4: Rus29APX (button) (small blind) mucked


PokerStars Hand #165444328136:  Hold'em Limit ($3/$6 USD) - 2017/01/31 3:39:46 ET
Table 'Aisakos' 6-max Seat #4 is the button
Seat 3: ragz2riche5 ($249.15 in chips)
Seat 4: Rus29APX ($173.33 in chips)
Rus29APX: posts small blind $1
Ale4o: is sitting out
234599330: is sitting out
ragz2riche5: posts big blind $3
*** HOLE CARDS ***
234599330 leaves the table
Rus29APX: raises $3 to $6
ragz2riche5: calls $3
*** FLOP *** [7c Jh 2d]
ragz2riche5: checks
Rus29APX: bets $3
ragz2riche5: raises $3 to $6
Ale4o leaves the table
Rus29APX: calls $3
*** TURN *** [7c Jh 2d] [2s]
ragz2riche5: bets $6
Rus29APX: raises $6 to $12
ragz2riche5: calls $6
*** RIVER *** [7c Jh 2d 2s] [4h]
ragz2riche5: checks
Rus29APX: bets $6
ragz2riche5: calls $6
*** SHOW DOWN ***
Rus29APX: shows [Qd Js] (two pair, Jacks and Deuces)
ragz2riche5: mucks hand
Rus29APX collected $59.50 from pot
*** SUMMARY ***
Total pot $60 | Rake $0.50
Board [7c Jh 2d 2s 4h]
Seat 3: ragz2riche5 (big blind) mucked
Seat 4: Rus29APX (button) (small blind) showed [Qd Js] and won ($59.50) with two pair, Jacks and Deuces


PokerStars Hand #165444354274:  Hold'em Limit ($3/$6 USD) - 2017/01/31 3:41:05 ET
Table 'Aisakos' 6-max Seat #4 is the button
Seat 3: ragz2riche5 ($218.15 in chips)
Seat 4: Rus29APX ($203.83 in chips)
Rus29APX: posts small blind $1
ragz2riche5: posts big blind $3
*** HOLE CARDS ***
Rus29APX: raises $3 to $6
ragz2riche5: calls $3
*** FLOP *** [5h Qc Ts]
ragz2riche5: checks
Rus29APX: bets $3
ragz2riche5: raises $3 to $6
Rus29APX: calls $3
*** TURN *** [5h Qc Ts] [7d]
ragz2riche5: bets $6
Rus29APX: calls $6
*** RIVER *** [5h Qc Ts 7d] [Jh]
ragz2riche5: bets $6
Rus29APX: folds
Uncalled bet ($6) returned to ragz2riche5
ragz2riche5 collected $35.50 from pot
ragz2riche5: doesn't show hand
*** SUMMARY ***
Total pot $36 | Rake $0.50
Board [5h Qc Ts 7d Jh]
Seat 3: ragz2riche5 (big blind) collected ($35.50)
Seat 4: Rus29APX (button) (small blind) folded on the River


PokerStars Hand #165444348633:  Hold'em Limit ($3/$6 USD) - 2017/01/31 3:40:48 ET
Table 'Aisakos' 6-max Seat #3 is the button
Seat 3: ragz2riche5 ($219.15 in chips)
Seat 4: Rus29APX ($202.83 in chips)
ragz2riche5: posts small blind $1
ragz2riche5 said, "kicker again"
Rus29APX: posts big blind $3
*** HOLE CARDS ***
ragz2riche5: folds
Uncalled bet ($2) returned to Rus29APX
Rus29APX collected $2 from pot
Rus29APX: doesn't show hand
*** SUMMARY ***
Total pot $2 | Rake $0
Seat 3: ragz2riche5 (button) (small blind) folded before Flop
Seat 4: Rus29APX (big blind) collected ($2)


PokerStars Hand #165444364780:  Hold'em Limit ($3/$6 USD) - 2017/01/31 3:41:36 ET
Table 'Aisakos' 6-max Seat #3 is the button
Seat 3: ragz2riche5 ($235.65 in chips)
Seat 4: Rus29APX ($185.83 in chips)
ragz2riche5: posts small blind $1
Rus29APX: posts big blind $3
*** HOLE CARDS ***
ragz2riche5: calls $2
Rus29APX: checks
*** FLOP *** [9s Js 2c]
koongen joins the table at seat #5
Rus29APX: checks
ragz2riche5: checks
*** TURN *** [9s Js 2c] [2d]
Rus29APX: checks
ragz2riche5: bets $6
Rus29APX: folds
Uncalled bet ($6) returned to ragz2riche5
ragz2riche5 collected $5.88 from pot
ragz2riche5: doesn't show hand
*** SUMMARY ***
Total pot $6 | Rake $0.12
Board [9s Js 2c 2d]
Seat 3: ragz2riche5 (button) (small blind) collected ($5.88)
Seat 4: Rus29APX (big blind) folded on the Turn


PokerStars Hand #165446869494:  Hold'em Limit ($3/$6 USD) - 2017/01/31 5:30:51 ET
Table 'Aisakos' 6-max Seat #5 is the button
Seat 4: thesunxx ($66.66 in chips)
Seat 5: knas4 ($97.74 in chips)
knas4: posts small blind $1
Agrotait: is sitting out
vestimokrec: is sitting out
thesunxx: posts big blind $3
*** HOLE CARDS ***
knas4: folds
Uncalled bet ($2) returned to thesunxx
thesunxx collected $2 from pot
thesunxx: doesn't show hand
*** SUMMARY ***
Total pot $2 | Rake $0
Seat 4: thesunxx (big blind) collected ($2)
Seat 5: knas4 (button) (small blind) folded before Flop


PokerStars Hand #165446872458:  Hold'em Limit ($3/$6 USD) - 2017/01/31 5:30:58 ET
Table 'Aisakos' 6-max Seat #4 is the button
Seat 4: thesunxx ($67.66 in chips)
Seat 5: knas4 ($96.74 in chips)
thesunxx: posts small blind $1
knas4: posts big blind $3
*** HOLE CARDS ***
thesunxx: raises $3 to $6
knas4: calls $3
*** FLOP *** [Ts Jh 4s]
knas4: bets $3
thesunxx: folds
Uncalled bet ($3) returned to knas4
knas4 collected $11.76 from pot
*** SUMMARY ***
Total pot $12 | Rake $0.24
Board [Ts Jh 4s]
Seat 4: thesunxx (button) (small blind) folded on the Flop
Seat 5: knas4 (big blind) collected ($11.76)


PokerStars Hand #165447847093:  Hold'em Limit ($3/$6 USD) - 2017/01/31 6:07:32 ET
Table 'Aisakos' 6-max Seat #5 is the button
Seat 4: nicmct ($197.54 in chips)
Seat 5: knas4 ($226.18 in chips)
knas4: posts small blind $1
Agrotait: is sitting out
nicmct: posts big blind $3
*** HOLE CARDS ***
knas4: folds
Uncalled bet ($2) returned to nicmct
knas4 leaves the table
nicmct collected $2 from pot
*** SUMMARY ***
Total pot $2 | Rake $0
Seat 4: nicmct (big blind) collected ($2)
Seat 5: knas4 (button) (small blind) folded before Flop


PokerStars Hand #165460595305:  Hold'em Limit ($3/$6 USD) - 2017/01/31 11:49:03 ET
Table 'Aisakos' 6-max Seat #4 is the button
Seat 3: sim5sim5 ($72 in chips)
Seat 4: KingYang2008 ($120 in chips)
KingYang2008: posts small blind $1
nimzon: is sitting out
sim5sim5: posts big blind $3
*** HOLE CARDS ***
KingYang2008: raises $3 to $6
sim5sim5: calls $3
*** FLOP *** [Ah 6c 9c]
sim5sim5: checks
B_loJkl joins the table at seat #6
KingYang2008: bets $3
sim5sim5: folds
Uncalled bet ($3) returned to KingYang2008
KingYang2008 collected $11.76 from pot
KingYang2008: doesn't show hand
*** SUMMARY ***
Total pot $12 | Rake $0.24
Board [Ah 6c 9c]
Seat 3: sim5sim5 (big blind) folded on the Flop
Seat 4: KingYang2008 (button) (small blind) collected ($11.76)


PokerStars Hand #165460609531:  Hold'em Limit ($3/$6 USD) - 2017/01/31 11:49:20 ET
Table 'Aisakos' 6-max Seat #3 is the button
Seat 3: sim5sim5 ($72 in chips)
Seat 4: KingYang2008 ($125.76 in chips)
sim5sim5: posts small blind $1
KingYang2008: posts big blind $3
*** HOLE CARDS ***
sim5sim5: raises $3 to $6
KingYang2008: calls $3
*** FLOP *** [Th Ac Qs]
KingYang2008: checks
sim5sim5: bets $3
nimzon leaves the table
KingYang2008: calls $3
*** TURN *** [Th Ac Qs] [Jh]
KingYang2008: checks
sim5sim5: bets $6
KingYang2008: folds
Uncalled bet ($6) returned to sim5sim5
sim5sim5 collected $17.64 from pot
sim5sim5: doesn't show hand
*** SUMMARY ***
Total pot $18 | Rake $0.36
Board [Th Ac Qs Jh]
Seat 3: sim5sim5 (button) (small blind) collected ($17.64)
Seat 4: KingYang2008 (big blind) folded on the Turn


PokerStars Hand #165460704563:  Hold'em Limit ($3/$6 USD) - 2017/01/31 11:51:19 ET
Table 'Aisakos' 6-max Seat #2 is the button
Seat 2: emiwarg ($89.28 in chips)
Seat 4: KingYang2008 ($139.76 in chips)
lelala will be allowed to play after the button
emiwarg: posts small blind $1
sim5sim5: is sitting out
KingYang2008: posts big blind $3
*** HOLE CARDS ***
sim5sim5 leaves the table
emiwarg: raises $3 to $6
KingYang2008: folds
Uncalled bet ($3) returned to emiwarg
emiwarg collected $6 from pot
emiwarg: doesn't show hand
*** SUMMARY ***
Total pot $6 | Rake $0
Seat 2: emiwarg (button) (small blind) collected ($6)
Seat 4: KingYang2008 (big blind) folded before Flop


PokerStars Hand #165463893828:  Hold'em Limit ($3/$6 USD) - 2017/01/31 12:54:59 ET
Table 'Aisakos' 6-max Seat #2 is the button
Seat 1: Fabulous108 ($170.11 in chips)
Seat 2: belik555 ($145.18 in chips)
belik555: posts small blind $1
Fabulous108: posts big blind $3
*** HOLE CARDS ***
MalishR leaves the table
belik555: raises $3 to $6
Fabulous108: raises $3 to $9
belik555: calls $3
*** FLOP *** [5h Qs Ts]
Fabulous108: bets $3
belik555: folds
Uncalled bet ($3) returned to Fabulous108
Fabulous108 collected $17.64 from pot
Fabulous108: doesn't show hand
*** SUMMARY ***
Total pot $18 | Rake $0.36
Board [5h Qs Ts]
Seat 1: Fabulous108 (big blind) collected ($17.64)
Seat 2: belik555 (button) (small blind) folded on the Flop


