PokerStars Hand #170790671309:  Hold'em Limit ($3/$6 USD) - 2017/05/22 20:15:29 ET
Table 'Aisakos' 6-max Seat #4 is the button
Seat 3: Kung ($31.16 in chips)
Seat 4: Actionni13 ($155.76 in chips)
Actionni13: posts small blind $1
Kung: posts big blind $3
*** HOLE CARDS ***
Actionni13: folds
Uncalled bet ($2) returned to Kung
Kung collected $2 from pot
Kung: doesn't show hand
*** SUMMARY ***
Total pot $2 | Rake $0
Seat 3: Kung (big blind) collected ($2)
Seat 4: Actionni13 (button) (small blind) folded before Flop


PokerStars Hand #170790677300:  Hold'em Limit ($3/$6 USD) - 2017/05/22 20:15:41 ET
Table 'Aisakos' 6-max Seat #3 is the button
Seat 3: Kung ($32.16 in chips)
Seat 4: Actionni13 ($154.76 in chips)
Kung: posts small blind $1
Actionni13: posts big blind $3
*** HOLE CARDS ***
Kung: raises $3 to $6
Actionni13: calls $3
*** FLOP *** [7h Ah Kc]
Actionni13: checks
Kung: bets $3
Actionni13: folds
Uncalled bet ($3) returned to Kung
Kung collected $11.76 from pot
Kung: doesn't show hand
*** SUMMARY ***
Total pot $12 | Rake $0.24
Board [7h Ah Kc]
Seat 3: Kung (button) (small blind) collected ($11.76)
Seat 4: Actionni13 (big blind) folded on the Flop


PokerStars Hand #170790660221:  Hold'em Limit ($3/$6 USD) - 2017/05/22 20:15:06 ET
Table 'Aisakos' 6-max Seat #4 is the button
Seat 3: Kung ($36.16 in chips)
Seat 4: Actionni13 ($151 in chips)
Actionni13: posts small blind $1
Kung: posts big blind $3
*** HOLE CARDS ***
Actionni13: folds
Uncalled bet ($2) returned to Kung
Kung collected $2 from pot
Kung: doesn't show hand
*** SUMMARY ***
Total pot $2 | Rake $0
Seat 3: Kung (big blind) collected ($2)
Seat 4: Actionni13 (button) (small blind) folded before Flop


PokerStars Hand #170790665903:  Hold'em Limit ($3/$6 USD) - 2017/05/22 20:15:18 ET
Table 'Aisakos' 6-max Seat #3 is the button
Seat 3: Kung ($37.16 in chips)
Seat 4: Actionni13 ($150 in chips)
Kung: posts small blind $1
Actionni13: posts big blind $3
*** HOLE CARDS ***
Kung: raises $3 to $6
Actionni13: calls $3
*** FLOP *** [4c 6c 8h]
Actionni13: bets $3
Kung: folds
Uncalled bet ($3) returned to Actionni13
Actionni13 collected $11.76 from pot
Actionni13: doesn't show hand
*** SUMMARY ***
Total pot $12 | Rake $0.24
Board [4c 6c 8h]
Seat 3: Kung (button) (small blind) folded on the Flop
Seat 4: Actionni13 (big blind) collected ($11.76)


PokerStars Hand #170790657493:  Hold'em Limit ($3/$6 USD) - 2017/05/22 20:15:01 ET
Table 'Aisakos' 6-max Seat #3 is the button
Seat 3: Kung ($37.16 in chips)
Seat 4: Actionni13 ($150 in chips)
Kung: posts small blind $1
Actionni13: posts big blind $3
*** HOLE CARDS ***
Kung: folds
Uncalled bet ($2) returned to Actionni13
Actionni13 collected $2 from pot
Actionni13: doesn't show hand
*** SUMMARY ***
Total pot $2 | Rake $0
Seat 3: Kung (button) (small blind) folded before Flop
Seat 4: Actionni13 (big blind) collected ($2)


PokerStars Hand #170790684800:  Hold'em Limit ($3/$6 USD) - 2017/05/22 20:15:57 ET
Table 'Aisakos' 6-max Seat #4 is the button
Seat 3: Kung ($37.92 in chips)
Seat 4: Actionni13 ($150 in chips)
Actionni13: posts small blind $1
Kung: posts big blind $3
*** HOLE CARDS ***
Actionni13: raises $3 to $6
Kung: folds
Uncalled bet ($3) returned to Actionni13
Actionni13 collected $6 from pot
Actionni13: doesn't show hand
*** SUMMARY ***
Total pot $6 | Rake $0
Seat 3: Kung (big blind) folded before Flop
Seat 4: Actionni13 (button) (small blind) collected ($6)


PokerStars Hand #170790705184:  Hold'em Limit ($3/$6 USD) - 2017/05/22 20:16:39 ET
Table 'Aisakos' 6-max Seat #4 is the button
Seat 3: Kung ($30.92 in chips)
Seat 4: Actionni13 ($156.76 in chips)
Actionni13: posts small blind $1
Kung: posts big blind $3
*** HOLE CARDS ***
Actionni13: raises $3 to $6
Kung: calls $3
*** FLOP *** [4d 2c 3d]
Kung: checks
Actionni13: bets $3
Kung: calls $3
*** TURN *** [4d 2c 3d] [Th]
Kung: checks
Actionni13: bets $6
Kung: folds
Uncalled bet ($6) returned to Actionni13
Actionni13 collected $17.64 from pot
Actionni13: doesn't show hand
*** SUMMARY ***
Total pot $18 | Rake $0.36
Board [4d 2c 3d Th]
Seat 3: Kung (big blind) folded on the Turn
Seat 4: Actionni13 (button) (small blind) collected ($17.64)


PokerStars Hand #170790688402:  Hold'em Limit ($3/$6 USD) - 2017/05/22 20:16:04 ET
Table 'Aisakos' 6-max Seat #3 is the button
Seat 3: Kung ($34.92 in chips)
Seat 4: Actionni13 ($153 in chips)
Kung: posts small blind $1
Actionni13: posts big blind $3
*** HOLE CARDS ***
Kung: raises $3 to $6
Actionni13: folds
Uncalled bet ($3) returned to Kung
Kung collected $6 from pot
Kung: doesn't show hand
*** SUMMARY ***
Total pot $6 | Rake $0
Seat 3: Kung (button) (small blind) collected ($6)
Seat 4: Actionni13 (big blind) folded before Flop


PokerStars Hand #170790702854:  Hold'em Limit ($3/$6 USD) - 2017/05/22 20:16:34 ET
Table 'Aisakos' 6-max Seat #3 is the button
Seat 3: Kung ($31.92 in chips)
Seat 4: Actionni13 ($155.76 in chips)
Kung: posts small blind $1
Actionni13: posts big blind $3
*** HOLE CARDS ***
Kung: folds
Uncalled bet ($2) returned to Actionni13
Actionni13 collected $2 from pot
Actionni13: doesn't show hand
*** SUMMARY ***
Total pot $2 | Rake $0
Seat 3: Kung (button) (small blind) folded before Flop
Seat 4: Actionni13 (big blind) collected ($2)


PokerStars Hand #170790696702:  Hold'em Limit ($3/$6 USD) - 2017/05/22 20:16:21 ET
Table 'Aisakos' 6-max Seat #4 is the button
Seat 3: Kung ($37.92 in chips)
Seat 4: Actionni13 ($150 in chips)
Actionni13: posts small blind $1
Kung: posts big blind $3
*** HOLE CARDS ***
Actionni13: raises $3 to $6
Kung: calls $3
*** FLOP *** [Kc 4c 2d]
Kung: checks
Actionni13: bets $3
Kung: folds
Uncalled bet ($3) returned to Actionni13
Actionni13 collected $11.76 from pot
Actionni13: doesn't show hand
*** SUMMARY ***
Total pot $12 | Rake $0.24
Board [Kc 4c 2d]
Seat 3: Kung (big blind) folded on the Flop
Seat 4: Actionni13 (button) (small blind) collected ($11.76)


PokerStars Hand #170790711083:  Hold'em Limit ($3/$6 USD) - 2017/05/22 20:16:51 ET
Table 'Aisakos' 6-max Seat #3 is the button
Seat 3: Kung ($21.92 in chips)
Seat 4: Actionni13 ($165.40 in chips)
Kung: posts small blind $1
Actionni13: posts big blind $3
*** HOLE CARDS ***
Kung: raises $3 to $6
Actionni13: calls $3
*** FLOP *** [9c 6s Qc]
Actionni13: checks
Kung: bets $3
Actionni13: raises $3 to $6
Kung: calls $3
*** TURN *** [9c 6s Qc] [5c]
Actionni13: bets $6
Kung: folds
Uncalled bet ($6) returned to Actionni13
ixstill joins the table at seat #6
Actionni13 collected $23.52 from pot
*** SUMMARY ***
Total pot $24 | Rake $0.48
Board [9c 6s Qc 5c]
Seat 3: Kung (button) (small blind) folded on the Turn
Seat 4: Actionni13 (big blind) collected ($23.52)


PokerStars Hand #170790734092:  Hold'em Limit ($3/$6 USD) - 2017/05/22 20:17:38 ET
Table 'Aisakos' 6-max Seat #4 is the button
Seat 3: Kung ($9.92 in chips)
Seat 4: Actionni13 ($183.56 in chips)
Actionni13: posts small blind $1
Kung: posts big blind $3
*** HOLE CARDS ***
Actionni13: folds
Uncalled bet ($2) returned to Kung
Kung collected $2 from pot
Kung: doesn't show hand
*** SUMMARY ***
Total pot $2 | Rake $0
Seat 3: Kung (big blind) collected ($2)
Seat 4: Actionni13 (button) (small blind) folded before Flop


PokerStars Hand #170790741244:  Hold'em Limit ($3/$6 USD) - 2017/05/22 20:17:52 ET
Table 'Aisakos' 6-max Seat #4 is the button
Seat 3: Kung ($13.92 in chips)
Seat 4: Actionni13 ($179.56 in chips)
Actionni13: posts small blind $1
Kung: posts big blind $3
*** HOLE CARDS ***
Actionni13: folds
Uncalled bet ($2) returned to Kung
Kung collected $2 from pot
Kung: doesn't show hand
*** SUMMARY ***
Total pot $2 | Rake $0
Seat 3: Kung (big blind) collected ($2)
Seat 4: Actionni13 (button) (small blind) folded before Flop


PokerStars Hand #170790737411:  Hold'em Limit ($3/$6 USD) - 2017/05/22 20:17:44 ET
Table 'Aisakos' 6-max Seat #3 is the button
Seat 3: Kung ($10.92 in chips)
Seat 4: Actionni13 ($182.56 in chips)
Kung: posts small blind $1
Actionni13: posts big blind $3
*** HOLE CARDS ***
Kung: raises $3 to $6
Actionni13: folds
Uncalled bet ($3) returned to Kung
Kung collected $6 from pot
Kung: doesn't show hand
*** SUMMARY ***
Total pot $6 | Rake $0
Seat 3: Kung (button) (small blind) collected ($6)
Seat 4: Actionni13 (big blind) folded before Flop


PokerStars Hand #170790748282:  Hold'em Limit ($3/$6 USD) - 2017/05/22 20:18:07 ET
Table 'Aisakos' 6-max Seat #4 is the button
Seat 3: Kung ($20.68 in chips)
Seat 4: Actionni13 ($172.56 in chips)
Actionni13: posts small blind $1
Kung: posts big blind $3
*** HOLE CARDS ***
Actionni13: folds
Uncalled bet ($2) returned to Kung
Kung collected $2 from pot
Kung: doesn't show hand
*** SUMMARY ***
Total pot $2 | Rake $0
Seat 3: Kung (big blind) collected ($2)
Seat 4: Actionni13 (button) (small blind) folded before Flop


PokerStars Hand #170790750440:  Hold'em Limit ($3/$6 USD) - 2017/05/22 20:18:11 ET
Table 'Aisakos' 6-max Seat #3 is the button
Seat 3: Kung ($21.68 in chips)
Seat 4: Actionni13 ($171.56 in chips)
Kung: posts small blind $1
Actionni13: posts big blind $3
*** HOLE CARDS ***
Kung: raises $3 to $6
Actionni13: calls $3
*** FLOP *** [Ts Qs Ah]
Actionni13: checks
Kung: bets $3
Actionni13: calls $3
*** TURN *** [Ts Qs Ah] [Jh]
Actionni13: checks
Kung: checks
*** RIVER *** [Ts Qs Ah Jh] [Jc]
Actionni13: bets $6
Kung: folds
Uncalled bet ($6) returned to Actionni13
Actionni13 collected $17.64 from pot
Actionni13: doesn't show hand
*** SUMMARY ***
Total pot $18 | Rake $0.36
Board [Ts Qs Ah Jh Jc]
Seat 3: Kung (button) (small blind) folded on the River
Seat 4: Actionni13 (big blind) collected ($17.64)


PokerStars Hand #170790760024:  Hold'em Limit ($3/$6 USD) - 2017/05/22 20:18:31 ET
Table 'Aisakos' 6-max Seat #4 is the button
Seat 3: Kung ($12.68 in chips)
Seat 4: Actionni13 ($180.20 in chips)
Actionni13: posts small blind $1
Kung: posts big blind $3
*** HOLE CARDS ***
Actionni13: raises $3 to $6
Kung: calls $3
*** FLOP *** [9c 6c Qc]
Kung: checks
Actionni13: bets $3
Kung: folds
Uncalled bet ($3) returned to Actionni13
Actionni13 collected $11.76 from pot
*** SUMMARY ***
Total pot $12 | Rake $0.24
Board [9c 6c Qc]
Seat 3: Kung (big blind) folded on the Flop
Seat 4: Actionni13 (button) (small blind) collected ($11.76)


PokerStars Hand #170790763854:  Hold'em Limit ($3/$6 USD) - 2017/05/22 20:18:39 ET
Table 'Aisakos' 6-max Seat #3 is the button
Seat 3: Kung ($6.68 in chips)
Seat 4: Actionni13 ($185.96 in chips)
Kung: posts small blind $1
Actionni13: posts big blind $3
*** HOLE CARDS ***
Kung: raises $3 to $6
Actionni13: calls $3
*** FLOP *** [Ks 7s Ah]
Actionni13: checks
Kung: bets $0.68 and is all-in
Actionni13: calls $0.68
*** TURN *** [Ks 7s Ah] [3c]
*** RIVER *** [Ks 7s Ah 3c] [Qc]
*** SHOW DOWN ***
Actionni13: shows [8s 9c] (high card Ace)
Kung: shows [Kh 2d] (a pair of Kings)
Kung collected $13.09 from pot
*** SUMMARY ***
Total pot $13.36 | Rake $0.27
Board [Ks 7s Ah 3c Qc]
Seat 3: Kung (button) (small blind) showed [Kh 2d] and won ($13.09) with a pair of Kings
Seat 4: Actionni13 (big blind) showed [8s 9c] and lost with high card Ace


PokerStars Hand #170790790636:  Hold'em Limit ($3/$6 USD) - 2017/05/22 20:19:34 ET
Table 'Aisakos' 6-max Seat #3 is the button
Seat 3: Kung ($6.09 in chips)
Seat 4: Actionni13 ($186.28 in chips)
Kung: posts small blind $1
Actionni13: posts big blind $3
*** HOLE CARDS ***
Kung: raises $3 to $6
Actionni13: calls $3
*** FLOP *** [Ah 3h 5h]
Actionni13: bets $3
Kung: calls $0.09 and is all-in
Uncalled bet ($2.91) returned to Actionni13
*** TURN *** [Ah 3h 5h] [Js]
*** RIVER *** [Ah 3h 5h Js] [Ts]
*** SHOW DOWN ***
Actionni13: shows [Jh Th] (a flush, Ace high)
Kung: shows [9s 7h] (high card Ace)
Kung leaves the table
Actionni13 collected $11.94 from pot
*** SUMMARY ***
Total pot $12.18 | Rake $0.24
Board [Ah 3h 5h Js Ts]
Seat 3: Kung (button) (small blind) showed [9s 7h] and lost with high card Ace
Seat 4: Actionni13 (big blind) showed [Jh Th] and won ($11.94) with a flush, Ace high


PokerStars Hand #170790785385:  Hold'em Limit ($3/$6 USD) - 2017/05/22 20:19:24 ET
Table 'Aisakos' 6-max Seat #3 is the button
Seat 3: Kung ($10.09 in chips)
Seat 4: Actionni13 ($182.28 in chips)
Kung: posts small blind $1
Actionni13: posts big blind $3
*** HOLE CARDS ***
Kung: folds
Uncalled bet ($2) returned to Actionni13
Actionni13 collected $2 from pot
Actionni13: doesn't show hand
*** SUMMARY ***
Total pot $2 | Rake $0
Seat 3: Kung (button) (small blind) folded before Flop
Seat 4: Actionni13 (big blind) collected ($2)


PokerStars Hand #170790776853:  Hold'em Limit ($3/$6 USD) - 2017/05/22 20:19:06 ET
Table 'Aisakos' 6-max Seat #4 is the button
Seat 3: Kung ($13.09 in chips)
Seat 4: Actionni13 ($179.28 in chips)
Actionni13: posts small blind $1
Kung: posts big blind $3
*** HOLE CARDS ***
Actionni13: raises $3 to $6
Kung: folds
Uncalled bet ($3) returned to Actionni13
Actionni13 collected $6 from pot
Actionni13: doesn't show hand
*** SUMMARY ***
Total pot $6 | Rake $0
Seat 3: Kung (big blind) folded before Flop
Seat 4: Actionni13 (button) (small blind) collected ($6)


PokerStars Hand #170790787984:  Hold'em Limit ($3/$6 USD) - 2017/05/22 20:19:29 ET
Table 'Aisakos' 6-max Seat #4 is the button
Seat 3: Kung ($9.09 in chips)
Seat 4: Actionni13 ($183.28 in chips)
Actionni13: posts small blind $1
Kung: posts big blind $3
*** HOLE CARDS ***
Actionni13: raises $3 to $6
Kung: folds
Uncalled bet ($3) returned to Actionni13
Actionni13 collected $6 from pot
Actionni13: doesn't show hand
*** SUMMARY ***
Total pot $6 | Rake $0
Seat 3: Kung (big blind) folded before Flop
Seat 4: Actionni13 (button) (small blind) collected ($6)


