PokerStars Hand #145243547322:  Hold'em Limit ($3/$6 USD) - 2015/12/12 15:55:33 ET
Table 'Aisleen' 6-max Seat #3 is the button
Seat 3: vestimokrec ($228.76 in chips)
Seat 6: scorpio04 ($160.72 in chips)
vestimokrec: posts small blind $1
pokkermon: is sitting out
pazii: is sitting out
scorpio04: posts big blind $3
*** HOLE CARDS ***
vestimokrec: raises $3 to $6
pazii leaves the table
scorpio04: raises $3 to $9
vestimokrec: calls $3
*** FLOP *** [3h 4s 7s]
scorpio04: bets $3
bentinck113 joins the table at seat #5
vestimokrec: calls $3
*** TURN *** [3h 4s 7s] [8h]
scorpio04: bets $6
vestimokrec: calls $6
*** RIVER *** [3h 4s 7s 8h] [3c]
scorpio04: checks
vestimokrec: checks
*** SHOW DOWN ***
scorpio04: shows [Ad Jd] (a pair of Threes)
vestimokrec: mucks hand
scorpio04 collected $35.50 from pot
*** SUMMARY ***
Total pot $36 | Rake $0.50
Board [3h 4s 7s 8h 3c]
Seat 3: vestimokrec (button) (small blind) mucked
Seat 6: scorpio04 (big blind) showed [Ad Jd] and won ($35.50) with a pair of Threes


PokerStars Hand #145247393095:  Hold'em Limit ($3/$6 USD) - 2015/12/12 17:06:25 ET
Table 'Aisleen' 6-max Seat #3 is the button
Seat 3: _fayzulllo_ ($66 in chips)
Seat 4: AzureCaper ($77.76 in chips)
_fayzulllo_: posts small blind $1
AzureCaper: posts big blind $3
*** HOLE CARDS ***
_fayzulllo_: raises $3 to $6
AzureCaper: folds
Uncalled bet ($3) returned to _fayzulllo_
_fayzulllo_ collected $6 from pot
_fayzulllo_: doesn't show hand
*** SUMMARY ***
Total pot $6 | Rake $0
Seat 3: _fayzulllo_ (button) (small blind) collected ($6)
Seat 4: AzureCaper (big blind) folded before Flop


PokerStars Hand #145247375547:  Hold'em Limit ($3/$6 USD) - 2015/12/12 17:06:06 ET
Table 'Aisleen' 6-max Seat #4 is the button
Seat 3: _fayzulllo_ ($72 in chips)
Seat 4: AzureCaper ($72 in chips)
AzureCaper: posts small blind $1
SashaYuvelir joins the table at seat #6
vestimokrec: is sitting out
_fayzulllo_: posts big blind $3
*** HOLE CARDS ***
AzureCaper: raises $3 to $6
_fayzulllo_: calls $3
*** FLOP *** [8d Td Jc]
_fayzulllo_: checks
AzureCaper: bets $3
_fayzulllo_: folds
Uncalled bet ($3) returned to AzureCaper
AzureCaper collected $11.76 from pot
AzureCaper: doesn't show hand
*** SUMMARY ***
Total pot $12 | Rake $0.24
Board [8d Td Jc]
Seat 3: _fayzulllo_ (big blind) folded on the Flop
Seat 4: AzureCaper (button) (small blind) collected ($11.76)


PokerStars Hand #145248536832:  Hold'em Limit ($3/$6 USD) - 2015/12/12 17:27:53 ET
Table 'Aisleen' 6-max Seat #2 is the button
Seat 2: Vandiesel ($131.35 in chips)
Seat 6: SashaYuvelir ($72 in chips)
Vandiesel: posts small blind $1
vestimokrec: is sitting out
SashaYuvelir: posts big blind $3
*** HOLE CARDS ***
Vandiesel: raises $3 to $6
SashaYuvelir: raises $3 to $9
Vandiesel: calls $3
*** FLOP *** [6d 4h 6s]
vestimokrec leaves the table
SashaYuvelir: bets $3
Vandiesel: calls $3
*** TURN *** [6d 4h 6s] [As]
SashaYuvelir: bets $6
GlamDragon joins the table at seat #1
Vandiesel: folds
Uncalled bet ($6) returned to SashaYuvelir
SashaYuvelir collected $23.52 from pot
SashaYuvelir: doesn't show hand
*** SUMMARY ***
Total pot $24 | Rake $0.48
Board [6d 4h 6s As]
Seat 2: Vandiesel (button) (small blind) folded on the Turn
Seat 6: SashaYuvelir (big blind) collected ($23.52)


PokerStars Hand #145249141675:  Hold'em Limit ($3/$6 USD) - 2015/12/12 17:39:34 ET
Table 'Aisleen' 6-max Seat #2 is the button
Seat 1: GlamDragon ($150.24 in chips)
Seat 2: Vandiesel ($233.29 in chips)
Vandiesel: posts small blind $1
vestimokrec: is sitting out
GlamDragon: posts big blind $3
*** HOLE CARDS ***
vestimokrec leaves the table
Vandiesel: folds
Uncalled bet ($2) returned to GlamDragon
GlamDragon collected $2 from pot
GlamDragon: doesn't show hand
*** SUMMARY ***
Total pot $2 | Rake $0
Seat 1: GlamDragon (big blind) collected ($2)
Seat 2: Vandiesel (button) (small blind) folded before Flop


PokerStars Hand #145249151290:  Hold'em Limit ($3/$6 USD) - 2015/12/12 17:39:45 ET
Table 'Aisleen' 6-max Seat #2 is the button
Seat 1: GlamDragon ($150.24 in chips)
Seat 2: Vandiesel ($233.29 in chips)
Vandiesel: posts small blind $1
GlamDragon: posts big blind $3
*** HOLE CARDS ***
Vandiesel: folds
Uncalled bet ($2) returned to GlamDragon
foksas111 joins the table at seat #4
GlamDragon collected $2 from pot
GlamDragon: doesn't show hand
*** SUMMARY ***
Total pot $2 | Rake $0
Seat 1: GlamDragon (big blind) collected ($2)
Seat 2: Vandiesel (button) (small blind) folded before Flop


PokerStars Hand #145249147608:  Hold'em Limit ($3/$6 USD) - 2015/12/12 17:39:41 ET
Table 'Aisleen' 6-max Seat #1 is the button
Seat 1: GlamDragon ($151.24 in chips)
Seat 2: Vandiesel ($232.29 in chips)
GlamDragon: posts small blind $1
Vandiesel: posts big blind $3
*** HOLE CARDS ***
GlamDragon: folds
Uncalled bet ($2) returned to Vandiesel
Vandiesel collected $2 from pot
Vandiesel: doesn't show hand
*** SUMMARY ***
Total pot $2 | Rake $0
Seat 1: GlamDragon (button) (small blind) folded before Flop
Seat 2: Vandiesel (big blind) collected ($2)


PokerStars Hand #145249156312:  Hold'em Limit ($3/$6 USD) - 2015/12/12 17:39:51 ET
Table 'Aisleen' 6-max Seat #1 is the button
Seat 1: GlamDragon ($151.24 in chips)
Seat 2: Vandiesel ($232.29 in chips)
GlamDragon: posts small blind $1
Vandiesel: posts big blind $3
*** HOLE CARDS ***
GlamDragon: raises $3 to $6
SashaYuvelir joins the table at seat #5
Vandiesel: calls $3
*** FLOP *** [Jh Jd 8s]
bugsbubble joins the table at seat #3
chezlaw joins the table at seat #6
Vandiesel: checks
GlamDragon: bets $3
Vandiesel: calls $3
*** TURN *** [Jh Jd 8s] [9c]
Vandiesel: bets $6
GlamDragon: calls $6
*** RIVER *** [Jh Jd 8s 9c] [8d]
Vandiesel: bets $6
GlamDragon: calls $6
*** SHOW DOWN ***
Vandiesel: shows [7h 9s] (two pair, Jacks and Nines)
GlamDragon: mucks hand
Vandiesel collected $41.50 from pot
*** SUMMARY ***
Total pot $42 | Rake $0.50
Board [Jh Jd 8s 9c 8d]
Seat 1: GlamDragon (button) (small blind) mucked
Seat 2: Vandiesel (big blind) showed [7h 9s] and won ($41.50) with two pair, Jacks and Nines


PokerStars Hand #145252494168:  Hold'em Limit ($3/$6 USD) - 2015/12/12 18:52:21 ET
Table 'Aisleen' 6-max Seat #3 is the button
Seat 2: scorpio04 ($161.19 in chips)
Seat 3: tabfpolis ($125.72 in chips)
tabfpolis: posts small blind $1
SashaYuvelir: is sitting out
ValeryRon: is sitting out
vestimokrec: is sitting out
scorpio04: posts big blind $3
*** HOLE CARDS ***
tabfpolis: raises $3 to $6
ValeryRon leaves the table
vestimokrec leaves the table
scorpio04: raises $3 to $9
tabfpolis: calls $3
*** FLOP *** [Ah 9c Js]
scorpio04: checks
SashaYuvelir leaves the table
tabfpolis: checks
*** TURN *** [Ah 9c Js] [7c]
scorpio04: checks
tabfpolis: checks
*** RIVER *** [Ah 9c Js 7c] [3c]
scorpio04: checks
tabfpolis: checks
*** SHOW DOWN ***
scorpio04: shows [3h 4h] (a pair of Threes)
tabfpolis: shows [7h 8d] (a pair of Sevens)
tabfpolis collected $17.64 from pot
*** SUMMARY ***
Total pot $18 | Rake $0.36
Board [Ah 9c Js 7c 3c]
Seat 2: scorpio04 (big blind) showed [3h 4h] and lost with a pair of Threes
Seat 3: tabfpolis (button) (small blind) showed [7h 8d] and won ($17.64) with a pair of Sevens


PokerStars Hand #145252540428:  Hold'em Limit ($3/$6 USD) - 2015/12/12 18:53:27 ET
Table 'Aisleen' 6-max Seat #2 is the button
Seat 2: scorpio04 ($152.19 in chips)
Seat 3: tabfpolis ($134.36 in chips)
scorpio04: posts small blind $1
tabfpolis: posts big blind $3
*** HOLE CARDS ***
scorpio04: raises $3 to $6
tabfpolis: folds
Uncalled bet ($3) returned to scorpio04
tabfpolis leaves the table
scorpio04 collected $6 from pot
scorpio04: doesn't show hand
*** SUMMARY ***
Total pot $6 | Rake $0
Seat 2: scorpio04 (button) (small blind) collected ($6)
Seat 3: tabfpolis (big blind) folded before Flop


