PokerStars Hand #167576246411:  Hold'em Limit ($3/$6 USD) - 2017/03/14 11:36:33 ET
Table 'Aisleen II' 6-max Seat #3 is the button
Seat 3: apx0surry9 ($295.21 in chips)
Seat 4: GoliafUa ($120 in chips)
apx0surry9: posts small blind $1
GoliafUa: posts big blind $3
*** HOLE CARDS ***
sim5sim5 leaves the table
apx0surry9: folds
Uncalled bet ($2) returned to GoliafUa
GoliafUa collected $2 from pot
GoliafUa: doesn't show hand
*** SUMMARY ***
Total pot $2 | Rake $0
Seat 3: apx0surry9 (button) (small blind) folded before Flop
Seat 4: GoliafUa (big blind) collected ($2)


PokerStars Hand #167576258116:  Hold'em Limit ($3/$6 USD) - 2017/03/14 11:36:52 ET
Table 'Aisleen II' 6-max Seat #4 is the button
Seat 3: apx0surry9 ($294.21 in chips)
Seat 4: GoliafUa ($121 in chips)
GoliafUa: posts small blind $1
apx0surry9: posts big blind $3
*** HOLE CARDS ***
GoliafUa: raises $3 to $6
apx0surry9: calls $3
*** FLOP *** [7d 2c Th]
apx0surry9: checks
GoliafUa: bets $3
apx0surry9: raises $3 to $6
GoliafUa: calls $3
*** TURN *** [7d 2c Th] [Ah]
apx0surry9: bets $6
GoliafUa: calls $6
*** RIVER *** [7d 2c Th Ah] [Ts]
apx0surry9: bets $6
GoliafUa: raises $6 to $12
apx0surry9: calls $6
*** SHOW DOWN ***
GoliafUa: shows [4s Tc] (three of a kind, Tens)
apx0surry9: mucks hand
GoliafUa collected $59.50 from pot
*** SUMMARY ***
Total pot $60 | Rake $0.50
Board [7d 2c Th Ah Ts]
Seat 3: apx0surry9 (big blind) mucked
Seat 4: GoliafUa (button) (small blind) showed [4s Tc] and won ($59.50) with three of a kind, Tens


PokerStars Hand #167576363784:  Hold'em Limit ($3/$6 USD) - 2017/03/14 11:39:35 ET
Table 'Aisleen II' 6-max Seat #3 is the button
Seat 3: apx0surry9 ($230.21 in chips)
Seat 6: 7ardis ($96.50 in chips)
apx0surry9: posts small blind $1
7ardis: posts big blind $3
*** HOLE CARDS ***
apx0surry9: raises $3 to $6
7ardis: folds
Uncalled bet ($3) returned to apx0surry9
apx0surry9 collected $6 from pot
apx0surry9: doesn't show hand
*** SUMMARY ***
Total pot $6 | Rake $0
Seat 3: apx0surry9 (button) (small blind) collected ($6)
Seat 6: 7ardis (big blind) folded before Flop


PokerStars Hand #167576347955:  Hold'em Limit ($3/$6 USD) - 2017/03/14 11:39:10 ET
Table 'Aisleen II' 6-max Seat #3 is the button
Seat 3: apx0surry9 ($246.21 in chips)
Seat 6: 7ardis ($81 in chips)
apx0surry9: posts small blind $1
7ardis: posts big blind $3
*** HOLE CARDS ***
apx0surry9: folds
Uncalled bet ($2) returned to 7ardis
7ardis collected $2 from pot
7ardis: doesn't show hand
*** SUMMARY ***
Total pot $2 | Rake $0
Seat 3: apx0surry9 (button) (small blind) folded before Flop
Seat 6: 7ardis (big blind) collected ($2)


PokerStars Hand #167576351456:  Hold'em Limit ($3/$6 USD) - 2017/03/14 11:39:16 ET
Table 'Aisleen II' 6-max Seat #6 is the button
Seat 3: apx0surry9 ($245.21 in chips)
Seat 6: 7ardis ($82 in chips)
7ardis: posts small blind $1
apx0surry9: posts big blind $3
*** HOLE CARDS ***
7ardis: raises $3 to $6
apx0surry9: calls $3
*** FLOP *** [5c 7h 7c]
apx0surry9: checks
7ardis: bets $3
apx0surry9: calls $3
*** TURN *** [5c 7h 7c] [5h]
apx0surry9: checks
7ardis: checks
*** RIVER *** [5c 7h 7c 5h] [4c]
apx0surry9: bets $6
7ardis: calls $6
*** SHOW DOWN ***
apx0surry9: shows [Ac 8s] (two pair, Sevens and Fives)
7ardis: shows [5s Kh] (a full house, Fives full of Sevens)
7ardis collected $29.50 from pot
*** SUMMARY ***
Total pot $30 | Rake $0.50
Board [5c 7h 7c 5h 4c]
Seat 3: apx0surry9 (big blind) showed [Ac 8s] and lost with two pair, Sevens and Fives
Seat 6: 7ardis (button) (small blind) showed [5s Kh] and won ($29.50) with a full house, Fives full of Sevens


PokerStars Hand #167576393539:  Hold'em Limit ($3/$6 USD) - 2017/03/14 11:40:21 ET
Table 'Aisleen II' 6-max Seat #6 is the button
Seat 3: apx0surry9 ($262.35 in chips)
Seat 6: 7ardis ($63.50 in chips)
7ardis: posts small blind $1
apx0surry9: posts big blind $3
*** HOLE CARDS ***
7ardis: raises $3 to $6
apx0surry9: calls $3
*** FLOP *** [Kc 5d Ks]
apx0surry9: bets $3
7ardis: folds
Uncalled bet ($3) returned to apx0surry9
apx0surry9 collected $11.76 from pot
apx0surry9: doesn't show hand
*** SUMMARY ***
Total pot $12 | Rake $0.24
Board [Kc 5d Ks]
Seat 3: apx0surry9 (big blind) collected ($11.76)
Seat 6: 7ardis (button) (small blind) folded on the Flop


PokerStars Hand #167576407323:  Hold'em Limit ($3/$6 USD) - 2017/03/14 11:40:43 ET
Table 'Aisleen II' 6-max Seat #6 is the button
Seat 3: apx0surry9 ($267.11 in chips)
Seat 6: 7ardis ($58.50 in chips)
7ardis: posts small blind $1
apx0surry9: posts big blind $3
*** HOLE CARDS ***
7ardis: raises $3 to $6
apx0surry9: folds
Uncalled bet ($3) returned to 7ardis
7ardis collected $6 from pot
7ardis: doesn't show hand
*** SUMMARY ***
Total pot $6 | Rake $0
Seat 3: apx0surry9 (big blind) folded before Flop
Seat 6: 7ardis (button) (small blind) collected ($6)


PokerStars Hand #167576403632:  Hold'em Limit ($3/$6 USD) - 2017/03/14 11:40:37 ET
Table 'Aisleen II' 6-max Seat #3 is the button
Seat 3: apx0surry9 ($268.11 in chips)
Seat 6: 7ardis ($57.50 in chips)
apx0surry9: posts small blind $1
7ardis: posts big blind $3
*** HOLE CARDS ***
apx0surry9: folds
Uncalled bet ($2) returned to 7ardis
7ardis collected $2 from pot
7ardis: doesn't show hand
*** SUMMARY ***
Total pot $2 | Rake $0
Seat 3: apx0surry9 (button) (small blind) folded before Flop
Seat 6: 7ardis (big blind) collected ($2)


PokerStars Hand #167576370321:  Hold'em Limit ($3/$6 USD) - 2017/03/14 11:39:45 ET
Table 'Aisleen II' 6-max Seat #6 is the button
Seat 3: apx0surry9 ($233.21 in chips)
Seat 6: 7ardis ($93.50 in chips)
7ardis: posts small blind $1
apx0surry9: posts big blind $3
*** HOLE CARDS ***
7ardis: raises $3 to $6
apx0surry9: raises $3 to $9
7ardis: calls $3
*** FLOP *** [Qd Qh 6c]
apx0surry9: checks
7ardis: checks
*** TURN *** [Qd Qh 6c] [6s]
apx0surry9: bets $6
7ardis: folds
Uncalled bet ($6) returned to apx0surry9
apx0surry9 collected $17.64 from pot
apx0surry9: doesn't show hand
*** SUMMARY ***
Total pot $18 | Rake $0.36
Board [Qd Qh 6c 6s]
Seat 3: apx0surry9 (big blind) collected ($17.64)
Seat 6: 7ardis (button) (small blind) folded on the Turn


PokerStars Hand #167576381877:  Hold'em Limit ($3/$6 USD) - 2017/03/14 11:40:03 ET
Table 'Aisleen II' 6-max Seat #3 is the button
Seat 3: apx0surry9 ($241.85 in chips)
Seat 6: 7ardis ($84.50 in chips)
apx0surry9: posts small blind $1
7ardis: posts big blind $3
*** HOLE CARDS ***
apx0surry9: calls $2
7ardis: raises $3 to $6
apx0surry9: calls $3
*** FLOP *** [Jh 7c Td]
7ardis: bets $3
apx0surry9: calls $3
*** TURN *** [Jh 7c Td] [8c]
7ardis: bets $6
apx0surry9: calls $6
*** RIVER *** [Jh 7c Td 8c] [Qh]
7ardis: bets $6
apx0surry9: calls $6
*** SHOW DOWN ***
7ardis: shows [4d Kd] (high card King)
apx0surry9: shows [7d Ts] (two pair, Tens and Sevens)
apx0surry9 collected $41.50 from pot
*** SUMMARY ***
Total pot $42 | Rake $0.50
Board [Jh 7c Td 8c Qh]
Seat 3: apx0surry9 (button) (small blind) showed [7d Ts] and won ($41.50) with two pair, Tens and Sevens
Seat 6: 7ardis (big blind) showed [4d Kd] and lost with high card King


PokerStars Hand #167576415191:  Hold'em Limit ($3/$6 USD) - 2017/03/14 11:40:55 ET
Table 'Aisleen II' 6-max Seat #6 is the button
Seat 3: apx0surry9 ($263.11 in chips)
Seat 6: 7ardis ($62.50 in chips)
7ardis: posts small blind $1
apx0surry9: posts big blind $3
*** HOLE CARDS ***
7ardis: folds
Uncalled bet ($2) returned to apx0surry9
apx0surry9 collected $2 from pot
apx0surry9: doesn't show hand
*** SUMMARY ***
Total pot $2 | Rake $0
Seat 3: apx0surry9 (big blind) collected ($2)
Seat 6: 7ardis (button) (small blind) folded before Flop


PokerStars Hand #167576411367:  Hold'em Limit ($3/$6 USD) - 2017/03/14 11:40:49 ET
Table 'Aisleen II' 6-max Seat #3 is the button
Seat 3: apx0surry9 ($264.11 in chips)
Seat 6: 7ardis ($61.50 in chips)
apx0surry9: posts small blind $1
7ardis: posts big blind $3
*** HOLE CARDS ***
apx0surry9: folds
Uncalled bet ($2) returned to 7ardis
7ardis collected $2 from pot
7ardis: doesn't show hand
*** SUMMARY ***
Total pot $2 | Rake $0
Seat 3: apx0surry9 (button) (small blind) folded before Flop
Seat 6: 7ardis (big blind) collected ($2)


PokerStars Hand #167576418569:  Hold'em Limit ($3/$6 USD) - 2017/03/14 11:41:00 ET
Table 'Aisleen II' 6-max Seat #3 is the button
Seat 3: apx0surry9 ($264.11 in chips)
Seat 6: 7ardis ($61.50 in chips)
apx0surry9: posts small blind $1
7ardis: posts big blind $3
*** HOLE CARDS ***
apx0surry9: raises $3 to $6
7ardis: calls $3
*** FLOP *** [5s Kd Kc]
7ardis: checks
apx0surry9: bets $3
7ardis: calls $3
*** TURN *** [5s Kd Kc] [3c]
7ardis: checks
apx0surry9: bets $6
7ardis: folds
Uncalled bet ($6) returned to apx0surry9
apx0surry9 collected $17.64 from pot
apx0surry9: doesn't show hand
*** SUMMARY ***
Total pot $18 | Rake $0.36
Board [5s Kd Kc 3c]
Seat 3: apx0surry9 (button) (small blind) collected ($17.64)
Seat 6: 7ardis (big blind) folded on the Turn


PokerStars Hand #167576427674:  Hold'em Limit ($3/$6 USD) - 2017/03/14 11:41:14 ET
Table 'Aisleen II' 6-max Seat #6 is the button
Seat 3: apx0surry9 ($272.75 in chips)
Seat 6: 7ardis ($52.50 in chips)
7ardis: posts small blind $1
apx0surry9: posts big blind $3
*** HOLE CARDS ***
7ardis: raises $3 to $6
apx0surry9: raises $3 to $9
7ardis: calls $3
*** FLOP *** [3h 9s Ad]
apx0surry9: bets $3
7ardis: calls $3
*** TURN *** [3h 9s Ad] [Ks]
apx0surry9: bets $6
7ardis: folds
Uncalled bet ($6) returned to apx0surry9
apx0surry9 collected $23.52 from pot
apx0surry9: doesn't show hand
*** SUMMARY ***
Total pot $24 | Rake $0.48
Board [3h 9s Ad Ks]
Seat 3: apx0surry9 (big blind) collected ($23.52)
Seat 6: 7ardis (button) (small blind) folded on the Turn


PokerStars Hand #167576438673:  Hold'em Limit ($3/$6 USD) - 2017/03/14 11:41:31 ET
Table 'Aisleen II' 6-max Seat #3 is the button
Seat 3: apx0surry9 ($284.27 in chips)
Seat 6: 7ardis ($40.50 in chips)
apx0surry9: posts small blind $1
7ardis: posts big blind $3
*** HOLE CARDS ***
apx0surry9: folds
Uncalled bet ($2) returned to 7ardis
7ardis collected $2 from pot
7ardis: doesn't show hand
*** SUMMARY ***
Total pot $2 | Rake $0
Seat 3: apx0surry9 (button) (small blind) folded before Flop
Seat 6: 7ardis (big blind) collected ($2)


PokerStars Hand #167576442182:  Hold'em Limit ($3/$6 USD) - 2017/03/14 11:41:36 ET
Table 'Aisleen II' 6-max Seat #6 is the button
Seat 3: apx0surry9 ($283.27 in chips)
Seat 6: 7ardis ($41.50 in chips)
7ardis: posts small blind $1
apx0surry9: posts big blind $3
*** HOLE CARDS ***
7ardis: raises $3 to $6
apx0surry9: calls $3
*** FLOP *** [Qs 2d 9c]
apx0surry9: checks
7ardis: bets $3
apx0surry9: calls $3
*** TURN *** [Qs 2d 9c] [7s]
apx0surry9: checks
7ardis: bets $6
apx0surry9: folds
Uncalled bet ($6) returned to 7ardis
7ardis collected $17.64 from pot
7ardis: doesn't show hand
*** SUMMARY ***
Total pot $18 | Rake $0.36
Board [Qs 2d 9c 7s]
Seat 3: apx0surry9 (big blind) folded on the Turn
Seat 6: 7ardis (button) (small blind) collected ($17.64)


PokerStars Hand #167576472796:  Hold'em Limit ($3/$6 USD) - 2017/03/14 11:42:24 ET
Table 'Aisleen II' 6-max Seat #3 is the button
Seat 3: apx0surry9 ($274.27 in chips)
Seat 5: sokol-max-PS ($70.37 in chips)
apx0surry9: posts small blind $1
sokol-max-PS: posts big blind $3
*** HOLE CARDS ***
apx0surry9: raises $3 to $6
sokol-max-PS: calls $3
*** FLOP *** [9d Kc 7s]
Fantomet joins the table at seat #6
sokol-max-PS: checks
apx0surry9: bets $3
sokol-max-PS: calls $3
*** TURN *** [9d Kc 7s] [7h]
sokol-max-PS: checks
apx0surry9: bets $6
luvpok123 joins the table at seat #2
sokol-max-PS: raises $6 to $12
apx0surry9: calls $6
*** RIVER *** [9d Kc 7s 7h] [4d]
sokol-max-PS: bets $6
apx0surry9: calls $6
*** SHOW DOWN ***
sokol-max-PS: shows [Ah 7d] (three of a kind, Sevens)
apx0surry9: mucks hand
sokol-max-PS collected $53.50 from pot
*** SUMMARY ***
Total pot $54 | Rake $0.50
Board [9d Kc 7s 7h 4d]
Seat 3: apx0surry9 (button) (small blind) mucked
Seat 5: sokol-max-PS (big blind) showed [Ah 7d] and won ($53.50) with three of a kind, Sevens


PokerStars Hand #167584778578:  Hold'em Limit ($3/$6 USD) - 2017/03/14 14:47:19 ET
Table 'Aisleen II' 6-max Seat #3 is the button
Seat 3: vestimokrec ($152.84 in chips)
Seat 5: krytalex ($143.89 in chips)
vestimokrec: posts small blind $1
krytalex: posts big blind $3
*** HOLE CARDS ***
vestimokrec: raises $3 to $6
krytalex: folds
Uncalled bet ($3) returned to vestimokrec
vestimokrec collected $6 from pot
vestimokrec: doesn't show hand
*** SUMMARY ***
Total pot $6 | Rake $0
Seat 3: vestimokrec (button) (small blind) collected ($6)
Seat 5: krytalex (big blind) folded before Flop


