PokerStars Hand #158079270045:  Hold'em Limit ($3/$6 USD) - 2016/09/02 18:16:36 ET
Table 'Aitne II' 6-max Seat #4 is the button
Seat 4: Actionni13 ($150 in chips)
Seat 5: barbeinthjem ($155.76 in chips)
Actionni13: posts small blind $1
barbeinthjem: posts big blind $3
*** HOLE CARDS ***
Actionni13: raises $3 to $6
barbeinthjem: raises $3 to $9
Actionni13: calls $3
*** FLOP *** [4h 5s 8c]
barbeinthjem: bets $3
Actionni13: calls $3
*** TURN *** [4h 5s 8c] [Th]
Wajattack joins the table at seat #1
barbeinthjem: checks
Actionni13: checks
*** RIVER *** [4h 5s 8c Th] [6s]
barbeinthjem: checks
Actionni13: bets $6
barbeinthjem: folds
Uncalled bet ($6) returned to Actionni13
Actionni13 collected $23.52 from pot
Actionni13: doesn't show hand
*** SUMMARY ***
Total pot $24 | Rake $0.48
Board [4h 5s 8c Th 6s]
Seat 4: Actionni13 (button) (small blind) collected ($23.52)
Seat 5: barbeinthjem (big blind) folded on the River


PokerStars Hand #158079254932:  Hold'em Limit ($3/$6 USD) - 2016/09/02 18:16:15 ET
Table 'Aitne II' 6-max Seat #5 is the button
Seat 4: Actionni13 ($150 in chips)
Seat 5: barbeinthjem ($141.26 in chips)
barbeinthjem: posts small blind $1
Actionni13: posts big blind $3
*** HOLE CARDS ***
barbeinthjem: raises $3 to $6
Actionni13: calls $3
*** FLOP *** [7c 8s Ac]
Actionni13: checks
barbeinthjem: bets $3
Actionni13: calls $3
*** TURN *** [7c 8s Ac] [6s]
Actionni13: checks
barbeinthjem: bets $6
sugarmama888 joins the table at seat #6
Actionni13: calls $6
*** RIVER *** [7c 8s Ac 6s] [Js]
Actionni13: checks
barbeinthjem: bets $6
Actionni13: folds
Uncalled bet ($6) returned to barbeinthjem
barbeinthjem collected $29.50 from pot
barbeinthjem: doesn't show hand
*** SUMMARY ***
Total pot $30 | Rake $0.50
Board [7c 8s Ac 6s Js]
Seat 4: Actionni13 (big blind) folded on the River
Seat 5: barbeinthjem (button) (small blind) collected ($29.50)


PokerStars Hand #158079251606:  Hold'em Limit ($3/$6 USD) - 2016/09/02 18:16:11 ET
Table 'Aitne II' 6-max Seat #4 is the button
Seat 4: Actionni13 ($150 in chips)
Seat 5: barbeinthjem ($140.26 in chips)
Actionni13: posts small blind $1
barbeinthjem: posts big blind $3
*** HOLE CARDS ***
Actionni13: folds
Uncalled bet ($2) returned to barbeinthjem
barbeinthjem collected $2 from pot
barbeinthjem: doesn't show hand
*** SUMMARY ***
Total pot $2 | Rake $0
Seat 4: Actionni13 (button) (small blind) folded before Flop
Seat 5: barbeinthjem (big blind) collected ($2)


PokerStars Hand #158079238998:  Hold'em Limit ($3/$6 USD) - 2016/09/02 18:15:54 ET
Table 'Aitne II' 6-max Seat #5 is the button
Seat 4: Actionni13 ($150 in chips)
Seat 5: barbeinthjem ($134.50 in chips)
barbeinthjem: posts small blind $1
Actionni13: posts big blind $3
*** HOLE CARDS ***
barbeinthjem: raises $3 to $6
Actionni13: calls $3
*** FLOP *** [8s Jc 4h]
Actionni13: checks
barbeinthjem: bets $3
Actionni13: folds
Uncalled bet ($3) returned to barbeinthjem
barbeinthjem collected $11.76 from pot
barbeinthjem: doesn't show hand
*** SUMMARY ***
Total pot $12 | Rake $0.24
Board [8s Jc 4h]
Seat 4: Actionni13 (big blind) folded on the Flop
Seat 5: barbeinthjem (button) (small blind) collected ($11.76)


PokerStars Hand #158080231532:  Hold'em Limit ($3/$6 USD) - 2016/09/02 18:40:03 ET
Table 'Aitne II' 6-max Seat #1 is the button
Seat 1: Wajattack ($144.54 in chips)
Seat 3: I M GOIN OFF ($175.37 in chips)
Wajattack: posts small blind $1
ToDaFelt: is sitting out
I M GOIN OFF: posts big blind $3
*** HOLE CARDS ***
Wajattack: folds
Uncalled bet ($2) returned to I M GOIN OFF
I M GOIN OFF collected $2 from pot
I M GOIN OFF: doesn't show hand
*** SUMMARY ***
Total pot $2 | Rake $0
Seat 1: Wajattack (button) (small blind) folded before Flop
Seat 3: I M GOIN OFF (big blind) collected ($2)


