PokerStars Hand #157226792230:  Hold'em Limit ($3/$6 USD) - 2016/08/13 12:05:12 ET
Table 'Aitne' 6-max Seat #4 is the button
Seat 3: Piparipoker ($90.85 in chips)
Seat 4: VolkovDmitri ($137.50 in chips)
VolkovDmitri: posts small blind $1
Piparipoker: posts big blind $3
*** HOLE CARDS ***
VolkovDmitri: raises $3 to $6
Piparipoker: raises $3 to $9
VolkovDmitri: calls $3
*** FLOP *** [2c 6h 8c]
Piparipoker: bets $3
VolkovDmitri: raises $3 to $6
Piparipoker: calls $3
*** TURN *** [2c 6h 8c] [9c]
Piparipoker: checks
VolkovDmitri: bets $6
Piparipoker: raises $6 to $12
VolkovDmitri: calls $6
*** RIVER *** [2c 6h 8c 9c] [5d]
Piparipoker: bets $6
VolkovDmitri: calls $6
*** SHOW DOWN ***
Piparipoker: shows [Jc Js] (a pair of Jacks)
VolkovDmitri: mucks hand
Piparipoker collected $65.50 from pot
*** SUMMARY ***
Total pot $66 | Rake $0.50
Board [2c 6h 8c 9c 5d]
Seat 3: Piparipoker (big blind) showed [Jc Js] and won ($65.50) with a pair of Jacks
Seat 4: VolkovDmitri (button) (small blind) mucked


PokerStars Hand #157226762896:  Hold'em Limit ($3/$6 USD) - 2016/08/13 12:04:24 ET
Table 'Aitne' 6-max Seat #3 is the button
Seat 3: Piparipoker ($108.85 in chips)
Seat 4: VolkovDmitri ($120 in chips)
Piparipoker: posts small blind $1
VolkovDmitri: posts big blind $3
*** HOLE CARDS ***
Piparipoker: raises $3 to $6
VolkovDmitri: raises $3 to $9
Piparipoker: calls $3
*** FLOP *** [7d Js 5s]
VolkovDmitri: bets $3
Piparipoker: calls $3
*** TURN *** [7d Js 5s] [8d]
VolkovDmitri: bets $6
Piparipoker: calls $6
*** RIVER *** [7d Js 5s 8d] [Td]
VolkovDmitri: checks
Piparipoker: checks
*** SHOW DOWN ***
VolkovDmitri: shows [8s Ac] (a pair of Eights)
Piparipoker: mucks hand
VolkovDmitri collected $35.50 from pot
*** SUMMARY ***
Total pot $36 | Rake $0.50
Board [7d Js 5s 8d Td]
Seat 3: Piparipoker (button) (small blind) mucked
Seat 4: VolkovDmitri (big blind) showed [8s Ac] and won ($35.50) with a pair of Eights


PokerStars Hand #157226833645:  Hold'em Limit ($3/$6 USD) - 2016/08/13 12:06:21 ET
Table 'Aitne' 6-max Seat #4 is the button
Seat 3: Piparipoker ($143.85 in chips)
Seat 4: VolkovDmitri ($120 in chips)
VolkovDmitri: posts small blind $1
Piparipoker: posts big blind $3
*** HOLE CARDS ***
VolkovDmitri: raises $3 to $6
Piparipoker: calls $3
*** FLOP *** [3h 4d Jc]
Piparipoker: checks
VolkovDmitri: bets $3
Piparipoker: calls $3
*** TURN *** [3h 4d Jc] [5s]
Piparipoker: checks
VolkovDmitri: checks
*** RIVER *** [3h 4d Jc 5s] [3c]
Piparipoker: bets $6
VolkovDmitri: folds
Uncalled bet ($6) returned to Piparipoker
Piparipoker collected $17.64 from pot
Piparipoker: doesn't show hand
*** SUMMARY ***
Total pot $18 | Rake $0.36
Board [3h 4d Jc 5s 3c]
Seat 3: Piparipoker (big blind) collected ($17.64)
Seat 4: VolkovDmitri (button) (small blind) folded on the River


PokerStars Hand #157226856098:  Hold'em Limit ($3/$6 USD) - 2016/08/13 12:06:58 ET
Table 'Aitne' 6-max Seat #4 is the button
Seat 3: Piparipoker ($155.49 in chips)
Seat 4: VolkovDmitri ($120 in chips)
VolkovDmitri: posts small blind $1
Piparipoker: posts big blind $3
*** HOLE CARDS ***
VolkovDmitri: raises $3 to $6
Piparipoker: folds
Uncalled bet ($3) returned to VolkovDmitri
VolkovDmitri collected $6 from pot
VolkovDmitri: doesn't show hand
*** SUMMARY ***
Total pot $6 | Rake $0
Seat 3: Piparipoker (big blind) folded before Flop
Seat 4: VolkovDmitri (button) (small blind) collected ($6)


PokerStars Hand #157226852121:  Hold'em Limit ($3/$6 USD) - 2016/08/13 12:06:52 ET
Table 'Aitne' 6-max Seat #3 is the button
Seat 3: Piparipoker ($152.49 in chips)
Seat 4: VolkovDmitri ($120 in chips)
Piparipoker: posts small blind $1
VolkovDmitri: posts big blind $3
*** HOLE CARDS ***
Piparipoker: raises $3 to $6
VolkovDmitri: folds
Uncalled bet ($3) returned to Piparipoker
Piparipoker collected $6 from pot
Piparipoker: doesn't show hand
*** SUMMARY ***
Total pot $6 | Rake $0
Seat 3: Piparipoker (button) (small blind) collected ($6)
Seat 4: VolkovDmitri (big blind) folded before Flop


PokerStars Hand #157226814265:  Hold'em Limit ($3/$6 USD) - 2016/08/13 12:05:49 ET
Table 'Aitne' 6-max Seat #3 is the button
Seat 3: Piparipoker ($123.35 in chips)
Seat 4: VolkovDmitri ($120 in chips)
Piparipoker: posts small blind $1
VolkovDmitri: posts big blind $3
*** HOLE CARDS ***
Piparipoker: raises $3 to $6
VolkovDmitri: calls $3
*** FLOP *** [9c 5h Qh]
VolkovDmitri: checks
Piparipoker: bets $3
VolkovDmitri: calls $3
*** TURN *** [9c 5h Qh] [Tc]
VolkovDmitri: checks
Piparipoker: bets $6
VolkovDmitri: calls $6
*** RIVER *** [9c 5h Qh Tc] [6d]
VolkovDmitri: checks
Piparipoker: bets $6
VolkovDmitri: calls $6
*** SHOW DOWN ***
Piparipoker: shows [Qc Kd] (a pair of Queens)
VolkovDmitri: mucks hand
Piparipoker collected $41.50 from pot
*** SUMMARY ***
Total pot $42 | Rake $0.50
Board [9c 5h Qh Tc 6d]
Seat 3: Piparipoker (button) (small blind) showed [Qc Kd] and won ($41.50) with a pair of Queens
Seat 4: VolkovDmitri (big blind) mucked


PokerStars Hand #157226879127:  Hold'em Limit ($3/$6 USD) - 2016/08/13 12:07:37 ET
Table 'Aitne' 6-max Seat #3 is the button
Seat 3: Piparipoker ($148.49 in chips)
Seat 4: asino222 ($64 in chips)
Piparipoker: posts small blind $1
asino222: posts big blind $3
*** HOLE CARDS ***
Piparipoker: raises $3 to $6
asino222: folds
Uncalled bet ($3) returned to Piparipoker
Piparipoker collected $6 from pot
Piparipoker: doesn't show hand
*** SUMMARY ***
Total pot $6 | Rake $0
Seat 3: Piparipoker (button) (small blind) collected ($6)
Seat 4: asino222 (big blind) folded before Flop


PokerStars Hand #157226875138:  Hold'em Limit ($3/$6 USD) - 2016/08/13 12:07:30 ET
Table 'Aitne' 6-max Seat #4 is the button
Seat 3: Piparipoker ($151.49 in chips)
Seat 4: asino222 ($61 in chips)
asino222: posts small blind $1
Piparipoker: posts big blind $3
*** HOLE CARDS ***
asino222: raises $3 to $6
Piparipoker: folds
Uncalled bet ($3) returned to asino222
asino222 collected $6 from pot
asino222: doesn't show hand
*** SUMMARY ***
Total pot $6 | Rake $0
Seat 3: Piparipoker (big blind) folded before Flop
Seat 4: asino222 (button) (small blind) collected ($6)


PokerStars Hand #157226891289:  Hold'em Limit ($3/$6 USD) - 2016/08/13 12:07:57 ET
Table 'Aitne' 6-max Seat #3 is the button
Seat 3: Piparipoker ($152.49 in chips)
Seat 4: asino222 ($60 in chips)
Piparipoker: posts small blind $1
asino222: posts big blind $3
*** HOLE CARDS ***
Piparipoker: raises $3 to $6
asino222: folds
Uncalled bet ($3) returned to Piparipoker
Piparipoker collected $6 from pot
Piparipoker: doesn't show hand
*** SUMMARY ***
Total pot $6 | Rake $0
Seat 3: Piparipoker (button) (small blind) collected ($6)
Seat 4: asino222 (big blind) folded before Flop


PokerStars Hand #157226888461:  Hold'em Limit ($3/$6 USD) - 2016/08/13 12:07:52 ET
Table 'Aitne' 6-max Seat #4 is the button
Seat 3: Piparipoker ($151.49 in chips)
Seat 4: asino222 ($61 in chips)
asino222: posts small blind $1
Piparipoker: posts big blind $3
*** HOLE CARDS ***
asino222: folds
Uncalled bet ($2) returned to Piparipoker
Piparipoker collected $2 from pot
Piparipoker: doesn't show hand
*** SUMMARY ***
Total pot $2 | Rake $0
Seat 3: Piparipoker (big blind) collected ($2)
Seat 4: asino222 (button) (small blind) folded before Flop


PokerStars Hand #157226882625:  Hold'em Limit ($3/$6 USD) - 2016/08/13 12:07:43 ET
Table 'Aitne' 6-max Seat #4 is the button
Seat 3: Piparipoker ($151.49 in chips)
Seat 4: asino222 ($61 in chips)
asino222: posts small blind $1
Piparipoker: posts big blind $3
*** HOLE CARDS ***
asino222: folds
Uncalled bet ($2) returned to Piparipoker
Piparipoker collected $2 from pot
Piparipoker: doesn't show hand
*** SUMMARY ***
Total pot $2 | Rake $0
Seat 3: Piparipoker (big blind) collected ($2)
Seat 4: asino222 (button) (small blind) folded before Flop


PokerStars Hand #157226895407:  Hold'em Limit ($3/$6 USD) - 2016/08/13 12:08:04 ET
Table 'Aitne' 6-max Seat #4 is the button
Seat 3: Piparipoker ($155.49 in chips)
Seat 4: asino222 ($57 in chips)
asino222: posts small blind $1
Piparipoker: posts big blind $3
*** HOLE CARDS ***
Chessnok joins the table at seat #5
asino222: folds
Uncalled bet ($2) returned to Piparipoker
Piparipoker collected $2 from pot
*** SUMMARY ***
Total pot $2 | Rake $0
Seat 3: Piparipoker (big blind) collected ($2)
Seat 4: asino222 (button) (small blind) folded before Flop


PokerStars Hand #157226899017:  Hold'em Limit ($3/$6 USD) - 2016/08/13 12:08:10 ET
Table 'Aitne' 6-max Seat #3 is the button
Seat 3: Piparipoker ($156.49 in chips)
Seat 4: asino222 ($56 in chips)
Piparipoker: posts small blind $1
asino222: posts big blind $3
*** HOLE CARDS ***
Piparipoker: raises $3 to $6
asino222: calls $3
*** FLOP *** [6c Tc 6d]
asino222: checks
Piparipoker: bets $3
asino222: calls $3
*** TURN *** [6c Tc 6d] [9s]
asino222: checks
Piparipoker: checks
*** RIVER *** [6c Tc 6d 9s] [4d]
asino222: bets $6
Piparipoker: calls $6
*** SHOW DOWN ***
asino222: shows [9d 7s] (two pair, Nines and Sixes)
Piparipoker: mucks hand
asino222 collected $29.50 from pot
*** SUMMARY ***
Total pot $30 | Rake $0.50
Board [6c Tc 6d 9s 4d]
Seat 3: Piparipoker (button) (small blind) mucked
Seat 4: asino222 (big blind) showed [9d 7s] and won ($29.50) with two pair, Nines and Sixes


PokerStars Hand #157228231811:  Hold'em Limit ($3/$6 USD) - 2016/08/13 12:44:05 ET
Table 'Aitne' 6-max Seat #2 is the button
Seat 2: GRAILKO ($251.91 in chips)
Seat 6: oregordog ($94.03 in chips)
GRAILKO: posts small blind $1
oregordog: posts big blind $3
*** HOLE CARDS ***
GRAILKO: raises $3 to $6
player-Archi leaves the table
oregordog: folds
Uncalled bet ($3) returned to GRAILKO
GRAILKO collected $6 from pot
GRAILKO: doesn't show hand
*** SUMMARY ***
Total pot $6 | Rake $0
Seat 2: GRAILKO (button) (small blind) collected ($6)
Seat 6: oregordog (big blind) folded before Flop


