PokerStars Hand #164922676750:  Hold'em Limit ($3/$6 USD) - 2017/01/21 5:26:31 ET
Table 'Aitne' 6-max Seat #3 is the button
Seat 1: VolkovDmitri ($123 in chips)
Seat 3: SONCKG ($119.76 in chips)
SONCKG: posts small blind $1
VolkovDmitri: posts big blind $3
*** HOLE CARDS ***
SONCKG: raises $3 to $6
VolkovDmitri: raises $3 to $9
SONCKG: calls $3
*** FLOP *** [2s Qc 4d]
VolkovDmitri: bets $3
SONCKG: calls $3
*** TURN *** [2s Qc 4d] [7d]
VolkovDmitri: bets $6
SONCKG: folds
Uncalled bet ($6) returned to VolkovDmitri
VolkovDmitri collected $23.52 from pot
VolkovDmitri: doesn't show hand
*** SUMMARY ***
Total pot $24 | Rake $0.48
Board [2s Qc 4d 7d]
Seat 1: VolkovDmitri (big blind) collected ($23.52)
Seat 3: SONCKG (button) (small blind) folded on the Turn


PokerStars Hand #164922671656:  Hold'em Limit ($3/$6 USD) - 2017/01/21 5:26:20 ET
Table 'Aitne' 6-max Seat #1 is the button
Seat 1: VolkovDmitri ($120 in chips)
Seat 3: SONCKG ($122.76 in chips)
VolkovDmitri: posts small blind $1
SONCKG: posts big blind $3
*** HOLE CARDS ***
VolkovDmitri: raises $3 to $6
SONCKG: folds
Uncalled bet ($3) returned to VolkovDmitri
VolkovDmitri collected $6 from pot
VolkovDmitri: doesn't show hand
*** SUMMARY ***
Total pot $6 | Rake $0
Seat 1: VolkovDmitri (button) (small blind) collected ($6)
Seat 3: SONCKG (big blind) folded before Flop


PokerStars Hand #164922661944:  Hold'em Limit ($3/$6 USD) - 2017/01/21 5:25:59 ET
Table 'Aitne' 6-max Seat #3 is the button
Seat 1: VolkovDmitri ($123 in chips)
Seat 3: SONCKG ($117 in chips)
SONCKG: posts small blind $1
VolkovDmitri: posts big blind $3
*** HOLE CARDS ***
SONCKG: raises $3 to $6
VolkovDmitri: calls $3
*** FLOP *** [6c 9c Ah]
VolkovDmitri: checks
SONCKG: bets $3
VolkovDmitri: folds
Uncalled bet ($3) returned to SONCKG
SONCKG collected $11.76 from pot
*** SUMMARY ***
Total pot $12 | Rake $0.24
Board [6c 9c Ah]
Seat 1: VolkovDmitri (big blind) folded on the Flop
Seat 3: SONCKG (button) (small blind) collected ($11.76)


PokerStars Hand #164922656250:  Hold'em Limit ($3/$6 USD) - 2017/01/21 5:25:48 ET
Table 'Aitne' 6-max Seat #1 is the button
Seat 1: VolkovDmitri ($120 in chips)
Seat 3: SONCKG ($120 in chips)
VolkovDmitri: posts small blind $1
SONCKG: posts big blind $3
*** HOLE CARDS ***
VolkovDmitri: raises $3 to $6
SONCKG: folds
Uncalled bet ($3) returned to VolkovDmitri
VolkovDmitri collected $6 from pot
VolkovDmitri: doesn't show hand
*** SUMMARY ***
Total pot $6 | Rake $0
Seat 1: VolkovDmitri (button) (small blind) collected ($6)
Seat 3: SONCKG (big blind) folded before Flop


PokerStars Hand #164922704534:  Hold'em Limit ($3/$6 USD) - 2017/01/21 5:27:30 ET
Table 'Aitne' 6-max Seat #1 is the button
Seat 1: VolkovDmitri ($128.52 in chips)
Seat 3: SONCKG ($113.40 in chips)
VolkovDmitri: posts small blind $1
SONCKG: posts big blind $3
*** HOLE CARDS ***
VolkovDmitri: folds
Uncalled bet ($2) returned to SONCKG
SONCKG collected $2 from pot
*** SUMMARY ***
Total pot $2 | Rake $0
Seat 1: VolkovDmitri (button) (small blind) folded before Flop
Seat 3: SONCKG (big blind) collected ($2)


PokerStars Hand #164922689754:  Hold'em Limit ($3/$6 USD) - 2017/01/21 5:26:58 ET
Table 'Aitne' 6-max Seat #3 is the button
Seat 1: VolkovDmitri ($137.52 in chips)
Seat 3: SONCKG ($104.76 in chips)
SONCKG: posts small blind $1
VolkovDmitri: posts big blind $3
*** HOLE CARDS ***
SONCKG: raises $3 to $6
VolkovDmitri: calls $3
*** FLOP *** [Th 7c Jd]
VolkovDmitri: checks
SONCKG: bets $3
VolkovDmitri: calls $3
*** TURN *** [Th 7c Jd] [Ac]
VolkovDmitri: checks
SONCKG: bets $6
VolkovDmitri: folds
Uncalled bet ($6) returned to SONCKG
SONCKG collected $17.64 from pot
*** SUMMARY ***
Total pot $18 | Rake $0.36
Board [Th 7c Jd Ac]
Seat 1: VolkovDmitri (big blind) folded on the Turn
Seat 3: SONCKG (button) (small blind) collected ($17.64)


PokerStars Hand #164922686530:  Hold'em Limit ($3/$6 USD) - 2017/01/21 5:26:51 ET
Table 'Aitne' 6-max Seat #1 is the button
Seat 1: VolkovDmitri ($134.52 in chips)
Seat 3: SONCKG ($107.76 in chips)
VolkovDmitri: posts small blind $1
SONCKG: posts big blind $3
*** HOLE CARDS ***
VolkovDmitri: raises $3 to $6
SONCKG: folds
Uncalled bet ($3) returned to VolkovDmitri
VolkovDmitri collected $6 from pot
*** SUMMARY ***
Total pot $6 | Rake $0
Seat 1: VolkovDmitri (button) (small blind) collected ($6)
Seat 3: SONCKG (big blind) folded before Flop


PokerStars Hand #164922721650:  Hold'em Limit ($3/$6 USD) - 2017/01/21 5:28:06 ET
Table 'Aitne' 6-max Seat #1 is the button
Seat 1: VolkovDmitri ($139.04 in chips)
Seat 3: SONCKG ($102.40 in chips)
Krazy90 joins the table at seat #4
VolkovDmitri: posts small blind $1
SONCKG: posts big blind $3
*** HOLE CARDS ***
VolkovDmitri: raises $3 to $6
SONCKG: folds
Uncalled bet ($3) returned to VolkovDmitri
VolkovDmitri collected $6 from pot
VolkovDmitri: doesn't show hand
*** SUMMARY ***
Total pot $6 | Rake $0
Seat 1: VolkovDmitri (button) (small blind) collected ($6)
Seat 3: SONCKG (big blind) folded before Flop


PokerStars Hand #164922709590:  Hold'em Limit ($3/$6 USD) - 2017/01/21 5:27:40 ET
Table 'Aitne' 6-max Seat #3 is the button
Seat 1: VolkovDmitri ($127.52 in chips)
Seat 3: SONCKG ($114.40 in chips)
SONCKG: posts small blind $1
VolkovDmitri: posts big blind $3
*** HOLE CARDS ***
SONCKG: raises $3 to $6
VolkovDmitri: raises $3 to $9
SONCKG: calls $3
*** FLOP *** [Kh 3c 5h]
VolkovDmitri: bets $3
SONCKG: calls $3
*** TURN *** [Kh 3c 5h] [7h]
VolkovDmitri: checks
SONCKG: checks
*** RIVER *** [Kh 3c 5h 7h] [8h]
VolkovDmitri: bets $6
SONCKG: folds
Uncalled bet ($6) returned to VolkovDmitri
VolkovDmitri collected $23.52 from pot
VolkovDmitri: doesn't show hand
*** SUMMARY ***
Total pot $24 | Rake $0.48
Board [Kh 3c 5h 7h 8h]
Seat 1: VolkovDmitri (big blind) collected ($23.52)
Seat 3: SONCKG (button) (small blind) folded on the River


