PokerStars Hand #150098135858:  Hold'em Limit ($3/$6 USD) - 2016/03/09 15:30:25 ET
Table 'Ajax II' 6-max Seat #3 is the button
Seat 3: gabiruboy ($60.50 in chips)
Seat 6: Wolfram222 ($120 in chips)
gabiruboy: posts small blind $1
Wolfram222: posts big blind $3
*** HOLE CARDS ***
gabiruboy: raises $3 to $6
Wolfram222: calls $3
*** FLOP *** [Qs 7h Js]
Wolfram222: checks
gabiruboy: bets $3
Wolfram222: folds
Uncalled bet ($3) returned to gabiruboy
gabiruboy collected $11.76 from pot
gabiruboy: doesn't show hand
*** SUMMARY ***
Total pot $12 | Rake $0.24
Board [Qs 7h Js]
Seat 3: gabiruboy (button) (small blind) collected ($11.76)
Seat 6: Wolfram222 (big blind) folded on the Flop


PokerStars Hand #150098106140:  Hold'em Limit ($3/$6 USD) - 2016/03/09 15:29:54 ET
Table 'Ajax II' 6-max Seat #6 is the button
Seat 3: gabiruboy ($34 in chips)
Seat 6: Wolfram222 ($120 in chips)
Wolfram222: posts small blind $1
gabiruboy: posts big blind $3
*** HOLE CARDS ***
Wolfram222: raises $3 to $6
gabiruboy: calls $3
*** FLOP *** [4d 5d 9h]
gabiruboy: checks
Wolfram222: bets $3
gabiruboy: calls $3
*** TURN *** [4d 5d 9h] [Td]
GoliafUa joins the table at seat #1
gabiruboy: checks
Wolfram222: bets $6
gabiruboy: raises $6 to $12
Wolfram222: calls $6
*** RIVER *** [4d 5d 9h Td] [6s]
gabiruboy: bets $6
Wolfram222: calls $6
*** SHOW DOWN ***
gabiruboy: shows [Ts 8c] (a pair of Tens)
Wolfram222: mucks hand
gabiruboy collected $53.50 from pot
*** SUMMARY ***
Total pot $54 | Rake $0.50
Board [4d 5d 9h Td 6s]
Seat 3: gabiruboy (big blind) showed [Ts 8c] and won ($53.50) with a pair of Tens
Seat 6: Wolfram222 (button) (small blind) mucked


PokerStars Hand #150098200254:  Hold'em Limit ($3/$6 USD) - 2016/03/09 15:31:33 ET
Table 'Ajax II' 6-max Seat #3 is the button
Seat 3: gabiruboy ($83.40 in chips)
Seat 6: Wolfram222 ($128.64 in chips)
gabiruboy: posts small blind $1
Wolfram222: posts big blind $3
*** HOLE CARDS ***
gabiruboy: folds
Uncalled bet ($2) returned to Wolfram222
Wolfram222 collected $2 from pot
Wolfram222: doesn't show hand
*** SUMMARY ***
Total pot $2 | Rake $0
Seat 3: gabiruboy (button) (small blind) folded before Flop
Seat 6: Wolfram222 (big blind) collected ($2)


PokerStars Hand #150098186456:  Hold'em Limit ($3/$6 USD) - 2016/03/09 15:31:19 ET
Table 'Ajax II' 6-max Seat #6 is the button
Seat 3: gabiruboy ($92.40 in chips)
Seat 6: Wolfram222 ($120 in chips)
Wolfram222: posts small blind $1
gabiruboy: posts big blind $3
*** HOLE CARDS ***
Wolfram222: raises $3 to $6
gabiruboy: calls $3
*** FLOP *** [3h 5h 4c]
gabiruboy: checks
Wolfram222: bets $3
gabiruboy: calls $3
*** TURN *** [3h 5h 4c] [5s]
gabiruboy: checks
Wolfram222: bets $6
gabiruboy: folds
Uncalled bet ($6) returned to Wolfram222
Wolfram222 collected $17.64 from pot
Wolfram222: doesn't show hand
*** SUMMARY ***
Total pot $18 | Rake $0.36
Board [3h 5h 4c 5s]
Seat 3: gabiruboy (big blind) folded on the Turn
Seat 6: Wolfram222 (button) (small blind) collected ($17.64)


PokerStars Hand #150098169686:  Hold'em Limit ($3/$6 USD) - 2016/03/09 15:31:01 ET
Table 'Ajax II' 6-max Seat #3 is the button
Seat 3: gabiruboy ($83.76 in chips)
Seat 6: Wolfram222 ($120 in chips)
gabiruboy: posts small blind $1
Wolfram222: posts big blind $3
*** HOLE CARDS ***
gabiruboy: raises $3 to $6
Wolfram222: calls $3
*** FLOP *** [6h 8h Kc]
Wolfram222: checks
gabiruboy: bets $3
Wolfram222: calls $3
*** TURN *** [6h 8h Kc] [4c]
Wolfram222: checks
gabiruboy: checks
*** RIVER *** [6h 8h Kc 4c] [Jc]
Wolfram222: checks
gabiruboy: bets $6
Wolfram222: folds
Uncalled bet ($6) returned to gabiruboy
gabiruboy collected $17.64 from pot
gabiruboy: doesn't show hand
*** SUMMARY ***
Total pot $18 | Rake $0.36
Board [6h 8h Kc 4c Jc]
Seat 3: gabiruboy (button) (small blind) collected ($17.64)
Seat 6: Wolfram222 (big blind) folded on the River


PokerStars Hand #150098148207:  Hold'em Limit ($3/$6 USD) - 2016/03/09 15:30:38 ET
Table 'Ajax II' 6-max Seat #6 is the button
Seat 3: gabiruboy ($66.26 in chips)
Seat 6: Wolfram222 ($120 in chips)
Wolfram222: posts small blind $1
gabiruboy: posts big blind $3
*** HOLE CARDS ***
Wolfram222: raises $3 to $6
gabiruboy: calls $3
*** FLOP *** [5h 4c 7h]
gabiruboy: checks
Wolfram222: bets $3
gabiruboy: raises $3 to $6
Wolfram222: calls $3
*** TURN *** [5h 4c 7h] [Kc]
gabiruboy: checks
Wolfram222: checks
*** RIVER *** [5h 4c 7h Kc] [7c]
gabiruboy: bets $6
Wolfram222: calls $6
*** SHOW DOWN ***
gabiruboy: shows [Jc Jh] (two pair, Jacks and Sevens)
Wolfram222: mucks hand
gabiruboy collected $35.50 from pot
*** SUMMARY ***
Total pot $36 | Rake $0.50
Board [5h 4c 7h Kc 7c]
Seat 3: gabiruboy (big blind) showed [Jc Jh] and won ($35.50) with two pair, Jacks and Sevens
Seat 6: Wolfram222 (button) (small blind) mucked


PokerStars Hand #150098205339:  Hold'em Limit ($3/$6 USD) - 2016/03/09 15:31:39 ET
Table 'Ajax II' 6-max Seat #6 is the button
Seat 3: gabiruboy ($82.40 in chips)
Seat 6: Wolfram222 ($129.64 in chips)
Wolfram222: posts small blind $1
gabiruboy: posts big blind $3
*** HOLE CARDS ***
Wolfram222: folds
Uncalled bet ($2) returned to gabiruboy
gabiruboy collected $2 from pot
gabiruboy: doesn't show hand
*** SUMMARY ***
Total pot $2 | Rake $0
Seat 3: gabiruboy (big blind) collected ($2)
Seat 6: Wolfram222 (button) (small blind) folded before Flop


PokerStars Hand #150098224903:  Hold'em Limit ($3/$6 USD) - 2016/03/09 15:31:59 ET
Table 'Ajax II' 6-max Seat #6 is the button
Seat 3: gabiruboy ($89.16 in chips)
Seat 6: Wolfram222 ($122.64 in chips)
Wolfram222: posts small blind $1
gabiruboy: posts big blind $3
*** HOLE CARDS ***
Wolfram222: raises $3 to $6
pompier40 joins the table at seat #4
gabiruboy: calls $3
*** FLOP *** [7d 6s 9d]
gabiruboy: checks
Wolfram222: bets $3
gabiruboy: folds
Uncalled bet ($3) returned to Wolfram222
Wolfram222 collected $11.76 from pot
Wolfram222: doesn't show hand
*** SUMMARY ***
Total pot $12 | Rake $0.24
Board [7d 6s 9d]
Seat 3: gabiruboy (big blind) folded on the Flop
Seat 6: Wolfram222 (button) (small blind) collected ($11.76)


PokerStars Hand #150098210282:  Hold'em Limit ($3/$6 USD) - 2016/03/09 15:31:44 ET
Table 'Ajax II' 6-max Seat #3 is the button
Seat 3: gabiruboy ($83.40 in chips)
Seat 6: Wolfram222 ($128.64 in chips)
gabiruboy: posts small blind $1
Wolfram222: posts big blind $3
*** HOLE CARDS ***
gabiruboy: raises $3 to $6
Wolfram222: calls $3
*** FLOP *** [9s 5s 6h]
Wolfram222: checks
gabiruboy: checks
*** TURN *** [9s 5s 6h] [3s]
Wolfram222: checks
gabiruboy: bets $6
Wolfram222: folds
Uncalled bet ($6) returned to gabiruboy
gabiruboy collected $11.76 from pot
gabiruboy: doesn't show hand
*** SUMMARY ***
Total pot $12 | Rake $0.24
Board [9s 5s 6h 3s]
Seat 3: gabiruboy (button) (small blind) collected ($11.76)
Seat 6: Wolfram222 (big blind) folded on the Turn


PokerStars Hand #150103980859:  Hold'em Limit ($3/$6 USD) - 2016/03/09 17:15:17 ET
Table 'Ajax II' 6-max Seat #3 is the button
Seat 3: glottis88 ($76.26 in chips)
Seat 5: JayEm82 ($491.46 in chips)
glottis88: posts small blind $1
JayEm82: posts big blind $3
*** HOLE CARDS ***
glottis88: folds
Uncalled bet ($2) returned to JayEm82
JayEm82 collected $2 from pot
JayEm82: doesn't show hand
*** SUMMARY ***
Total pot $2 | Rake $0
Seat 3: glottis88 (button) (small blind) folded before Flop
Seat 5: JayEm82 (big blind) collected ($2)


PokerStars Hand #150103987492:  Hold'em Limit ($3/$6 USD) - 2016/03/09 17:15:24 ET
Table 'Ajax II' 6-max Seat #5 is the button
Seat 3: glottis88 ($75.26 in chips)
Seat 5: JayEm82 ($492.46 in chips)
JayEm82: posts small blind $1
glottis88: posts big blind $3
*** HOLE CARDS ***
JayEm82: folds
Uncalled bet ($2) returned to glottis88
glottis88 collected $2 from pot
glottis88: doesn't show hand
*** SUMMARY ***
Total pot $2 | Rake $0
Seat 3: glottis88 (big blind) collected ($2)
Seat 5: JayEm82 (button) (small blind) folded before Flop


PokerStars Hand #150104000382:  Hold'em Limit ($3/$6 USD) - 2016/03/09 17:15:38 ET
Table 'Ajax II' 6-max Seat #5 is the button
Seat 3: glottis88 ($75.26 in chips)
Seat 5: JayEm82 ($492.46 in chips)
JayEm82: posts small blind $1
glottis88: posts big blind $3
*** HOLE CARDS ***
JayEm82: folds
Uncalled bet ($2) returned to glottis88
glottis88 collected $2 from pot
glottis88: doesn't show hand
*** SUMMARY ***
Total pot $2 | Rake $0
Seat 3: glottis88 (big blind) collected ($2)
Seat 5: JayEm82 (button) (small blind) folded before Flop


PokerStars Hand #150103996230:  Hold'em Limit ($3/$6 USD) - 2016/03/09 17:15:34 ET
Table 'Ajax II' 6-max Seat #3 is the button
Seat 3: glottis88 ($76.26 in chips)
Seat 5: JayEm82 ($491.46 in chips)
glottis88: posts small blind $1
JayEm82: posts big blind $3
*** HOLE CARDS ***
glottis88: folds
Uncalled bet ($2) returned to JayEm82
JayEm82 collected $2 from pot
JayEm82: doesn't show hand
*** SUMMARY ***
Total pot $2 | Rake $0
Seat 3: glottis88 (button) (small blind) folded before Flop
Seat 5: JayEm82 (big blind) collected ($2)


PokerStars Hand #150104026886:  Hold'em Limit ($3/$6 USD) - 2016/03/09 17:16:07 ET
Table 'Ajax II' 6-max Seat #3 is the button
Seat 3: glottis88 ($64.26 in chips)
Seat 5: JayEm82 ($503.10 in chips)
glottis88: posts small blind $1
JayEm82: posts big blind $3
*** HOLE CARDS ***
glottis88: calls $2
JayEm82: checks
*** FLOP *** [2s Qc 8s]
JayEm82: checks
glottis88: bets $3
JayEm82: folds
Uncalled bet ($3) returned to glottis88
glottis88 collected $5.88 from pot
glottis88: doesn't show hand
*** SUMMARY ***
Total pot $6 | Rake $0.12
Board [2s Qc 8s]
Seat 3: glottis88 (button) (small blind) collected ($5.88)
Seat 5: JayEm82 (big blind) folded on the Flop


PokerStars Hand #150104034925:  Hold'em Limit ($3/$6 USD) - 2016/03/09 17:16:16 ET
Table 'Ajax II' 6-max Seat #5 is the button
Seat 3: glottis88 ($67.14 in chips)
Seat 5: JayEm82 ($500.10 in chips)
JayEm82: posts small blind $1
glottis88: posts big blind $3
*** HOLE CARDS ***
JayEm82: raises $3 to $6
glottis88: calls $3
*** FLOP *** [Ac 7c As]
glottis88: checks
JayEm82: bets $3
glottis88: raises $3 to $6
JayEm82: calls $3
*** TURN *** [Ac 7c As] [8h]
glottis88: bets $6
JayEm82: calls $6
*** RIVER *** [Ac 7c As 8h] [2d]
GRAILKO joins the table at seat #6
glottis88: bets $6
JayEm82: calls $6
*** SHOW DOWN ***
glottis88: shows [5c Kh] (a pair of Aces)
JayEm82: shows [7d 8c] (two pair, Aces and Eights)
JayEm82 collected $47.50 from pot
*** SUMMARY ***
Total pot $48 | Rake $0.50
Board [Ac 7c As 8h 2d]
Seat 3: glottis88 (big blind) showed [5c Kh] and lost with a pair of Aces
Seat 5: JayEm82 (button) (small blind) showed [7d 8c] and won ($47.50) with two pair, Aces and Eights


PokerStars Hand #150104056191:  Hold'em Limit ($3/$6 USD) - 2016/03/09 17:16:39 ET
Table 'Ajax II' 6-max Seat #3 is the button
Seat 3: glottis88 ($43.14 in chips)
Seat 5: JayEm82 ($523.60 in chips)
glottis88: posts small blind $1
JayEm82: posts big blind $3
*** HOLE CARDS ***
glottis88: calls $2
JayEm82: checks
*** FLOP *** [Jd 8h 4d]
JayEm82: bets $3
glottis88: calls $3
*** TURN *** [Jd 8h 4d] [5s]
JayEm82: checks
glottis88: bets $6
JayEm82: calls $6
*** RIVER *** [Jd 8h 4d 5s] [7h]
JayEm82: checks
glottis88: bets $6
JayEm82: folds
Uncalled bet ($6) returned to glottis88
glottis88 collected $23.52 from pot
glottis88: doesn't show hand
*** SUMMARY ***
Total pot $24 | Rake $0.48
Board [Jd 8h 4d 5s 7h]
Seat 3: glottis88 (button) (small blind) collected ($23.52)
Seat 5: JayEm82 (big blind) folded on the River


PokerStars Hand #150104019067:  Hold'em Limit ($3/$6 USD) - 2016/03/09 17:15:59 ET
Table 'Ajax II' 6-max Seat #5 is the button
Seat 3: glottis88 ($67.26 in chips)
Seat 5: JayEm82 ($500.10 in chips)
JayEm82: posts small blind $1
glottis88: posts big blind $3
*** HOLE CARDS ***
JayEm82: raises $3 to $6
glottis88: folds
Uncalled bet ($3) returned to JayEm82
JayEm82 collected $6 from pot
JayEm82: doesn't show hand
*** SUMMARY ***
Total pot $6 | Rake $0
Seat 3: glottis88 (big blind) folded before Flop
Seat 5: JayEm82 (button) (small blind) collected ($6)


PokerStars Hand #150104004190:  Hold'em Limit ($3/$6 USD) - 2016/03/09 17:15:42 ET
Table 'Ajax II' 6-max Seat #3 is the button
Seat 3: glottis88 ($76.26 in chips)
Seat 5: JayEm82 ($491.46 in chips)
glottis88: posts small blind $1
JayEm82: posts big blind $3
*** HOLE CARDS ***
glottis88: calls $2
JayEm82: checks
*** FLOP *** [Jh As Ac]
JayEm82: checks
glottis88: checks
*** TURN *** [Jh As Ac] [Ks]
JayEm82: checks
glottis88: bets $6
JayEm82: calls $6
*** RIVER *** [Jh As Ac Ks] [2d]
JayEm82: checks
glottis88: checks
*** SHOW DOWN ***
JayEm82: shows [Kh 9d] (two pair, Aces and Kings)
glottis88: mucks hand
JayEm82 collected $17.64 from pot
*** SUMMARY ***
Total pot $18 | Rake $0.36
Board [Jh As Ac Ks 2d]
Seat 3: glottis88 (button) (small blind) mucked
Seat 5: JayEm82 (big blind) showed [Kh 9d] and won ($17.64) with two pair, Aces and Kings


PokerStars Hand #150108433651:  Hold'em Limit ($3/$6 USD) - 2016/03/09 18:44:49 ET
Table 'Ajax II' 6-max Seat #6 is the button
Seat 5: JayEm82 ($624.79 in chips)
Seat 6: megabaitt ($180.52 in chips)
megabaitt: posts small blind $1
vestimokrec: is sitting out
JayEm82: posts big blind $3
*** HOLE CARDS ***
megabaitt: folds
Uncalled bet ($2) returned to JayEm82
JayEm82 collected $2 from pot
JayEm82: doesn't show hand
*** SUMMARY ***
Total pot $2 | Rake $0
Seat 5: JayEm82 (big blind) collected ($2)
Seat 6: megabaitt (button) (small blind) folded before Flop


PokerStars Hand #150108437830:  Hold'em Limit ($3/$6 USD) - 2016/03/09 18:44:55 ET
Table 'Ajax II' 6-max Seat #5 is the button
Seat 5: JayEm82 ($625.79 in chips)
Seat 6: megabaitt ($179.52 in chips)
JayEm82: posts small blind $1
megabaitt: posts big blind $3
*** HOLE CARDS ***
JayEm82: raises $3 to $6
megabaitt: calls $3
*** FLOP *** [Ah 4c Qc]
megabaitt: checks
vestimokrec leaves the table
JayEm82: checks
*** TURN *** [Ah 4c Qc] [5h]
megabaitt: checks
JayEm82: checks
*** RIVER *** [Ah 4c Qc 5h] [2h]
megabaitt: checks
cvillegurl joins the table at seat #3
JayEm82: checks
*** SHOW DOWN ***
megabaitt: shows [Kh 5s] (a pair of Fives)
JayEm82: mucks hand
megabaitt collected $11.76 from pot
*** SUMMARY ***
Total pot $12 | Rake $0.24
Board [Ah 4c Qc 5h 2h]
Seat 5: JayEm82 (button) (small blind) mucked
Seat 6: megabaitt (big blind) showed [Kh 5s] and won ($11.76) with a pair of Fives


PokerStars Hand #150108809024:  Hold'em Limit ($3/$6 USD) - 2016/03/09 18:53:40 ET
Table 'Ajax II' 6-max Seat #6 is the button
Seat 5: JayEm82 ($643.25 in chips)
Seat 6: megabaitt ($219.28 in chips)
megabaitt: posts small blind $1
vestimokrec: is sitting out
Zubasa07: is sitting out
GRAILKO: is sitting out
JayEm82: posts big blind $3
*** HOLE CARDS ***
megabaitt: folds
Uncalled bet ($2) returned to JayEm82
JayEm82 collected $2 from pot
JayEm82: doesn't show hand
*** SUMMARY ***
Total pot $2 | Rake $0
Seat 5: JayEm82 (big blind) collected ($2)
Seat 6: megabaitt (button) (small blind) folded before Flop


