PokerStars Hand #157661138344:  Hold'em Limit ($3/$6 USD) - 2016/08/23 19:59:35 ET
Table 'Ajax' 6-max Seat #1 is the button
Seat 1: libaikang ($122.76 in chips)
Seat 3: simper11 ($123 in chips)
libaikang: posts small blind $1
simper11: posts big blind $3
*** HOLE CARDS ***
libaikang: raises $3 to $6
simper11: folds
Uncalled bet ($3) returned to libaikang
libaikang collected $6 from pot
libaikang: doesn't show hand
*** SUMMARY ***
Total pot $6 | Rake $0
Seat 1: libaikang (button) (small blind) collected ($6)
Seat 3: simper11 (big blind) folded before Flop


PokerStars Hand #157661135659:  Hold'em Limit ($3/$6 USD) - 2016/08/23 19:59:28 ET
Table 'Ajax' 6-max Seat #3 is the button
Seat 1: libaikang ($125.76 in chips)
Seat 3: simper11 ($120 in chips)
simper11: posts small blind $1
libaikang: posts big blind $3
*** HOLE CARDS ***
simper11: raises $3 to $6
libaikang: folds
Uncalled bet ($3) returned to simper11
simper11 collected $6 from pot
simper11: doesn't show hand
*** SUMMARY ***
Total pot $6 | Rake $0
Seat 1: libaikang (big blind) folded before Flop
Seat 3: simper11 (button) (small blind) collected ($6)


PokerStars Hand #157661125366:  Hold'em Limit ($3/$6 USD) - 2016/08/23 19:59:03 ET
Table 'Ajax' 6-max Seat #1 is the button
Seat 1: libaikang ($120 in chips)
Seat 3: simper11 ($120 in chips)
libaikang: posts small blind $1
simper11: posts big blind $3
*** HOLE CARDS ***
libaikang: raises $3 to $6
simper11: calls $3
*** FLOP *** [Ah 4h 3c]
simper11: checks
libaikang: bets $3
simper11: folds
Uncalled bet ($3) returned to libaikang
libaikang collected $11.76 from pot
libaikang: doesn't show hand
*** SUMMARY ***
Total pot $12 | Rake $0.24
Board [Ah 4h 3c]
Seat 1: libaikang (button) (small blind) collected ($11.76)
Seat 3: simper11 (big blind) folded on the Flop


PokerStars Hand #157661140945:  Hold'em Limit ($3/$6 USD) - 2016/08/23 19:59:41 ET
Table 'Ajax' 6-max Seat #3 is the button
Seat 1: libaikang ($125.76 in chips)
Seat 3: simper11 ($120 in chips)
simper11: posts small blind $1
libaikang: posts big blind $3
*** HOLE CARDS ***
simper11: raises $3 to $6
libaikang: folds
Uncalled bet ($3) returned to simper11
simper11 collected $6 from pot
simper11: doesn't show hand
*** SUMMARY ***
Total pot $6 | Rake $0
Seat 1: libaikang (big blind) folded before Flop
Seat 3: simper11 (button) (small blind) collected ($6)


PokerStars Hand #157661163858:  Hold'em Limit ($3/$6 USD) - 2016/08/23 20:00:36 ET
Table 'Ajax' 6-max Seat #3 is the button
Seat 1: libaikang ($74.52 in chips)
Seat 3: simper11 ($170 in chips)
simper11: posts small blind $1
libaikang: posts big blind $3
*** HOLE CARDS ***
simper11: raises $3 to $6
libaikang: folds
Uncalled bet ($3) returned to simper11
simper11 collected $6 from pot
simper11: doesn't show hand
*** SUMMARY ***
Total pot $6 | Rake $0
Seat 1: libaikang (big blind) folded before Flop
Seat 3: simper11 (button) (small blind) collected ($6)


PokerStars Hand #157661159233:  Hold'em Limit ($3/$6 USD) - 2016/08/23 20:00:25 ET
Table 'Ajax' 6-max Seat #1 is the button
Seat 1: libaikang ($68.76 in chips)
Seat 3: simper11 ($176 in chips)
libaikang: posts small blind $1
simper11: posts big blind $3
*** HOLE CARDS ***
libaikang: raises $3 to $6
simper11: calls $3
*** FLOP *** [6d Qd 4d]
Pandakey joins the table at seat #2
simper11: checks
libaikang: bets $3
simper11: folds
Uncalled bet ($3) returned to libaikang
libaikang collected $11.76 from pot
libaikang: doesn't show hand
*** SUMMARY ***
Total pot $12 | Rake $0.24
Board [6d Qd 4d]
Seat 1: libaikang (button) (small blind) collected ($11.76)
Seat 3: simper11 (big blind) folded on the Flop


PokerStars Hand #157661150389:  Hold'em Limit ($3/$6 USD) - 2016/08/23 20:00:04 ET
Table 'Ajax' 6-max Seat #3 is the button
Seat 1: libaikang ($104.76 in chips)
Seat 3: simper11 ($140.50 in chips)
simper11: posts small blind $1
libaikang: posts big blind $3
*** HOLE CARDS ***
simper11: raises $3 to $6
libaikang: raises $3 to $9
simper11: calls $3
*** FLOP *** [8h 9h 3d]
libaikang: bets $3
simper11: calls $3
*** TURN *** [8h 9h 3d] [9s]
libaikang: bets $6
simper11: raises $6 to $12
libaikang: calls $6
*** RIVER *** [8h 9h 3d 9s] [4s]
libaikang: bets $6
simper11: raises $6 to $12
libaikang: calls $6
*** SHOW DOWN ***
simper11: shows [9d 5h] (three of a kind, Nines)
libaikang: mucks hand
simper11 collected $71.50 from pot
*** SUMMARY ***
Total pot $72 | Rake $0.50
Board [8h 9h 3d 9s 4s]
Seat 1: libaikang (big blind) mucked
Seat 3: simper11 (button) (small blind) showed [9d 5h] and won ($71.50) with three of a kind, Nines


PokerStars Hand #157661143522:  Hold'em Limit ($3/$6 USD) - 2016/08/23 19:59:47 ET
Table 'Ajax' 6-max Seat #1 is the button
Seat 1: libaikang ($122.76 in chips)
Seat 3: simper11 ($123 in chips)
libaikang: posts small blind $1
simper11: posts big blind $3
*** HOLE CARDS ***
libaikang: raises $3 to $6
simper11: calls $3
*** FLOP *** [3c 6c Th]
simper11: checks
libaikang: checks
*** TURN *** [3c 6c Th] [4h]
simper11: bets $6
libaikang: raises $6 to $12
simper11: calls $6
*** RIVER *** [3c 6c Th 4h] [8d]
simper11: checks
libaikang: checks
*** SHOW DOWN ***
simper11: shows [Ac 4s] (a pair of Fours)
libaikang: mucks hand
simper11 collected $35.50 from pot
*** SUMMARY ***
Total pot $36 | Rake $0.50
Board [3c 6c Th 4h 8d]
Seat 1: libaikang (button) (small blind) mucked
Seat 3: simper11 (big blind) showed [Ac 4s] and won ($35.50) with a pair of Fours


PokerStars Hand #157661750952:  Hold'em Limit ($3/$6 USD) - 2016/08/23 20:21:13 ET
Table 'Ajax' 6-max Seat #3 is the button
Seat 3: FinDeSiecle ($94 in chips)
Seat 5: RaisemyNut$ ($60 in chips)
FinDeSiecle: posts small blind $1
RaisemyNut$: posts big blind $3
*** HOLE CARDS ***
FinDeSiecle: raises $3 to $6
RaisemyNut$: calls $3
*** FLOP *** [Js 5h 4s]
RaisemyNut$: checks
FinDeSiecle: bets $3
RaisemyNut$: calls $3
*** TURN *** [Js 5h 4s] [Tc]
RaisemyNut$: checks
FinDeSiecle: checks
*** RIVER *** [Js 5h 4s Tc] [Qh]
RaisemyNut$: checks
FinDeSiecle: bets $6
RaisemyNut$: calls $6
*** SHOW DOWN ***
FinDeSiecle: shows [Ad Kh] (a straight, Ten to Ace)
RaisemyNut$: mucks hand
FinDeSiecle collected $29.50 from pot
*** SUMMARY ***
Total pot $30 | Rake $0.50
Board [Js 5h 4s Tc Qh]
Seat 3: FinDeSiecle (button) (small blind) showed [Ad Kh] and won ($29.50) with a straight, Ten to Ace
Seat 5: RaisemyNut$ (big blind) mucked


PokerStars Hand #157661748624:  Hold'em Limit ($3/$6 USD) - 2016/08/23 20:21:08 ET
Table 'Ajax' 6-max Seat #5 is the button
Seat 3: FinDeSiecle ($93 in chips)
Seat 5: RaisemyNut$ ($60 in chips)
RaisemyNut$: posts small blind $1
FinDeSiecle: posts big blind $3
*** HOLE CARDS ***
RaisemyNut$: folds
Uncalled bet ($2) returned to FinDeSiecle
FinDeSiecle collected $2 from pot
FinDeSiecle: doesn't show hand
*** SUMMARY ***
Total pot $2 | Rake $0
Seat 3: FinDeSiecle (big blind) collected ($2)
Seat 5: RaisemyNut$ (button) (small blind) folded before Flop


PokerStars Hand #157661745554:  Hold'em Limit ($3/$6 USD) - 2016/08/23 20:21:01 ET
Table 'Ajax' 6-max Seat #3 is the button
Seat 3: FinDeSiecle ($90 in chips)
Seat 5: RaisemyNut$ ($60 in chips)
FinDeSiecle: posts small blind $1
I M GOIN OFF: is sitting out
RaisemyNut$: posts big blind $3
*** HOLE CARDS ***
FinDeSiecle: raises $3 to $6
RaisemyNut$: folds
Uncalled bet ($3) returned to FinDeSiecle
FinDeSiecle collected $6 from pot
FinDeSiecle: doesn't show hand
*** SUMMARY ***
Total pot $6 | Rake $0
Seat 3: FinDeSiecle (button) (small blind) collected ($6)
Seat 5: RaisemyNut$ (big blind) folded before Flop


PokerStars Hand #157661783157:  Hold'em Limit ($3/$6 USD) - 2016/08/23 20:22:25 ET
Table 'Ajax' 6-max Seat #3 is the button
Seat 3: FinDeSiecle ($108.25 in chips)
Seat 5: RaisemyNut$ ($60 in chips)
FinDeSiecle: posts small blind $1
RaisemyNut$: posts big blind $3
*** HOLE CARDS ***
FinDeSiecle: raises $3 to $6
RaisemyNut$: raises $3 to $9
FinDeSiecle: calls $3
*** FLOP *** [3h As 7c]
RaisemyNut$: bets $3
FinDeSiecle: folds
Uncalled bet ($3) returned to RaisemyNut$
RaisemyNut$ collected $17.64 from pot
RaisemyNut$: doesn't show hand
*** SUMMARY ***
Total pot $18 | Rake $0.36
Board [3h As 7c]
Seat 3: FinDeSiecle (button) (small blind) folded on the Flop
Seat 5: RaisemyNut$ (big blind) collected ($17.64)


PokerStars Hand #157661761722:  Hold'em Limit ($3/$6 USD) - 2016/08/23 20:21:37 ET
Table 'Ajax' 6-max Seat #5 is the button
Seat 3: FinDeSiecle ($108.50 in chips)
Seat 5: RaisemyNut$ ($60 in chips)
RaisemyNut$: posts small blind $1
FinDeSiecle: posts big blind $3
*** HOLE CARDS ***
RaisemyNut$: raises $3 to $6
FinDeSiecle: raises $3 to $9
RaisemyNut$: raises $3 to $12
Betting is capped
FinDeSiecle: calls $3
*** FLOP *** [9d Kd Th]
FinDeSiecle: checks
RaisemyNut$: bets $3
FinDeSiecle: calls $3
*** TURN *** [9d Kd Th] [6d]
FinDeSiecle: checks
RaisemyNut$: checks
*** RIVER *** [9d Kd Th 6d] [2s]
FinDeSiecle: checks
RaisemyNut$: checks
*** SHOW DOWN ***
FinDeSiecle: shows [Jd As] (high card Ace)
RaisemyNut$: shows [Ah Jh] (high card Ace)
FinDeSiecle collected $14.75 from pot
RaisemyNut$ collected $14.75 from pot
*** SUMMARY ***
Total pot $30 | Rake $0.50
Board [9d Kd Th 6d 2s]
Seat 3: FinDeSiecle (big blind) showed [Jd As] and won ($14.75) with high card Ace
Seat 5: RaisemyNut$ (button) (small blind) showed [Ah Jh] and won ($14.75) with high card Ace


PokerStars Hand #157661797410:  Hold'em Limit ($3/$6 USD) - 2016/08/23 20:22:57 ET
Table 'Ajax' 6-max Seat #3 is the button
Seat 3: FinDeSiecle ($93.25 in chips)
Seat 5: RaisemyNut$ ($74.40 in chips)
FinDeSiecle: posts small blind $1
RaisemyNut$: posts big blind $3
*** HOLE CARDS ***
FinDeSiecle: folds
Uncalled bet ($2) returned to RaisemyNut$
RaisemyNut$ collected $2 from pot
RaisemyNut$: doesn't show hand
*** SUMMARY ***
Total pot $2 | Rake $0
Seat 3: FinDeSiecle (button) (small blind) folded before Flop
Seat 5: RaisemyNut$ (big blind) collected ($2)


PokerStars Hand #157661802473:  Hold'em Limit ($3/$6 USD) - 2016/08/23 20:23:08 ET
Table 'Ajax' 6-max Seat #3 is the button
Seat 3: FinDeSiecle ($93.25 in chips)
Seat 5: RaisemyNut$ ($74.40 in chips)
FinDeSiecle: posts small blind $1
RaisemyNut$: posts big blind $3
*** HOLE CARDS ***
FinDeSiecle: folds
Uncalled bet ($2) returned to RaisemyNut$
RaisemyNut$ collected $2 from pot
RaisemyNut$: doesn't show hand
*** SUMMARY ***
Total pot $2 | Rake $0
Seat 3: FinDeSiecle (button) (small blind) folded before Flop
Seat 5: RaisemyNut$ (big blind) collected ($2)


PokerStars Hand #157661800418:  Hold'em Limit ($3/$6 USD) - 2016/08/23 20:23:03 ET
Table 'Ajax' 6-max Seat #5 is the button
Seat 3: FinDeSiecle ($92.25 in chips)
Seat 5: RaisemyNut$ ($75.40 in chips)
RaisemyNut$: posts small blind $1
FinDeSiecle: posts big blind $3
*** HOLE CARDS ***
RaisemyNut$: folds
Uncalled bet ($2) returned to FinDeSiecle
FinDeSiecle collected $2 from pot
FinDeSiecle: doesn't show hand
*** SUMMARY ***
Total pot $2 | Rake $0
Seat 3: FinDeSiecle (big blind) collected ($2)
Seat 5: RaisemyNut$ (button) (small blind) folded before Flop


PokerStars Hand #157661804381:  Hold'em Limit ($3/$6 USD) - 2016/08/23 20:23:12 ET
Table 'Ajax' 6-max Seat #5 is the button
Seat 3: FinDeSiecle ($92.25 in chips)
Seat 5: RaisemyNut$ ($75.40 in chips)
RaisemyNut$: posts small blind $1
FinDeSiecle: posts big blind $3
*** HOLE CARDS ***
RaisemyNut$: raises $3 to $6
FinDeSiecle: raises $3 to $9
RaisemyNut$: calls $3
*** FLOP *** [9h 3h 2h]
FinDeSiecle: bets $3
RaisemyNut$: calls $3
*** TURN *** [9h 3h 2h] [2c]
FinDeSiecle: bets $6
RaisemyNut$: raises $6 to $12
FinDeSiecle: calls $6
*** RIVER *** [9h 3h 2h 2c] [6c]
FinDeSiecle: checks
RaisemyNut$: bets $6
FinDeSiecle: calls $6
*** SHOW DOWN ***
RaisemyNut$: shows [5c 9c] (two pair, Nines and Deuces)
FinDeSiecle: mucks hand
RaisemyNut$ collected $59.50 from pot
*** SUMMARY ***
Total pot $60 | Rake $0.50
Board [9h 3h 2h 2c 6c]
Seat 3: FinDeSiecle (big blind) mucked
Seat 5: RaisemyNut$ (button) (small blind) showed [5c 9c] and won ($59.50) with two pair, Nines and Deuces


PokerStars Hand #157661832554:  Hold'em Limit ($3/$6 USD) - 2016/08/23 20:24:15 ET
Table 'Ajax' 6-max Seat #5 is the button
Seat 3: FinDeSiecle ($53.25 in chips)
Seat 5: RaisemyNut$ ($113.54 in chips)
RaisemyNut$: posts small blind $1
FinDeSiecle: posts big blind $3
*** HOLE CARDS ***
RaisemyNut$: folds
Uncalled bet ($2) returned to FinDeSiecle
FinDeSiecle collected $2 from pot
FinDeSiecle: doesn't show hand
*** SUMMARY ***
Total pot $2 | Rake $0
Seat 3: FinDeSiecle (big blind) collected ($2)
Seat 5: RaisemyNut$ (button) (small blind) folded before Flop


PokerStars Hand #157661817038:  Hold'em Limit ($3/$6 USD) - 2016/08/23 20:23:40 ET
Table 'Ajax' 6-max Seat #3 is the button
Seat 3: FinDeSiecle ($62.25 in chips)
Seat 5: RaisemyNut$ ($104.90 in chips)
FinDeSiecle: posts small blind $1
RaisemyNut$: posts big blind $3
*** HOLE CARDS ***
alpha2777 joins the table at seat #6
alpha2777 leaves the table
FinDeSiecle: raises $3 to $6
RaisemyNut$: calls $3
*** FLOP *** [Ac 4h 2d]
RaisemyNut$: checks
FinDeSiecle: bets $3
RaisemyNut$: calls $3
*** TURN *** [Ac 4h 2d] [8h]
RaisemyNut$: checks
FinDeSiecle: checks
*** RIVER *** [Ac 4h 2d 8h] [2s]
RaisemyNut$: bets $6
FinDeSiecle: folds
Uncalled bet ($6) returned to RaisemyNut$
RaisemyNut$ collected $17.64 from pot
RaisemyNut$: doesn't show hand
*** SUMMARY ***
Total pot $18 | Rake $0.36
Board [Ac 4h 2d 8h 2s]
Seat 3: FinDeSiecle (button) (small blind) folded on the River
Seat 5: RaisemyNut$ (big blind) collected ($17.64)


PokerStars Hand #157661847911:  Hold'em Limit ($3/$6 USD) - 2016/08/23 20:24:49 ET
Table 'Ajax' 6-max Seat #5 is the button
Seat 3: FinDeSiecle ($74.75 in chips)
Seat 5: RaisemyNut$ ($91.54 in chips)
RaisemyNut$: posts small blind $1
FinDeSiecle: posts big blind $3
*** HOLE CARDS ***
RaisemyNut$: folds
Uncalled bet ($2) returned to FinDeSiecle
FinDeSiecle collected $2 from pot
FinDeSiecle: doesn't show hand
*** SUMMARY ***
Total pot $2 | Rake $0
Seat 3: FinDeSiecle (big blind) collected ($2)
Seat 5: RaisemyNut$ (button) (small blind) folded before Flop


PokerStars Hand #157661834743:  Hold'em Limit ($3/$6 USD) - 2016/08/23 20:24:20 ET
Table 'Ajax' 6-max Seat #3 is the button
Seat 3: FinDeSiecle ($54.25 in chips)
Seat 5: RaisemyNut$ ($112.54 in chips)
FinDeSiecle: posts small blind $1
RaisemyNut$: posts big blind $3
*** HOLE CARDS ***
FinDeSiecle: raises $3 to $6
RaisemyNut$: calls $3
*** FLOP *** [Th 3d Jh]
RaisemyNut$: checks
FinDeSiecle: bets $3
RaisemyNut$: calls $3
*** TURN *** [Th 3d Jh] [Qc]
RaisemyNut$: checks
FinDeSiecle: bets $6
RaisemyNut$: calls $6
*** RIVER *** [Th 3d Jh Qc] [2d]
RaisemyNut$: checks
FinDeSiecle: bets $6
RaisemyNut$: calls $6
*** SHOW DOWN ***
FinDeSiecle: shows [9h Qh] (a pair of Queens)
RaisemyNut$: mucks hand
FinDeSiecle collected $41.50 from pot
*** SUMMARY ***
Total pot $42 | Rake $0.50
Board [Th 3d Jh Qc 2d]
Seat 3: FinDeSiecle (button) (small blind) showed [9h Qh] and won ($41.50) with a pair of Queens
Seat 5: RaisemyNut$ (big blind) mucked


PokerStars Hand #157661861944:  Hold'em Limit ($3/$6 USD) - 2016/08/23 20:25:21 ET
Table 'Ajax' 6-max Seat #3 is the button
Seat 3: FinDeSiecle ($60.75 in chips)
Seat 5: RaisemyNut$ ($104.94 in chips)
FinDeSiecle: posts small blind $1
RaisemyNut$: posts big blind $3
*** HOLE CARDS ***
FinDeSiecle: folds
Uncalled bet ($2) returned to RaisemyNut$
RaisemyNut$ collected $2 from pot
RaisemyNut$: doesn't show hand
*** SUMMARY ***
Total pot $2 | Rake $0
Seat 3: FinDeSiecle (button) (small blind) folded before Flop
Seat 5: RaisemyNut$ (big blind) collected ($2)


PokerStars Hand #157661856561:  Hold'em Limit ($3/$6 USD) - 2016/08/23 20:25:09 ET
Table 'Ajax' 6-max Seat #5 is the button
Seat 3: FinDeSiecle ($66.75 in chips)
Seat 5: RaisemyNut$ ($99.18 in chips)
RaisemyNut$: posts small blind $1
FinDeSiecle: posts big blind $3
*** HOLE CARDS ***
RaisemyNut$: raises $3 to $6
FinDeSiecle: calls $3
*** FLOP *** [5h Qh 9h]
FinDeSiecle: checks
RaisemyNut$: bets $3
FinDeSiecle: folds
Uncalled bet ($3) returned to RaisemyNut$
RaisemyNut$ collected $11.76 from pot
RaisemyNut$: doesn't show hand
*** SUMMARY ***
Total pot $12 | Rake $0.24
Board [5h Qh 9h]
Seat 3: FinDeSiecle (big blind) folded on the Flop
Seat 5: RaisemyNut$ (button) (small blind) collected ($11.76)


PokerStars Hand #157661864181:  Hold'em Limit ($3/$6 USD) - 2016/08/23 20:25:26 ET
Table 'Ajax' 6-max Seat #5 is the button
Seat 3: FinDeSiecle ($59.75 in chips)
Seat 5: RaisemyNut$ ($105.94 in chips)
RaisemyNut$: posts small blind $1
FinDeSiecle: posts big blind $3
*** HOLE CARDS ***
RaisemyNut$: raises $3 to $6
FinDeSiecle: folds
Uncalled bet ($3) returned to RaisemyNut$
RaisemyNut$ collected $6 from pot
RaisemyNut$: doesn't show hand
*** SUMMARY ***
Total pot $6 | Rake $0
Seat 3: FinDeSiecle (big blind) folded before Flop
Seat 5: RaisemyNut$ (button) (small blind) collected ($6)


PokerStars Hand #157661850001:  Hold'em Limit ($3/$6 USD) - 2016/08/23 20:24:54 ET
Table 'Ajax' 6-max Seat #3 is the button
Seat 3: FinDeSiecle ($75.75 in chips)
Seat 5: RaisemyNut$ ($90.54 in chips)
FinDeSiecle: posts small blind $1
RaisemyNut$: posts big blind $3
*** HOLE CARDS ***
FinDeSiecle: raises $3 to $6
RaisemyNut$: calls $3
*** FLOP *** [7c 7d Kc]
RaisemyNut$: checks
FinDeSiecle: bets $3
RaisemyNut$: raises $3 to $6
FinDeSiecle: folds
Uncalled bet ($3) returned to RaisemyNut$
RaisemyNut$ collected $17.64 from pot
RaisemyNut$: doesn't show hand
*** SUMMARY ***
Total pot $18 | Rake $0.36
Board [7c 7d Kc]
Seat 3: FinDeSiecle (button) (small blind) folded on the Flop
Seat 5: RaisemyNut$ (big blind) collected ($17.64)


PokerStars Hand #157661868636:  Hold'em Limit ($3/$6 USD) - 2016/08/23 20:25:35 ET
Table 'Ajax' 6-max Seat #3 is the button
Seat 3: FinDeSiecle ($56.75 in chips)
Seat 5: RaisemyNut$ ($108.94 in chips)
FinDeSiecle: posts small blind $1
RaisemyNut$: posts big blind $3
*** HOLE CARDS ***
FinDeSiecle: raises $3 to $6
RaisemyNut$: folds
Uncalled bet ($3) returned to FinDeSiecle
FinDeSiecle collected $6 from pot
FinDeSiecle: doesn't show hand
*** SUMMARY ***
Total pot $6 | Rake $0
Seat 3: FinDeSiecle (button) (small blind) collected ($6)
Seat 5: RaisemyNut$ (big blind) folded before Flop


PokerStars Hand #157661886084:  Hold'em Limit ($3/$6 USD) - 2016/08/23 20:26:15 ET
Table 'Ajax' 6-max Seat #5 is the button
Seat 3: FinDeSiecle ($67.39 in chips)
Seat 5: RaisemyNut$ ($97.94 in chips)
RaisemyNut$: posts small blind $1
FinDeSiecle: posts big blind $3
*** HOLE CARDS ***
RaisemyNut$: raises $3 to $6
FinDeSiecle: folds
Uncalled bet ($3) returned to RaisemyNut$
RaisemyNut$ collected $6 from pot
RaisemyNut$: doesn't show hand
*** SUMMARY ***
Total pot $6 | Rake $0
Seat 3: FinDeSiecle (big blind) folded before Flop
Seat 5: RaisemyNut$ (button) (small blind) collected ($6)


PokerStars Hand #157661883642:  Hold'em Limit ($3/$6 USD) - 2016/08/23 20:26:09 ET
Table 'Ajax' 6-max Seat #3 is the button
Seat 3: FinDeSiecle ($68.39 in chips)
Seat 5: RaisemyNut$ ($96.94 in chips)
FinDeSiecle: posts small blind $1
I M GOIN OFF leaves the table
RaisemyNut$: posts big blind $3
*** HOLE CARDS ***
FinDeSiecle: folds
Uncalled bet ($2) returned to RaisemyNut$
RaisemyNut$ collected $2 from pot
RaisemyNut$: doesn't show hand
*** SUMMARY ***
Total pot $2 | Rake $0
Seat 3: FinDeSiecle (button) (small blind) folded before Flop
Seat 5: RaisemyNut$ (big blind) collected ($2)


PokerStars Hand #157661881746:  Hold'em Limit ($3/$6 USD) - 2016/08/23 20:26:05 ET
Table 'Ajax' 6-max Seat #5 is the button
Seat 3: FinDeSiecle ($67.39 in chips)
Seat 5: RaisemyNut$ ($97.94 in chips)
RaisemyNut$: posts small blind $1
FinDeSiecle: posts big blind $3
*** HOLE CARDS ***
RaisemyNut$: folds
Uncalled bet ($2) returned to FinDeSiecle
FinDeSiecle collected $2 from pot
FinDeSiecle: doesn't show hand
*** SUMMARY ***
Total pot $2 | Rake $0
Seat 3: FinDeSiecle (big blind) collected ($2)
Seat 5: RaisemyNut$ (button) (small blind) folded before Flop


PokerStars Hand #157661889092:  Hold'em Limit ($3/$6 USD) - 2016/08/23 20:26:21 ET
Table 'Ajax' 6-max Seat #3 is the button
Seat 3: FinDeSiecle ($64.39 in chips)
Seat 5: RaisemyNut$ ($100.94 in chips)
FinDeSiecle: posts small blind $1
RaisemyNut$: posts big blind $3
*** HOLE CARDS ***
FinDeSiecle: raises $3 to $6
RaisemyNut$: calls $3
*** FLOP *** [Tc 2d 6d]
RaisemyNut$: checks
FinDeSiecle: bets $3
RaisemyNut$: calls $3
*** TURN *** [Tc 2d 6d] [3s]
RaisemyNut$: checks
FinDeSiecle: bets $6
RaisemyNut$: raises $6 to $12
FinDeSiecle: calls $6
*** RIVER *** [Tc 2d 6d 3s] [Jd]
RaisemyNut$: bets $6
FinDeSiecle: calls $6
*** SHOW DOWN ***
RaisemyNut$: shows [5h 4d] (a straight, Deuce to Six)
FinDeSiecle: mucks hand
RaisemyNut$ collected $53.50 from pot
*** SUMMARY ***
Total pot $54 | Rake $0.50
Board [Tc 2d 6d 3s Jd]
Seat 3: FinDeSiecle (button) (small blind) mucked
Seat 5: RaisemyNut$ (big blind) showed [5h 4d] and won ($53.50) with a straight, Deuce to Six


PokerStars Hand #157661878943:  Hold'em Limit ($3/$6 USD) - 2016/08/23 20:25:59 ET
Table 'Ajax' 6-max Seat #3 is the button
Seat 3: FinDeSiecle ($68.39 in chips)
Seat 5: RaisemyNut$ ($96.94 in chips)
FinDeSiecle: posts small blind $1
RaisemyNut$: posts big blind $3
*** HOLE CARDS ***
FinDeSiecle: folds
Uncalled bet ($2) returned to RaisemyNut$
RaisemyNut$ collected $2 from pot
RaisemyNut$: doesn't show hand
*** SUMMARY ***
Total pot $2 | Rake $0
Seat 3: FinDeSiecle (button) (small blind) folded before Flop
Seat 5: RaisemyNut$ (big blind) collected ($2)


PokerStars Hand #157661871447:  Hold'em Limit ($3/$6 USD) - 2016/08/23 20:25:42 ET
Table 'Ajax' 6-max Seat #5 is the button
Seat 3: FinDeSiecle ($59.75 in chips)
Seat 5: RaisemyNut$ ($105.94 in chips)
RaisemyNut$: posts small blind $1
FinDeSiecle: posts big blind $3
*** HOLE CARDS ***
RaisemyNut$: raises $3 to $6
FinDeSiecle: calls $3
*** FLOP *** [8s 9c Tc]
FinDeSiecle: checks
RaisemyNut$: bets $3
FinDeSiecle: raises $3 to $6
RaisemyNut$: folds
Uncalled bet ($3) returned to FinDeSiecle
FinDeSiecle collected $17.64 from pot
FinDeSiecle: doesn't show hand
*** SUMMARY ***
Total pot $18 | Rake $0.36
Board [8s 9c Tc]
Seat 3: FinDeSiecle (big blind) collected ($17.64)
Seat 5: RaisemyNut$ (button) (small blind) folded on the Flop


PokerStars Hand #157661926338:  Hold'em Limit ($3/$6 USD) - 2016/08/23 20:27:46 ET
Table 'Ajax' 6-max Seat #3 is the button
Seat 3: FinDeSiecle ($63.39 in chips)
Seat 5: RaisemyNut$ ($160.70 in chips)
FinDeSiecle: posts small blind $1
RaisemyNut$: posts big blind $3
*** HOLE CARDS ***
FinDeSiecle: folds
Uncalled bet ($2) returned to RaisemyNut$
RaisemyNut$ collected $2 from pot
RaisemyNut$: doesn't show hand
*** SUMMARY ***
Total pot $2 | Rake $0
Seat 3: FinDeSiecle (button) (small blind) folded before Flop
Seat 5: RaisemyNut$ (big blind) collected ($2)


PokerStars Hand #157661920467:  Hold'em Limit ($3/$6 USD) - 2016/08/23 20:27:32 ET
Table 'Ajax' 6-max Seat #3 is the button
Seat 3: FinDeSiecle ($70.39 in chips)
Seat 5: RaisemyNut$ ($153.94 in chips)
FinDeSiecle: posts small blind $1
RaisemyNut$: posts big blind $3
*** HOLE CARDS ***
FinDeSiecle: folds
Uncalled bet ($2) returned to RaisemyNut$
RaisemyNut$ collected $2 from pot
RaisemyNut$: doesn't show hand
*** SUMMARY ***
Total pot $2 | Rake $0
Seat 3: FinDeSiecle (button) (small blind) folded before Flop
Seat 5: RaisemyNut$ (big blind) collected ($2)


PokerStars Hand #157661917173:  Hold'em Limit ($3/$6 USD) - 2016/08/23 20:27:25 ET
Table 'Ajax' 6-max Seat #5 is the button
Seat 3: FinDeSiecle ($73.39 in chips)
Seat 5: RaisemyNut$ ($150.94 in chips)
RaisemyNut$: posts small blind $1
FinDeSiecle: posts big blind $3
*** HOLE CARDS ***
RaisemyNut$: raises $3 to $6
FinDeSiecle: folds
Uncalled bet ($3) returned to RaisemyNut$
RaisemyNut$ collected $6 from pot
RaisemyNut$: doesn't show hand
*** SUMMARY ***
Total pot $6 | Rake $0
Seat 3: FinDeSiecle (big blind) folded before Flop
Seat 5: RaisemyNut$ (button) (small blind) collected ($6)


PokerStars Hand #157661905452:  Hold'em Limit ($3/$6 USD) - 2016/08/23 20:26:59 ET
Table 'Ajax' 6-max Seat #3 is the button
Seat 3: FinDeSiecle ($34.39 in chips)
Seat 5: RaisemyNut$ ($130.44 in chips)
FinDeSiecle: posts small blind $1
RaisemyNut$: posts big blind $3
*** HOLE CARDS ***
FinDeSiecle: raises $3 to $6
RaisemyNut$: raises $3 to $9
FinDeSiecle: raises $3 to $12
Betting is capped
RaisemyNut$: calls $3
*** FLOP *** [6d Jd Jh]
RaisemyNut$: checks
FinDeSiecle: bets $3
RaisemyNut$: calls $3
*** TURN *** [6d Jd Jh] [2h]
RaisemyNut$: checks
FinDeSiecle: checks
*** RIVER *** [6d Jd Jh 2h] [4c]
RaisemyNut$: bets $6
FinDeSiecle: calls $6
*** SHOW DOWN ***
RaisemyNut$: shows [7c 7h] (two pair, Jacks and Sevens)
FinDeSiecle: mucks hand
RaisemyNut$ collected $41.50 from pot
*** SUMMARY ***
Total pot $42 | Rake $0.50
Board [6d Jd Jh 2h 4c]
Seat 3: FinDeSiecle (button) (small blind) mucked
Seat 5: RaisemyNut$ (big blind) showed [7c 7h] and won ($41.50) with two pair, Jacks and Sevens


PokerStars Hand #157661902229:  Hold'em Limit ($3/$6 USD) - 2016/08/23 20:26:51 ET
Table 'Ajax' 6-max Seat #5 is the button
Seat 3: FinDeSiecle ($37.39 in chips)
Seat 5: RaisemyNut$ ($127.44 in chips)
RaisemyNut$: posts small blind $1
FinDeSiecle: posts big blind $3
*** HOLE CARDS ***
RaisemyNut$: raises $3 to $6
FinDeSiecle: folds
Uncalled bet ($3) returned to RaisemyNut$
RaisemyNut$ collected $6 from pot
RaisemyNut$: doesn't show hand
*** SUMMARY ***
Total pot $6 | Rake $0
Seat 3: FinDeSiecle (big blind) folded before Flop
Seat 5: RaisemyNut$ (button) (small blind) collected ($6)


PokerStars Hand #157661946864:  Hold'em Limit ($3/$6 USD) - 2016/08/23 20:28:32 ET
Table 'Ajax' 6-max Seat #5 is the button
Seat 3: FinDeSiecle ($58.15 in chips)
Seat 5: RaisemyNut$ ($165.46 in chips)
RaisemyNut$: posts small blind $1
FinDeSiecle: posts big blind $3
*** HOLE CARDS ***
RaisemyNut$: folds
Uncalled bet ($2) returned to FinDeSiecle
FinDeSiecle collected $2 from pot
FinDeSiecle: doesn't show hand
*** SUMMARY ***
Total pot $2 | Rake $0
Seat 3: FinDeSiecle (big blind) collected ($2)
Seat 5: RaisemyNut$ (button) (small blind) folded before Flop


PokerStars Hand #157661942800:  Hold'em Limit ($3/$6 USD) - 2016/08/23 20:28:23 ET
Table 'Ajax' 6-max Seat #3 is the button
Seat 3: FinDeSiecle ($59.15 in chips)
Seat 5: RaisemyNut$ ($164.46 in chips)
FinDeSiecle: posts small blind $1
RaisemyNut$: posts big blind $3
*** HOLE CARDS ***
FinDeSiecle: folds
Uncalled bet ($2) returned to RaisemyNut$
RaisemyNut$ collected $2 from pot
RaisemyNut$: doesn't show hand
*** SUMMARY ***
Total pot $2 | Rake $0
Seat 3: FinDeSiecle (button) (small blind) folded before Flop
Seat 5: RaisemyNut$ (big blind) collected ($2)


PokerStars Hand #157661939510:  Hold'em Limit ($3/$6 USD) - 2016/08/23 20:28:15 ET
Table 'Ajax' 6-max Seat #5 is the button
Seat 3: FinDeSiecle ($62.15 in chips)
Seat 5: RaisemyNut$ ($161.46 in chips)
RaisemyNut$: posts small blind $1
FinDeSiecle: posts big blind $3
*** HOLE CARDS ***
RaisemyNut$: raises $3 to $6
FinDeSiecle: folds
Uncalled bet ($3) returned to RaisemyNut$
RaisemyNut$ collected $6 from pot
RaisemyNut$: doesn't show hand
*** SUMMARY ***
Total pot $6 | Rake $0
Seat 3: FinDeSiecle (big blind) folded before Flop
Seat 5: RaisemyNut$ (button) (small blind) collected ($6)


PokerStars Hand #157661933730:  Hold'em Limit ($3/$6 USD) - 2016/08/23 20:28:02 ET
Table 'Ajax' 6-max Seat #3 is the button
Seat 3: FinDeSiecle ($56.39 in chips)
Seat 5: RaisemyNut$ ($167.46 in chips)
FinDeSiecle: posts small blind $1
RaisemyNut$: posts big blind $3
*** HOLE CARDS ***
FinDeSiecle: raises $3 to $6
RaisemyNut$: calls $3
*** FLOP *** [8s 3d Ts]
RaisemyNut$: checks
FinDeSiecle: bets $3
RaisemyNut$: folds
Uncalled bet ($3) returned to FinDeSiecle
FinDeSiecle collected $11.76 from pot
FinDeSiecle: doesn't show hand
*** SUMMARY ***
Total pot $12 | Rake $0.24
Board [8s 3d Ts]
Seat 3: FinDeSiecle (button) (small blind) collected ($11.76)
Seat 5: RaisemyNut$ (big blind) folded on the Flop


PokerStars Hand #157661928771:  Hold'em Limit ($3/$6 USD) - 2016/08/23 20:27:51 ET
Table 'Ajax' 6-max Seat #5 is the button
Seat 3: FinDeSiecle ($62.39 in chips)
Seat 5: RaisemyNut$ ($161.70 in chips)
RaisemyNut$: posts small blind $1
FinDeSiecle: posts big blind $3
*** HOLE CARDS ***
RaisemyNut$: raises $3 to $6
FinDeSiecle: calls $3
*** FLOP *** [Ah 3h 6c]
FinDeSiecle: checks
RaisemyNut$: bets $3
FinDeSiecle: folds
Uncalled bet ($3) returned to RaisemyNut$
RaisemyNut$ collected $11.76 from pot
RaisemyNut$: doesn't show hand
*** SUMMARY ***
Total pot $12 | Rake $0.24
Board [Ah 3h 6c]
Seat 3: FinDeSiecle (big blind) folded on the Flop
Seat 5: RaisemyNut$ (button) (small blind) collected ($11.76)


PokerStars Hand #157661967854:  Hold'em Limit ($3/$6 USD) - 2016/08/23 20:29:19 ET
Table 'Ajax' 6-max Seat #5 is the button
Seat 3: FinDeSiecle ($47.15 in chips)
Seat 5: RaisemyNut$ ($175.98 in chips)
RaisemyNut$: posts small blind $1
FinDeSiecle: posts big blind $3
*** HOLE CARDS ***
RaisemyNut$: raises $3 to $6
FinDeSiecle: calls $3
*** FLOP *** [7s Jd 4h]
FinDeSiecle: checks
RaisemyNut$: bets $3
FinDeSiecle: folds
Uncalled bet ($3) returned to RaisemyNut$
RaisemyNut$ collected $11.76 from pot
RaisemyNut$: doesn't show hand
*** SUMMARY ***
Total pot $12 | Rake $0.24
Board [7s Jd 4h]
Seat 3: FinDeSiecle (big blind) folded on the Flop
Seat 5: RaisemyNut$ (button) (small blind) collected ($11.76)


PokerStars Hand #157661965815:  Hold'em Limit ($3/$6 USD) - 2016/08/23 20:29:15 ET
Table 'Ajax' 6-max Seat #3 is the button
Seat 3: FinDeSiecle ($48.15 in chips)
Seat 5: RaisemyNut$ ($174.98 in chips)
FinDeSiecle: posts small blind $1
RaisemyNut$: posts big blind $3
*** HOLE CARDS ***
FinDeSiecle: folds
Uncalled bet ($2) returned to RaisemyNut$
RaisemyNut$ collected $2 from pot
RaisemyNut$: doesn't show hand
*** SUMMARY ***
Total pot $2 | Rake $0
Seat 3: FinDeSiecle (button) (small blind) folded before Flop
Seat 5: RaisemyNut$ (big blind) collected ($2)


PokerStars Hand #157661963945:  Hold'em Limit ($3/$6 USD) - 2016/08/23 20:29:10 ET
Table 'Ajax' 6-max Seat #5 is the button
Seat 3: FinDeSiecle ($47.15 in chips)
Seat 5: RaisemyNut$ ($175.98 in chips)
RaisemyNut$: posts small blind $1
FinDeSiecle: posts big blind $3
*** HOLE CARDS ***
RaisemyNut$: folds
Uncalled bet ($2) returned to FinDeSiecle
FinDeSiecle collected $2 from pot
FinDeSiecle: doesn't show hand
*** SUMMARY ***
Total pot $2 | Rake $0
Seat 3: FinDeSiecle (big blind) collected ($2)
Seat 5: RaisemyNut$ (button) (small blind) folded before Flop


PokerStars Hand #157661949597:  Hold'em Limit ($3/$6 USD) - 2016/08/23 20:28:38 ET
Table 'Ajax' 6-max Seat #3 is the button
Seat 3: FinDeSiecle ($59.15 in chips)
Seat 5: RaisemyNut$ ($164.46 in chips)
FinDeSiecle: posts small blind $1
RaisemyNut$: posts big blind $3
*** HOLE CARDS ***
FinDeSiecle: raises $3 to $6
RaisemyNut$: raises $3 to $9
FinDeSiecle: calls $3
*** FLOP *** [9s Qd Qh]
RaisemyNut$: bets $3
FinDeSiecle: calls $3
*** TURN *** [9s Qd Qh] [6h]
RaisemyNut$: bets $6
FinDeSiecle: folds
Uncalled bet ($6) returned to RaisemyNut$
RaisemyNut$ collected $23.52 from pot
RaisemyNut$: doesn't show hand
*** SUMMARY ***
Total pot $24 | Rake $0.48
Board [9s Qd Qh 6h]
Seat 3: FinDeSiecle (button) (small blind) folded on the Turn
Seat 5: RaisemyNut$ (big blind) collected ($23.52)


PokerStars Hand #157662000953:  Hold'em Limit ($3/$6 USD) - 2016/08/23 20:30:34 ET
Table 'Ajax' 6-max Seat #5 is the button
Seat 3: FinDeSiecle ($24.79 in chips)
Seat 5: RaisemyNut$ ($197.24 in chips)
RaisemyNut$: posts small blind $1
FinDeSiecle: posts big blind $3
*** HOLE CARDS ***
RaisemyNut$: raises $3 to $6
FinDeSiecle: raises $3 to $9
RaisemyNut$: calls $3
*** FLOP *** [5c 9s Ts]
FinDeSiecle: bets $3
RaisemyNut$: calls $3
*** TURN *** [5c 9s Ts] [6d]
FinDeSiecle: bets $6
RaisemyNut$: calls $6
*** RIVER *** [5c 9s Ts 6d] [4d]
FinDeSiecle: bets $6
RaisemyNut$: calls $6
*** SHOW DOWN ***
FinDeSiecle: shows [Qd Ad] (high card Ace)
RaisemyNut$: shows [5d 7h] (a pair of Fives)
RaisemyNut$ collected $47.50 from pot
*** SUMMARY ***
Total pot $48 | Rake $0.50
Board [5c 9s Ts 6d 4d]
Seat 3: FinDeSiecle (big blind) showed [Qd Ad] and lost with high card Ace
Seat 5: RaisemyNut$ (button) (small blind) showed [5d 7h] and won ($47.50) with a pair of Fives


PokerStars Hand #157661998380:  Hold'em Limit ($3/$6 USD) - 2016/08/23 20:30:28 ET
Table 'Ajax' 6-max Seat #3 is the button
Seat 3: FinDeSiecle ($25.79 in chips)
Seat 5: RaisemyNut$ ($196.24 in chips)
FinDeSiecle: posts small blind $1
RaisemyNut$: posts big blind $3
*** HOLE CARDS ***
FinDeSiecle: folds
Uncalled bet ($2) returned to RaisemyNut$
RaisemyNut$ collected $2 from pot
RaisemyNut$: doesn't show hand
*** SUMMARY ***
Total pot $2 | Rake $0
Seat 3: FinDeSiecle (button) (small blind) folded before Flop
Seat 5: RaisemyNut$ (big blind) collected ($2)


PokerStars Hand #157661985539:  Hold'em Limit ($3/$6 USD) - 2016/08/23 20:29:59 ET
Table 'Ajax' 6-max Seat #5 is the button
Seat 3: FinDeSiecle ($17.15 in chips)
Seat 5: RaisemyNut$ ($205.24 in chips)
RaisemyNut$: posts small blind $1
FinDeSiecle: posts big blind $3
*** HOLE CARDS ***
RaisemyNut$: raises $3 to $6
FinDeSiecle: raises $3 to $9
RaisemyNut$: calls $3
*** FLOP *** [5d 5s Td]
FinDeSiecle: bets $3
RaisemyNut$: folds
Uncalled bet ($3) returned to FinDeSiecle
FinDeSiecle collected $17.64 from pot
FinDeSiecle: doesn't show hand
*** SUMMARY ***
Total pot $18 | Rake $0.36
Board [5d 5s Td]
Seat 3: FinDeSiecle (big blind) collected ($17.64)
Seat 5: RaisemyNut$ (button) (small blind) folded on the Flop


PokerStars Hand #157661974757:  Hold'em Limit ($3/$6 USD) - 2016/08/23 20:29:35 ET
Table 'Ajax' 6-max Seat #3 is the button
Seat 3: FinDeSiecle ($41.15 in chips)
Seat 5: RaisemyNut$ ($181.74 in chips)
FinDeSiecle: posts small blind $1
RaisemyNut$: posts big blind $3
*** HOLE CARDS ***
FinDeSiecle: raises $3 to $6
RaisemyNut$: raises $3 to $9
FinDeSiecle: calls $3
*** FLOP *** [Jd Ad 2s]
RaisemyNut$: bets $3
FinDeSiecle: calls $3
*** TURN *** [Jd Ad 2s] [5h]
RaisemyNut$: bets $6
FinDeSiecle: calls $6
*** RIVER *** [Jd Ad 2s 5h] [Qd]
RaisemyNut$: bets $6
FinDeSiecle: calls $6
*** SHOW DOWN ***
RaisemyNut$: shows [Qc Jc] (two pair, Queens and Jacks)
FinDeSiecle: mucks hand
RaisemyNut$ collected $47.50 from pot
*** SUMMARY ***
Total pot $48 | Rake $0.50
Board [Jd Ad 2s 5h Qd]
Seat 3: FinDeSiecle (button) (small blind) mucked
Seat 5: RaisemyNut$ (big blind) showed [Qc Jc] and won ($47.50) with two pair, Queens and Jacks


