PokerStars Hand #162068127198:  Hold'em Limit ($3/$6 USD) - 2016/11/27 19:36:45 ET
Table 'Ajax' 10-max Seat #3 is the button
Seat 3: Actionni13 ($238.49 in chips)
Seat 5: Pandakey ($207.25 in chips)
Actionni13: posts small blind $1
Pandakey: posts big blind $3
*** HOLE CARDS ***
kachon66 leaves the table
Actionni13: folds
Uncalled bet ($2) returned to Pandakey
Pandakey collected $2 from pot
Pandakey: doesn't show hand
*** SUMMARY ***
Total pot $2 | Rake $0
Seat 3: Actionni13 (button) (small blind) folded before Flop
Seat 5: Pandakey (big blind) collected ($2)


PokerStars Hand #162068123891:  Hold'em Limit ($3/$6 USD) - 2016/11/27 19:36:39 ET
Table 'Ajax' 10-max Seat #5 is the button
Seat 3: Actionni13 ($237.49 in chips)
Seat 5: Pandakey ($208.25 in chips)
Pandakey: posts small blind $1
Actionni13: posts big blind $3
*** HOLE CARDS ***
Pandakey: folds
Uncalled bet ($2) returned to Actionni13
Actionni13 collected $2 from pot
Actionni13: doesn't show hand
*** SUMMARY ***
Total pot $2 | Rake $0
Seat 3: Actionni13 (big blind) collected ($2)
Seat 5: Pandakey (button) (small blind) folded before Flop


