PokerStars Hand #144635151813:  Hold'em Limit ($3/$6 USD) - 2015/11/30 18:11:57 ET
Table 'Akiyama' 2-max Seat #2 is the button
Seat 1: elifnur2008 ($83.43 in chips)
Seat 2: nutflush775 ($40.65 in chips)
nutflush775: posts small blind $1
elifnur2008: posts big blind $3
*** HOLE CARDS ***
nutflush775: raises $3 to $6
elifnur2008: calls $3
*** FLOP *** [3s Qs 4s]
elifnur2008: checks
nutflush775: bets $3
elifnur2008: calls $3
*** TURN *** [3s Qs 4s] [Ts]
elifnur2008: checks
nutflush775: bets $6
elifnur2008: folds
Uncalled bet ($6) returned to nutflush775
nutflush775 collected $17.64 from pot
nutflush775: doesn't show hand
*** SUMMARY ***
Total pot $18 | Rake $0.36
Board [3s Qs 4s Ts]
Seat 1: elifnur2008 (big blind) folded on the Turn
Seat 2: nutflush775 (button) (small blind) collected ($17.64)


PokerStars Hand #144635176027:  Hold'em Limit ($3/$6 USD) - 2015/11/30 18:12:27 ET
Table 'Akiyama' 2-max Seat #2 is the button
Seat 1: elifnur2008 ($77.43 in chips)
Seat 2: nutflush775 ($46.29 in chips)
nutflush775: posts small blind $1
elifnur2008: posts big blind $3
*** HOLE CARDS ***
nutflush775: raises $3 to $6
elifnur2008: calls $3
*** FLOP *** [5c 6c Kc]
elifnur2008: checks
nutflush775: bets $3
elifnur2008: calls $3
*** TURN *** [5c 6c Kc] [8s]
elifnur2008: checks
nutflush775: bets $6
elifnur2008: raises $6 to $12
nutflush775: folds
Uncalled bet ($6) returned to elifnur2008
elifnur2008 collected $29.50 from pot
elifnur2008: doesn't show hand
*** SUMMARY ***
Total pot $30 | Rake $0.50
Board [5c 6c Kc 8s]
Seat 1: elifnur2008 (big blind) collected ($29.50)
Seat 2: nutflush775 (button) (small blind) folded on the Turn


PokerStars Hand #144635199336:  Hold'em Limit ($3/$6 USD) - 2015/11/30 18:12:55 ET
Table 'Akiyama' 2-max Seat #1 is the button
Seat 1: elifnur2008 ($91.93 in chips)
Seat 2: nutflush775 ($31.29 in chips)
elifnur2008: posts small blind $1
nutflush775: posts big blind $3
*** HOLE CARDS ***
elifnur2008: raises $3 to $6
nutflush775: folds
Uncalled bet ($3) returned to elifnur2008
elifnur2008 collected $6 from pot
elifnur2008: doesn't show hand
*** SUMMARY ***
Total pot $6 | Rake $0
Seat 1: elifnur2008 (button) (small blind) collected ($6)
Seat 2: nutflush775 (big blind) folded before Flop


PokerStars Hand #144635204275:  Hold'em Limit ($3/$6 USD) - 2015/11/30 18:13:01 ET
Table 'Akiyama' 2-max Seat #2 is the button
Seat 1: elifnur2008 ($94.93 in chips)
Seat 2: nutflush775 ($28.29 in chips)
nutflush775: posts small blind $1
elifnur2008: posts big blind $3
*** HOLE CARDS ***
nutflush775: folds
Uncalled bet ($2) returned to elifnur2008
elifnur2008 collected $2 from pot
elifnur2008: doesn't show hand
*** SUMMARY ***
Total pot $2 | Rake $0
Seat 1: elifnur2008 (big blind) collected ($2)
Seat 2: nutflush775 (button) (small blind) folded before Flop


PokerStars Hand #144635168877:  Hold'em Limit ($3/$6 USD) - 2015/11/30 18:12:18 ET
Table 'Akiyama' 2-max Seat #1 is the button
Seat 1: elifnur2008 ($74.43 in chips)
Seat 2: nutflush775 ($49.29 in chips)
elifnur2008: posts small blind $1
nutflush775: posts big blind $3
*** HOLE CARDS ***
elifnur2008: raises $3 to $6
nutflush775: folds
Uncalled bet ($3) returned to elifnur2008
elifnur2008 collected $6 from pot
elifnur2008: doesn't show hand
*** SUMMARY ***
Total pot $6 | Rake $0
Seat 1: elifnur2008 (button) (small blind) collected ($6)
Seat 2: nutflush775 (big blind) folded before Flop


PokerStars Hand #144635235001:  Hold'em Limit ($3/$6 USD) - 2015/11/30 18:13:38 ET
Table 'Akiyama' 2-max Seat #1 is the button
Seat 1: elifnur2008 ($85.93 in chips)
Seat 2: nutflush775 ($36.93 in chips)
elifnur2008: posts small blind $1
nutflush775: posts big blind $3
*** HOLE CARDS ***
elifnur2008: folds
Uncalled bet ($2) returned to nutflush775
nutflush775 collected $2 from pot
nutflush775: doesn't show hand
*** SUMMARY ***
Total pot $2 | Rake $0
Seat 1: elifnur2008 (button) (small blind) folded before Flop
Seat 2: nutflush775 (big blind) collected ($2)


PokerStars Hand #144635221780:  Hold'em Limit ($3/$6 USD) - 2015/11/30 18:13:22 ET
Table 'Akiyama' 2-max Seat #2 is the button
Seat 1: elifnur2008 ($94.93 in chips)
Seat 2: nutflush775 ($28.29 in chips)
nutflush775: posts small blind $1
elifnur2008: posts big blind $3
*** HOLE CARDS ***
nutflush775: raises $3 to $6
elifnur2008: calls $3
*** FLOP *** [4c Tc 3s]
elifnur2008: checks
nutflush775: bets $3
elifnur2008: calls $3
*** TURN *** [4c Tc 3s] [2c]
elifnur2008: checks
nutflush775: bets $6
elifnur2008: folds
Uncalled bet ($6) returned to nutflush775
nutflush775 collected $17.64 from pot
nutflush775: doesn't show hand
*** SUMMARY ***
Total pot $18 | Rake $0.36
Board [4c Tc 3s 2c]
Seat 1: elifnur2008 (big blind) folded on the Turn
Seat 2: nutflush775 (button) (small blind) collected ($17.64)


PokerStars Hand #144635216587:  Hold'em Limit ($3/$6 USD) - 2015/11/30 18:13:16 ET
Table 'Akiyama' 2-max Seat #1 is the button
Seat 1: elifnur2008 ($95.93 in chips)
Seat 2: nutflush775 ($27.29 in chips)
elifnur2008: posts small blind $1
nutflush775: posts big blind $3
*** HOLE CARDS ***
elifnur2008: folds
Uncalled bet ($2) returned to nutflush775
nutflush775 collected $2 from pot
nutflush775: doesn't show hand
*** SUMMARY ***
Total pot $2 | Rake $0
Seat 1: elifnur2008 (button) (small blind) folded before Flop
Seat 2: nutflush775 (big blind) collected ($2)


PokerStars Hand #144635268736:  Hold'em Limit ($3/$6 USD) - 2015/11/30 18:14:19 ET
Table 'Akiyama' 2-max Seat #1 is the button
Seat 1: elifnur2008 ($66.93 in chips)
Seat 2: nutflush775 ($55.43 in chips)
elifnur2008: posts small blind $1
nutflush775: posts big blind $3
*** HOLE CARDS ***
elifnur2008: folds
Uncalled bet ($2) returned to nutflush775
nutflush775 collected $2 from pot
nutflush775: doesn't show hand
*** SUMMARY ***
Total pot $2 | Rake $0
Seat 1: elifnur2008 (button) (small blind) folded before Flop
Seat 2: nutflush775 (big blind) collected ($2)


PokerStars Hand #144635241474:  Hold'em Limit ($3/$6 USD) - 2015/11/30 18:13:46 ET
Table 'Akiyama' 2-max Seat #2 is the button
Seat 1: elifnur2008 ($84.93 in chips)
Seat 2: nutflush775 ($37.93 in chips)
nutflush775: posts small blind $1
elifnur2008: posts big blind $3
*** HOLE CARDS ***
nutflush775: raises $3 to $6
elifnur2008: raises $3 to $9
nutflush775: calls $3
*** FLOP *** [4h 9s 6d]
elifnur2008: checks
nutflush775: bets $3
elifnur2008: calls $3
*** TURN *** [4h 9s 6d] [5s]
elifnur2008: checks
nutflush775: bets $6
elifnur2008: calls $6
*** RIVER *** [4h 9s 6d 5s] [7d]
elifnur2008: checks
nutflush775: bets $6
elifnur2008: folds
Uncalled bet ($6) returned to nutflush775
nutflush775 collected $35.50 from pot
nutflush775: doesn't show hand
*** SUMMARY ***
Total pot $36 | Rake $0.50
Board [4h 9s 6d 5s 7d]
Seat 1: elifnur2008 (big blind) folded on the River
Seat 2: nutflush775 (button) (small blind) collected ($35.50)


PokerStars Hand #144635272394:  Hold'em Limit ($3/$6 USD) - 2015/11/30 18:14:24 ET
Table 'Akiyama' 2-max Seat #2 is the button
Seat 1: elifnur2008 ($65.93 in chips)
Seat 2: nutflush775 ($56.43 in chips)
nutflush775: posts small blind $1
elifnur2008: posts big blind $3
*** HOLE CARDS ***
nutflush775: raises $3 to $6
elifnur2008: raises $3 to $9
nutflush775: calls $3
*** FLOP *** [Tc 2s 8s]
elifnur2008: bets $3
nutflush775: calls $3
*** TURN *** [Tc 2s 8s] [5c]
elifnur2008: bets $6
nutflush775: raises $6 to $12
elifnur2008: calls $6
*** RIVER *** [Tc 2s 8s 5c] [6d]
elifnur2008: checks
nutflush775: bets $6
elifnur2008: raises $6 to $12
nutflush775: folds
Uncalled bet ($6) returned to elifnur2008
elifnur2008 collected $59.50 from pot
elifnur2008: doesn't show hand
*** SUMMARY ***
Total pot $60 | Rake $0.50
Board [Tc 2s 8s 5c 6d]
Seat 1: elifnur2008 (big blind) collected ($59.50)
Seat 2: nutflush775 (button) (small blind) folded on the River


PokerStars Hand #144635332216:  Hold'em Limit ($3/$6 USD) - 2015/11/30 18:15:37 ET
Table 'Akiyama' 2-max Seat #1 is the button
Seat 1: elifnur2008 ($95.43 in chips)
Seat 2: nutflush775 ($26.43 in chips)
elifnur2008: posts small blind $1
nutflush775: posts big blind $3
*** HOLE CARDS ***
elifnur2008: raises $3 to $6
nutflush775: calls $3
*** FLOP *** [4h 2h 4c]
nutflush775: checks
elifnur2008: bets $3
nutflush775: calls $3
*** TURN *** [4h 2h 4c] [Ts]
nutflush775: bets $6
elifnur2008: calls $6
*** RIVER *** [4h 2h 4c Ts] [3h]
nutflush775: bets $6
elifnur2008: raises $6 to $12
nutflush775: folds
Uncalled bet ($6) returned to elifnur2008
elifnur2008 collected $41.50 from pot
elifnur2008: doesn't show hand
*** SUMMARY ***
Total pot $42 | Rake $0.50
Board [4h 2h 4c Ts 3h]
Seat 1: elifnur2008 (button) (small blind) collected ($41.50)
Seat 2: nutflush775 (big blind) folded on the River


PokerStars Hand #144635373371:  Hold'em Limit ($3/$6 USD) - 2015/11/30 18:16:28 ET
Table 'Akiyama' 2-max Seat #2 is the button
Seat 1: elifnur2008 ($115.93 in chips)
Seat 2: nutflush775 ($5.43 in chips)
nutflush775: posts small blind $1
elifnur2008: posts big blind $3
*** HOLE CARDS ***
nutflush775: raises $2.43 to $5.43 and is all-in
elifnur2008: calls $2.43
*** FLOP *** [7s 5h 2h]
*** TURN *** [7s 5h 2h] [Ac]
*** RIVER *** [7s 5h 2h Ac] [9h]
*** SHOW DOWN ***
elifnur2008: shows [8h Ts] (high card Ace)
nutflush775: shows [Ks 2d] (a pair of Deuces)
nutflush775 collected $10.64 from pot
*** SUMMARY ***
Total pot $10.86 | Rake $0.22
Board [7s 5h 2h Ac 9h]
Seat 1: elifnur2008 (big blind) showed [8h Ts] and lost with high card Ace
Seat 2: nutflush775 (button) (small blind) showed [Ks 2d] and won ($10.64) with a pair of Deuces


PokerStars Hand #144635387758:  Hold'em Limit ($3/$6 USD) - 2015/11/30 18:16:45 ET
Table 'Akiyama' 2-max Seat #1 is the button
Seat 1: elifnur2008 ($110.50 in chips)
Seat 2: nutflush775 ($10.64 in chips)
elifnur2008: posts small blind $1
nutflush775: posts big blind $3
*** HOLE CARDS ***
elifnur2008: raises $3 to $6
nutflush775: calls $3
*** FLOP *** [Ks 7s Tc]
nutflush775: bets $3
elifnur2008: raises $3 to $6
nutflush775: calls $1.64 and is all-in
Uncalled bet ($1.36) returned to elifnur2008
*** TURN *** [Ks 7s Tc] [4c]
*** RIVER *** [Ks 7s Tc 4c] [Kd]
*** SHOW DOWN ***
nutflush775: shows [8s Td] (two pair, Kings and Tens)
elifnur2008: shows [Qc Kc] (three of a kind, Kings)
elifnur2008 collected $20.85 from pot
*** SUMMARY ***
Total pot $21.28 | Rake $0.43
Board [Ks 7s Tc 4c Kd]
Seat 1: elifnur2008 (button) (small blind) showed [Qc Kc] and won ($20.85) with three of a kind, Kings
Seat 2: nutflush775 (big blind) showed [8s Td] and lost with two pair, Kings and Tens


