PokerStars Hand #156817259878:  Hold'em Limit ($3/$6 USD) - 2016/08/03 13:22:45 ET
Table 'Akiyama' 6-max Seat #4 is the button
Seat 4: Chessnok ($61.49 in chips)
Seat 5: Icecold ($28.59 in chips)
Chessnok: posts small blind $1
Icecold: posts big blind $3
*** HOLE CARDS ***
Chessnok: raises $3 to $6
Icecold: folds
Uncalled bet ($3) returned to Chessnok
Chessnok collected $6 from pot
Chessnok: doesn't show hand
*** SUMMARY ***
Total pot $6 | Rake $0
Seat 4: Chessnok (button) (small blind) collected ($6)
Seat 5: Icecold (big blind) folded before Flop


PokerStars Hand #156817256552:  Hold'em Limit ($3/$6 USD) - 2016/08/03 13:22:40 ET
Table 'Akiyama' 6-max Seat #5 is the button
Seat 4: Chessnok ($60.49 in chips)
Seat 5: Icecold ($29.59 in chips)
Icecold: posts small blind $1
Chessnok: posts big blind $3
*** HOLE CARDS ***
Icecold: folds
Uncalled bet ($2) returned to Chessnok
Chessnok collected $2 from pot
Chessnok: doesn't show hand
*** SUMMARY ***
Total pot $2 | Rake $0
Seat 4: Chessnok (big blind) collected ($2)
Seat 5: Icecold (button) (small blind) folded before Flop


PokerStars Hand #156817252026:  Hold'em Limit ($3/$6 USD) - 2016/08/03 13:22:34 ET
Table 'Akiyama' 6-max Seat #4 is the button
Seat 4: Chessnok ($61.49 in chips)
Seat 5: Icecold ($28.59 in chips)
Chessnok: posts small blind $1
Icecold: posts big blind $3
*** HOLE CARDS ***
Chessnok: folds
Uncalled bet ($2) returned to Icecold
Icecold collected $2 from pot
*** SUMMARY ***
Total pot $2 | Rake $0
Seat 4: Chessnok (button) (small blind) folded before Flop
Seat 5: Icecold (big blind) collected ($2)


PokerStars Hand #156817236368:  Hold'em Limit ($3/$6 USD) - 2016/08/03 13:22:12 ET
Table 'Akiyama' 6-max Seat #5 is the button
Seat 4: Chessnok ($61.61 in chips)
Seat 5: Icecold ($28.71 in chips)
Icecold: posts small blind $1
Chessnok: posts big blind $3
*** HOLE CARDS ***
Icecold: raises $3 to $6
Chessnok: calls $3
*** FLOP *** [6c 7h 7c]
Chessnok: checks
Icecold: checks
*** TURN *** [6c 7h 7c] [6d]
Chessnok: checks
Icecold: checks
*** RIVER *** [6c 7h 7c 6d] [5s]
Chessnok: checks
Icecold: checks
*** SHOW DOWN ***
Chessnok: shows [2s Ks] (two pair, Sevens and Sixes)
Icecold: shows [4s Kh] (two pair, Sevens and Sixes)
Chessnok collected $5.88 from pot
Icecold collected $5.88 from pot
*** SUMMARY ***
Total pot $12 | Rake $0.24
Board [6c 7h 7c 6d 5s]
Seat 4: Chessnok (big blind) showed [2s Ks] and won ($5.88) with two pair, Sevens and Sixes
Seat 5: Icecold (button) (small blind) showed [4s Kh] and won ($5.88) with two pair, Sevens and Sixes


PokerStars Hand #156817231232:  Hold'em Limit ($3/$6 USD) - 2016/08/03 13:22:04 ET
Table 'Akiyama' 6-max Seat #4 is the button
Seat 4: Chessnok ($62.61 in chips)
Seat 5: Icecold ($27.71 in chips)
Chessnok: posts small blind $1
Icecold: posts big blind $3
*** HOLE CARDS ***
Chessnok: folds
Uncalled bet ($2) returned to Icecold
Icecold collected $2 from pot
*** SUMMARY ***
Total pot $2 | Rake $0
Seat 4: Chessnok (button) (small blind) folded before Flop
Seat 5: Icecold (big blind) collected ($2)


PokerStars Hand #156817226571:  Hold'em Limit ($3/$6 USD) - 2016/08/03 13:21:58 ET
Table 'Akiyama' 6-max Seat #5 is the button
Seat 4: Chessnok ($65.61 in chips)
Seat 5: Icecold ($24.71 in chips)
Icecold: posts small blind $1
Ag3r0n: is sitting out
Chessnok: posts big blind $3
*** HOLE CARDS ***
Icecold: raises $3 to $6
Ag3r0n leaves the table
Chessnok: folds
Uncalled bet ($3) returned to Icecold
Icecold collected $6 from pot
*** SUMMARY ***
Total pot $6 | Rake $0
Seat 4: Chessnok (big blind) folded before Flop
Seat 5: Icecold (button) (small blind) collected ($6)


PokerStars Hand #156817296614:  Hold'em Limit ($3/$6 USD) - 2016/08/03 13:23:37 ET
Table 'Akiyama' 6-max Seat #4 is the button
Seat 4: Chessnok ($61 in chips)
Seat 5: Icecold ($44.09 in chips)
Chessnok: posts small blind $1
Icecold: posts big blind $3
*** HOLE CARDS ***
Chessnok: raises $3 to $6
Icecold: calls $3
*** FLOP *** [5h Qc 8h]
Icecold: checks
Chessnok: bets $3
Icecold: folds
Uncalled bet ($3) returned to Chessnok
Icecold leaves the table
Chessnok collected $11.76 from pot
Chessnok: doesn't show hand
*** SUMMARY ***
Total pot $12 | Rake $0.24
Board [5h Qc 8h]
Seat 4: Chessnok (button) (small blind) collected ($11.76)
Seat 5: Icecold (big blind) folded on the Flop


PokerStars Hand #156817293026:  Hold'em Limit ($3/$6 USD) - 2016/08/03 13:23:32 ET
Table 'Akiyama' 6-max Seat #5 is the button
Seat 4: Chessnok ($60 in chips)
Seat 5: Icecold ($45.09 in chips)
Icecold: posts small blind $1
Chessnok: posts big blind $3
*** HOLE CARDS ***
Icecold: folds
Uncalled bet ($2) returned to Chessnok
Chessnok collected $2 from pot
Chessnok: doesn't show hand
*** SUMMARY ***
Total pot $2 | Rake $0
Seat 4: Chessnok (big blind) collected ($2)
Seat 5: Icecold (button) (small blind) folded before Flop


PokerStars Hand #156817289309:  Hold'em Limit ($3/$6 USD) - 2016/08/03 13:23:26 ET
Table 'Akiyama' 6-max Seat #4 is the button
Seat 4: Chessnok ($61 in chips)
Seat 5: Icecold ($44.09 in chips)
Chessnok: posts small blind $1
Icecold: posts big blind $3
*** HOLE CARDS ***
Chessnok: folds
Uncalled bet ($2) returned to Icecold
Icecold collected $2 from pot
*** SUMMARY ***
Total pot $2 | Rake $0
Seat 4: Chessnok (button) (small blind) folded before Flop
Seat 5: Icecold (big blind) collected ($2)


PokerStars Hand #156817286053:  Hold'em Limit ($3/$6 USD) - 2016/08/03 13:23:22 ET
Table 'Akiyama' 6-max Seat #5 is the button
Seat 4: Chessnok ($60 in chips)
Seat 5: Icecold ($45.09 in chips)
Icecold: posts small blind $1
Chessnok: posts big blind $3
*** HOLE CARDS ***
Icecold: folds
Uncalled bet ($2) returned to Chessnok
Chessnok collected $2 from pot
Chessnok: doesn't show hand
*** SUMMARY ***
Total pot $2 | Rake $0
Seat 4: Chessnok (big blind) collected ($2)
Seat 5: Icecold (button) (small blind) folded before Flop


PokerStars Hand #156817283136:  Hold'em Limit ($3/$6 USD) - 2016/08/03 13:23:18 ET
Table 'Akiyama' 6-max Seat #4 is the button
Seat 4: Chessnok ($61 in chips)
Seat 5: Icecold ($44.09 in chips)
Chessnok: posts small blind $1
Icecold: posts big blind $3
*** HOLE CARDS ***
Chessnok: folds
Uncalled bet ($2) returned to Icecold
Icecold collected $2 from pot
*** SUMMARY ***
Total pot $2 | Rake $0
Seat 4: Chessnok (button) (small blind) folded before Flop
Seat 5: Icecold (big blind) collected ($2)


PokerStars Hand #156817279733:  Hold'em Limit ($3/$6 USD) - 2016/08/03 13:23:13 ET
Table 'Akiyama' 6-max Seat #5 is the button
Seat 4: Chessnok ($60 in chips)
Seat 5: Icecold ($45.09 in chips)
Icecold: posts small blind $1
Chessnok: posts big blind $3
*** HOLE CARDS ***
Icecold: folds
Uncalled bet ($2) returned to Chessnok
Chessnok collected $2 from pot
Chessnok: doesn't show hand
*** SUMMARY ***
Total pot $2 | Rake $0
Seat 4: Chessnok (big blind) collected ($2)
Seat 5: Icecold (button) (small blind) folded before Flop


PokerStars Hand #156817268680:  Hold'em Limit ($3/$6 USD) - 2016/08/03 13:22:57 ET
Table 'Akiyama' 6-max Seat #4 is the button
Seat 4: Chessnok ($65.49 in chips)
Seat 5: Icecold ($24.59 in chips)
Chessnok: posts small blind $1
Icecold: posts big blind $3
*** HOLE CARDS ***
Chessnok: raises $3 to $6
Icecold: calls $3
*** FLOP *** [4s Kh 4d]
Icecold: checks
Chessnok: bets $3
Icecold: calls $3
*** TURN *** [4s Kh 4d] [2h]
Icecold: checks
Chessnok: bets $6
Icecold: raises $6 to $12
Chessnok: calls $6
*** RIVER *** [4s Kh 4d 2h] [As]
Icecold: bets $3.59 and is all-in
Chessnok: folds
Uncalled bet ($3.59) returned to Icecold
Icecold collected $41.50 from pot
*** SUMMARY ***
Total pot $42 | Rake $0.50
Board [4s Kh 4d 2h As]
Seat 4: Chessnok (button) (small blind) folded on the River
Seat 5: Icecold (big blind) collected ($41.50)


PokerStars Hand #156817264369:  Hold'em Limit ($3/$6 USD) - 2016/08/03 13:22:51 ET
Table 'Akiyama' 6-max Seat #5 is the button
Seat 4: Chessnok ($64.49 in chips)
Seat 5: Icecold ($25.59 in chips)
Icecold: posts small blind $1
Chessnok: posts big blind $3
*** HOLE CARDS ***
Icecold: folds
Uncalled bet ($2) returned to Chessnok
Chessnok collected $2 from pot
Chessnok: doesn't show hand
*** SUMMARY ***
Total pot $2 | Rake $0
Seat 4: Chessnok (big blind) collected ($2)
Seat 5: Icecold (button) (small blind) folded before Flop


