PokerStars Hand #156674590158:  Hold'em Limit ($3/$6 USD) - 2016/07/31 9:11:41 ET
Table 'Aladfar' 10-max Seat #1 is the button
Seat 1: marco800 ($60 in chips)
Seat 6: Agrotait ($72 in chips)
marco800: posts small blind $1
Agrotait: posts big blind $3
*** HOLE CARDS ***
marco800: folds
Uncalled bet ($2) returned to Agrotait
Agrotait collected $2 from pot
Agrotait: doesn't show hand
*** SUMMARY ***
Total pot $2 | Rake $0
Seat 1: marco800 (button) (small blind) folded before Flop
Seat 6: Agrotait (big blind) collected ($2)


PokerStars Hand #156674601957:  Hold'em Limit ($3/$6 USD) - 2016/07/31 9:12:01 ET
Table 'Aladfar' 10-max Seat #6 is the button
Seat 1: marco800 ($59 in chips)
Seat 6: Agrotait ($73 in chips)
Agrotait: posts small blind $1
marco800: posts big blind $3
*** HOLE CARDS ***
Agrotait: raises $3 to $6
marco800: calls $3
*** FLOP *** [Qs Kc Qc]
marco800: checks
Agrotait: bets $3
marco800: folds
Uncalled bet ($3) returned to Agrotait
Agrotait collected $11.76 from pot
Agrotait: doesn't show hand
*** SUMMARY ***
Total pot $12 | Rake $0.24
Board [Qs Kc Qc]
Seat 1: marco800 (big blind) folded on the Flop
Seat 6: Agrotait (button) (small blind) collected ($11.76)


PokerStars Hand #156674610204:  Hold'em Limit ($3/$6 USD) - 2016/07/31 9:12:15 ET
Table 'Aladfar' 10-max Seat #1 is the button
Seat 1: marco800 ($53 in chips)
Seat 6: Agrotait ($78.76 in chips)
marco800: posts small blind $1
Agrotait: posts big blind $3
*** HOLE CARDS ***
marco800: calls $2
ChipsOrre joins the table at seat #5
Agrotait: raises $3 to $6
marco800: calls $3
*** FLOP *** [6h 7s Td]
Agrotait: bets $3
marco800: raises $3 to $6
Agrotait: raises $3 to $9
marco800: calls $3
*** TURN *** [6h 7s Td] [Qs]
Agrotait: bets $6
marco800: folds
Uncalled bet ($6) returned to Agrotait
Agrotait collected $29.50 from pot
Agrotait: doesn't show hand
*** SUMMARY ***
Total pot $30 | Rake $0.50
Board [6h 7s Td Qs]
Seat 1: marco800 (button) (small blind) folded on the Turn
Seat 6: Agrotait (big blind) collected ($29.50)


PokerStars Hand #156674627663:  Hold'em Limit ($3/$6 USD) - 2016/07/31 9:12:44 ET
Table 'Aladfar' 10-max Seat #6 is the button
Seat 1: marco800 ($38 in chips)
Seat 6: Agrotait ($93.26 in chips)
Agrotait: posts small blind $1
marco800: posts big blind $3
*** HOLE CARDS ***
Agrotait: raises $3 to $6
marco800: folds
Uncalled bet ($3) returned to Agrotait
Agrotait collected $6 from pot
Agrotait: doesn't show hand
*** SUMMARY ***
Total pot $6 | Rake $0
Seat 1: marco800 (big blind) folded before Flop
Seat 6: Agrotait (button) (small blind) collected ($6)


PokerStars Hand #156675208096:  Hold'em Limit ($3/$6 USD) - 2016/07/31 9:28:47 ET
Table 'Aladfar' 10-max Seat #6 is the button
Seat 5: ChipsOrre ($156.13 in chips)
Seat 6: Agrotait ($92.39 in chips)
Agrotait: posts small blind $1
HAL9QQQ: is sitting out
ChipsOrre: posts big blind $3
*** HOLE CARDS ***
Agrotait: raises $3 to $6
ChipsOrre: calls $3
*** FLOP *** [6c 5s 3d]
ChipsOrre: checks
Agrotait: bets $3
ChipsOrre: calls $3
*** TURN *** [6c 5s 3d] [Ah]
ChipsOrre: checks
Agrotait: bets $6
ChipsOrre: calls $6
*** RIVER *** [6c 5s 3d Ah] [2s]
ChipsOrre: bets $6
Agrotait: calls $6
*** SHOW DOWN ***
ChipsOrre: shows [Jh 4s] (a straight, Deuce to Six)
Agrotait: mucks hand
ChipsOrre collected $41.50 from pot
*** SUMMARY ***
Total pot $42 | Rake $0.50
Board [6c 5s 3d Ah 2s]
Seat 5: ChipsOrre (big blind) showed [Jh 4s] and won ($41.50) with a straight, Deuce to Six
Seat 6: Agrotait (button) (small blind) mucked


PokerStars Hand #156675230003:  Hold'em Limit ($3/$6 USD) - 2016/07/31 9:29:24 ET
Table 'Aladfar' 10-max Seat #5 is the button
Seat 5: ChipsOrre ($176.63 in chips)
Seat 6: Agrotait ($71.39 in chips)
ChipsOrre: posts small blind $1
Agrotait: posts big blind $3
*** HOLE CARDS ***
ChipsOrre: raises $3 to $6
Agrotait: calls $3
*** FLOP *** [As Qs Kd]
Agrotait: checks
ChipsOrre: bets $3
Agrotait: folds
Uncalled bet ($3) returned to ChipsOrre
ChipsOrre collected $11.76 from pot
ChipsOrre: doesn't show hand
*** SUMMARY ***
Total pot $12 | Rake $0.24
Board [As Qs Kd]
Seat 5: ChipsOrre (button) (small blind) collected ($11.76)
Seat 6: Agrotait (big blind) folded on the Flop


PokerStars Hand #156700350024:  Hold'em Limit ($3/$6 USD) - 2016/07/31 17:51:21 ET
Table 'Aladfar' 10-max Seat #7 is the button
Seat 7: Airbag999 ($120 in chips)
Seat 8: hairy1961 ($60 in chips)
Airbag999: posts small blind $1
hairy1961: posts big blind $3
*** HOLE CARDS ***
Airbag999: raises $3 to $6
hairy1961: raises $3 to $9
Airbag999: calls $3
*** FLOP *** [8c 2c 6d]
hairy1961: bets $3
Airbag999: calls $3
*** TURN *** [8c 2c 6d] [6s]
hairy1961: bets $6
Airbag999: calls $6
*** RIVER *** [8c 2c 6d 6s] [Th]
hairy1961: bets $6
Airbag999: folds
Uncalled bet ($6) returned to hairy1961
hairy1961 collected $35.50 from pot
*** SUMMARY ***
Total pot $36 | Rake $0.50
Board [8c 2c 6d 6s Th]
Seat 7: Airbag999 (button) (small blind) folded on the River
Seat 8: hairy1961 (big blind) collected ($35.50)


PokerStars Hand #156700371838:  Hold'em Limit ($3/$6 USD) - 2016/07/31 17:51:48 ET
Table 'Aladfar' 10-max Seat #8 is the button
Seat 7: Airbag999 ($102 in chips)
Seat 8: hairy1961 ($77.50 in chips)
hairy1961: posts small blind $1
Airbag999: posts big blind $3
*** HOLE CARDS ***
hairy1961: folds
Uncalled bet ($2) returned to Airbag999
Airbag999 collected $2 from pot
Airbag999: doesn't show hand
*** SUMMARY ***
Total pot $2 | Rake $0
Seat 7: Airbag999 (big blind) collected ($2)
Seat 8: hairy1961 (button) (small blind) folded before Flop


PokerStars Hand #156700382487:  Hold'em Limit ($3/$6 USD) - 2016/07/31 17:52:02 ET
Table 'Aladfar' 10-max Seat #8 is the button
Seat 7: Airbag999 ($106 in chips)
Seat 8: hairy1961 ($73.50 in chips)
hairy1961: posts small blind $1
Airbag999: posts big blind $3
*** HOLE CARDS ***
hairy1961: folds
Uncalled bet ($2) returned to Airbag999
Airbag999 collected $2 from pot
Airbag999: doesn't show hand
*** SUMMARY ***
Total pot $2 | Rake $0
Seat 7: Airbag999 (big blind) collected ($2)
Seat 8: hairy1961 (button) (small blind) folded before Flop


PokerStars Hand #156700376070:  Hold'em Limit ($3/$6 USD) - 2016/07/31 17:51:54 ET
Table 'Aladfar' 10-max Seat #7 is the button
Seat 7: Airbag999 ($103 in chips)
Seat 8: hairy1961 ($76.50 in chips)
Airbag999: posts small blind $1
hairy1961: posts big blind $3
*** HOLE CARDS ***
Airbag999: raises $3 to $6
hairy1961: folds
Uncalled bet ($3) returned to Airbag999
Airbag999 collected $6 from pot
Airbag999: doesn't show hand
*** SUMMARY ***
Total pot $6 | Rake $0
Seat 7: Airbag999 (button) (small blind) collected ($6)
Seat 8: hairy1961 (big blind) folded before Flop


PokerStars Hand #156700387065:  Hold'em Limit ($3/$6 USD) - 2016/07/31 17:52:08 ET
Table 'Aladfar' 10-max Seat #7 is the button
Seat 7: Airbag999 ($107 in chips)
Seat 8: hairy1961 ($72.50 in chips)
Airbag999: posts small blind $1
hairy1961: posts big blind $3
*** HOLE CARDS ***
Airbag999: raises $3 to $6
hairy1961: calls $3
*** FLOP *** [4s 4h 7h]
hairy1961: checks
Airbag999: bets $3
hairy1961: raises $3 to $6
Airbag999: calls $3
*** TURN *** [4s 4h 7h] [As]
hairy1961: checks
Airbag999: checks
*** RIVER *** [4s 4h 7h As] [Qc]
hairy1961: bets $6
Airbag999: calls $6
*** SHOW DOWN ***
hairy1961: shows [5s 6d] (a pair of Fours)
Airbag999: shows [7d 2d] (two pair, Sevens and Fours)
Airbag999 collected $35.50 from pot
*** SUMMARY ***
Total pot $36 | Rake $0.50
Board [4s 4h 7h As Qc]
Seat 7: Airbag999 (button) (small blind) showed [7d 2d] and won ($35.50) with two pair, Sevens and Fours
Seat 8: hairy1961 (big blind) showed [5s 6d] and lost with a pair of Fours


PokerStars Hand #156700443581:  Hold'em Limit ($3/$6 USD) - 2016/07/31 17:53:16 ET
Table 'Aladfar' 10-max Seat #7 is the button
Seat 7: Airbag999 ($103.50 in chips)
Seat 8: hairy1961 ($75 in chips)
Airbag999: posts small blind $1
hairy1961: posts big blind $3
*** HOLE CARDS ***
Airbag999: raises $3 to $6
hairy1961: calls $3
*** FLOP *** [3s 7s Ah]
hairy1961: bets $3
Airbag999: folds
Uncalled bet ($3) returned to hairy1961
hairy1961 collected $11.76 from pot
*** SUMMARY ***
Total pot $12 | Rake $0.24
Board [3s 7s Ah]
Seat 7: Airbag999 (button) (small blind) folded on the Flop
Seat 8: hairy1961 (big blind) collected ($11.76)


PokerStars Hand #156701080215:  Hold'em Limit ($3/$6 USD) - 2016/07/31 18:07:47 ET
Table 'Aladfar' 10-max Seat #10 is the button
Seat 7: Airbag999 ($98.90 in chips)
Seat 10: MissEKAmouse ($120 in chips)
MissEKAmouse: posts small blind $1
Airbag999: posts big blind $3
*** HOLE CARDS ***
MissEKAmouse: raises $3 to $6
Airbag999: calls $3
*** FLOP *** [5h Ts Ac]
Airbag999: checks
MissEKAmouse: bets $3
Airbag999: folds
Uncalled bet ($3) returned to MissEKAmouse
MissEKAmouse collected $11.76 from pot
MissEKAmouse: doesn't show hand
*** SUMMARY ***
Total pot $12 | Rake $0.24
Board [5h Ts Ac]
Seat 7: Airbag999 (big blind) folded on the Flop
Seat 10: MissEKAmouse (button) (small blind) collected ($11.76)


PokerStars Hand #156701072485:  Hold'em Limit ($3/$6 USD) - 2016/07/31 18:07:37 ET
Table 'Aladfar' 10-max Seat #7 is the button
Seat 7: Airbag999 ($95.90 in chips)
Seat 10: MissEKAmouse ($120 in chips)
Airbag999: posts small blind $1
MissEKAmouse: posts big blind $3
*** HOLE CARDS ***
Airbag999: raises $3 to $6
MissEKAmouse: folds
Uncalled bet ($3) returned to Airbag999
Airbag999 collected $6 from pot
Airbag999: doesn't show hand
*** SUMMARY ***
Total pot $6 | Rake $0
Seat 7: Airbag999 (button) (small blind) collected ($6)
Seat 10: MissEKAmouse (big blind) folded before Flop


PokerStars Hand #156701056856:  Hold'em Limit ($3/$6 USD) - 2016/07/31 18:07:17 ET
Table 'Aladfar' 10-max Seat #9 is the button
Seat 7: Airbag999 ($98.90 in chips)
Seat 9: Great_Kang ($155.33 in chips)
Great_Kang: posts small blind $1
Airbag999: posts big blind $3
*** HOLE CARDS ***
Great_Kang: raises $3 to $6
Airbag999: folds
Uncalled bet ($3) returned to Great_Kang
Great_Kang collected $6 from pot
Great_Kang: doesn't show hand
*** SUMMARY ***
Total pot $6 | Rake $0
Seat 7: Airbag999 (big blind) folded before Flop
Seat 9: Great_Kang (button) (small blind) collected ($6)


PokerStars Hand #156701035235:  Hold'em Limit ($3/$6 USD) - 2016/07/31 18:06:50 ET
Table 'Aladfar' 10-max Seat #7 is the button
Seat 7: Airbag999 ($110.32 in chips)
Seat 9: Great_Kang ($137.83 in chips)
Airbag999: posts small blind $1
Great_Kang: posts big blind $3
*** HOLE CARDS ***
Airbag999: raises $3 to $6
Great_Kang: raises $3 to $9
Airbag999: calls $3
*** FLOP *** [5s 9d 8d]
Great_Kang: bets $3
Airbag999: calls $3
*** TURN *** [5s 9d 8d] [5h]
Great_Kang: bets $6
Airbag999: calls $6
*** RIVER *** [5s 9d 8d 5h] [5c]
Great_Kang: bets $6
Airbag999: folds
Uncalled bet ($6) returned to Great_Kang
Great_Kang collected $35.50 from pot
Great_Kang: doesn't show hand
*** SUMMARY ***
Total pot $36 | Rake $0.50
Board [5s 9d 8d 5h 5c]
Seat 7: Airbag999 (button) (small blind) folded on the River
Seat 9: Great_Kang (big blind) collected ($35.50)


