PokerStars Hand #147580238647:  Hold'em Limit ($3/$6 USD) - 2016/01/24 3:58:59 ET
Table 'Alagasta II' 6-max Seat #1 is the button
Seat 1: VolkovDmitri ($120 in chips)
Seat 3: avraam888 ($43.92 in chips)
VolkovDmitri: posts small blind $1
avraam888: posts big blind $3
*** HOLE CARDS ***
VolkovDmitri: raises $3 to $6
avraam888: calls $3
*** FLOP *** [Ac 5c Kd]
avraam888: checks
VolkovDmitri: bets $3
avraam888: folds
Uncalled bet ($3) returned to VolkovDmitri
VolkovDmitri collected $11.76 from pot
VolkovDmitri: doesn't show hand
*** SUMMARY ***
Total pot $12 | Rake $0.24
Board [Ac 5c Kd]
Seat 1: VolkovDmitri (button) (small blind) collected ($11.76)
Seat 3: avraam888 (big blind) folded on the Flop


PokerStars Hand #147580245766:  Hold'em Limit ($3/$6 USD) - 2016/01/24 3:59:19 ET
Table 'Alagasta II' 6-max Seat #3 is the button
Seat 1: VolkovDmitri ($125.76 in chips)
Seat 3: avraam888 ($37.92 in chips)
avraam888: posts small blind $1
VolkovDmitri: posts big blind $3
*** HOLE CARDS ***
avraam888: raises $3 to $6
VolkovDmitri: calls $3
*** FLOP *** [3s 5h 8h]
VolkovDmitri: checks
avraam888: bets $3
VolkovDmitri: calls $3
*** TURN *** [3s 5h 8h] [Jh]
VolkovDmitri: checks
avraam888: bets $6
VolkovDmitri: calls $6
*** RIVER *** [3s 5h 8h Jh] [7s]
VolkovDmitri: checks
avraam888: bets $6
VolkovDmitri: raises $6 to $12
avraam888: calls $6
*** SHOW DOWN ***
VolkovDmitri: shows [9c Ts] (a straight, Seven to Jack)
avraam888: mucks hand
VolkovDmitri collected $53.50 from pot
*** SUMMARY ***
Total pot $54 | Rake $0.50
Board [3s 5h 8h Jh 7s]
Seat 1: VolkovDmitri (big blind) showed [9c Ts] and won ($53.50) with a straight, Seven to Jack
Seat 3: avraam888 (button) (small blind) mucked


PokerStars Hand #147580418813:  Hold'em Limit ($3/$6 USD) - 2016/01/24 4:06:16 ET
Table 'Alagasta II' 6-max Seat #1 is the button
Seat 1: VolkovDmitri ($147.74 in chips)
Seat 5: buddhasway ($134.50 in chips)
VolkovDmitri: posts small blind $1
buddhasway: posts big blind $3
*** HOLE CARDS ***
VolkovDmitri: raises $3 to $6
buddhasway: calls $3
*** FLOP *** [Jc 5c Qh]
n0xberry joins the table at seat #3
buddhasway: checks
VolkovDmitri: bets $3
buddhasway: calls $3
*** TURN *** [Jc 5c Qh] [5h]
buddhasway: checks
VolkovDmitri: bets $6
buddhasway: calls $6
*** RIVER *** [Jc 5c Qh 5h] [Qs]
buddhasway: checks
VolkovDmitri: bets $6
buddhasway: calls $6
*** SHOW DOWN ***
VolkovDmitri: shows [8c 5d] (a full house, Fives full of Queens)
buddhasway: mucks hand
VolkovDmitri collected $41.50 from pot
*** SUMMARY ***
Total pot $42 | Rake $0.50
Board [Jc 5c Qh 5h Qs]
Seat 1: VolkovDmitri (button) (small blind) showed [8c 5d] and won ($41.50) with a full house, Fives full of Queens
Seat 5: buddhasway (big blind) mucked


PokerStars Hand #147582155188:  Hold'em Limit ($3/$6 USD) - 2016/01/24 5:07:48 ET
Table 'Alagasta II' 6-max Seat #4 is the button
Seat 2: Frank2Neue ($226.39 in chips)
Seat 4: icebookman ($290.42 in chips)
icebookman: posts small blind $1
Frank2Neue: posts big blind $3
*** HOLE CARDS ***
VolkovDmitri leaves the table
icebookman: raises $3 to $6
Frank2Neue: calls $3
*** FLOP *** [As Ad 7d]
Frank2Neue: checks
icebookman: checks
*** TURN *** [As Ad 7d] [Jh]
Frank2Neue: checks
icebookman: checks
*** RIVER *** [As Ad 7d Jh] [6s]
Frank2Neue: checks
icebookman: checks
*** SHOW DOWN ***
Frank2Neue: shows [2h Qd] (a pair of Aces)
icebookman: shows [Qc 8h] (a pair of Aces - Queen+Jack+Eight kicker)
icebookman collected $11.76 from pot
*** SUMMARY ***
Total pot $12 | Rake $0.24
Board [As Ad 7d Jh 6s]
Seat 2: Frank2Neue (big blind) showed [2h Qd] and lost with a pair of Aces
Seat 4: icebookman (button) (small blind) showed [Qc 8h] and won ($11.76) with a pair of Aces


