PokerStars Hand #163194312179:  Hold'em Limit ($3/$6 USD) - 2016/12/19 11:52:35 ET
Table 'Alagasta' 6-max Seat #3 is the button
Seat 3: humlefar ($89.02 in chips)
Seat 4: TbIP-TbIP 88 ($72 in chips)
humlefar: posts small blind $1
TbIP-TbIP 88: posts big blind $3
*** HOLE CARDS ***
humlefar: raises $3 to $6
TbIP-TbIP 88: raises $3 to $9
humlefar: calls $3
*** FLOP *** [2s Js Ad]
TbIP-TbIP 88: bets $3
humlefar: raises $3 to $6
TbIP-TbIP 88: calls $3
*** TURN *** [2s Js Ad] [4d]
TbIP-TbIP 88: checks
humlefar: bets $6
TbIP-TbIP 88: calls $6
*** RIVER *** [2s Js Ad 4d] [5c]
TbIP-TbIP 88: checks
humlefar: bets $6
TbIP-TbIP 88: calls $6
*** SHOW DOWN ***
humlefar: shows [4c 2c] (two pair, Fours and Deuces)
TbIP-TbIP 88: mucks hand
humlefar collected $53.50 from pot
*** SUMMARY ***
Total pot $54 | Rake $0.50
Board [2s Js Ad 4d 5c]
Seat 3: humlefar (button) (small blind) showed [4c 2c] and won ($53.50) with two pair, Fours and Deuces
Seat 4: TbIP-TbIP 88 (big blind) mucked


PokerStars Hand #163194262779:  Hold'em Limit ($3/$6 USD) - 2016/12/19 11:51:33 ET
Table 'Alagasta' 6-max Seat #3 is the button
Seat 3: humlefar ($60 in chips)
Seat 4: TbIP-TbIP 88 ($72 in chips)
humlefar: posts small blind $1
TbIP-TbIP 88: posts big blind $3
*** HOLE CARDS ***
humlefar: raises $3 to $6
TbIP-TbIP 88: calls $3
*** FLOP *** [6d Ah Ad]
TbIP-TbIP 88: checks
humlefar: checks
*** TURN *** [6d Ah Ad] [8h]
TbIP-TbIP 88: checks
humlefar: bets $6
TbIP-TbIP 88: calls $6
*** RIVER *** [6d Ah Ad 8h] [Qs]
TbIP-TbIP 88: checks
humlefar: checks
*** SHOW DOWN ***
TbIP-TbIP 88: shows [4h Th] (a pair of Aces)
humlefar: shows [Ts 9s] (a pair of Aces - Queen+Ten+Nine kicker)
humlefar collected $23.52 from pot
*** SUMMARY ***
Total pot $24 | Rake $0.48
Board [6d Ah Ad 8h Qs]
Seat 3: humlefar (button) (small blind) showed [Ts 9s] and won ($23.52) with a pair of Aces
Seat 4: TbIP-TbIP 88 (big blind) showed [4h Th] and lost with a pair of Aces


PokerStars Hand #163194298019:  Hold'em Limit ($3/$6 USD) - 2016/12/19 11:52:17 ET
Table 'Alagasta' 6-max Seat #4 is the button
Seat 3: humlefar ($71.52 in chips)
Seat 4: TbIP-TbIP 88 ($72 in chips)
TbIP-TbIP 88: posts small blind $1
humlefar: posts big blind $3
*** HOLE CARDS ***
allexso joins the table at seat #6
TbIP-TbIP 88: raises $3 to $6
humlefar: raises $3 to $9
TbIP-TbIP 88: calls $3
*** FLOP *** [4s Jh 4d]
humlefar: bets $3
TbIP-TbIP 88: calls $3
*** TURN *** [4s Jh 4d] [Ts]
humlefar: bets $6
TbIP-TbIP 88: calls $6
*** RIVER *** [4s Jh 4d Ts] [6h]
humlefar: bets $6
TbIP-TbIP 88: folds
Uncalled bet ($6) returned to humlefar
humlefar collected $35.50 from pot
humlefar: doesn't show hand
*** SUMMARY ***
Total pot $36 | Rake $0.50
Board [4s Jh 4d Ts 6h]
Seat 3: humlefar (big blind) collected ($35.50)
Seat 4: TbIP-TbIP 88 (button) (small blind) folded on the River


PokerStars Hand #163194645615:  Hold'em Limit ($3/$6 USD) - 2016/12/19 12:00:17 ET
Table 'Alagasta' 6-max Seat #4 is the button
Seat 3: humlefar ($167.63 in chips)
Seat 4: TbIP-TbIP 88 ($72 in chips)
TbIP-TbIP 88: posts small blind $1
humlefar: posts big blind $3
*** HOLE CARDS ***
TbIP-TbIP 88: raises $3 to $6
humlefar: calls $3
*** FLOP *** [Kc 8d 4c]
humlefar: checks
TbIP-TbIP 88: bets $3
humlefar: folds
Uncalled bet ($3) returned to TbIP-TbIP 88
TbIP-TbIP 88 collected $11.76 from pot
TbIP-TbIP 88: doesn't show hand
*** SUMMARY ***
Total pot $12 | Rake $0.24
Board [Kc 8d 4c]
Seat 3: humlefar (big blind) folded on the Flop
Seat 4: TbIP-TbIP 88 (button) (small blind) collected ($11.76)


PokerStars Hand #163194654324:  Hold'em Limit ($3/$6 USD) - 2016/12/19 12:00:30 ET
Table 'Alagasta' 6-max Seat #3 is the button
Seat 3: humlefar ($161.63 in chips)
Seat 4: TbIP-TbIP 88 ($77.76 in chips)
humlefar: posts small blind $1
TbIP-TbIP 88: posts big blind $3
*** HOLE CARDS ***
humlefar: raises $3 to $6
TbIP-TbIP 88: folds
Uncalled bet ($3) returned to humlefar
humlefar collected $6 from pot
humlefar: doesn't show hand
*** SUMMARY ***
Total pot $6 | Rake $0
Seat 3: humlefar (button) (small blind) collected ($6)
Seat 4: TbIP-TbIP 88 (big blind) folded before Flop


PokerStars Hand #163194659089:  Hold'em Limit ($3/$6 USD) - 2016/12/19 12:00:36 ET
Table 'Alagasta' 6-max Seat #4 is the button
Seat 3: humlefar ($164.63 in chips)
Seat 4: TbIP-TbIP 88 ($74.76 in chips)
TbIP-TbIP 88: posts small blind $1
humlefar: posts big blind $3
*** HOLE CARDS ***
TbIP-TbIP 88: raises $3 to $6
humlefar: calls $3
*** FLOP *** [Jd 4h 3d]
humlefar: checks
TbIP-TbIP 88: bets $3
humlefar: raises $3 to $6
TbIP-TbIP 88: calls $3
*** TURN *** [Jd 4h 3d] [Ks]
humlefar: bets $6
TbIP-TbIP 88: calls $6
*** RIVER *** [Jd 4h 3d Ks] [4c]
humlefar: bets $6
TbIP-TbIP 88: calls $6
*** SHOW DOWN ***
humlefar: shows [6s 2s] (a pair of Fours)
TbIP-TbIP 88: shows [Ah Qc] (a pair of Fours - Ace kicker)
TbIP-TbIP 88 collected $47.50 from pot
*** SUMMARY ***
Total pot $48 | Rake $0.50
Board [Jd 4h 3d Ks 4c]
Seat 3: humlefar (big blind) showed [6s 2s] and lost with a pair of Fours
Seat 4: TbIP-TbIP 88 (button) (small blind) showed [Ah Qc] and won ($47.50) with a pair of Fours


PokerStars Hand #163194672079:  Hold'em Limit ($3/$6 USD) - 2016/12/19 12:00:54 ET
Table 'Alagasta' 6-max Seat #3 is the button
Seat 3: humlefar ($140.63 in chips)
Seat 4: TbIP-TbIP 88 ($98.26 in chips)
humlefar: posts small blind $1
TbIP-TbIP 88: posts big blind $3
*** HOLE CARDS ***
humlefar: raises $3 to $6
TbIP-TbIP 88: calls $3
*** FLOP *** [8c Jd 4s]
TbIP-TbIP 88: checks
humlefar: bets $3
TbIP-TbIP 88: folds
Uncalled bet ($3) returned to humlefar
humlefar collected $11.76 from pot
humlefar: doesn't show hand
*** SUMMARY ***
Total pot $12 | Rake $0.24
Board [8c Jd 4s]
Seat 3: humlefar (button) (small blind) collected ($11.76)
Seat 4: TbIP-TbIP 88 (big blind) folded on the Flop


PokerStars Hand #163194681019:  Hold'em Limit ($3/$6 USD) - 2016/12/19 12:01:06 ET
Table 'Alagasta' 6-max Seat #4 is the button
Seat 3: humlefar ($146.39 in chips)
Seat 4: TbIP-TbIP 88 ($92.26 in chips)
TbIP-TbIP 88: posts small blind $1
humlefar: posts big blind $3
*** HOLE CARDS ***
TbIP-TbIP 88: raises $3 to $6
humlefar: calls $3
*** FLOP *** [3s Qh 8c]
humlefar: checks
TbIP-TbIP 88: bets $3
humlefar: folds
Uncalled bet ($3) returned to TbIP-TbIP 88
TbIP-TbIP 88 collected $11.76 from pot
TbIP-TbIP 88: doesn't show hand
*** SUMMARY ***
Total pot $12 | Rake $0.24
Board [3s Qh 8c]
Seat 3: humlefar (big blind) folded on the Flop
Seat 4: TbIP-TbIP 88 (button) (small blind) collected ($11.76)


