PokerStars Hand #144846822005:  Hold'em Limit ($3/$6 USD) - 2015/12/05 3:31:21 ET
Table 'Alagasta' 2-max Seat #2 is the button
Seat 1: WavesNight01 ($39.42 in chips)
Seat 2: fifaliga ($36 in chips)
fifaliga: posts small blind $1
WavesNight01: posts big blind $3
*** HOLE CARDS ***
fifaliga: raises $3 to $6
WavesNight01: calls $3
*** FLOP *** [Qs Ts Kc]
WavesNight01: checks
fifaliga: bets $3
WavesNight01: calls $3
*** TURN *** [Qs Ts Kc] [Jc]
WavesNight01: checks
fifaliga: bets $6
WavesNight01: raises $6 to $12
fifaliga: calls $6
*** RIVER *** [Qs Ts Kc Jc] [As]
WavesNight01: checks
fifaliga: bets $6
WavesNight01: calls $6
*** SHOW DOWN ***
fifaliga: shows [5s 6s] (a flush, Ace high)
WavesNight01: mucks hand
fifaliga collected $53.50 from pot
*** SUMMARY ***
Total pot $54 | Rake $0.50
Board [Qs Ts Kc Jc As]
Seat 1: WavesNight01 (big blind) mucked
Seat 2: fifaliga (button) (small blind) showed [5s 6s] and won ($53.50) with a flush, Ace high


PokerStars Hand #144846831439:  Hold'em Limit ($3/$6 USD) - 2015/12/05 3:31:49 ET
Table 'Alagasta' 2-max Seat #2 is the button
Seat 1: WavesNight01 ($15.42 in chips)
Seat 2: fifaliga ($120 in chips)
fifaliga: posts small blind $1
WavesNight01: posts big blind $3
*** HOLE CARDS ***
fifaliga: folds
Uncalled bet ($2) returned to WavesNight01
WavesNight01 collected $2 from pot
WavesNight01: doesn't show hand
*** SUMMARY ***
Total pot $2 | Rake $0
Seat 1: WavesNight01 (big blind) collected ($2)
Seat 2: fifaliga (button) (small blind) folded before Flop


PokerStars Hand #144846829733:  Hold'em Limit ($3/$6 USD) - 2015/12/05 3:31:44 ET
Table 'Alagasta' 2-max Seat #1 is the button
Seat 1: WavesNight01 ($12.42 in chips)
Seat 2: fifaliga ($120 in chips)
WavesNight01: posts small blind $1
fifaliga: posts big blind $3
*** HOLE CARDS ***
WavesNight01: raises $3 to $6
fifaliga: folds
Uncalled bet ($3) returned to WavesNight01
WavesNight01 collected $6 from pot
WavesNight01: doesn't show hand
*** SUMMARY ***
Total pot $6 | Rake $0
Seat 1: WavesNight01 (button) (small blind) collected ($6)
Seat 2: fifaliga (big blind) folded before Flop


PokerStars Hand #144846837740:  Hold'em Limit ($3/$6 USD) - 2015/12/05 3:32:08 ET
Table 'Alagasta' 2-max Seat #1 is the button
Seat 1: WavesNight01 ($8.42 in chips)
Seat 2: fifaliga ($127.64 in chips)
WavesNight01: posts small blind $1
fifaliga: posts big blind $3
*** HOLE CARDS ***
WavesNight01: raises $3 to $6
fifaliga: calls $3
*** FLOP *** [6h 3h 3c]
fifaliga: checks
WavesNight01: bets $2.42 and is all-in
fifaliga: folds
Uncalled bet ($2.42) returned to WavesNight01
WavesNight01 collected $11.76 from pot
WavesNight01: doesn't show hand
*** SUMMARY ***
Total pot $12 | Rake $0.24
Board [6h 3h 3c]
Seat 1: WavesNight01 (button) (small blind) collected ($11.76)
Seat 2: fifaliga (big blind) folded on the Flop


PokerStars Hand #144846836061:  Hold'em Limit ($3/$6 USD) - 2015/12/05 3:32:03 ET
Table 'Alagasta' 2-max Seat #2 is the button
Seat 1: WavesNight01 ($7.42 in chips)
Seat 2: fifaliga ($128.64 in chips)
fifaliga: posts small blind $1
WavesNight01: posts big blind $3
*** HOLE CARDS ***
fifaliga: folds
Uncalled bet ($2) returned to WavesNight01
WavesNight01 collected $2 from pot
WavesNight01: doesn't show hand
*** SUMMARY ***
Total pot $2 | Rake $0
Seat 1: WavesNight01 (big blind) collected ($2)
Seat 2: fifaliga (button) (small blind) folded before Flop


PokerStars Hand #144846832925:  Hold'em Limit ($3/$6 USD) - 2015/12/05 3:31:54 ET
Table 'Alagasta' 2-max Seat #1 is the button
Seat 1: WavesNight01 ($16.42 in chips)
Seat 2: fifaliga ($120 in chips)
WavesNight01: posts small blind $1
fifaliga: posts big blind $3
*** HOLE CARDS ***
WavesNight01: raises $3 to $6
fifaliga: raises $3 to $9
WavesNight01: calls $3
*** FLOP *** [3s Kd 8c]
fifaliga: bets $3
WavesNight01: folds
Uncalled bet ($3) returned to fifaliga
fifaliga collected $17.64 from pot
fifaliga: doesn't show hand
*** SUMMARY ***
Total pot $18 | Rake $0.36
Board [3s Kd 8c]
Seat 1: WavesNight01 (button) (small blind) folded on the Flop
Seat 2: fifaliga (big blind) collected ($17.64)


PokerStars Hand #144846840719:  Hold'em Limit ($3/$6 USD) - 2015/12/05 3:32:17 ET
Table 'Alagasta' 2-max Seat #2 is the button
Seat 1: WavesNight01 ($14.18 in chips)
Seat 2: fifaliga ($121.64 in chips)
fifaliga: posts small blind $1
WavesNight01: posts big blind $3
*** HOLE CARDS ***
fifaliga: raises $3 to $6
WavesNight01: calls $3
*** FLOP *** [7s 5s 4s]
WavesNight01: checks
fifaliga: bets $3
WavesNight01: raises $3 to $6
fifaliga: raises $3 to $9
WavesNight01: calls $2.18 and is all-in
Uncalled bet ($0.82) returned to fifaliga
*** TURN *** [7s 5s 4s] [9d]
*** RIVER *** [7s 5s 4s 9d] [Th]
*** SHOW DOWN ***
WavesNight01: shows [5h 9c] (two pair, Nines and Fives)
fifaliga: shows [As Kc] (high card Ace)
WavesNight01 collected $27.86 from pot
*** SUMMARY ***
Total pot $28.36 | Rake $0.50
Board [7s 5s 4s 9d Th]
Seat 1: WavesNight01 (big blind) showed [5h 9c] and won ($27.86) with two pair, Nines and Fives
Seat 2: fifaliga (button) (small blind) showed [As Kc] and lost with high card Ace


