PokerStars Hand #157835136084:  Hold'em Limit ($3/$6 USD) - 2016/08/28 4:31:52 ET
Table 'Alagasta' 6-max Seat #1 is the button
Seat 1: VolkovDmitri ($120 in chips)
Seat 2: Mite1981 ($152.32 in chips)
VolkovDmitri: posts small blind $1
Mite1981: posts big blind $3
*** HOLE CARDS ***
VolkovDmitri: folds
Uncalled bet ($2) returned to Mite1981
Mite1981 collected $2 from pot
Mite1981: doesn't show hand
*** SUMMARY ***
Total pot $2 | Rake $0
Seat 1: VolkovDmitri (button) (small blind) folded before Flop
Seat 2: Mite1981 (big blind) collected ($2)


PokerStars Hand #157835129762:  Hold'em Limit ($3/$6 USD) - 2016/08/28 4:31:33 ET
Table 'Alagasta' 6-max Seat #2 is the button
Seat 1: VolkovDmitri ($120 in chips)
Seat 2: Mite1981 ($152.50 in chips)
Mite1981: posts small blind $1
VolkovDmitri: posts big blind $3
*** HOLE CARDS ***
Mite1981: calls $2
VolkovDmitri: checks
*** FLOP *** [8d Td 2c]
VolkovDmitri: checks
Mite1981: checks
*** TURN *** [8d Td 2c] [4s]
VolkovDmitri: bets $6
Mite1981: calls $6
*** RIVER *** [8d Td 2c 4s] [9h]
VolkovDmitri: checks
Mite1981: checks
*** SHOW DOWN ***
VolkovDmitri: shows [3c 4h] (a pair of Fours)
Mite1981: shows [4c 5h] (a pair of Fours)
VolkovDmitri collected $8.82 from pot
Mite1981 collected $8.82 from pot
*** SUMMARY ***
Total pot $18 | Rake $0.36
Board [8d Td 2c 4s 9h]
Seat 1: VolkovDmitri (big blind) showed [3c 4h] and won ($8.82) with a pair of Fours
Seat 2: Mite1981 (button) (small blind) showed [4c 5h] and won ($8.82) with a pair of Fours


PokerStars Hand #157835158341:  Hold'em Limit ($3/$6 USD) - 2016/08/28 4:32:58 ET
Table 'Alagasta' 6-max Seat #2 is the button
Seat 1: VolkovDmitri ($120 in chips)
Seat 2: Mite1981 ($176.46 in chips)
Mite1981: posts small blind $1
VolkovDmitri: posts big blind $3
*** HOLE CARDS ***
Mite1981: folds
Uncalled bet ($2) returned to VolkovDmitri
VolkovDmitri collected $2 from pot
VolkovDmitri: doesn't show hand
*** SUMMARY ***
Total pot $2 | Rake $0
Seat 1: VolkovDmitri (big blind) collected ($2)
Seat 2: Mite1981 (button) (small blind) folded before Flop


PokerStars Hand #157835137855:  Hold'em Limit ($3/$6 USD) - 2016/08/28 4:31:57 ET
Table 'Alagasta' 6-max Seat #2 is the button
Seat 1: VolkovDmitri ($120 in chips)
Seat 2: Mite1981 ($153.32 in chips)
Mite1981: posts small blind $1
VolkovDmitri: posts big blind $3
*** HOLE CARDS ***
Mite1981: raises $3 to $6
VolkovDmitri: calls $3
*** FLOP *** [6d 9d 2c]
VolkovDmitri: checks
Mite1981: bets $3
VolkovDmitri: calls $3
*** TURN *** [6d 9d 2c] [3s]
VolkovDmitri: checks
Mite1981: bets $6
VolkovDmitri: folds
Uncalled bet ($6) returned to Mite1981
Mite1981 collected $17.64 from pot
Mite1981: doesn't show hand
*** SUMMARY ***
Total pot $18 | Rake $0.36
Board [6d 9d 2c 3s]
Seat 1: VolkovDmitri (big blind) folded on the Turn
Seat 2: Mite1981 (button) (small blind) collected ($17.64)


PokerStars Hand #157835145760:  Hold'em Limit ($3/$6 USD) - 2016/08/28 4:32:20 ET
Table 'Alagasta' 6-max Seat #1 is the button
Seat 1: VolkovDmitri ($120 in chips)
Seat 2: Mite1981 ($161.96 in chips)
VolkovDmitri: posts small blind $1
Mite1981: posts big blind $3
*** HOLE CARDS ***
VolkovDmitri: raises $3 to $6
Mite1981: calls $3
*** FLOP *** [9h Tc Kh]
Mite1981: checks
VolkovDmitri: bets $3
Mite1981: calls $3
*** TURN *** [9h Tc Kh] [7s]
Mite1981: checks
VolkovDmitri: checks
*** RIVER *** [9h Tc Kh 7s] [5h]
Mite1981: bets $6
VolkovDmitri: calls $6
*** SHOW DOWN ***
Mite1981: shows [Ks Ac] (a pair of Kings)
VolkovDmitri: mucks hand
Mite1981 collected $29.50 from pot
*** SUMMARY ***
Total pot $30 | Rake $0.50
Board [9h Tc Kh 7s 5h]
Seat 1: VolkovDmitri (button) (small blind) mucked
Seat 2: Mite1981 (big blind) showed [Ks Ac] and won ($29.50) with a pair of Kings


PokerStars Hand #157835167607:  Hold'em Limit ($3/$6 USD) - 2016/08/28 4:33:26 ET
Table 'Alagasta' 6-max Seat #2 is the button
Seat 1: VolkovDmitri ($129.64 in chips)
Seat 2: Mite1981 ($166.46 in chips)
Mite1981: posts small blind $1
VolkovDmitri: posts big blind $3
*** HOLE CARDS ***
Mite1981: folds
Uncalled bet ($2) returned to VolkovDmitri
VolkovDmitri collected $2 from pot
VolkovDmitri: doesn't show hand
*** SUMMARY ***
Total pot $2 | Rake $0
Seat 1: VolkovDmitri (big blind) collected ($2)
Seat 2: Mite1981 (button) (small blind) folded before Flop


PokerStars Hand #157835174283:  Hold'em Limit ($3/$6 USD) - 2016/08/28 4:33:46 ET
Table 'Alagasta' 6-max Seat #2 is the button
Seat 1: VolkovDmitri ($121.64 in chips)
Seat 2: Mite1981 ($174.10 in chips)
Mite1981: posts small blind $1
VolkovDmitri: posts big blind $3
*** HOLE CARDS ***
Mite1981: raises $3 to $6
VolkovDmitri: calls $3
*** FLOP *** [3c 6h 3d]
VolkovDmitri: checks
Mite1981: bets $3
VolkovDmitri: calls $3
*** TURN *** [3c 6h 3d] [6d]
VolkovDmitri: checks
Mite1981: bets $6
VolkovDmitri: folds
Uncalled bet ($6) returned to Mite1981
Mite1981 collected $17.64 from pot
Mite1981: doesn't show hand
*** SUMMARY ***
Total pot $18 | Rake $0.36
Board [3c 6h 3d 6d]
Seat 1: VolkovDmitri (big blind) folded on the Turn
Seat 2: Mite1981 (button) (small blind) collected ($17.64)


PokerStars Hand #157835169382:  Hold'em Limit ($3/$6 USD) - 2016/08/28 4:33:31 ET
Table 'Alagasta' 6-max Seat #1 is the button
Seat 1: VolkovDmitri ($130.64 in chips)
Seat 2: Mite1981 ($165.46 in chips)
VolkovDmitri: posts small blind $1
Mite1981: posts big blind $3
*** HOLE CARDS ***
VolkovDmitri: raises $3 to $6
Mite1981: raises $3 to $9
VolkovDmitri: calls $3
*** FLOP *** [5s Ad 5d]
Mite1981: bets $3
VolkovDmitri: folds
Uncalled bet ($3) returned to Mite1981
Mite1981 collected $17.64 from pot
Mite1981: doesn't show hand
*** SUMMARY ***
Total pot $18 | Rake $0.36
Board [5s Ad 5d]
Seat 1: VolkovDmitri (button) (small blind) folded on the Flop
Seat 2: Mite1981 (big blind) collected ($17.64)


PokerStars Hand #157835160406:  Hold'em Limit ($3/$6 USD) - 2016/08/28 4:33:04 ET
Table 'Alagasta' 6-max Seat #1 is the button
Seat 1: VolkovDmitri ($121 in chips)
Seat 2: Mite1981 ($175.46 in chips)
VolkovDmitri: posts small blind $1
Mite1981: posts big blind $3
*** HOLE CARDS ***
VolkovDmitri: raises $3 to $6
Mite1981: calls $3
*** FLOP *** [8c 2s 4c]
Mite1981: checks
VolkovDmitri: bets $3
Mite1981: calls $3
*** TURN *** [8c 2s 4c] [Jc]
Mite1981: checks
VolkovDmitri: bets $6
Mite1981: folds
Uncalled bet ($6) returned to VolkovDmitri
VolkovDmitri collected $17.64 from pot
VolkovDmitri: doesn't show hand
*** SUMMARY ***
Total pot $18 | Rake $0.36
Board [8c 2s 4c Jc]
Seat 1: VolkovDmitri (button) (small blind) collected ($17.64)
Seat 2: Mite1981 (big blind) folded on the Turn


PokerStars Hand #157835184048:  Hold'em Limit ($3/$6 USD) - 2016/08/28 4:34:15 ET
Table 'Alagasta' 6-max Seat #1 is the button
Seat 1: VolkovDmitri ($120 in chips)
Seat 2: Mite1981 ($182.74 in chips)
VolkovDmitri: posts small blind $1
Mite1981: posts big blind $3
*** HOLE CARDS ***
VolkovDmitri: raises $3 to $6
Mite1981: calls $3
*** FLOP *** [5h 2d Kd]
Mite1981: checks
VolkovDmitri: bets $3
Mite1981: calls $3
*** TURN *** [5h 2d Kd] [Ks]
Mite1981: checks
VolkovDmitri: bets $6
Mite1981: folds
Uncalled bet ($6) returned to VolkovDmitri
VolkovDmitri collected $17.64 from pot
VolkovDmitri: doesn't show hand
*** SUMMARY ***
Total pot $18 | Rake $0.36
Board [5h 2d Kd Ks]
Seat 1: VolkovDmitri (button) (small blind) collected ($17.64)
Seat 2: Mite1981 (big blind) folded on the Turn


PokerStars Hand #157835192969:  Hold'em Limit ($3/$6 USD) - 2016/08/28 4:34:42 ET
Table 'Alagasta' 6-max Seat #1 is the button
Seat 1: VolkovDmitri ($129.64 in chips)
Seat 2: Mite1981 ($172.74 in chips)
VolkovDmitri: posts small blind $1
Mite1981: posts big blind $3
*** HOLE CARDS ***
VolkovDmitri: raises $3 to $6
Mite1981: calls $3
*** FLOP *** [6d Qh 7c]
Mite1981: checks
VolkovDmitri: bets $3
Mite1981: calls $3
*** TURN *** [6d Qh 7c] [7d]
Mite1981: checks
VolkovDmitri: checks
*** RIVER *** [6d Qh 7c 7d] [Kc]
Mite1981: bets $6
VolkovDmitri: calls $6
*** SHOW DOWN ***
Mite1981: shows [4d 3h] (a pair of Sevens)
VolkovDmitri: shows [9d Jc] (a pair of Sevens - King+Queen+Jack kicker)
VolkovDmitri collected $29.50 from pot
*** SUMMARY ***
Total pot $30 | Rake $0.50
Board [6d Qh 7c 7d Kc]
Seat 1: VolkovDmitri (button) (small blind) showed [9d Jc] and won ($29.50) with a pair of Sevens
Seat 2: Mite1981 (big blind) showed [4d 3h] and lost with a pair of Sevens


PokerStars Hand #157835213243:  Hold'em Limit ($3/$6 USD) - 2016/08/28 4:35:42 ET
Table 'Alagasta' 6-max Seat #2 is the button
Seat 1: VolkovDmitri ($141.14 in chips)
Seat 2: Mite1981 ($160.50 in chips)
Mite1981: posts small blind $1
VolkovDmitri: posts big blind $3
*** HOLE CARDS ***
Mite1981: raises $3 to $6
VolkovDmitri: folds
Uncalled bet ($3) returned to Mite1981
Mite1981 collected $6 from pot
Mite1981: doesn't show hand
*** SUMMARY ***
Total pot $6 | Rake $0
Seat 1: VolkovDmitri (big blind) folded before Flop
Seat 2: Mite1981 (button) (small blind) collected ($6)


PokerStars Hand #157835210669:  Hold'em Limit ($3/$6 USD) - 2016/08/28 4:35:35 ET
Table 'Alagasta' 6-max Seat #1 is the button
Seat 1: VolkovDmitri ($138.14 in chips)
Seat 2: Mite1981 ($163.50 in chips)
VolkovDmitri: posts small blind $1
Mite1981: posts big blind $3
*** HOLE CARDS ***
VolkovDmitri: raises $3 to $6
Mite1981: folds
Uncalled bet ($3) returned to VolkovDmitri
VolkovDmitri collected $6 from pot
VolkovDmitri: doesn't show hand
*** SUMMARY ***
Total pot $6 | Rake $0
Seat 1: VolkovDmitri (button) (small blind) collected ($6)
Seat 2: Mite1981 (big blind) folded before Flop


PokerStars Hand #157835202412:  Hold'em Limit ($3/$6 USD) - 2016/08/28 4:35:10 ET
Table 'Alagasta' 6-max Seat #2 is the button
Seat 1: VolkovDmitri ($144.14 in chips)
Seat 2: Mite1981 ($157.74 in chips)
Mite1981: posts small blind $1
VolkovDmitri: posts big blind $3
*** HOLE CARDS ***
Mite1981: raises $3 to $6
VolkovDmitri: calls $3
*** FLOP *** [Kd 7c Th]
VolkovDmitri: checks
Mite1981: checks
*** TURN *** [Kd 7c Th] [6c]
VolkovDmitri: checks
Mite1981: checks
*** RIVER *** [Kd 7c Th 6c] [Qs]
VolkovDmitri: checks
Mite1981: bets $6
VolkovDmitri: folds
Uncalled bet ($6) returned to Mite1981
Mite1981 collected $11.76 from pot
Mite1981: doesn't show hand
*** SUMMARY ***
Total pot $12 | Rake $0.24
Board [Kd 7c Th 6c Qs]
Seat 1: VolkovDmitri (big blind) folded on the River
Seat 2: Mite1981 (button) (small blind) collected ($11.76)


PokerStars Hand #157835215532:  Hold'em Limit ($3/$6 USD) - 2016/08/28 4:35:49 ET
Table 'Alagasta' 6-max Seat #1 is the button
Seat 1: VolkovDmitri ($138.14 in chips)
Seat 2: Mite1981 ($163.50 in chips)
VolkovDmitri: posts small blind $1
Mite1981: posts big blind $3
*** HOLE CARDS ***
VolkovDmitri: raises $3 to $6
Mite1981: calls $3
*** FLOP *** [4s Jh Qd]
Mite1981: checks
VolkovDmitri: bets $3
Mite1981: calls $3
*** TURN *** [4s Jh Qd] [6h]
Mite1981: checks
VolkovDmitri: bets $6
Mite1981: raises $6 to $12
VolkovDmitri: folds
Uncalled bet ($6) returned to Mite1981
Mite1981 collected $29.50 from pot
Mite1981: doesn't show hand
*** SUMMARY ***
Total pot $30 | Rake $0.50
Board [4s Jh Qd 6h]
Seat 1: VolkovDmitri (button) (small blind) folded on the Turn
Seat 2: Mite1981 (big blind) collected ($29.50)


PokerStars Hand #157835229387:  Hold'em Limit ($3/$6 USD) - 2016/08/28 4:36:30 ET
Table 'Alagasta' 6-max Seat #2 is the button
Seat 1: VolkovDmitri ($123.14 in chips)
Seat 2: Mite1981 ($178 in chips)
Mite1981: posts small blind $1
VolkovDmitri: posts big blind $3
*** HOLE CARDS ***
Mite1981: calls $2
VolkovDmitri: raises $3 to $6
Mite1981: calls $3
*** FLOP *** [8c Js 9c]
VolkovDmitri: bets $3
Mite1981: calls $3
*** TURN *** [8c Js 9c] [Qh]
VolkovDmitri: checks
Mite1981: bets $6
freestyler85 joins the table at seat #3
VolkovDmitri: folds
Uncalled bet ($6) returned to Mite1981
Mite1981 collected $17.64 from pot
Mite1981: doesn't show hand
*** SUMMARY ***
Total pot $18 | Rake $0.36
Board [8c Js 9c Qh]
Seat 1: VolkovDmitri (big blind) folded on the Turn
Seat 2: Mite1981 (button) (small blind) collected ($17.64)


PokerStars Hand #157835237981:  Hold'em Limit ($3/$6 USD) - 2016/08/28 4:36:55 ET
Table 'Alagasta' 6-max Seat #1 is the button
Seat 1: VolkovDmitri ($120 in chips)
Seat 2: Mite1981 ($186.64 in chips)
VolkovDmitri: posts small blind $1
Mite1981: posts big blind $3
*** HOLE CARDS ***
VolkovDmitri: raises $3 to $6
Mite1981: folds
Uncalled bet ($3) returned to VolkovDmitri
VolkovDmitri collected $6 from pot
VolkovDmitri: doesn't show hand
*** SUMMARY ***
Total pot $6 | Rake $0
Seat 1: VolkovDmitri (button) (small blind) collected ($6)
Seat 2: Mite1981 (big blind) folded before Flop


PokerStars Hand #157835917005:  Hold'em Limit ($3/$6 USD) - 2016/08/28 5:08:56 ET
Table 'Alagasta' 6-max Seat #3 is the button
Seat 3: libaikang ($142 in chips)
Seat 4: Agrotait ($74.76 in chips)
libaikang: posts small blind $1
Agrotait: posts big blind $3
*** HOLE CARDS ***
libaikang: folds
Uncalled bet ($2) returned to Agrotait
Agrotait collected $2 from pot
Agrotait: doesn't show hand
*** SUMMARY ***
Total pot $2 | Rake $0
Seat 3: libaikang (button) (small blind) folded before Flop
Seat 4: Agrotait (big blind) collected ($2)


PokerStars Hand #157835908926:  Hold'em Limit ($3/$6 USD) - 2016/08/28 5:08:35 ET
Table 'Alagasta' 6-max Seat #4 is the button
Seat 3: libaikang ($148 in chips)
Seat 4: Agrotait ($69 in chips)
Agrotait: posts small blind $1
libaikang: posts big blind $3
*** HOLE CARDS ***
Agrotait: raises $3 to $6
libaikang: calls $3
*** FLOP *** [3s 7c Td]
libaikang: checks
Agrotait: bets $3
libaikang: folds
Uncalled bet ($3) returned to Agrotait
Agrotait collected $11.76 from pot
Agrotait: doesn't show hand
*** SUMMARY ***
Total pot $12 | Rake $0.24
Board [3s 7c Td]
Seat 3: libaikang (big blind) folded on the Flop
Seat 4: Agrotait (button) (small blind) collected ($11.76)


PokerStars Hand #157835901729:  Hold'em Limit ($3/$6 USD) - 2016/08/28 5:08:16 ET
Table 'Alagasta' 6-max Seat #3 is the button
Seat 3: libaikang ($145 in chips)
Seat 4: Agrotait ($72 in chips)
libaikang: posts small blind $1
Agrotait: posts big blind $3
*** HOLE CARDS ***
libaikang: raises $3 to $6
Agrotait: folds
Uncalled bet ($3) returned to libaikang
libaikang collected $6 from pot
libaikang: doesn't show hand
*** SUMMARY ***
Total pot $6 | Rake $0
Seat 3: libaikang (button) (small blind) collected ($6)
Seat 4: Agrotait (big blind) folded before Flop


PokerStars Hand #157835919138:  Hold'em Limit ($3/$6 USD) - 2016/08/28 5:09:02 ET
Table 'Alagasta' 6-max Seat #4 is the button
Seat 3: libaikang ($141 in chips)
Seat 4: Agrotait ($75.76 in chips)
Agrotait: posts small blind $1
libaikang: posts big blind $3
*** HOLE CARDS ***
Agrotait: raises $3 to $6
libaikang: raises $3 to $9
degal76 joins the table at seat #5
KnoHow2RockU joins the table at seat #6
Agrotait: calls $3
*** FLOP *** [5c Qh 4s]
libaikang: checks
Agrotait: checks
*** TURN *** [5c Qh 4s] [6h]
libaikang: bets $6
WackoJacko13 joins the table at seat #2
Agrotait: calls $6
*** RIVER *** [5c Qh 4s 6h] [3h]
libaikang: checks
degal76 leaves the table
Agrotait: bets $6
libaikang: calls $6
*** SHOW DOWN ***
Agrotait: shows [Ks 7h] (a straight, Three to Seven)
libaikang: mucks hand
Agrotait collected $41.50 from pot
*** SUMMARY ***
Total pot $42 | Rake $0.50
Board [5c Qh 4s 6h 3h]
Seat 3: libaikang (big blind) mucked
Seat 4: Agrotait (button) (small blind) showed [Ks 7h] and won ($41.50) with a straight, Three to Seven


PokerStars Hand #157835940380:  Hold'em Limit ($3/$6 USD) - 2016/08/28 5:09:58 ET
Table 'Alagasta' 6-max Seat #3 is the button
Seat 3: libaikang ($120 in chips)
Seat 4: Agrotait ($96.26 in chips)
libaikang: posts small blind $1
Agrotait: posts big blind $3
*** HOLE CARDS ***
libaikang: folds
Uncalled bet ($2) returned to Agrotait
Agrotait collected $2 from pot
Agrotait: doesn't show hand
*** SUMMARY ***
Total pot $2 | Rake $0
Seat 3: libaikang (button) (small blind) folded before Flop
Seat 4: Agrotait (big blind) collected ($2)


PokerStars Hand #157836365031:  Hold'em Limit ($3/$6 USD) - 2016/08/28 5:28:21 ET
Table 'Alagasta' 6-max Seat #3 is the button
Seat 3: KnoHow2RockU ($92.31 in chips)
Seat 6: JSDM8682 ($165.68 in chips)
degal76 will be allowed to play after the button
KnoHow2RockU: posts small blind $1
JSDM8682: posts big blind $3
*** HOLE CARDS ***
KnoHow2RockU: folds
Uncalled bet ($2) returned to JSDM8682
JSDM8682 collected $2 from pot
JSDM8682: doesn't show hand
*** SUMMARY ***
Total pot $2 | Rake $0
Seat 3: KnoHow2RockU (button) (small blind) folded before Flop
Seat 6: JSDM8682 (big blind) collected ($2)


PokerStars Hand #157836385110:  Hold'em Limit ($3/$6 USD) - 2016/08/28 5:29:13 ET
Table 'Alagasta' 6-max Seat #3 is the button
Seat 1: degal76 ($116 in chips)
Seat 3: KnoHow2RockU ($73 in chips)
KnoHow2RockU: posts small blind $1
JSDM8682: is sitting out
degal76: posts big blind $3
*** HOLE CARDS ***
KnoHow2RockU: raises $3 to $6
degal76: calls $3
*** FLOP *** [3h Qs 2h]
degal76: checks
KnoHow2RockU: bets $3
degal76: calls $3
*** TURN *** [3h Qs 2h] [Kh]
degal76: checks
KnoHow2RockU: bets $6
degal76: raises $6 to $12
KnoHow2RockU: calls $6
*** RIVER *** [3h Qs 2h Kh] [9c]
degal76: bets $6
KnoHow2RockU: folds
Uncalled bet ($6) returned to degal76
degal76 collected $41.50 from pot
degal76: doesn't show hand
*** SUMMARY ***
Total pot $42 | Rake $0.50
Board [3h Qs 2h Kh 9c]
Seat 1: degal76 (big blind) collected ($41.50)
Seat 3: KnoHow2RockU (button) (small blind) folded on the River


PokerStars Hand #157836422180:  Hold'em Limit ($3/$6 USD) - 2016/08/28 5:30:48 ET
Table 'Alagasta' 6-max Seat #1 is the button
Seat 1: degal76 ($146 in chips)
Seat 3: KnoHow2RockU ($88.28 in chips)
degal76: posts small blind $1
KnoHow2RockU: posts big blind $3
*** HOLE CARDS ***
degal76: folds
Uncalled bet ($2) returned to KnoHow2RockU
KnoHow2RockU collected $2 from pot
KnoHow2RockU: doesn't show hand
*** SUMMARY ***
Total pot $2 | Rake $0
Seat 1: degal76 (button) (small blind) folded before Flop
Seat 3: KnoHow2RockU (big blind) collected ($2)


PokerStars Hand #157836418481:  Hold'em Limit ($3/$6 USD) - 2016/08/28 5:30:39 ET
Table 'Alagasta' 6-max Seat #3 is the button
Seat 1: degal76 ($145 in chips)
Seat 3: KnoHow2RockU ($89.28 in chips)
KnoHow2RockU: posts small blind $1
degal76: posts big blind $3
*** HOLE CARDS ***
knas4 joins the table at seat #6
KnoHow2RockU: folds
Uncalled bet ($2) returned to degal76
degal76 collected $2 from pot
degal76: doesn't show hand
*** SUMMARY ***
Total pot $2 | Rake $0
Seat 1: degal76 (big blind) collected ($2)
Seat 3: KnoHow2RockU (button) (small blind) folded before Flop


PokerStars Hand #157836410512:  Hold'em Limit ($3/$6 USD) - 2016/08/28 5:30:19 ET
Table 'Alagasta' 6-max Seat #1 is the button
Seat 1: degal76 ($157 in chips)
Seat 3: KnoHow2RockU ($77.76 in chips)
degal76: posts small blind $1
KnoHow2RockU: posts big blind $3
*** HOLE CARDS ***
degal76: calls $2
KnoHow2RockU: checks
*** FLOP *** [6h 6c 4h]
KnoHow2RockU: bets $3
degal76: calls $3
*** TURN *** [6h 6c 4h] [4c]
KnoHow2RockU: checks
degal76: bets $6
KnoHow2RockU: calls $6
*** RIVER *** [6h 6c 4h 4c] [Jc]
KnoHow2RockU: checks
degal76: checks
*** SHOW DOWN ***
KnoHow2RockU: shows [Qc Jd] (two pair, Jacks and Sixes)
degal76: mucks hand
KnoHow2RockU collected $23.52 from pot
*** SUMMARY ***
Total pot $24 | Rake $0.48
Board [6h 6c 4h 4c Jc]
Seat 1: degal76 (button) (small blind) mucked
Seat 3: KnoHow2RockU (big blind) showed [Qc Jd] and won ($23.52) with two pair, Jacks and Sixes


PokerStars Hand #157836406656:  Hold'em Limit ($3/$6 USD) - 2016/08/28 5:30:09 ET
Table 'Alagasta' 6-max Seat #3 is the button
Seat 1: degal76 ($163 in chips)
Seat 3: KnoHow2RockU ($72 in chips)
KnoHow2RockU: posts small blind $1
degal76: posts big blind $3
*** HOLE CARDS ***
KnoHow2RockU: raises $3 to $6
degal76: calls $3
*** FLOP *** [4s 3c 9s]
degal76: checks
KnoHow2RockU: bets $3
degal76: folds
Uncalled bet ($3) returned to KnoHow2RockU
KnoHow2RockU collected $11.76 from pot
KnoHow2RockU: doesn't show hand
*** SUMMARY ***
Total pot $12 | Rake $0.24
Board [4s 3c 9s]
Seat 1: degal76 (big blind) folded on the Flop
Seat 3: KnoHow2RockU (button) (small blind) collected ($11.76)


PokerStars Hand #157836908504:  Hold'em Limit ($3/$6 USD) - 2016/08/28 5:51:04 ET
Table 'Alagasta' 6-max Seat #6 is the button
Seat 5: xxxGLKxxx ($197.64 in chips)
Seat 6: knas4 ($83.54 in chips)
knas4: posts small blind $1
xxxGLKxxx: posts big blind $3
*** HOLE CARDS ***
WackoJacko13 leaves the table
knas4: folds
Uncalled bet ($2) returned to xxxGLKxxx
xxxGLKxxx collected $2 from pot
xxxGLKxxx: doesn't show hand
*** SUMMARY ***
Total pot $2 | Rake $0
Seat 5: xxxGLKxxx (big blind) collected ($2)
Seat 6: knas4 (button) (small blind) folded before Flop


