PokerStars Hand #162895622895:  Hold'em Limit ($3/$6 USD) - 2016/12/13 15:33:53 ET
Table 'Alagasta II' 6-max Seat #1 is the button
Seat 1: Zubasa07 ($500 in chips)
Seat 4: Actionni13 ($150 in chips)
Zubasa07: posts small blind $1
Actionni13: posts big blind $3
*** HOLE CARDS ***
Zubasa07: raises $3 to $6
Actionni13: calls $3
*** FLOP *** [Ts 2c 4c]
Actionni13: checks
Zubasa07: checks
*** TURN *** [Ts 2c 4c] [Jc]
Actionni13: bets $6
Zubasa07: calls $6
*** RIVER *** [Ts 2c 4c Jc] [Ah]
Actionni13: checks
Zubasa07: bets $6
Actionni13: folds
Uncalled bet ($6) returned to Zubasa07
Zubasa07 collected $23.52 from pot
Zubasa07: doesn't show hand
*** SUMMARY ***
Total pot $24 | Rake $0.48
Board [Ts 2c 4c Jc Ah]
Seat 1: Zubasa07 (button) (small blind) collected ($23.52)
Seat 4: Actionni13 (big blind) folded on the River


PokerStars Hand #162895693563:  Hold'em Limit ($3/$6 USD) - 2016/12/13 15:34:59 ET
Table 'Alagasta II' 6-max Seat #4 is the button
Seat 1: Zubasa07 ($511.52 in chips)
Seat 4: Actionni13 ($150 in chips)
Actionni13: posts small blind $1
Zubasa07: posts big blind $3
*** HOLE CARDS ***
Actionni13: raises $3 to $6
Zubasa07: calls $3
*** FLOP *** [Jc As Ah]
Zubasa07: checks
Actionni13: bets $3
Zubasa07: folds
Uncalled bet ($3) returned to Actionni13
Actionni13 collected $11.76 from pot
*** SUMMARY ***
Total pot $12 | Rake $0.24
Board [Jc As Ah]
Seat 1: Zubasa07 (big blind) folded on the Flop
Seat 4: Actionni13 (button) (small blind) collected ($11.76)


PokerStars Hand #162895715927:  Hold'em Limit ($3/$6 USD) - 2016/12/13 15:35:20 ET
Table 'Alagasta II' 6-max Seat #1 is the button
Seat 1: Zubasa07 ($505.52 in chips)
Seat 4: Actionni13 ($155.76 in chips)
Zubasa07: posts small blind $1
Actionni13: posts big blind $3
*** HOLE CARDS ***
Zubasa07: raises $3 to $6
Actionni13: calls $3
*** FLOP *** [6s Ts 3c]
Actionni13: checks
Zubasa07: checks
*** TURN *** [6s Ts 3c] [Tc]
Actionni13: checks
Zubasa07: checks
*** RIVER *** [6s Ts 3c Tc] [Ad]
Actionni13: checks
Zubasa07: checks
*** SHOW DOWN ***
Actionni13: shows [5d Js] (a pair of Tens)
Zubasa07: shows [Qd Jc] (a pair of Tens - Ace+Queen kicker)
Zubasa07 collected $11.76 from pot
*** SUMMARY ***
Total pot $12 | Rake $0.24
Board [6s Ts 3c Tc Ad]
Seat 1: Zubasa07 (button) (small blind) showed [Qd Jc] and won ($11.76) with a pair of Tens
Seat 4: Actionni13 (big blind) showed [5d Js] and lost with a pair of Tens


PokerStars Hand #162895798513:  Hold'em Limit ($3/$6 USD) - 2016/12/13 15:36:38 ET
Table 'Alagasta II' 6-max Seat #4 is the button
Seat 1: Zubasa07 ($511.28 in chips)
Seat 4: Actionni13 ($150 in chips)
Actionni13: posts small blind $1
Zubasa07: posts big blind $3
*** HOLE CARDS ***
Actionni13: raises $3 to $6
Zubasa07: raises $3 to $9
Actionni13: calls $3
*** FLOP *** [4d 6h Kc]
Zubasa07: bets $3
Actionni13: calls $3
*** TURN *** [4d 6h Kc] [Ks]
Zubasa07: bets $6
Actionni13: folds
Uncalled bet ($6) returned to Zubasa07
Zubasa07 collected $23.52 from pot
Zubasa07: doesn't show hand
*** SUMMARY ***
Total pot $24 | Rake $0.48
Board [4d 6h Kc Ks]
Seat 1: Zubasa07 (big blind) collected ($23.52)
Seat 4: Actionni13 (button) (small blind) folded on the Turn


PokerStars Hand #162895885628:  Hold'em Limit ($3/$6 USD) - 2016/12/13 15:38:00 ET
Table 'Alagasta II' 6-max Seat #1 is the button
Seat 1: Zubasa07 ($522.80 in chips)
Seat 4: Actionni13 ($150 in chips)
Zubasa07: posts small blind $1
Actionni13: posts big blind $3
*** HOLE CARDS ***
Zubasa07: raises $3 to $6
Actionni13: calls $3
*** FLOP *** [Ks Td Ah]
Actionni13: checks
Zubasa07: bets $3
Actionni13: calls $3
*** TURN *** [Ks Td Ah] [3s]
Actionni13: checks
Zubasa07: bets $6
Actionni13: folds
Uncalled bet ($6) returned to Zubasa07
Zubasa07 collected $17.64 from pot
Zubasa07: doesn't show hand
*** SUMMARY ***
Total pot $18 | Rake $0.36
Board [Ks Td Ah 3s]
Seat 1: Zubasa07 (button) (small blind) collected ($17.64)
Seat 4: Actionni13 (big blind) folded on the Turn


PokerStars Hand #162896012697:  Hold'em Limit ($3/$6 USD) - 2016/12/13 15:39:59 ET
Table 'Alagasta II' 6-max Seat #4 is the button
Seat 1: Zubasa07 ($531.44 in chips)
Seat 4: Actionni13 ($150 in chips)
Actionni13: posts small blind $1
Zubasa07: posts big blind $3
*** HOLE CARDS ***
Actionni13: raises $3 to $6
Zubasa07: raises $3 to $9
Actionni13: calls $3
*** FLOP *** [9d 4s 9h]
Zubasa07: bets $3
Actionni13: calls $3
*** TURN *** [9d 4s 9h] [5c]
Zubasa07: bets $6
Actionni13: calls $6
*** RIVER *** [9d 4s 9h 5c] [Jc]
Zubasa07: checks
Actionni13: bets $6
Zubasa07: raises $6 to $12
Actionni13: calls $6
*** SHOW DOWN ***
Zubasa07: shows [Ad Ac] (two pair, Aces and Nines)
Actionni13: mucks hand
Zubasa07 collected $59.50 from pot
*** SUMMARY ***
Total pot $60 | Rake $0.50
Board [9d 4s 9h 5c Jc]
Seat 1: Zubasa07 (big blind) showed [Ad Ac] and won ($59.50) with two pair, Aces and Nines
Seat 4: Actionni13 (button) (small blind) mucked


PokerStars Hand #162896191869:  Hold'em Limit ($3/$6 USD) - 2016/12/13 15:42:44 ET
Table 'Alagasta II' 6-max Seat #1 is the button
Seat 1: Zubasa07 ($560.94 in chips)
Seat 4: Actionni13 ($150 in chips)
Zubasa07: posts small blind $1
Actionni13: posts big blind $3
*** HOLE CARDS ***
Zubasa07: raises $3 to $6
Actionni13: calls $3
*** FLOP *** [3c 6s 9h]
Actionni13: checks
Zubasa07: checks
*** TURN *** [3c 6s 9h] [4h]
Actionni13: bets $6
Zubasa07: folds
Uncalled bet ($6) returned to Actionni13
Actionni13 collected $11.76 from pot
*** SUMMARY ***
Total pot $12 | Rake $0.24
Board [3c 6s 9h 4h]
Seat 1: Zubasa07 (button) (small blind) folded on the Turn
Seat 4: Actionni13 (big blind) collected ($11.76)


PokerStars Hand #162896283885:  Hold'em Limit ($3/$6 USD) - 2016/12/13 15:44:10 ET
Table 'Alagasta II' 6-max Seat #4 is the button
Seat 1: Zubasa07 ($554.94 in chips)
Seat 4: Actionni13 ($155.76 in chips)
Actionni13: posts small blind $1
Zubasa07: posts big blind $3
*** HOLE CARDS ***
Actionni13: folds
Uncalled bet ($2) returned to Zubasa07
Zubasa07 collected $2 from pot
Zubasa07: doesn't show hand
*** SUMMARY ***
Total pot $2 | Rake $0
Seat 1: Zubasa07 (big blind) collected ($2)
Seat 4: Actionni13 (button) (small blind) folded before Flop


PokerStars Hand #162896303356:  Hold'em Limit ($3/$6 USD) - 2016/12/13 15:44:29 ET
Table 'Alagasta II' 6-max Seat #1 is the button
Seat 1: Zubasa07 ($555.94 in chips)
Seat 4: Actionni13 ($154.76 in chips)
Zubasa07: posts small blind $1
Actionni13: posts big blind $3
*** HOLE CARDS ***
Zubasa07: raises $3 to $6
Actionni13: folds
Uncalled bet ($3) returned to Zubasa07
Zubasa07 collected $6 from pot
Zubasa07: doesn't show hand
*** SUMMARY ***
Total pot $6 | Rake $0
Seat 1: Zubasa07 (button) (small blind) collected ($6)
Seat 4: Actionni13 (big blind) folded before Flop


PokerStars Hand #162896328854:  Hold'em Limit ($3/$6 USD) - 2016/12/13 15:44:52 ET
Table 'Alagasta II' 6-max Seat #4 is the button
Seat 1: Zubasa07 ($558.94 in chips)
Seat 4: Actionni13 ($151.76 in chips)
Actionni13: posts small blind $1
Zubasa07: posts big blind $3
*** HOLE CARDS ***
Actionni13: raises $3 to $6
Zubasa07: raises $3 to $9
Actionni13: calls $3
*** FLOP *** [4d Td Ad]
Zubasa07: bets $3
Actionni13: calls $3
*** TURN *** [4d Td Ad] [9h]
Zubasa07: checks
Actionni13: bets $6
Zubasa07: calls $6
*** RIVER *** [4d Td Ad 9h] [7c]
Zubasa07: checks
Actionni13: bets $6
Zubasa07: calls $6
*** SHOW DOWN ***
Actionni13: shows [4s 7d] (two pair, Sevens and Fours)
Zubasa07: mucks hand
Actionni13 collected $47.50 from pot
*** SUMMARY ***
Total pot $48 | Rake $0.50
Board [4d Td Ad 9h 7c]
Seat 1: Zubasa07 (big blind) mucked
Seat 4: Actionni13 (button) (small blind) showed [4s 7d] and won ($47.50) with two pair, Sevens and Fours


