PokerStars Hand #158218986009:  Hold'em Limit ($3/$6 USD) - 2016/09/05 19:43:16 ET
Table 'Alamak' 10-max Seat #2 is the button
Seat 1: Zubasa07 ($499 in chips)
Seat 2: ssnrub ($121 in chips)
ssnrub: posts small blind $1
Zubasa07: posts big blind $3
*** HOLE CARDS ***
ssnrub: raises $3 to $6
Zubasa07: raises $3 to $9
ssnrub: calls $3
*** FLOP *** [Tc 4c 9h]
Zubasa07: bets $3
ssnrub: calls $3
*** TURN *** [Tc 4c 9h] [Ah]
Zubasa07: bets $6
ssnrub: raises $6 to $12
Zubasa07: raises $6 to $18
ssnrub: folds
Uncalled bet ($6) returned to Zubasa07
Zubasa07 collected $47.50 from pot
Zubasa07: doesn't show hand
*** SUMMARY ***
Total pot $48 | Rake $0.50
Board [Tc 4c 9h Ah]
Seat 1: Zubasa07 (big blind) collected ($47.50)
Seat 2: ssnrub (button) (small blind) folded on the Turn


PokerStars Hand #158219008395:  Hold'em Limit ($3/$6 USD) - 2016/09/05 19:43:57 ET
Table 'Alamak' 10-max Seat #1 is the button
Seat 1: Zubasa07 ($522.50 in chips)
Seat 2: ssnrub ($97 in chips)
Zubasa07: posts small blind $1
ssnrub: posts big blind $3
*** HOLE CARDS ***
Zubasa07: raises $3 to $6
ssnrub: raises $3 to $9
Zubasa07: calls $3
*** FLOP *** [3s 2d 8d]
ssnrub: bets $3
Zubasa07: calls $3
*** TURN *** [3s 2d 8d] [9c]
ssnrub: bets $6
Zubasa07: raises $6 to $12
ssnrub: calls $6
*** RIVER *** [3s 2d 8d 9c] [7h]
ssnrub: bets $6
BuzovaPro joins the table at seat #3
Zubasa07: raises $6 to $12
ssnrub: calls $6
*** SHOW DOWN ***
Zubasa07: shows [Jd Td] (a straight, Seven to Jack)
ssnrub: mucks hand
Zubasa07 collected $71.50 from pot
*** SUMMARY ***
Total pot $72 | Rake $0.50
Board [3s 2d 8d 9c 7h]
Seat 1: Zubasa07 (button) (small blind) showed [Jd Td] and won ($71.50) with a straight, Seven to Jack
Seat 2: ssnrub (big blind) mucked


PokerStars Hand #158219437291:  Hold'em Limit ($3/$6 USD) - 2016/09/05 19:57:39 ET
Table 'Alamak' 10-max Seat #4 is the button
Seat 2: ssnrub ($243.97 in chips)
Seat 4: ToDaFelt ($209.37 in chips)
Zubasa07 will be allowed to play after the button
ToDaFelt: posts small blind $1
ssnrub: posts big blind $3
*** HOLE CARDS ***
ToDaFelt: raises $3 to $6
ssnrub: calls $3
*** FLOP *** [3h Ah 5h]
ssnrub: checks
ToDaFelt: bets $3
ssnrub: calls $3
*** TURN *** [3h Ah 5h] [6h]
ssnrub: bets $6
ToDaFelt: calls $6
*** RIVER *** [3h Ah 5h 6h] [6d]
ssnrub: bets $6
ToDaFelt: calls $6
*** SHOW DOWN ***
ssnrub: shows [9s 6c] (three of a kind, Sixes)
ToDaFelt: mucks hand
ssnrub collected $41.50 from pot
*** SUMMARY ***
Total pot $42 | Rake $0.50
Board [3h Ah 5h 6h 6d]
Seat 2: ssnrub (big blind) showed [9s 6c] and won ($41.50) with three of a kind, Sixes
Seat 4: ToDaFelt (button) (small blind) mucked


