PokerStars Hand #155758877882:  Hold'em Limit ($3/$6 USD) - 2016/07/09 13:10:52 ET
Table 'Alaraph' 6-max Seat #5 is the button
Seat 3: Pete Barber! ($86 in chips)
Seat 5: DonRumato ($213.11 in chips)
DonRumato: posts small blind $1
Mordnilap: is sitting out
Pete Barber!: posts big blind $3
*** HOLE CARDS ***
DonRumato: raises $3 to $6
Pete Barber!: folds
Uncalled bet ($3) returned to DonRumato
Mordnilap leaves the table
DonRumato collected $6 from pot
*** SUMMARY ***
Total pot $6 | Rake $0
Seat 3: Pete Barber! (big blind) folded before Flop
Seat 5: DonRumato (button) (small blind) collected ($6)


PokerStars Hand #155758885974:  Hold'em Limit ($3/$6 USD) - 2016/07/09 13:11:03 ET
Table 'Alaraph' 6-max Seat #3 is the button
Seat 3: Pete Barber! ($83 in chips)
Seat 5: DonRumato ($216.11 in chips)
Pete Barber!: posts small blind $1
DonRumato: posts big blind $3
*** HOLE CARDS ***
Pete Barber!: raises $3 to $6
DonRumato: folds
Uncalled bet ($3) returned to Pete Barber!
Pete Barber! collected $6 from pot
Pete Barber!: doesn't show hand
*** SUMMARY ***
Total pot $6 | Rake $0
Seat 3: Pete Barber! (button) (small blind) collected ($6)
Seat 5: DonRumato (big blind) folded before Flop


PokerStars Hand #155759987795:  Hold'em Limit ($3/$6 USD) - 2016/07/09 13:37:17 ET
Table 'Alaraph' 6-max Seat #4 is the button
Seat 4: Mordnilap ($72 in chips)
Seat 6: childbossy1 ($40.15 in chips)
Mordnilap: posts small blind $1
childbossy1: posts big blind $3
*** HOLE CARDS ***
Mordnilap: raises $3 to $6
childbossy1: calls $3
*** FLOP *** [Ts Qc Qs]
childbossy1: bets $3
Mordnilap: calls $3
*** TURN *** [Ts Qc Qs] [3c]
childbossy1: checks
Mordnilap: bets $6
Tryptamean joins the table at seat #1
childbossy1: calls $6
*** RIVER *** [Ts Qc Qs 3c] [5d]
childbossy1: bets $6
Mordnilap: calls $6
*** SHOW DOWN ***
childbossy1: shows [Kh 5h] (two pair, Queens and Fives)
Mordnilap: mucks hand
childbossy1 collected $41.50 from pot
*** SUMMARY ***
Total pot $42 | Rake $0.50
Board [Ts Qc Qs 3c 5d]
Seat 4: Mordnilap (button) (small blind) mucked
Seat 6: childbossy1 (big blind) showed [Kh 5h] and won ($41.50) with two pair, Queens and Fives


PokerStars Hand #155759977094:  Hold'em Limit ($3/$6 USD) - 2016/07/09 13:37:02 ET
Table 'Alaraph' 6-max Seat #6 is the button
Seat 4: Mordnilap ($72 in chips)
Seat 6: childbossy1 ($37.27 in chips)
childbossy1: posts small blind $1
Mordnilap: posts big blind $3
*** HOLE CARDS ***
childbossy1: calls $2
Mordnilap: checks
*** FLOP *** [7h Th Qh]
Mordnilap: checks
childbossy1: bets $3
Mordnilap: folds
Uncalled bet ($3) returned to childbossy1
childbossy1 collected $5.88 from pot
childbossy1: doesn't show hand
*** SUMMARY ***
Total pot $6 | Rake $0.12
Board [7h Th Qh]
Seat 4: Mordnilap (big blind) folded on the Flop
Seat 6: childbossy1 (button) (small blind) collected ($5.88)


PokerStars Hand #155761097433:  Hold'em Limit ($3/$6 USD) - 2016/07/09 14:05:54 ET
Table 'Alaraph' 6-max Seat #1 is the button
Seat 1: Tryptamean ($150.49 in chips)
Seat 3: wuck249 ($100 in chips)
Tryptamean: posts small blind $1
wuck249: posts big blind $3
*** HOLE CARDS ***
Tryptamean: raises $3 to $6
wuck249: folds
Uncalled bet ($3) returned to Tryptamean
Tryptamean collected $6 from pot
Tryptamean: doesn't show hand
*** SUMMARY ***
Total pot $6 | Rake $0
Seat 1: Tryptamean (button) (small blind) collected ($6)
Seat 3: wuck249 (big blind) folded before Flop


PokerStars Hand #155761110357:  Hold'em Limit ($3/$6 USD) - 2016/07/09 14:06:11 ET
Table 'Alaraph' 6-max Seat #3 is the button
Seat 1: Tryptamean ($153.49 in chips)
Seat 3: wuck249 ($97 in chips)
wuck249: posts small blind $1
Tryptamean: posts big blind $3
*** HOLE CARDS ***
wuck249: raises $3 to $6
Tryptamean: raises $3 to $9
wuck249: calls $3
*** FLOP *** [3c Tc 5c]
Tryptamean: bets $3
wuck249: folds
Uncalled bet ($3) returned to Tryptamean
Tryptamean collected $17.64 from pot
Tryptamean: doesn't show hand
*** SUMMARY ***
Total pot $18 | Rake $0.36
Board [3c Tc 5c]
Seat 1: Tryptamean (big blind) collected ($17.64)
Seat 3: wuck249 (button) (small blind) folded on the Flop


PokerStars Hand #155761128883:  Hold'em Limit ($3/$6 USD) - 2016/07/09 14:06:38 ET
Table 'Alaraph' 6-max Seat #1 is the button
Seat 1: Tryptamean ($162.13 in chips)
Seat 3: wuck249 ($88 in chips)
Tryptamean: posts small blind $1
wuck249: posts big blind $3
*** HOLE CARDS ***
Warner13 joins the table at seat #4
Tryptamean: raises $3 to $6
wuck249: folds
Uncalled bet ($3) returned to Tryptamean
Tryptamean collected $6 from pot
Tryptamean: doesn't show hand
*** SUMMARY ***
Total pot $6 | Rake $0
Seat 1: Tryptamean (button) (small blind) collected ($6)
Seat 3: wuck249 (big blind) folded before Flop


