PokerStars Hand #164293619142:  Hold'em Limit ($3/$6 USD) - 2017/01/09 9:39:16 ET
Table 'Alaraph' 6-max Seat #5 is the button
Seat 3: slavii0o0 ($76.62 in chips)
Seat 5: TinaTurner72 ($99 in chips)
TinaTurner72: posts small blind $1
slavii0o0: posts big blind $3
*** HOLE CARDS ***
TinaTurner72: raises $3 to $6
slavii0o0: calls $3
*** FLOP *** [Qd 9c 8c]
slavii0o0: checks
TinaTurner72: bets $3
slavii0o0: calls $3
*** TURN *** [Qd 9c 8c] [Td]
slavii0o0: checks
TinaTurner72: bets $6
slavii0o0: calls $6
*** RIVER *** [Qd 9c 8c Td] [6s]
slavii0o0: bets $6
TinaTurner72: raises $6 to $12
slavii0o0: calls $6
*** SHOW DOWN ***
TinaTurner72: shows [9d Js] (a straight, Eight to Queen)
slavii0o0: shows [9s Jc] (a straight, Eight to Queen)
slavii0o0 collected $26.75 from pot
TinaTurner72 collected $26.75 from pot
*** SUMMARY ***
Total pot $54 | Rake $0.50
Board [Qd 9c 8c Td 6s]
Seat 3: slavii0o0 (big blind) showed [9s Jc] and won ($26.75) with a straight, Eight to Queen
Seat 5: TinaTurner72 (button) (small blind) showed [9d Js] and won ($26.75) with a straight, Eight to Queen


PokerStars Hand #164293635560:  Hold'em Limit ($3/$6 USD) - 2017/01/09 9:39:40 ET
Table 'Alaraph' 6-max Seat #3 is the button
Seat 3: slavii0o0 ($76.37 in chips)
Seat 5: TinaTurner72 ($98.75 in chips)
slavii0o0: posts small blind $1
TinaTurner72: posts big blind $3
*** HOLE CARDS ***
slavii0o0: raises $3 to $6
TinaTurner72: calls $3
*** FLOP *** [3h 6d 2c]
TinaTurner72: checks
slavii0o0: bets $3
TinaTurner72: calls $3
*** TURN *** [3h 6d 2c] [Qd]
TinaTurner72: checks
slavii0o0: bets $6
TinaTurner72: calls $6
*** RIVER *** [3h 6d 2c Qd] [Jc]
TinaTurner72: checks
slavii0o0: bets $6
TinaTurner72: calls $6
*** SHOW DOWN ***
slavii0o0: shows [Jh Js] (three of a kind, Jacks)
TinaTurner72: mucks hand
slavii0o0 collected $41.50 from pot
*** SUMMARY ***
Total pot $42 | Rake $0.50
Board [3h 6d 2c Qd Jc]
Seat 3: slavii0o0 (button) (small blind) showed [Jh Js] and won ($41.50) with three of a kind, Jacks
Seat 5: TinaTurner72 (big blind) mucked


PokerStars Hand #164293655449:  Hold'em Limit ($3/$6 USD) - 2017/01/09 9:40:11 ET
Table 'Alaraph' 6-max Seat #5 is the button
Seat 3: slavii0o0 ($96.87 in chips)
Seat 5: TinaTurner72 ($77.75 in chips)
TinaTurner72: posts small blind $1
slavii0o0: posts big blind $3
*** HOLE CARDS ***
TinaTurner72: raises $3 to $6
slavii0o0: calls $3
*** FLOP *** [Js 9c 4d]
slavii0o0: checks
TinaTurner72: bets $3
slavii0o0: calls $3
*** TURN *** [Js 9c 4d] [5s]
slavii0o0: checks
TinaTurner72: checks
*** RIVER *** [Js 9c 4d 5s] [6h]
slavii0o0: checks
TinaTurner72: bets $6
slavii0o0: folds
Uncalled bet ($6) returned to TinaTurner72
TinaTurner72 collected $17.64 from pot
TinaTurner72: doesn't show hand
*** SUMMARY ***
Total pot $18 | Rake $0.36
Board [Js 9c 4d 5s 6h]
Seat 3: slavii0o0 (big blind) folded on the River
Seat 5: TinaTurner72 (button) (small blind) collected ($17.64)


PokerStars Hand #164293674943:  Hold'em Limit ($3/$6 USD) - 2017/01/09 9:40:39 ET
Table 'Alaraph' 6-max Seat #3 is the button
Seat 3: slavii0o0 ($87.87 in chips)
Seat 5: TinaTurner72 ($86.39 in chips)
slavii0o0: posts small blind $1
TinaTurner72: posts big blind $3
*** HOLE CARDS ***
slavii0o0: folds
Uncalled bet ($2) returned to TinaTurner72
TinaTurner72 collected $2 from pot
TinaTurner72: doesn't show hand
*** SUMMARY ***
Total pot $2 | Rake $0
Seat 3: slavii0o0 (button) (small blind) folded before Flop
Seat 5: TinaTurner72 (big blind) collected ($2)


PokerStars Hand #164293678273:  Hold'em Limit ($3/$6 USD) - 2017/01/09 9:40:44 ET
Table 'Alaraph' 6-max Seat #5 is the button
Seat 3: slavii0o0 ($86.87 in chips)
Seat 5: TinaTurner72 ($87.39 in chips)
TinaTurner72: posts small blind $1
slavii0o0: posts big blind $3
*** HOLE CARDS ***
TinaTurner72: raises $3 to $6
slavii0o0: calls $3
*** FLOP *** [8c 2h 7c]
slavii0o0: checks
TinaTurner72: bets $3
slavii0o0: calls $3
*** TURN *** [8c 2h 7c] [Qs]
slavii0o0: checks
TinaTurner72: bets $6
slavii0o0: calls $6
*** RIVER *** [8c 2h 7c Qs] [As]
slavii0o0: checks
TinaTurner72: bets $6
slavii0o0: calls $6
*** SHOW DOWN ***
TinaTurner72: shows [Kd Ah] (a pair of Aces)
slavii0o0: mucks hand
TinaTurner72 collected $41.50 from pot
*** SUMMARY ***
Total pot $42 | Rake $0.50
Board [8c 2h 7c Qs As]
Seat 3: slavii0o0 (big blind) mucked
Seat 5: TinaTurner72 (button) (small blind) showed [Kd Ah] and won ($41.50) with a pair of Aces


PokerStars Hand #164293704924:  Hold'em Limit ($3/$6 USD) - 2017/01/09 9:41:24 ET
Table 'Alaraph' 6-max Seat #5 is the button
Seat 3: slavii0o0 ($56.87 in chips)
Seat 5: TinaTurner72 ($116.53 in chips)
TinaTurner72: posts small blind $1
slavii0o0: posts big blind $3
*** HOLE CARDS ***
TinaTurner72: folds
Uncalled bet ($2) returned to slavii0o0
slavii0o0 collected $2 from pot
*** SUMMARY ***
Total pot $2 | Rake $0
Seat 3: slavii0o0 (big blind) collected ($2)
Seat 5: TinaTurner72 (button) (small blind) folded before Flop


PokerStars Hand #164293697023:  Hold'em Limit ($3/$6 USD) - 2017/01/09 9:41:12 ET
Table 'Alaraph' 6-max Seat #3 is the button
Seat 3: slavii0o0 ($65.87 in chips)
Seat 5: TinaTurner72 ($107.89 in chips)
slavii0o0: posts small blind $1
TinaTurner72: posts big blind $3
*** HOLE CARDS ***
slavii0o0: raises $3 to $6
TinaTurner72: raises $3 to $9
slavii0o0: calls $3
*** FLOP *** [2d Kh 3h]
TinaTurner72: bets $3
slavii0o0: folds
Uncalled bet ($3) returned to TinaTurner72
TinaTurner72 collected $17.64 from pot
TinaTurner72: doesn't show hand
*** SUMMARY ***
Total pot $18 | Rake $0.36
Board [2d Kh 3h]
Seat 3: slavii0o0 (button) (small blind) folded on the Flop
Seat 5: TinaTurner72 (big blind) collected ($17.64)


PokerStars Hand #164293708862:  Hold'em Limit ($3/$6 USD) - 2017/01/09 9:41:30 ET
Table 'Alaraph' 6-max Seat #3 is the button
Seat 3: slavii0o0 ($57.87 in chips)
Seat 5: TinaTurner72 ($115.53 in chips)
slavii0o0: posts small blind $1
TinaTurner72: posts big blind $3
*** HOLE CARDS ***
slavii0o0: folds
Uncalled bet ($2) returned to TinaTurner72
TinaTurner72 collected $2 from pot
TinaTurner72: doesn't show hand
*** SUMMARY ***
Total pot $2 | Rake $0
Seat 3: slavii0o0 (button) (small blind) folded before Flop
Seat 5: TinaTurner72 (big blind) collected ($2)


PokerStars Hand #164293712166:  Hold'em Limit ($3/$6 USD) - 2017/01/09 9:41:35 ET
Table 'Alaraph' 6-max Seat #5 is the button
Seat 3: slavii0o0 ($56.87 in chips)
Seat 5: TinaTurner72 ($116.53 in chips)
TinaTurner72: posts small blind $1
slavii0o0: posts big blind $3
*** HOLE CARDS ***
TinaTurner72: raises $3 to $6
slavii0o0: folds
Uncalled bet ($3) returned to TinaTurner72
TinaTurner72 collected $6 from pot
TinaTurner72: doesn't show hand
*** SUMMARY ***
Total pot $6 | Rake $0
Seat 3: slavii0o0 (big blind) folded before Flop
Seat 5: TinaTurner72 (button) (small blind) collected ($6)


PokerStars Hand #164293718655:  Hold'em Limit ($3/$6 USD) - 2017/01/09 9:41:44 ET
Table 'Alaraph' 6-max Seat #3 is the button
Seat 3: slavii0o0 ($53.87 in chips)
Seat 5: TinaTurner72 ($119.53 in chips)
slavii0o0: posts small blind $1
TinaTurner72: posts big blind $3
*** HOLE CARDS ***
slavii0o0: raises $3 to $6
TinaTurner72: raises $3 to $9
slavii0o0: calls $3
*** FLOP *** [Jc 2h Ks]
TinaTurner72: bets $3
slavii0o0: calls $3
*** TURN *** [Jc 2h Ks] [6s]
TinaTurner72: checks
slavii0o0: bets $6
TinaTurner72: calls $6
*** RIVER *** [Jc 2h Ks 6s] [7h]
TinaTurner72: bets $6
slavii0o0: raises $6 to $12
TinaTurner72: calls $6
*** SHOW DOWN ***
slavii0o0: shows [Kc 7d] (two pair, Kings and Sevens)
TinaTurner72: mucks hand
slavii0o0 collected $59.50 from pot
*** SUMMARY ***
Total pot $60 | Rake $0.50
Board [Jc 2h Ks 6s 7h]
Seat 3: slavii0o0 (button) (small blind) showed [Kc 7d] and won ($59.50) with two pair, Kings and Sevens
Seat 5: TinaTurner72 (big blind) mucked


PokerStars Hand #164293748673:  Hold'em Limit ($3/$6 USD) - 2017/01/09 9:42:29 ET
Table 'Alaraph' 6-max Seat #5 is the button
Seat 3: slavii0o0 ($83.37 in chips)
Seat 5: TinaTurner72 ($89.53 in chips)
TinaTurner72: posts small blind $1
slavii0o0: posts big blind $3
*** HOLE CARDS ***
TinaTurner72: raises $3 to $6
slavii0o0: calls $3
*** FLOP *** [2h Ks 7h]
slavii0o0: checks
TinaTurner72: bets $3
slavii0o0: calls $3
*** TURN *** [2h Ks 7h] [Qs]
slavii0o0: checks
TinaTurner72: bets $6
slavii0o0: raises $6 to $12
TinaTurner72: calls $6
*** RIVER *** [2h Ks 7h Qs] [3c]
slavii0o0: bets $6
TinaTurner72: calls $6
*** SHOW DOWN ***
slavii0o0: shows [Ah Ad] (a pair of Aces)
TinaTurner72: mucks hand
slavii0o0 collected $53.50 from pot
*** SUMMARY ***
Total pot $54 | Rake $0.50
Board [2h Ks 7h Qs 3c]
Seat 3: slavii0o0 (big blind) showed [Ah Ad] and won ($53.50) with a pair of Aces
Seat 5: TinaTurner72 (button) (small blind) mucked


PokerStars Hand #164293768708:  Hold'em Limit ($3/$6 USD) - 2017/01/09 9:42:58 ET
Table 'Alaraph' 6-max Seat #3 is the button
Seat 3: slavii0o0 ($109.87 in chips)
Seat 5: TinaTurner72 ($62.53 in chips)
slavii0o0: posts small blind $1
TinaTurner72: posts big blind $3
*** HOLE CARDS ***
slavii0o0: raises $3 to $6
TinaTurner72: calls $3
*** FLOP *** [Ks 9s 4c]
TinaTurner72: checks
slavii0o0: bets $3
TinaTurner72: calls $3
*** TURN *** [Ks 9s 4c] [Qd]
TinaTurner72: checks
slavii0o0: checks
*** RIVER *** [Ks 9s 4c Qd] [Qh]
TinaTurner72: checks
slavii0o0: bets $6
miezemuis joins the table at seat #1
TinaTurner72: calls $6
*** SHOW DOWN ***
slavii0o0: shows [Jh 9d] (two pair, Queens and Nines)
TinaTurner72: mucks hand
slavii0o0 collected $29.50 from pot
*** SUMMARY ***
Total pot $30 | Rake $0.50
Board [Ks 9s 4c Qd Qh]
Seat 3: slavii0o0 (button) (small blind) showed [Jh 9d] and won ($29.50) with two pair, Queens and Nines
Seat 5: TinaTurner72 (big blind) mucked


PokerStars Hand #164293815501:  Hold'em Limit ($3/$6 USD) - 2017/01/09 9:44:07 ET
Table 'Alaraph' 6-max Seat #1 is the button
Seat 1: miezemuis ($121 in chips)
Seat 3: slavii0o0 ($117.37 in chips)
miezemuis: posts small blind $1
slavii0o0: posts big blind $3
*** HOLE CARDS ***
miezemuis: raises $3 to $6
slavii0o0: calls $3
*** FLOP *** [Kd 8h As]
slavii0o0: checks
miezemuis: bets $3
slavii0o0: folds
Uncalled bet ($3) returned to miezemuis
miezemuis collected $11.76 from pot
miezemuis: doesn't show hand
*** SUMMARY ***
Total pot $12 | Rake $0.24
Board [Kd 8h As]
Seat 1: miezemuis (button) (small blind) collected ($11.76)
Seat 3: slavii0o0 (big blind) folded on the Flop


PokerStars Hand #164293811623:  Hold'em Limit ($3/$6 USD) - 2017/01/09 9:44:02 ET
Table 'Alaraph' 6-max Seat #3 is the button
Seat 1: miezemuis ($120 in chips)
Seat 3: slavii0o0 ($118.37 in chips)
slavii0o0: posts small blind $1
TinaTurner72: is sitting out
miezemuis: posts big blind $3
*** HOLE CARDS ***
slavii0o0: folds
Uncalled bet ($2) returned to miezemuis
miezemuis collected $2 from pot
miezemuis: doesn't show hand
*** SUMMARY ***
Total pot $2 | Rake $0
Seat 1: miezemuis (big blind) collected ($2)
Seat 3: slavii0o0 (button) (small blind) folded before Flop


PokerStars Hand #164293821972:  Hold'em Limit ($3/$6 USD) - 2017/01/09 9:44:17 ET
Table 'Alaraph' 6-max Seat #3 is the button
Seat 1: miezemuis ($126.76 in chips)
Seat 3: slavii0o0 ($111.37 in chips)
slavii0o0: posts small blind $1
miezemuis: posts big blind $3
*** HOLE CARDS ***
slavii0o0: raises $3 to $6
miezemuis: calls $3
*** FLOP *** [4s 4d Kd]
miezemuis: checks
slavii0o0: bets $3
miezemuis: folds
Uncalled bet ($3) returned to slavii0o0
slavii0o0 collected $11.76 from pot
*** SUMMARY ***
Total pot $12 | Rake $0.24
Board [4s 4d Kd]
Seat 1: miezemuis (big blind) folded on the Flop
Seat 3: slavii0o0 (button) (small blind) collected ($11.76)


PokerStars Hand #164293851562:  Hold'em Limit ($3/$6 USD) - 2017/01/09 9:45:00 ET
Table 'Alaraph' 6-max Seat #1 is the button
Seat 1: miezemuis ($81.76 in chips)
Seat 3: slavii0o0 ($155.13 in chips)
miezemuis: posts small blind $1
slavii0o0: posts big blind $3
*** HOLE CARDS ***
miezemuis: raises $3 to $6
slavii0o0: calls $3
*** FLOP *** [Tc 3d Td]
slavii0o0: checks
miezemuis: bets $3
slavii0o0: calls $3
*** TURN *** [Tc 3d Td] [9h]
slavii0o0: checks
miezemuis: bets $6
slavii0o0: folds
Uncalled bet ($6) returned to miezemuis
miezemuis collected $17.64 from pot
*** SUMMARY ***
Total pot $18 | Rake $0.36
Board [Tc 3d Td 9h]
Seat 1: miezemuis (button) (small blind) collected ($17.64)
Seat 3: slavii0o0 (big blind) folded on the Turn


PokerStars Hand #164293840446:  Hold'em Limit ($3/$6 USD) - 2017/01/09 9:44:44 ET
Table 'Alaraph' 6-max Seat #3 is the button
Seat 1: miezemuis ($99.76 in chips)
Seat 3: slavii0o0 ($137.63 in chips)
slavii0o0: posts small blind $1
miezemuis: posts big blind $3
*** HOLE CARDS ***
slavii0o0: raises $3 to $6
miezemuis: calls $3
*** FLOP *** [Ts 4h 7d]
miezemuis: checks
slavii0o0: checks
*** TURN *** [Ts 4h 7d] [5c]
miezemuis: bets $6
slavii0o0: calls $6
*** RIVER *** [Ts 4h 7d 5c] [3d]
miezemuis: bets $6
slavii0o0: raises $6 to $12
miezemuis: folds
Uncalled bet ($6) returned to slavii0o0
slavii0o0 collected $35.50 from pot
*** SUMMARY ***
Total pot $36 | Rake $0.50
Board [Ts 4h 7d 5c 3d]
Seat 1: miezemuis (big blind) folded on the River
Seat 3: slavii0o0 (button) (small blind) collected ($35.50)


PokerStars Hand #164293827530:  Hold'em Limit ($3/$6 USD) - 2017/01/09 9:44:25 ET
Table 'Alaraph' 6-max Seat #1 is the button
Seat 1: miezemuis ($120.76 in chips)
Seat 3: slavii0o0 ($117.13 in chips)
miezemuis: posts small blind $1
slavii0o0: posts big blind $3
*** HOLE CARDS ***
TinaTurner72 leaves the table
miezemuis: raises $3 to $6
slavii0o0: calls $3
*** FLOP *** [Td 9h 5d]
slavii0o0: checks
miezemuis: bets $3
slavii0o0: calls $3
*** TURN *** [Td 9h 5d] [3d]
slavii0o0: checks
miezemuis: bets $6
slavii0o0: calls $6
*** RIVER *** [Td 9h 5d 3d] [9s]
slavii0o0: checks
miezemuis: bets $6
slavii0o0: calls $6
*** SHOW DOWN ***
miezemuis: shows [8h Qd] (a pair of Nines)
slavii0o0: shows [5h Qs] (two pair, Nines and Fives)
slavii0o0 collected $41.50 from pot
*** SUMMARY ***
Total pot $42 | Rake $0.50
Board [Td 9h 5d 3d 9s]
Seat 1: miezemuis (button) (small blind) showed [8h Qd] and lost with a pair of Nines
Seat 3: slavii0o0 (big blind) showed [5h Qs] and won ($41.50) with two pair, Nines and Fives


PokerStars Hand #164293893033:  Hold'em Limit ($3/$6 USD) - 2017/01/09 9:46:02 ET
Table 'Alaraph' 6-max Seat #1 is the button
Seat 1: miezemuis ($95.54 in chips)
Seat 3: slavii0o0 ($139.63 in chips)
miezemuis: posts small blind $1
slavii0o0: posts big blind $3
*** HOLE CARDS ***
miezemuis: raises $3 to $6
slavii0o0: calls $3
*** FLOP *** [Qs 6d 2h]
slavii0o0: checks
miezemuis: bets $3
slavii0o0: calls $3
*** TURN *** [Qs 6d 2h] [9h]
slavii0o0: checks
miezemuis: checks
*** RIVER *** [Qs 6d 2h 9h] [8s]
slavii0o0: checks
miezemuis: checks
*** SHOW DOWN ***
slavii0o0: shows [Ad 2d] (a pair of Deuces)
miezemuis: mucks hand
slavii0o0 collected $17.64 from pot
*** SUMMARY ***
Total pot $18 | Rake $0.36
Board [Qs 6d 2h 9h 8s]
Seat 1: miezemuis (button) (small blind) mucked
Seat 3: slavii0o0 (big blind) showed [Ad 2d] and won ($17.64) with a pair of Deuces


PokerStars Hand #164293880577:  Hold'em Limit ($3/$6 USD) - 2017/01/09 9:45:43 ET
Table 'Alaraph' 6-max Seat #3 is the button
Seat 1: miezemuis ($78.04 in chips)
Seat 3: slavii0o0 ($157.63 in chips)
slavii0o0: posts small blind $1
miezemuis: posts big blind $3
*** HOLE CARDS ***
slavii0o0: raises $3 to $6
miezemuis: raises $3 to $9
slavii0o0: calls $3
*** FLOP *** [Ah 7d Ad]
miezemuis: bets $3
slavii0o0: calls $3
*** TURN *** [Ah 7d Ad] [Qc]
miezemuis: bets $6
slavii0o0: calls $6
*** RIVER *** [Ah 7d Ad Qc] [Qh]
miezemuis: checks
slavii0o0: checks
*** SHOW DOWN ***
miezemuis: shows [Jh 9h] (two pair, Aces and Queens)
slavii0o0: mucks hand
miezemuis collected $35.50 from pot
*** SUMMARY ***
Total pot $36 | Rake $0.50
Board [Ah 7d Ad Qc Qh]
Seat 1: miezemuis (big blind) showed [Jh 9h] and won ($35.50) with two pair, Aces and Queens
Seat 3: slavii0o0 (button) (small blind) mucked


PokerStars Hand #164293867812:  Hold'em Limit ($3/$6 USD) - 2017/01/09 9:45:25 ET
Table 'Alaraph' 6-max Seat #1 is the button
Seat 1: miezemuis ($99.04 in chips)
Seat 3: slavii0o0 ($137.13 in chips)
miezemuis: posts small blind $1
slavii0o0: posts big blind $3
*** HOLE CARDS ***
miezemuis: raises $3 to $6
slavii0o0: calls $3
*** FLOP *** [Ks 7d 3s]
slavii0o0: checks
miezemuis: bets $3
slavii0o0: calls $3
*** TURN *** [Ks 7d 3s] [Js]
slavii0o0: checks
miezemuis: bets $6
slavii0o0: calls $6
*** RIVER *** [Ks 7d 3s Js] [9s]
slavii0o0: checks
miezemuis: bets $6
slavii0o0: calls $6
*** SHOW DOWN ***
miezemuis: shows [5h Th] (high card King)
slavii0o0: shows [7h 6s] (a flush, King high)
slavii0o0 collected $41.50 from pot
*** SUMMARY ***
Total pot $42 | Rake $0.50
Board [Ks 7d 3s Js 9s]
Seat 1: miezemuis (button) (small blind) showed [5h Th] and lost with high card King
Seat 3: slavii0o0 (big blind) showed [7h 6s] and won ($41.50) with a flush, King high


PokerStars Hand #164293861008:  Hold'em Limit ($3/$6 USD) - 2017/01/09 9:45:15 ET
Table 'Alaraph' 6-max Seat #3 is the button
Seat 1: miezemuis ($90.40 in chips)
Seat 3: slavii0o0 ($146.13 in chips)
slavii0o0: posts small blind $1
miezemuis: posts big blind $3
*** HOLE CARDS ***
slavii0o0: raises $3 to $6
miezemuis: calls $3
*** FLOP *** [7c Qh 2c]
miezemuis: checks
slavii0o0: bets $3
miezemuis: raises $3 to $6
slavii0o0: folds
Uncalled bet ($3) returned to miezemuis
miezemuis collected $17.64 from pot
miezemuis: doesn't show hand
*** SUMMARY ***
Total pot $18 | Rake $0.36
Board [7c Qh 2c]
Seat 1: miezemuis (big blind) collected ($17.64)
Seat 3: slavii0o0 (button) (small blind) folded on the Flop


PokerStars Hand #164293923135:  Hold'em Limit ($3/$6 USD) - 2017/01/09 9:46:47 ET
Table 'Alaraph' 6-max Seat #3 is the button
Seat 1: miezemuis ($41.54 in chips)
Seat 3: slavii0o0 ($192.27 in chips)
slavii0o0: posts small blind $1
miezemuis: posts big blind $3
*** HOLE CARDS ***
slavii0o0: raises $3 to $6
miezemuis: folds
Uncalled bet ($3) returned to slavii0o0
miezemuis leaves the table
slavii0o0 collected $6 from pot
*** SUMMARY ***
Total pot $6 | Rake $0
Seat 1: miezemuis (big blind) folded before Flop
Seat 3: slavii0o0 (button) (small blind) collected ($6)


PokerStars Hand #164293911786:  Hold'em Limit ($3/$6 USD) - 2017/01/09 9:46:30 ET
Table 'Alaraph' 6-max Seat #1 is the button
Seat 1: miezemuis ($68.54 in chips)
Seat 3: slavii0o0 ($165.77 in chips)
miezemuis: posts small blind $1
slavii0o0: posts big blind $3
*** HOLE CARDS ***
miezemuis: raises $3 to $6
slavii0o0: calls $3
*** FLOP *** [7s 8c 6s]
slavii0o0: checks
miezemuis: bets $3
slavii0o0: calls $3
*** TURN *** [7s 8c 6s] [3d]
slavii0o0: checks
miezemuis: bets $6
slavii0o0: raises $6 to $12
miezemuis: calls $6
*** RIVER *** [7s 8c 6s 3d] [Ah]
slavii0o0: bets $6
miezemuis: calls $6
*** SHOW DOWN ***
slavii0o0: shows [7c 7d] (three of a kind, Sevens)
miezemuis: mucks hand
slavii0o0 collected $53.50 from pot
*** SUMMARY ***
Total pot $54 | Rake $0.50
Board [7s 8c 6s 3d Ah]
Seat 1: miezemuis (button) (small blind) mucked
Seat 3: slavii0o0 (big blind) showed [7c 7d] and won ($53.50) with three of a kind, Sevens


PokerStars Hand #164293902549:  Hold'em Limit ($3/$6 USD) - 2017/01/09 9:46:16 ET
Table 'Alaraph' 6-max Seat #3 is the button
Seat 1: miezemuis ($86.54 in chips)
Seat 3: slavii0o0 ($148.27 in chips)
slavii0o0: posts small blind $1
miezemuis: posts big blind $3
*** HOLE CARDS ***
slavii0o0: raises $3 to $6
miezemuis: calls $3
*** FLOP *** [Js 2d 9c]
miezemuis: checks
slavii0o0: checks
*** TURN *** [Js 2d 9c] [As]
miezemuis: checks
slavii0o0: checks
*** RIVER *** [Js 2d 9c As] [7h]
miezemuis: bets $6
slavii0o0: raises $6 to $12
miezemuis: calls $6
*** SHOW DOWN ***
slavii0o0: shows [Ad 7d] (two pair, Aces and Sevens)
miezemuis: mucks hand
slavii0o0 collected $35.50 from pot
*** SUMMARY ***
Total pot $36 | Rake $0.50
Board [Js 2d 9c As 7h]
Seat 1: miezemuis (big blind) mucked
Seat 3: slavii0o0 (button) (small blind) showed [Ad 7d] and won ($35.50) with two pair, Aces and Sevens


