PokerStars Hand #150481387131:  Hold'em Limit ($3/$6 USD) - 2016/03/17 6:03:09 ET
Table 'Alaraph' 6-max Seat #2 is the button
Seat 1: _fayzulllo_ ($72 in chips)
Seat 2: kolaz03 ($72 in chips)
kolaz03: posts small blind $1
Ale4o joins the table at seat #3
BuzovaPro: is sitting out
_fayzulllo_: posts big blind $3
*** HOLE CARDS ***
BuzovaPro leaves the table
kolaz03: raises $3 to $6
_fayzulllo_: calls $3
*** FLOP *** [Ts Th 7d]
_fayzulllo_: checks
kolaz03: bets $3
_fayzulllo_: calls $3
*** TURN *** [Ts Th 7d] [6d]
_fayzulllo_: checks
kolaz03: bets $6
_fayzulllo_: folds
Uncalled bet ($6) returned to kolaz03
kolaz03 collected $17.64 from pot
kolaz03: doesn't show hand
*** SUMMARY ***
Total pot $18 | Rake $0.36
Board [Ts Th 7d 6d]
Seat 1: _fayzulllo_ (big blind) folded on the Turn
Seat 2: kolaz03 (button) (small blind) collected ($17.64)


PokerStars Hand #150481403098:  Hold'em Limit ($3/$6 USD) - 2016/03/17 6:03:48 ET
Table 'Alaraph' 6-max Seat #1 is the button
Seat 1: _fayzulllo_ ($63 in chips)
Seat 2: kolaz03 ($80.64 in chips)
_fayzulllo_: posts small blind $1
kolaz03: posts big blind $3
*** HOLE CARDS ***
_fayzulllo_: raises $3 to $6
HAL9QQQ joins the table at seat #5
kolaz03: raises $3 to $9
_fayzulllo_: calls $3
*** FLOP *** [Td 9h 9d]
kolaz03: bets $3
_fayzulllo_: calls $3
*** TURN *** [Td 9h 9d] [2s]
kolaz03: bets $6
_fayzulllo_: calls $6
*** RIVER *** [Td 9h 9d 2s] [Jd]
bentinck113 joins the table at seat #4
kolaz03: bets $6
_fayzulllo_: calls $6
*** SHOW DOWN ***
kolaz03: shows [Ad As] (two pair, Aces and Nines)
_fayzulllo_: mucks hand
kolaz03 collected $47.50 from pot
*** SUMMARY ***
Total pot $48 | Rake $0.50
Board [Td 9h 9d 2s Jd]
Seat 1: _fayzulllo_ (button) (small blind) mucked
Seat 2: kolaz03 (big blind) showed [Ad As] and won ($47.50) with two pair, Aces and Nines


PokerStars Hand #150483583457:  Hold'em Limit ($3/$6 USD) - 2016/03/17 7:25:48 ET
Table 'Alaraph' 6-max Seat #4 is the button
Seat 2: B_loJkl ($200.74 in chips)
Seat 4: Zeeon ($93 in chips)
Zeeon: posts small blind $1
B_loJkl: posts big blind $3
*** HOLE CARDS ***
Zeeon: folds
Uncalled bet ($2) returned to B_loJkl
B_loJkl collected $2 from pot
B_loJkl: doesn't show hand
*** SUMMARY ***
Total pot $2 | Rake $0
Seat 2: B_loJkl (big blind) collected ($2)
Seat 4: Zeeon (button) (small blind) folded before Flop


PokerStars Hand #150483586820:  Hold'em Limit ($3/$6 USD) - 2016/03/17 7:25:55 ET
Table 'Alaraph' 6-max Seat #2 is the button
Seat 2: B_loJkl ($201.74 in chips)
Seat 4: Zeeon ($92 in chips)
B_loJkl: posts small blind $1
Zeeon: posts big blind $3
*** HOLE CARDS ***
B_loJkl: raises $3 to $6
Zeeon: folds
Uncalled bet ($3) returned to B_loJkl
B_loJkl collected $6 from pot
B_loJkl: doesn't show hand
*** SUMMARY ***
Total pot $6 | Rake $0
Seat 2: B_loJkl (button) (small blind) collected ($6)
Seat 4: Zeeon (big blind) folded before Flop


PokerStars Hand #150483569600:  Hold'em Limit ($3/$6 USD) - 2016/03/17 7:25:19 ET
Table 'Alaraph' 6-max Seat #2 is the button
Seat 2: B_loJkl ($197.74 in chips)
Seat 4: Zeeon ($96 in chips)
B_loJkl: posts small blind $1
Zeeon: posts big blind $3
*** HOLE CARDS ***
B_loJkl: raises $3 to $6
Zeeon: folds
Uncalled bet ($3) returned to B_loJkl
B_loJkl collected $6 from pot
B_loJkl: doesn't show hand
*** SUMMARY ***
Total pot $6 | Rake $0
Seat 2: B_loJkl (button) (small blind) collected ($6)
Seat 4: Zeeon (big blind) folded before Flop


PokerStars Hand #150483547383:  Hold'em Limit ($3/$6 USD) - 2016/03/17 7:24:32 ET
Table 'Alaraph' 6-max Seat #4 is the button
Seat 2: B_loJkl ($212.74 in chips)
Seat 4: Zeeon ($81.50 in chips)
Zeeon: posts small blind $1
belik555: is sitting out
B_loJkl: posts big blind $3
*** HOLE CARDS ***
Zeeon: raises $3 to $6
Pfuenph leaves the table
B_loJkl: calls $3
*** FLOP *** [6h Ks 2s]
B_loJkl: checks
Zeeon: bets $3
belik555 leaves the table
B_loJkl: calls $3
*** TURN *** [6h Ks 2s] [9c]
B_loJkl: checks
Zeeon: bets $6
B_loJkl: calls $6
*** RIVER *** [6h Ks 2s 9c] [8d]
B_loJkl: checks
Zeeon: bets $6
B_loJkl: folds
Uncalled bet ($6) returned to Zeeon
Zeeon collected $29.50 from pot
*** SUMMARY ***
Total pot $30 | Rake $0.50
Board [6h Ks 2s 9c 8d]
Seat 2: B_loJkl (big blind) folded on the River
Seat 4: Zeeon (button) (small blind) collected ($29.50)


PokerStars Hand #150483606227:  Hold'em Limit ($3/$6 USD) - 2016/03/17 7:26:36 ET
Table 'Alaraph' 6-max Seat #4 is the button
Seat 2: B_loJkl ($213.50 in chips)
Seat 4: Zeeon ($80 in chips)
Zeeon: posts small blind $1
B_loJkl: posts big blind $3
*** HOLE CARDS ***
Zeeon: folds
Uncalled bet ($2) returned to B_loJkl
B_loJkl collected $2 from pot
B_loJkl: doesn't show hand
*** SUMMARY ***
Total pot $2 | Rake $0
Seat 2: B_loJkl (big blind) collected ($2)
Seat 4: Zeeon (button) (small blind) folded before Flop


PokerStars Hand #150483609627:  Hold'em Limit ($3/$6 USD) - 2016/03/17 7:26:43 ET
Table 'Alaraph' 6-max Seat #2 is the button
Seat 2: B_loJkl ($214.50 in chips)
Seat 4: Zeeon ($79 in chips)
B_loJkl: posts small blind $1
Zeeon: posts big blind $3
*** HOLE CARDS ***
B_loJkl: raises $3 to $6
Zeeon: calls $3
*** FLOP *** [7h 9s 2h]
Zeeon: checks
B_loJkl: bets $3
Zeeon: calls $3
*** TURN *** [7h 9s 2h] [2c]
Zeeon: checks
B_loJkl: checks
*** RIVER *** [7h 9s 2h 2c] [Ks]
Zeeon: bets $6
B_loJkl: folds
Uncalled bet ($6) returned to Zeeon
Zeeon collected $17.64 from pot
*** SUMMARY ***
Total pot $18 | Rake $0.36
Board [7h 9s 2h 2c Ks]
Seat 2: B_loJkl (button) (small blind) folded on the River
Seat 4: Zeeon (big blind) collected ($17.64)


PokerStars Hand #150483603477:  Hold'em Limit ($3/$6 USD) - 2016/03/17 7:26:31 ET
Table 'Alaraph' 6-max Seat #2 is the button
Seat 2: B_loJkl ($210.50 in chips)
Seat 4: Zeeon ($83 in chips)
B_loJkl: posts small blind $1
Zeeon: posts big blind $3
*** HOLE CARDS ***
B_loJkl: raises $3 to $6
Zeeon: folds
Uncalled bet ($3) returned to B_loJkl
B_loJkl collected $6 from pot
B_loJkl: doesn't show hand
*** SUMMARY ***
Total pot $6 | Rake $0
Seat 2: B_loJkl (button) (small blind) collected ($6)
Seat 4: Zeeon (big blind) folded before Flop


PokerStars Hand #150483591165:  Hold'em Limit ($3/$6 USD) - 2016/03/17 7:26:05 ET
Table 'Alaraph' 6-max Seat #4 is the button
Seat 2: B_loJkl ($204.74 in chips)
Seat 4: Zeeon ($89 in chips)
Zeeon: posts small blind $1
B_loJkl: posts big blind $3
*** HOLE CARDS ***
Zeeon: raises $3 to $6
B_loJkl: calls $3
*** FLOP *** [8h 4d 7s]
B_loJkl: checks
Zeeon: checks
*** TURN *** [8h 4d 7s] [6s]
B_loJkl: bets $6
Zeeon: folds
Uncalled bet ($6) returned to B_loJkl
B_loJkl collected $11.76 from pot
B_loJkl: doesn't show hand
*** SUMMARY ***
Total pot $12 | Rake $0.24
Board [8h 4d 7s 6s]
Seat 2: B_loJkl (big blind) collected ($11.76)
Seat 4: Zeeon (button) (small blind) folded on the Turn


PokerStars Hand #150483618625:  Hold'em Limit ($3/$6 USD) - 2016/03/17 7:27:03 ET
Table 'Alaraph' 6-max Seat #4 is the button
Seat 2: B_loJkl ($205.50 in chips)
Seat 4: Zeeon ($87.64 in chips)
Zeeon: posts small blind $1
B_loJkl: posts big blind $3
*** HOLE CARDS ***
Zeeon: raises $3 to $6
B_loJkl: calls $3
*** FLOP *** [Qh 3d 9s]
B_loJkl: checks
Zeeon: bets $3
B_loJkl: calls $3
*** TURN *** [Qh 3d 9s] [Qc]
B_loJkl: checks
Zeeon: checks
*** RIVER *** [Qh 3d 9s Qc] [7d]
B_loJkl: checks
Zeeon: checks
*** SHOW DOWN ***
B_loJkl: shows [Td Kh] (a pair of Queens)
Zeeon: mucks hand
B_loJkl collected $17.64 from pot
*** SUMMARY ***
Total pot $18 | Rake $0.36
Board [Qh 3d 9s Qc 7d]
Seat 2: B_loJkl (big blind) showed [Td Kh] and won ($17.64) with a pair of Queens
Seat 4: Zeeon (button) (small blind) mucked


PokerStars Hand #150483630315:  Hold'em Limit ($3/$6 USD) - 2016/03/17 7:27:27 ET
Table 'Alaraph' 6-max Seat #2 is the button
Seat 2: B_loJkl ($214.14 in chips)
Seat 4: Zeeon ($78.64 in chips)
B_loJkl: posts small blind $1
Zeeon: posts big blind $3
*** HOLE CARDS ***
B_loJkl: raises $3 to $6
Zeeon: calls $3
*** FLOP *** [Jc 8d 9c]
Zeeon: checks
B_loJkl: bets $3
Zeeon: calls $3
*** TURN *** [Jc 8d 9c] [Qd]
Zeeon: checks
B_loJkl: checks
*** RIVER *** [Jc 8d 9c Qd] [4s]
Zeeon: bets $6
B_loJkl: folds
Uncalled bet ($6) returned to Zeeon
Zeeon collected $17.64 from pot
*** SUMMARY ***
Total pot $18 | Rake $0.36
Board [Jc 8d 9c Qd 4s]
Seat 2: B_loJkl (button) (small blind) folded on the River
Seat 4: Zeeon (big blind) collected ($17.64)


PokerStars Hand #150483642308:  Hold'em Limit ($3/$6 USD) - 2016/03/17 7:27:53 ET
Table 'Alaraph' 6-max Seat #4 is the button
Seat 2: B_loJkl ($205.14 in chips)
Seat 4: Zeeon ($87.28 in chips)
Zeeon: posts small blind $1
B_loJkl: posts big blind $3
*** HOLE CARDS ***
Zeeon: raises $3 to $6
B_loJkl: calls $3
*** FLOP *** [Ts 9c 6d]
B_loJkl: bets $3
Zeeon: raises $3 to $6
B_loJkl: calls $3
*** TURN *** [Ts 9c 6d] [Js]
B_loJkl: checks
Zeeon: bets $6
B_loJkl: calls $6
*** RIVER *** [Ts 9c 6d Js] [2d]
B_loJkl: checks
Zeeon: bets $6
B_loJkl: calls $6
*** SHOW DOWN ***
Zeeon: shows [Td 9d] (two pair, Tens and Nines)
B_loJkl: mucks hand
Zeeon collected $47.50 from pot
*** SUMMARY ***
Total pot $48 | Rake $0.50
Board [Ts 9c 6d Js 2d]
Seat 2: B_loJkl (big blind) mucked
Seat 4: Zeeon (button) (small blind) showed [Td 9d] and won ($47.50) with two pair, Tens and Nines


PokerStars Hand #150483654549:  Hold'em Limit ($3/$6 USD) - 2016/03/17 7:28:19 ET
Table 'Alaraph' 6-max Seat #4 is the button
Seat 2: B_loJkl ($184.14 in chips)
Seat 4: Zeeon ($107.78 in chips)
Zeeon: posts small blind $1
B_loJkl: posts big blind $3
*** HOLE CARDS ***
Zeeon: raises $3 to $6
B_loJkl: calls $3
*** FLOP *** [Ks Jd 7c]
B_loJkl: checks
Zeeon: bets $3
B_loJkl: raises $3 to $6
Zeeon: folds
Uncalled bet ($3) returned to B_loJkl
B_loJkl collected $17.64 from pot
B_loJkl: doesn't show hand
*** SUMMARY ***
Total pot $18 | Rake $0.36
Board [Ks Jd 7c]
Seat 2: B_loJkl (big blind) collected ($17.64)
Seat 4: Zeeon (button) (small blind) folded on the Flop


PokerStars Hand #150483661913:  Hold'em Limit ($3/$6 USD) - 2016/03/17 7:28:34 ET
Table 'Alaraph' 6-max Seat #2 is the button
Seat 2: B_loJkl ($192.78 in chips)
Seat 4: Zeeon ($98.78 in chips)
B_loJkl: posts small blind $1
Zeeon: posts big blind $3
*** HOLE CARDS ***
B_loJkl: raises $3 to $6
Zeeon: calls $3
*** FLOP *** [As 8h 5s]
Zeeon: checks
B_loJkl: bets $3
Zeeon: calls $3
*** TURN *** [As 8h 5s] [3s]
Zeeon: checks
B_loJkl: bets $6
Zeeon: folds
Uncalled bet ($6) returned to B_loJkl
B_loJkl collected $17.64 from pot
B_loJkl: doesn't show hand
*** SUMMARY ***
Total pot $18 | Rake $0.36
Board [As 8h 5s 3s]
Seat 2: B_loJkl (button) (small blind) collected ($17.64)
Seat 4: Zeeon (big blind) folded on the Turn


PokerStars Hand #150483651875:  Hold'em Limit ($3/$6 USD) - 2016/03/17 7:28:13 ET
Table 'Alaraph' 6-max Seat #2 is the button
Seat 2: B_loJkl ($181.14 in chips)
Seat 4: Zeeon ($110.78 in chips)
B_loJkl: posts small blind $1
Zeeon: posts big blind $3
*** HOLE CARDS ***
B_loJkl: raises $3 to $6
Zeeon: folds
Uncalled bet ($3) returned to B_loJkl
B_loJkl collected $6 from pot
B_loJkl: doesn't show hand
*** SUMMARY ***
Total pot $6 | Rake $0
Seat 2: B_loJkl (button) (small blind) collected ($6)
Seat 4: Zeeon (big blind) folded before Flop


PokerStars Hand #150483700459:  Hold'em Limit ($3/$6 USD) - 2016/03/17 7:29:54 ET
Table 'Alaraph' 6-max Seat #2 is the button
Seat 2: B_loJkl ($205.92 in chips)
Seat 4: Zeeon ($84.28 in chips)
B_loJkl: posts small blind $1
Zeeon: posts big blind $3
*** HOLE CARDS ***
B_loJkl: raises $3 to $6
Zeeon: calls $3
*** FLOP *** [7c As 9s]
Zeeon: checks
B_loJkl: bets $3
Zeeon: folds
Uncalled bet ($3) returned to B_loJkl
B_loJkl collected $11.76 from pot
B_loJkl: doesn't show hand
*** SUMMARY ***
Total pot $12 | Rake $0.24
Board [7c As 9s]
Seat 2: B_loJkl (button) (small blind) collected ($11.76)
Seat 4: Zeeon (big blind) folded on the Flop


PokerStars Hand #150483707047:  Hold'em Limit ($3/$6 USD) - 2016/03/17 7:30:08 ET
Table 'Alaraph' 6-max Seat #4 is the button
Seat 2: B_loJkl ($211.68 in chips)
Seat 4: Zeeon ($78.28 in chips)
Zeeon: posts small blind $1
B_loJkl: posts big blind $3
*** HOLE CARDS ***
Zeeon: folds
Uncalled bet ($2) returned to B_loJkl
B_loJkl collected $2 from pot
B_loJkl: doesn't show hand
*** SUMMARY ***
Total pot $2 | Rake $0
Seat 2: B_loJkl (big blind) collected ($2)
Seat 4: Zeeon (button) (small blind) folded before Flop


PokerStars Hand #150483685691:  Hold'em Limit ($3/$6 USD) - 2016/03/17 7:29:24 ET
Table 'Alaraph' 6-max Seat #2 is the button
Seat 2: B_loJkl ($227.92 in chips)
Seat 4: Zeeon ($62.78 in chips)
B_loJkl: posts small blind $1
Zeeon: posts big blind $3
*** HOLE CARDS ***
B_loJkl: folds
Uncalled bet ($2) returned to Zeeon
Zeeon collected $2 from pot
*** SUMMARY ***
Total pot $2 | Rake $0
Seat 2: B_loJkl (button) (small blind) folded before Flop
Seat 4: Zeeon (big blind) collected ($2)


PokerStars Hand #150483688149:  Hold'em Limit ($3/$6 USD) - 2016/03/17 7:29:29 ET
Table 'Alaraph' 6-max Seat #4 is the button
Seat 2: B_loJkl ($226.92 in chips)
Seat 4: Zeeon ($63.78 in chips)
Zeeon: posts small blind $1
B_loJkl: posts big blind $3
*** HOLE CARDS ***
Zeeon: raises $3 to $6
B_loJkl: calls $3
*** FLOP *** [Jc 8h Qh]
B_loJkl: checks
Zeeon: bets $3
B_loJkl: calls $3
*** TURN *** [Jc 8h Qh] [3h]
B_loJkl: checks
Zeeon: bets $6
B_loJkl: calls $6
*** RIVER *** [Jc 8h Qh 3h] [3c]
B_loJkl: checks
Zeeon: bets $6
B_loJkl: calls $6
*** SHOW DOWN ***
Zeeon: shows [7d Qd] (two pair, Queens and Threes)
B_loJkl: mucks hand
Zeeon collected $41.50 from pot
*** SUMMARY ***
Total pot $42 | Rake $0.50
Board [Jc 8h Qh 3h 3c]
Seat 2: B_loJkl (big blind) mucked
Seat 4: Zeeon (button) (small blind) showed [7d Qd] and won ($41.50) with two pair, Queens and Threes


PokerStars Hand #150483670240:  Hold'em Limit ($3/$6 USD) - 2016/03/17 7:28:52 ET
Table 'Alaraph' 6-max Seat #4 is the button
Seat 2: B_loJkl ($201.42 in chips)
Seat 4: Zeeon ($89.78 in chips)
Zeeon: posts small blind $1
B_loJkl: posts big blind $3
*** HOLE CARDS ***
Zeeon: raises $3 to $6
B_loJkl: calls $3
*** FLOP *** [Qd 5s 9h]
B_loJkl: checks
Zeeon: bets $3
B_loJkl: calls $3
*** TURN *** [Qd 5s 9h] [8s]
B_loJkl: checks
Zeeon: bets $6
B_loJkl: raises $6 to $12
Zeeon: calls $6
*** RIVER *** [Qd 5s 9h 8s] [4s]
B_loJkl: bets $6
Zeeon: calls $6
*** SHOW DOWN ***
B_loJkl: shows [6d 7c] (a straight, Five to Nine)
Zeeon: mucks hand
B_loJkl collected $53.50 from pot
*** SUMMARY ***
Total pot $54 | Rake $0.50
Board [Qd 5s 9h 8s 4s]
Seat 2: B_loJkl (big blind) showed [6d 7c] and won ($53.50) with a straight, Five to Nine
Seat 4: Zeeon (button) (small blind) mucked


PokerStars Hand #150483720863:  Hold'em Limit ($3/$6 USD) - 2016/03/17 7:30:36 ET
Table 'Alaraph' 6-max Seat #2 is the button
Seat 2: B_loJkl ($219.44 in chips)
Seat 4: Zeeon ($70.28 in chips)
B_loJkl: posts small blind $1
Zeeon: posts big blind $3
*** HOLE CARDS ***
B_loJkl: raises $3 to $6
Zeeon: folds
Uncalled bet ($3) returned to B_loJkl
B_loJkl collected $6 from pot
B_loJkl: doesn't show hand
*** SUMMARY ***
Total pot $6 | Rake $0
Seat 2: B_loJkl (button) (small blind) collected ($6)
Seat 4: Zeeon (big blind) folded before Flop


PokerStars Hand #150483723773:  Hold'em Limit ($3/$6 USD) - 2016/03/17 7:30:42 ET
Table 'Alaraph' 6-max Seat #4 is the button
Seat 2: B_loJkl ($222.44 in chips)
Seat 4: Zeeon ($67.28 in chips)
Zeeon: posts small blind $1
B_loJkl: posts big blind $3
*** HOLE CARDS ***
Zeeon: raises $3 to $6
B_loJkl: folds
Uncalled bet ($3) returned to Zeeon
Zeeon collected $6 from pot
*** SUMMARY ***
Total pot $6 | Rake $0
Seat 2: B_loJkl (big blind) folded before Flop
Seat 4: Zeeon (button) (small blind) collected ($6)


PokerStars Hand #150483718326:  Hold'em Limit ($3/$6 USD) - 2016/03/17 7:30:31 ET
Table 'Alaraph' 6-max Seat #4 is the button
Seat 2: B_loJkl ($218.44 in chips)
Seat 4: Zeeon ($71.28 in chips)
Zeeon: posts small blind $1
B_loJkl: posts big blind $3
*** HOLE CARDS ***
Zeeon: folds
Uncalled bet ($2) returned to B_loJkl
B_loJkl collected $2 from pot
B_loJkl: doesn't show hand
*** SUMMARY ***
Total pot $2 | Rake $0
Seat 2: B_loJkl (big blind) collected ($2)
Seat 4: Zeeon (button) (small blind) folded before Flop


PokerStars Hand #150483709261:  Hold'em Limit ($3/$6 USD) - 2016/03/17 7:30:12 ET
Table 'Alaraph' 6-max Seat #2 is the button
Seat 2: B_loJkl ($212.68 in chips)
Seat 4: Zeeon ($77.28 in chips)
B_loJkl: posts small blind $1
Zeeon: posts big blind $3
*** HOLE CARDS ***
B_loJkl: raises $3 to $6
Zeeon: calls $3
*** FLOP *** [6h 6d As]
Zeeon: checks
B_loJkl: checks
*** TURN *** [6h 6d As] [2c]
Zeeon: checks
B_loJkl: checks
*** RIVER *** [6h 6d As 2c] [Td]
Zeeon: checks
B_loJkl: bets $6
Zeeon: folds
Uncalled bet ($6) returned to B_loJkl
B_loJkl collected $11.76 from pot
B_loJkl: doesn't show hand
*** SUMMARY ***
Total pot $12 | Rake $0.24
Board [6h 6d As 2c Td]
Seat 2: B_loJkl (button) (small blind) collected ($11.76)
Seat 4: Zeeon (big blind) folded on the River


PokerStars Hand #150483744522:  Hold'em Limit ($3/$6 USD) - 2016/03/17 7:31:25 ET
Table 'Alaraph' 6-max Seat #4 is the button
Seat 2: B_loJkl ($228.08 in chips)
Seat 4: Zeeon ($61.28 in chips)
Zeeon: posts small blind $1
B_loJkl: posts big blind $3
*** HOLE CARDS ***
Zeeon: raises $3 to $6
B_loJkl: calls $3
*** FLOP *** [Kd Jc 6c]
B_loJkl: checks
Zeeon: bets $3
B_loJkl: folds
Uncalled bet ($3) returned to Zeeon
Zeeon collected $11.76 from pot
*** SUMMARY ***
Total pot $12 | Rake $0.24
Board [Kd Jc 6c]
Seat 2: B_loJkl (big blind) folded on the Flop
Seat 4: Zeeon (button) (small blind) collected ($11.76)


PokerStars Hand #150483728640:  Hold'em Limit ($3/$6 USD) - 2016/03/17 7:30:52 ET
Table 'Alaraph' 6-max Seat #2 is the button
Seat 2: B_loJkl ($219.44 in chips)
Seat 4: Zeeon ($70.28 in chips)
B_loJkl: posts small blind $1
Zeeon: posts big blind $3
*** HOLE CARDS ***
B_loJkl: raises $3 to $6
Zeeon: calls $3
*** FLOP *** [4h Th Ad]
Zeeon: bets $3
B_loJkl: calls $3
*** TURN *** [4h Th Ad] [5c]
Zeeon: checks
B_loJkl: bets $6
Zeeon: folds
Uncalled bet ($6) returned to B_loJkl
B_loJkl collected $17.64 from pot
B_loJkl: doesn't show hand
*** SUMMARY ***
Total pot $18 | Rake $0.36
Board [4h Th Ad 5c]
Seat 2: B_loJkl (button) (small blind) collected ($17.64)
Seat 4: Zeeon (big blind) folded on the Turn


PokerStars Hand #150483783125:  Hold'em Limit ($3/$6 USD) - 2016/03/17 7:32:45 ET
Table 'Alaraph' 6-max Seat #4 is the button
Seat 2: B_loJkl ($218.72 in chips)
Seat 4: Zeeon ($69.68 in chips)
Zeeon: posts small blind $1
B_loJkl: posts big blind $3
*** HOLE CARDS ***
Zeeon: folds
Uncalled bet ($2) returned to B_loJkl
B_loJkl collected $2 from pot
B_loJkl: doesn't show hand
*** SUMMARY ***
Total pot $2 | Rake $0
Seat 2: B_loJkl (big blind) collected ($2)
Seat 4: Zeeon (button) (small blind) folded before Flop


PokerStars Hand #150483754743:  Hold'em Limit ($3/$6 USD) - 2016/03/17 7:31:47 ET
Table 'Alaraph' 6-max Seat #2 is the button
Seat 2: B_loJkl ($222.08 in chips)
Seat 4: Zeeon ($67.04 in chips)
B_loJkl: posts small blind $1
Zeeon: posts big blind $3
*** HOLE CARDS ***
B_loJkl: raises $3 to $6
Zeeon: calls $3
*** FLOP *** [2c 6d Jc]
Zeeon: checks
B_loJkl: bets $3
Zeeon: calls $3
*** TURN *** [2c 6d Jc] [3s]
Zeeon: checks
B_loJkl: checks
*** RIVER *** [2c 6d Jc 3s] [Jd]
Zeeon: bets $6
B_loJkl: folds
Uncalled bet ($6) returned to Zeeon
Zeeon collected $17.64 from pot
*** SUMMARY ***
Total pot $18 | Rake $0.36
Board [2c 6d Jc 3s Jd]
Seat 2: B_loJkl (button) (small blind) folded on the River
Seat 4: Zeeon (big blind) collected ($17.64)


PokerStars Hand #150483771648:  Hold'em Limit ($3/$6 USD) - 2016/03/17 7:32:21 ET
Table 'Alaraph' 6-max Seat #4 is the button
Seat 2: B_loJkl ($213.08 in chips)
Seat 4: Zeeon ($75.68 in chips)
Zeeon: posts small blind $1
B_loJkl: posts big blind $3
*** HOLE CARDS ***
Zeeon: raises $3 to $6
B_loJkl: folds
Uncalled bet ($3) returned to Zeeon
Zeeon collected $6 from pot
*** SUMMARY ***
Total pot $6 | Rake $0
Seat 2: B_loJkl (big blind) folded before Flop
Seat 4: Zeeon (button) (small blind) collected ($6)


PokerStars Hand #150483775167:  Hold'em Limit ($3/$6 USD) - 2016/03/17 7:32:29 ET
Table 'Alaraph' 6-max Seat #2 is the button
Seat 2: B_loJkl ($210.08 in chips)
Seat 4: Zeeon ($78.68 in chips)
B_loJkl: posts small blind $1
Zeeon: posts big blind $3
*** HOLE CARDS ***
B_loJkl: raises $3 to $6
Zeeon: calls $3
*** FLOP *** [9d 3c 6h]
Zeeon: checks
B_loJkl: bets $3
Zeeon: calls $3
*** TURN *** [9d 3c 6h] [Ah]
Zeeon: checks
B_loJkl: bets $6
Zeeon: folds
Uncalled bet ($6) returned to B_loJkl
B_loJkl collected $17.64 from pot
B_loJkl: doesn't show hand
*** SUMMARY ***
Total pot $18 | Rake $0.36
Board [9d 3c 6h Ah]
Seat 2: B_loJkl (button) (small blind) collected ($17.64)
Seat 4: Zeeon (big blind) folded on the Turn


PokerStars Hand #150483785952:  Hold'em Limit ($3/$6 USD) - 2016/03/17 7:32:51 ET
Table 'Alaraph' 6-max Seat #2 is the button
Seat 2: B_loJkl ($219.72 in chips)
Seat 4: Zeeon ($68.68 in chips)
B_loJkl: posts small blind $1
Zeeon: posts big blind $3
*** HOLE CARDS ***
B_loJkl: raises $3 to $6
Zeeon: calls $3
*** FLOP *** [8c 7s 8s]
Zeeon: checks
B_loJkl: bets $3
Zeeon: calls $3
*** TURN *** [8c 7s 8s] [Ah]
Zeeon: checks
B_loJkl: checks
*** RIVER *** [8c 7s 8s Ah] [2s]
Zeeon: checks
B_loJkl: bets $6
Zeeon: folds
Uncalled bet ($6) returned to B_loJkl
B_loJkl collected $17.64 from pot
B_loJkl: doesn't show hand
*** SUMMARY ***
Total pot $18 | Rake $0.36
Board [8c 7s 8s Ah 2s]
Seat 2: B_loJkl (button) (small blind) collected ($17.64)
Seat 4: Zeeon (big blind) folded on the River


PokerStars Hand #150483802644:  Hold'em Limit ($3/$6 USD) - 2016/03/17 7:33:27 ET
Table 'Alaraph' 6-max Seat #4 is the button
Seat 2: B_loJkl ($228.36 in chips)
Seat 4: Zeeon ($59.68 in chips)
Zeeon: posts small blind $1
B_loJkl: posts big blind $3
*** HOLE CARDS ***
Zeeon: folds
Uncalled bet ($2) returned to B_loJkl
B_loJkl collected $2 from pot
B_loJkl: doesn't show hand
*** SUMMARY ***
Total pot $2 | Rake $0
Seat 2: B_loJkl (big blind) collected ($2)
Seat 4: Zeeon (button) (small blind) folded before Flop


PokerStars Hand #150483805559:  Hold'em Limit ($3/$6 USD) - 2016/03/17 7:33:33 ET
Table 'Alaraph' 6-max Seat #2 is the button
Seat 2: B_loJkl ($229.36 in chips)
Seat 4: Zeeon ($58.68 in chips)
B_loJkl: posts small blind $1
Zeeon: posts big blind $3
*** HOLE CARDS ***
B_loJkl: raises $3 to $6
Zeeon: calls $3
*** FLOP *** [Kh 7s Jd]
Zeeon: bets $3
B_loJkl: calls $3
*** TURN *** [Kh 7s Jd] [7c]
Zeeon: checks
B_loJkl: bets $6
Zeeon: raises $6 to $12
SmellyToes4u joins the table at seat #5
B_loJkl: calls $6
*** RIVER *** [Kh 7s Jd 7c] [Kd]
Zeeon: bets $6
B_loJkl: calls $6
*** SHOW DOWN ***
Zeeon: shows [6c 7h] (a full house, Sevens full of Kings)
B_loJkl: mucks hand
Zeeon collected $53.50 from pot
*** SUMMARY ***
Total pot $54 | Rake $0.50
Board [Kh 7s Jd 7c Kd]
Seat 2: B_loJkl (button) (small blind) mucked
Seat 4: Zeeon (big blind) showed [6c 7h] and won ($53.50) with a full house, Sevens full of Kings


PokerStars Hand #150483900457:  Hold'em Limit ($3/$6 USD) - 2016/03/17 7:36:50 ET
Table 'Alaraph' 6-max Seat #4 is the button
Seat 4: Zeeon ($84.83 in chips)
Seat 5: SmellyToes4u ($133.97 in chips)
Zeeon: posts small blind $1
SmellyToes4u: posts big blind $3
*** HOLE CARDS ***
Zeeon: raises $3 to $6
SmellyToes4u: folds
Uncalled bet ($3) returned to Zeeon
Zeeon collected $6 from pot
*** SUMMARY ***
Total pot $6 | Rake $0
Seat 4: Zeeon (button) (small blind) collected ($6)
Seat 5: SmellyToes4u (big blind) folded before Flop


PokerStars Hand #150483904261:  Hold'em Limit ($3/$6 USD) - 2016/03/17 7:36:57 ET
Table 'Alaraph' 6-max Seat #5 is the button
Seat 4: Zeeon ($87.83 in chips)
Seat 5: SmellyToes4u ($130.97 in chips)
SmellyToes4u: posts small blind $1
Zeeon: posts big blind $3
*** HOLE CARDS ***
SmellyToes4u: raises $3 to $6
Zeeon: calls $3
*** FLOP *** [Tc 5d Qh]
Zeeon: bets $3
SmellyToes4u: raises $3 to $6
Zeeon: calls $3
*** TURN *** [Tc 5d Qh] [2s]
Zeeon: bets $6
SmellyToes4u: calls $6
*** RIVER *** [Tc 5d Qh 2s] [2d]
Zeeon: bets $6
SmellyToes4u: calls $6
*** SHOW DOWN ***
Zeeon: shows [Qd 8c] (two pair, Queens and Deuces)
SmellyToes4u: mucks hand
Zeeon collected $47.50 from pot
*** SUMMARY ***
Total pot $48 | Rake $0.50
Board [Tc 5d Qh 2s 2d]
Seat 4: Zeeon (big blind) showed [Qd 8c] and won ($47.50) with two pair, Queens and Deuces
Seat 5: SmellyToes4u (button) (small blind) mucked


PokerStars Hand #150483887628:  Hold'em Limit ($3/$6 USD) - 2016/03/17 7:36:23 ET
Table 'Alaraph' 6-max Seat #5 is the button
Seat 4: Zeeon ($102.83 in chips)
Seat 5: SmellyToes4u ($116.47 in chips)
SmellyToes4u: posts small blind $1
B_loJkl: is sitting out
Zeeon: posts big blind $3
*** HOLE CARDS ***
SmellyToes4u: raises $3 to $6
Zeeon: calls $3
*** FLOP *** [5c 7d 5h]
Zeeon: bets $3
SmellyToes4u: raises $3 to $6
Zeeon: calls $3
*** TURN *** [5c 7d 5h] [Ac]
Zeeon: checks
SmellyToes4u: checks
*** RIVER *** [5c 7d 5h Ac] [8d]
B_loJkl leaves the table
Zeeon: checks
SmellyToes4u: bets $6
Zeeon: calls $6
*** SHOW DOWN ***
SmellyToes4u: shows [Ad Ts] (two pair, Aces and Fives)
Zeeon: mucks hand
SmellyToes4u collected $35.50 from pot
*** SUMMARY ***
Total pot $36 | Rake $0.50
Board [5c 7d 5h Ac 8d]
Seat 4: Zeeon (big blind) mucked
Seat 5: SmellyToes4u (button) (small blind) showed [Ad Ts] and won ($35.50) with two pair, Aces and Fives


PokerStars Hand #150483941724:  Hold'em Limit ($3/$6 USD) - 2016/03/17 7:38:14 ET
Table 'Alaraph' 6-max Seat #4 is the button
Seat 4: Zeeon ($86.85 in chips)
Seat 5: SmellyToes4u ($130.23 in chips)
Zeeon: posts small blind $1
SmellyToes4u: posts big blind $3
*** HOLE CARDS ***
Zeeon: folds
Uncalled bet ($2) returned to SmellyToes4u
SmellyToes4u collected $2 from pot
SmellyToes4u: doesn't show hand
*** SUMMARY ***
Total pot $2 | Rake $0
Seat 4: Zeeon (button) (small blind) folded before Flop
Seat 5: SmellyToes4u (big blind) collected ($2)


PokerStars Hand #150483939325:  Hold'em Limit ($3/$6 USD) - 2016/03/17 7:38:09 ET
Table 'Alaraph' 6-max Seat #5 is the button
Seat 4: Zeeon ($89.85 in chips)
Seat 5: SmellyToes4u ($127.23 in chips)
SmellyToes4u: posts small blind $1
Zeeon: posts big blind $3
*** HOLE CARDS ***
SmellyToes4u: raises $3 to $6
Zeeon: folds
Uncalled bet ($3) returned to SmellyToes4u
SmellyToes4u collected $6 from pot
SmellyToes4u: doesn't show hand
*** SUMMARY ***
Total pot $6 | Rake $0
Seat 4: Zeeon (big blind) folded before Flop
Seat 5: SmellyToes4u (button) (small blind) collected ($6)


PokerStars Hand #150483923010:  Hold'em Limit ($3/$6 USD) - 2016/03/17 7:37:36 ET
Table 'Alaraph' 6-max Seat #5 is the button
Seat 4: Zeeon ($122.85 in chips)
Seat 5: SmellyToes4u ($94.97 in chips)
SmellyToes4u: posts small blind $1
Zeeon: posts big blind $3
*** HOLE CARDS ***
SmellyToes4u: raises $3 to $6
Zeeon: calls $3
*** FLOP *** [2h 3c Ad]
Zeeon: checks
SmellyToes4u: bets $3
Zeeon: calls $3
*** TURN *** [2h 3c Ad] [2d]
Zeeon: checks
SmellyToes4u: bets $6
Zeeon: raises $6 to $12
SmellyToes4u: calls $6
*** RIVER *** [2h 3c Ad 2d] [5c]
Zeeon: bets $6
SmellyToes4u: calls $6
*** SHOW DOWN ***
Zeeon: shows [9d Kd] (a pair of Deuces)
SmellyToes4u: shows [5s 8d] (two pair, Fives and Deuces)
SmellyToes4u collected $53.50 from pot
*** SUMMARY ***
Total pot $54 | Rake $0.50
Board [2h 3c Ad 2d 5c]
Seat 4: Zeeon (big blind) showed [9d Kd] and lost with a pair of Deuces
Seat 5: SmellyToes4u (button) (small blind) showed [5s 8d] and won ($53.50) with two pair, Fives and Deuces


PokerStars Hand #150483930490:  Hold'em Limit ($3/$6 USD) - 2016/03/17 7:37:51 ET
Table 'Alaraph' 6-max Seat #4 is the button
Seat 4: Zeeon ($95.85 in chips)
Seat 5: SmellyToes4u ($121.47 in chips)
Zeeon: posts small blind $1
SmellyToes4u: posts big blind $3
*** HOLE CARDS ***
Zeeon: raises $3 to $6
SmellyToes4u: calls $3
*** FLOP *** [Th Kh Ah]
SmellyToes4u: checks
Zeeon: checks
*** TURN *** [Th Kh Ah] [3h]
SmellyToes4u: checks
Zeeon: checks
*** RIVER *** [Th Kh Ah 3h] [Jh]
SmellyToes4u: bets $6
Zeeon: folds
Uncalled bet ($6) returned to SmellyToes4u
SmellyToes4u collected $11.76 from pot
SmellyToes4u: doesn't show hand
*** SUMMARY ***
Total pot $12 | Rake $0.24
Board [Th Kh Ah 3h Jh]
Seat 4: Zeeon (button) (small blind) folded on the River
Seat 5: SmellyToes4u (big blind) collected ($11.76)


PokerStars Hand #150483912632:  Hold'em Limit ($3/$6 USD) - 2016/03/17 7:37:15 ET
Table 'Alaraph' 6-max Seat #4 is the button
Seat 4: Zeeon ($111.33 in chips)
Seat 5: SmellyToes4u ($106.97 in chips)
Zeeon: posts small blind $1
SmellyToes4u: posts big blind $3
*** HOLE CARDS ***
Zeeon: raises $3 to $6
SmellyToes4u: raises $3 to $9
Zeeon: calls $3
*** FLOP *** [Kc Ad 5c]
SmellyToes4u: bets $3
Zeeon: calls $3
*** TURN *** [Kc Ad 5c] [4d]
SmellyToes4u: checks
Zeeon: bets $6
SmellyToes4u: folds
Uncalled bet ($6) returned to Zeeon
Zeeon collected $23.52 from pot
*** SUMMARY ***
Total pot $24 | Rake $0.48
Board [Kc Ad 5c 4d]
Seat 4: Zeeon (button) (small blind) collected ($23.52)
Seat 5: SmellyToes4u (big blind) folded on the Turn


PokerStars Hand #150483943913:  Hold'em Limit ($3/$6 USD) - 2016/03/17 7:38:19 ET
Table 'Alaraph' 6-max Seat #5 is the button
Seat 4: Zeeon ($85.85 in chips)
Seat 5: SmellyToes4u ($131.23 in chips)
SmellyToes4u: posts small blind $1
Zeeon: posts big blind $3
*** HOLE CARDS ***
B_loJkl joins the table at seat #6
SmellyToes4u: raises $3 to $6
Zeeon: folds
Uncalled bet ($3) returned to SmellyToes4u
B_loJkl leaves the table
SmellyToes4u collected $6 from pot
SmellyToes4u: doesn't show hand
*** SUMMARY ***
Total pot $6 | Rake $0
Seat 4: Zeeon (big blind) folded before Flop
Seat 5: SmellyToes4u (button) (small blind) collected ($6)


PokerStars Hand #150483954899:  Hold'em Limit ($3/$6 USD) - 2016/03/17 7:38:41 ET
Table 'Alaraph' 6-max Seat #5 is the button
Seat 4: Zeeon ($81.85 in chips)
Seat 5: SmellyToes4u ($135.23 in chips)
SmellyToes4u: posts small blind $1
Zeeon: posts big blind $3
*** HOLE CARDS ***
SmellyToes4u: folds
Uncalled bet ($2) returned to Zeeon
Zeeon collected $2 from pot
*** SUMMARY ***
Total pot $2 | Rake $0
Seat 4: Zeeon (big blind) collected ($2)
Seat 5: SmellyToes4u (button) (small blind) folded before Flop


PokerStars Hand #150483950042:  Hold'em Limit ($3/$6 USD) - 2016/03/17 7:38:31 ET
Table 'Alaraph' 6-max Seat #5 is the button
Seat 4: Zeeon ($81.85 in chips)
Seat 5: SmellyToes4u ($135.23 in chips)
SmellyToes4u: posts small blind $1
Zeeon: posts big blind $3
*** HOLE CARDS ***
SmellyToes4u: folds
Uncalled bet ($2) returned to Zeeon
Zeeon collected $2 from pot
*** SUMMARY ***
Total pot $2 | Rake $0
Seat 4: Zeeon (big blind) collected ($2)
Seat 5: SmellyToes4u (button) (small blind) folded before Flop


PokerStars Hand #150483946598:  Hold'em Limit ($3/$6 USD) - 2016/03/17 7:38:24 ET
Table 'Alaraph' 6-max Seat #4 is the button
Seat 4: Zeeon ($82.85 in chips)
Seat 5: SmellyToes4u ($134.23 in chips)
Zeeon: posts small blind $1
SmellyToes4u: posts big blind $3
*** HOLE CARDS ***
Zeeon: folds
Uncalled bet ($2) returned to SmellyToes4u
SmellyToes4u collected $2 from pot
SmellyToes4u: doesn't show hand
*** SUMMARY ***
Total pot $2 | Rake $0
Seat 4: Zeeon (button) (small blind) folded before Flop
Seat 5: SmellyToes4u (big blind) collected ($2)


PokerStars Hand #150483957152:  Hold'em Limit ($3/$6 USD) - 2016/03/17 7:38:46 ET
Table 'Alaraph' 6-max Seat #4 is the button
Seat 4: Zeeon ($82.85 in chips)
Seat 5: SmellyToes4u ($134.23 in chips)
Zeeon: posts small blind $1
SmellyToes4u: posts big blind $3
*** HOLE CARDS ***
Zeeon: raises $3 to $6
SmellyToes4u: calls $3
*** FLOP *** [8c 3c 7c]
SmellyToes4u: bets $3
Zeeon: raises $3 to $6
SmellyToes4u: calls $3
*** TURN *** [8c 3c 7c] [Kd]
SmellyToes4u: checks
Zeeon: bets $6
SmellyToes4u: calls $6
*** RIVER *** [8c 3c 7c Kd] [Qd]
SmellyToes4u: checks
Zeeon: checks
*** SHOW DOWN ***
SmellyToes4u: shows [5h 8s] (a pair of Eights)
Zeeon: mucks hand
SmellyToes4u collected $35.50 from pot
*** SUMMARY ***
Total pot $36 | Rake $0.50
Board [8c 3c 7c Kd Qd]
Seat 4: Zeeon (button) (small blind) mucked
Seat 5: SmellyToes4u (big blind) showed [5h 8s] and won ($35.50) with a pair of Eights


PokerStars Hand #150483966262:  Hold'em Limit ($3/$6 USD) - 2016/03/17 7:39:05 ET
Table 'Alaraph' 6-max Seat #5 is the button
Seat 4: Zeeon ($64.85 in chips)
Seat 5: SmellyToes4u ($151.73 in chips)
SmellyToes4u: posts small blind $1
Zeeon: posts big blind $3
*** HOLE CARDS ***
SmellyToes4u: folds
Uncalled bet ($2) returned to Zeeon
Zeeon collected $2 from pot
*** SUMMARY ***
Total pot $2 | Rake $0
Seat 4: Zeeon (big blind) collected ($2)
Seat 5: SmellyToes4u (button) (small blind) folded before Flop


PokerStars Hand #150483990502:  Hold'em Limit ($3/$6 USD) - 2016/03/17 7:39:55 ET
Table 'Alaraph' 6-max Seat #5 is the button
Seat 4: Zeeon ($99.11 in chips)
Seat 5: SmellyToes4u ($116.73 in chips)
SmellyToes4u: posts small blind $1
Zeeon: posts big blind $3
*** HOLE CARDS ***
SmellyToes4u: folds
Uncalled bet ($2) returned to Zeeon
Zeeon collected $2 from pot
*** SUMMARY ***
Total pot $2 | Rake $0
Seat 4: Zeeon (big blind) collected ($2)
Seat 5: SmellyToes4u (button) (small blind) folded before Flop


PokerStars Hand #150483982375:  Hold'em Limit ($3/$6 USD) - 2016/03/17 7:39:38 ET
Table 'Alaraph' 6-max Seat #4 is the button
Seat 4: Zeeon ($93.35 in chips)
Seat 5: SmellyToes4u ($122.73 in chips)
Zeeon: posts small blind $1
SmellyToes4u: posts big blind $3
*** HOLE CARDS ***
Zeeon: raises $3 to $6
SmellyToes4u: calls $3
*** FLOP *** [Ah 6c 5d]
SmellyToes4u: checks
Zeeon: bets $3
SmellyToes4u: folds
Uncalled bet ($3) returned to Zeeon
Zeeon collected $11.76 from pot
*** SUMMARY ***
Total pot $12 | Rake $0.24
Board [Ah 6c 5d]
Seat 4: Zeeon (button) (small blind) collected ($11.76)
Seat 5: SmellyToes4u (big blind) folded on the Flop


PokerStars Hand #150483979700:  Hold'em Limit ($3/$6 USD) - 2016/03/17 7:39:33 ET
Table 'Alaraph' 6-max Seat #5 is the button
Seat 4: Zeeon ($92.35 in chips)
Seat 5: SmellyToes4u ($123.73 in chips)
SmellyToes4u: posts small blind $1
Zeeon: posts big blind $3
*** HOLE CARDS ***
SmellyToes4u: folds
Uncalled bet ($2) returned to Zeeon
Zeeon collected $2 from pot
*** SUMMARY ***
Total pot $2 | Rake $0
Seat 4: Zeeon (big blind) collected ($2)
Seat 5: SmellyToes4u (button) (small blind) folded before Flop


PokerStars Hand #150483969635:  Hold'em Limit ($3/$6 USD) - 2016/03/17 7:39:12 ET
Table 'Alaraph' 6-max Seat #4 is the button
Seat 4: Zeeon ($65.85 in chips)
Seat 5: SmellyToes4u ($150.73 in chips)
Zeeon: posts small blind $1
SmellyToes4u: posts big blind $3
*** HOLE CARDS ***
Zeeon: raises $3 to $6
SmellyToes4u: raises $3 to $9
Zeeon: raises $3 to $12
Betting is capped
SmellyToes4u: calls $3
*** FLOP *** [7c 2d 8d]
SmellyToes4u: checks
Zeeon: bets $3
SmellyToes4u: raises $3 to $6
Zeeon: raises $3 to $9
SmellyToes4u: calls $3
*** TURN *** [7c 2d 8d] [8s]
SmellyToes4u: checks
Zeeon: bets $6
SmellyToes4u: calls $6
*** RIVER *** [7c 2d 8d 8s] [8c]
SmellyToes4u: checks
Zeeon: bets $6
SmellyToes4u: folds
Uncalled bet ($6) returned to Zeeon
Zeeon collected $53.50 from pot
*** SUMMARY ***
Total pot $54 | Rake $0.50
Board [7c 2d 8d 8s 8c]
Seat 4: Zeeon (button) (small blind) collected ($53.50)
Seat 5: SmellyToes4u (big blind) folded on the River


PokerStars Hand #150483995619:  Hold'em Limit ($3/$6 USD) - 2016/03/17 7:40:06 ET
Table 'Alaraph' 6-max Seat #5 is the button
Seat 4: Zeeon ($99.11 in chips)
Seat 5: SmellyToes4u ($116.73 in chips)
SmellyToes4u: posts small blind $1
Zeeon: posts big blind $3
*** HOLE CARDS ***
SmellyToes4u: raises $3 to $6
Zeeon: folds
Uncalled bet ($3) returned to SmellyToes4u
SmellyToes4u collected $6 from pot
SmellyToes4u: doesn't show hand
*** SUMMARY ***
Total pot $6 | Rake $0
Seat 4: Zeeon (big blind) folded before Flop
Seat 5: SmellyToes4u (button) (small blind) collected ($6)


PokerStars Hand #150484008791:  Hold'em Limit ($3/$6 USD) - 2016/03/17 7:40:33 ET
Table 'Alaraph' 6-max Seat #4 is the button
Seat 4: Zeeon ($81.11 in chips)
Seat 5: SmellyToes4u ($134.13 in chips)
Zeeon: posts small blind $1
SmellyToes4u: posts big blind $3
*** HOLE CARDS ***
Zeeon: raises $3 to $6
SmellyToes4u: folds
Uncalled bet ($3) returned to Zeeon
Zeeon collected $6 from pot
*** SUMMARY ***
Total pot $6 | Rake $0
Seat 4: Zeeon (button) (small blind) collected ($6)
Seat 5: SmellyToes4u (big blind) folded before Flop


PokerStars Hand #150484004613:  Hold'em Limit ($3/$6 USD) - 2016/03/17 7:40:24 ET
Table 'Alaraph' 6-max Seat #5 is the button
Seat 4: Zeeon ($87.11 in chips)
Seat 5: SmellyToes4u ($128.37 in chips)
SmellyToes4u: posts small blind $1
Zeeon: posts big blind $3
*** HOLE CARDS ***
SmellyToes4u: raises $3 to $6
Zeeon: calls $3
*** FLOP *** [Ad Ts 3c]
Zeeon: checks
SmellyToes4u: bets $3
Zeeon: folds
Uncalled bet ($3) returned to SmellyToes4u
SmellyToes4u collected $11.76 from pot
SmellyToes4u: doesn't show hand
*** SUMMARY ***
Total pot $12 | Rake $0.24
Board [Ad Ts 3c]
Seat 4: Zeeon (big blind) folded on the Flop
Seat 5: SmellyToes4u (button) (small blind) collected ($11.76)


PokerStars Hand #150484019116:  Hold'em Limit ($3/$6 USD) - 2016/03/17 7:40:54 ET
Table 'Alaraph' 6-max Seat #5 is the button
Seat 4: Zeeon ($86.87 in chips)
Seat 5: SmellyToes4u ($128.13 in chips)
SmellyToes4u: posts small blind $1
Zeeon: posts big blind $3
*** HOLE CARDS ***
SmellyToes4u: raises $3 to $6
Zeeon: folds
Uncalled bet ($3) returned to SmellyToes4u
SmellyToes4u collected $6 from pot
SmellyToes4u: doesn't show hand
*** SUMMARY ***
Total pot $6 | Rake $0
Seat 4: Zeeon (big blind) folded before Flop
Seat 5: SmellyToes4u (button) (small blind) collected ($6)


PokerStars Hand #150484014350:  Hold'em Limit ($3/$6 USD) - 2016/03/17 7:40:44 ET
Table 'Alaraph' 6-max Seat #4 is the button
Seat 4: Zeeon ($81.11 in chips)
Seat 5: SmellyToes4u ($134.13 in chips)
Zeeon: posts small blind $1
SmellyToes4u: posts big blind $3
*** HOLE CARDS ***
Zeeon: raises $3 to $6
SmellyToes4u: calls $3
*** FLOP *** [As 2c Ts]
SmellyToes4u: checks
Zeeon: bets $3
SmellyToes4u: folds
Uncalled bet ($3) returned to Zeeon
Zeeon collected $11.76 from pot
*** SUMMARY ***
Total pot $12 | Rake $0.24
Board [As 2c Ts]
Seat 4: Zeeon (button) (small blind) collected ($11.76)
Seat 5: SmellyToes4u (big blind) folded on the Flop


PokerStars Hand #150483998276:  Hold'em Limit ($3/$6 USD) - 2016/03/17 7:40:11 ET
Table 'Alaraph' 6-max Seat #4 is the button
Seat 4: Zeeon ($96.11 in chips)
Seat 5: SmellyToes4u ($119.73 in chips)
Zeeon: posts small blind $1
SmellyToes4u: posts big blind $3
*** HOLE CARDS ***
Zeeon: raises $3 to $6
SmellyToes4u: calls $3
*** FLOP *** [Kh 3d 3h]
SmellyToes4u: checks
Zeeon: bets $3
SmellyToes4u: raises $3 to $6
Zeeon: folds
Uncalled bet ($3) returned to SmellyToes4u
SmellyToes4u collected $17.64 from pot
SmellyToes4u: doesn't show hand
*** SUMMARY ***
Total pot $18 | Rake $0.36
Board [Kh 3d 3h]
Seat 4: Zeeon (button) (small blind) folded on the Flop
Seat 5: SmellyToes4u (big blind) collected ($17.64)


PokerStars Hand #150484011493:  Hold'em Limit ($3/$6 USD) - 2016/03/17 7:40:38 ET
Table 'Alaraph' 6-max Seat #5 is the button
Seat 4: Zeeon ($84.11 in chips)
Seat 5: SmellyToes4u ($131.13 in chips)
SmellyToes4u: posts small blind $1
Zeeon: posts big blind $3
*** HOLE CARDS ***
SmellyToes4u: raises $3 to $6
Zeeon: folds
Uncalled bet ($3) returned to SmellyToes4u
SmellyToes4u collected $6 from pot
SmellyToes4u: doesn't show hand
*** SUMMARY ***
Total pot $6 | Rake $0
Seat 4: Zeeon (big blind) folded before Flop
Seat 5: SmellyToes4u (button) (small blind) collected ($6)


PokerStars Hand #150484026391:  Hold'em Limit ($3/$6 USD) - 2016/03/17 7:41:08 ET
Table 'Alaraph' 6-max Seat #4 is the button
Seat 4: Zeeon ($83.87 in chips)
Seat 5: SmellyToes4u ($131.13 in chips)
Zeeon: posts small blind $1
SmellyToes4u: posts big blind $3
*** HOLE CARDS ***
Zeeon: raises $3 to $6
SmellyToes4u: calls $3
*** FLOP *** [Kc 8h Ks]
SmellyToes4u: checks
Zeeon: bets $3
SmellyToes4u: raises $3 to $6
Zeeon: folds
Uncalled bet ($3) returned to SmellyToes4u
SmellyToes4u collected $17.64 from pot
SmellyToes4u: doesn't show hand
*** SUMMARY ***
Total pot $18 | Rake $0.36
Board [Kc 8h Ks]
Seat 4: Zeeon (button) (small blind) folded on the Flop
Seat 5: SmellyToes4u (big blind) collected ($17.64)


PokerStars Hand #150484046847:  Hold'em Limit ($3/$6 USD) - 2016/03/17 7:41:50 ET
Table 'Alaraph' 6-max Seat #4 is the button
Seat 4: Zeeon ($65.87 in chips)
Seat 5: SmellyToes4u ($148.41 in chips)
Zeeon: posts small blind $1
SmellyToes4u: posts big blind $3
*** HOLE CARDS ***
Zeeon: raises $3 to $6
SmellyToes4u: calls $3
*** FLOP *** [Ad 9d Jc]
SmellyToes4u: checks
Zeeon: bets $3
SmellyToes4u: raises $3 to $6
Zeeon: calls $3
*** TURN *** [Ad 9d Jc] [8s]
SmellyToes4u: bets $6
Zeeon: calls $6
*** RIVER *** [Ad 9d Jc 8s] [Ks]
SmellyToes4u: bets $6
Zeeon: calls $6
*** SHOW DOWN ***
SmellyToes4u: shows [Ac Td] (a pair of Aces)
Zeeon: shows [Qs Ah] (a pair of Aces - King+Queen kicker)
Zeeon collected $47.50 from pot
*** SUMMARY ***
Total pot $48 | Rake $0.50
Board [Ad 9d Jc 8s Ks]
Seat 4: Zeeon (button) (small blind) showed [Qs Ah] and won ($47.50) with a pair of Aces
Seat 5: SmellyToes4u (big blind) showed [Ac Td] and lost with a pair of Aces


PokerStars Hand #150484032501:  Hold'em Limit ($3/$6 USD) - 2016/03/17 7:41:21 ET
Table 'Alaraph' 6-max Seat #5 is the button
Seat 4: Zeeon ($74.87 in chips)
Seat 5: SmellyToes4u ($139.77 in chips)
SmellyToes4u: posts small blind $1
Zeeon: posts big blind $3
*** HOLE CARDS ***
SmellyToes4u: raises $3 to $6
Zeeon: calls $3
*** FLOP *** [4d Jh Kd]
Zeeon: checks
SmellyToes4u: bets $3
Zeeon: calls $3
*** TURN *** [4d Jh Kd] [8d]
Zeeon: checks
SmellyToes4u: checks
*** RIVER *** [4d Jh Kd 8d] [4s]
Zeeon: checks
SmellyToes4u: checks
*** SHOW DOWN ***
Zeeon: shows [9h Ts] (a pair of Fours)
SmellyToes4u: shows [Qd 8c] (two pair, Eights and Fours)
SmellyToes4u collected $17.64 from pot
*** SUMMARY ***
Total pot $18 | Rake $0.36
Board [4d Jh Kd 8d 4s]
Seat 4: Zeeon (big blind) showed [9h Ts] and lost with a pair of Fours
Seat 5: SmellyToes4u (button) (small blind) showed [Qd 8c] and won ($17.64) with two pair, Eights and Fours


PokerStars Hand #150484064195:  Hold'em Limit ($3/$6 USD) - 2016/03/17 7:42:26 ET
Table 'Alaraph' 6-max Seat #4 is the button
Seat 4: Zeeon ($95.13 in chips)
Seat 5: SmellyToes4u ($118.41 in chips)
Zeeon: posts small blind $1
SmellyToes4u: posts big blind $3
*** HOLE CARDS ***
Zeeon: raises $3 to $6
SmellyToes4u: calls $3
*** FLOP *** [Kd 2c Td]
SmellyToes4u: checks
Zeeon: bets $3
SmellyToes4u: folds
Uncalled bet ($3) returned to Zeeon
Zeeon collected $11.76 from pot
*** SUMMARY ***
Total pot $12 | Rake $0.24
Board [Kd 2c Td]
Seat 4: Zeeon (button) (small blind) collected ($11.76)
Seat 5: SmellyToes4u (big blind) folded on the Flop


PokerStars Hand #150484056054:  Hold'em Limit ($3/$6 USD) - 2016/03/17 7:42:09 ET
Table 'Alaraph' 6-max Seat #5 is the button
Seat 4: Zeeon ($89.37 in chips)
Seat 5: SmellyToes4u ($124.41 in chips)
SmellyToes4u: posts small blind $1
Zeeon: posts big blind $3
*** HOLE CARDS ***
mateuniooo30 joins the table at seat #1
SmellyToes4u: raises $3 to $6
Zeeon: calls $3
*** FLOP *** [2d 4c 6d]
Zeeon: checks
SmellyToes4u: checks
*** TURN *** [2d 4c 6d] [Ts]
Zeeon: checks
SmellyToes4u: checks
*** RIVER *** [2d 4c 6d Ts] [7s]
Zeeon: checks
SmellyToes4u: checks
*** SHOW DOWN ***
Zeeon: shows [8c 9s] (a straight, Six to Ten)
SmellyToes4u: mucks hand
Zeeon collected $11.76 from pot
*** SUMMARY ***
Total pot $12 | Rake $0.24
Board [2d 4c 6d Ts 7s]
Seat 4: Zeeon (big blind) showed [8c 9s] and won ($11.76) with a straight, Six to Ten
Seat 5: SmellyToes4u (button) (small blind) mucked


PokerStars Hand #150486913517:  Hold'em Limit ($3/$6 USD) - 2016/03/17 9:14:18 ET
Table 'Alaraph' 6-max Seat #5 is the button
Seat 1: Headgtboy ($48.85 in chips)
Seat 5: SmellyToes4u ($56 in chips)
SmellyToes4u: posts small blind $1
Headgtboy: posts big blind $3
*** HOLE CARDS ***
SmellyToes4u: folds
Uncalled bet ($2) returned to Headgtboy
Headgtboy collected $2 from pot
*** SUMMARY ***
Total pot $2 | Rake $0
Seat 1: Headgtboy (big blind) collected ($2)
Seat 5: SmellyToes4u (button) (small blind) folded before Flop


PokerStars Hand #150486917064:  Hold'em Limit ($3/$6 USD) - 2016/03/17 9:14:24 ET
Table 'Alaraph' 6-max Seat #1 is the button
Seat 1: Headgtboy ($49.85 in chips)
Seat 5: SmellyToes4u ($56 in chips)
Headgtboy: posts small blind $1
SmellyToes4u: posts big blind $3
*** HOLE CARDS ***
Headgtboy: folds
Uncalled bet ($2) returned to SmellyToes4u
SmellyToes4u collected $2 from pot
SmellyToes4u: doesn't show hand
*** SUMMARY ***
Total pot $2 | Rake $0
Seat 1: Headgtboy (button) (small blind) folded before Flop
Seat 5: SmellyToes4u (big blind) collected ($2)


PokerStars Hand #150486920517:  Hold'em Limit ($3/$6 USD) - 2016/03/17 9:14:31 ET
Table 'Alaraph' 6-max Seat #5 is the button
Seat 1: Headgtboy ($48.85 in chips)
Seat 5: SmellyToes4u ($57 in chips)
SmellyToes4u: posts small blind $1
Headgtboy: posts big blind $3
*** HOLE CARDS ***
SmellyToes4u: raises $3 to $6
Headgtboy: calls $3
*** FLOP *** [Ts 2s Qh]
Headgtboy: checks
SmellyToes4u: bets $3
Headgtboy: folds
Uncalled bet ($3) returned to SmellyToes4u
SmellyToes4u collected $11.76 from pot
SmellyToes4u: doesn't show hand
*** SUMMARY ***
Total pot $12 | Rake $0.24
Board [Ts 2s Qh]
Seat 1: Headgtboy (big blind) folded on the Flop
Seat 5: SmellyToes4u (button) (small blind) collected ($11.76)


PokerStars Hand #150486942424:  Hold'em Limit ($3/$6 USD) - 2016/03/17 9:15:08 ET
Table 'Alaraph' 6-max Seat #5 is the button
Seat 1: Headgtboy ($21.85 in chips)
Seat 5: SmellyToes4u ($83.26 in chips)
SmellyToes4u: posts small blind $1
Headgtboy: posts big blind $3
*** HOLE CARDS ***
SmellyToes4u: raises $3 to $6
Headgtboy: folds
Uncalled bet ($3) returned to SmellyToes4u
SmellyToes4u collected $6 from pot
SmellyToes4u: doesn't show hand
*** SUMMARY ***
Total pot $6 | Rake $0
Seat 1: Headgtboy (big blind) folded before Flop
Seat 5: SmellyToes4u (button) (small blind) collected ($6)


PokerStars Hand #150486926254:  Hold'em Limit ($3/$6 USD) - 2016/03/17 9:14:41 ET
Table 'Alaraph' 6-max Seat #1 is the button
Seat 1: Headgtboy ($42.85 in chips)
Seat 5: SmellyToes4u ($62.76 in chips)
Headgtboy: posts small blind $1
SmellyToes4u: posts big blind $3
*** HOLE CARDS ***
Headgtboy: raises $3 to $6
SmellyToes4u: calls $3
*** FLOP *** [4s 2c 4c]
SmellyToes4u: checks
Headgtboy: bets $3
SmellyToes4u: calls $3
*** TURN *** [4s 2c 4c] [Th]
SmellyToes4u: checks
mateuniooo30 joins the table at seat #3
Headgtboy: bets $6
SmellyToes4u: calls $6
*** RIVER *** [4s 2c 4c Th] [4h]
SmellyToes4u: checks
Headgtboy: bets $6
SmellyToes4u: calls $6
*** SHOW DOWN ***
Headgtboy: shows [9s 6d] (three of a kind, Fours)
SmellyToes4u: shows [As Qc] (three of a kind, Fours - Ace kicker)
SmellyToes4u collected $41.50 from pot
*** SUMMARY ***
Total pot $42 | Rake $0.50
Board [4s 2c 4c Th 4h]
Seat 1: Headgtboy (button) (small blind) showed [9s 6d] and lost with three of a kind, Fours
Seat 5: SmellyToes4u (big blind) showed [As Qc] and won ($41.50) with three of a kind, Fours


PokerStars Hand #150487012405:  Hold'em Limit ($3/$6 USD) - 2016/03/17 9:17:10 ET
Table 'Alaraph' 6-max Seat #3 is the button
Seat 3: mateuniooo30 ($138.38 in chips)
Seat 5: SmellyToes4u ($82.30 in chips)
mateuniooo30: posts small blind $1
SmellyToes4u: posts big blind $3
*** HOLE CARDS ***
mateuniooo30: folds
Uncalled bet ($2) returned to SmellyToes4u
SmellyToes4u collected $2 from pot
SmellyToes4u: doesn't show hand
*** SUMMARY ***
Total pot $2 | Rake $0
Seat 3: mateuniooo30 (button) (small blind) folded before Flop
Seat 5: SmellyToes4u (big blind) collected ($2)


PokerStars Hand #150491537761:  Hold'em Limit ($3/$6 USD) - 2016/03/17 11:19:46 ET
Table 'Alaraph' 6-max Seat #4 is the button
Seat 2: win888day ($116 in chips)
Seat 4: belik555 ($207.50 in chips)
belik555: posts small blind $1
thenuts999: is sitting out
win888day: posts big blind $3
*** HOLE CARDS ***
belik555: raises $3 to $6
thenuts999 leaves the table
win888day: calls $3
*** FLOP *** [5s 2d 9d]
win888day: checks
belik555: bets $3
win888day: calls $3
*** TURN *** [5s 2d 9d] [5h]
win888day: checks
belik555: checks
*** RIVER *** [5s 2d 9d 5h] [As]
win888day: bets $6
belik555: calls $6
*** SHOW DOWN ***
win888day: shows [Jh Qh] (a pair of Fives)
belik555: shows [Kd 3c] (a pair of Fives - Ace+King kicker)
belik555 collected $29.50 from pot
*** SUMMARY ***
Total pot $30 | Rake $0.50
Board [5s 2d 9d 5h As]
Seat 2: win888day (big blind) showed [Jh Qh] and lost with a pair of Fives
Seat 4: belik555 (button) (small blind) showed [Kd 3c] and won ($29.50) with a pair of Fives


