PokerStars Hand #165708405103:  Hold'em Limit ($3/$6 USD) - 2017/02/05 4:16:22 ET
Table 'Alathfar' 6-max Seat #6 is the button
Seat 5: 19woody58 ($120 in chips)
Seat 6: TbIP-TbIP 88 ($72 in chips)
TbIP-TbIP 88: posts small blind $1
19woody58: posts big blind $3
*** HOLE CARDS ***
TbIP-TbIP 88: raises $3 to $6
19woody58: calls $3
*** FLOP *** [Js 4s Qc]
19woody58: checks
TbIP-TbIP 88: bets $3
19woody58: calls $3
*** TURN *** [Js 4s Qc] [4d]
19woody58: checks
TbIP-TbIP 88: bets $6
19woody58: calls $6
*** RIVER *** [Js 4s Qc 4d] [Kc]
19woody58: checks
TbIP-TbIP 88: bets $6
19woody58: folds
Uncalled bet ($6) returned to TbIP-TbIP 88
TbIP-TbIP 88 collected $29.50 from pot
TbIP-TbIP 88: doesn't show hand
*** SUMMARY ***
Total pot $30 | Rake $0.50
Board [Js 4s Qc 4d Kc]
Seat 5: 19woody58 (big blind) folded on the River
Seat 6: TbIP-TbIP 88 (button) (small blind) collected ($29.50)


PokerStars Hand #165708416268:  Hold'em Limit ($3/$6 USD) - 2017/02/05 4:16:49 ET
Table 'Alathfar' 6-max Seat #5 is the button
Seat 5: 19woody58 ($105 in chips)
Seat 6: TbIP-TbIP 88 ($86.50 in chips)
19woody58: posts small blind $1
TbIP-TbIP 88: posts big blind $3
*** HOLE CARDS ***
19woody58: folds
Uncalled bet ($2) returned to TbIP-TbIP 88
TbIP-TbIP 88 collected $2 from pot
TbIP-TbIP 88: doesn't show hand
*** SUMMARY ***
Total pot $2 | Rake $0
Seat 5: 19woody58 (button) (small blind) folded before Flop
Seat 6: TbIP-TbIP 88 (big blind) collected ($2)


PokerStars Hand #165708418610:  Hold'em Limit ($3/$6 USD) - 2017/02/05 4:16:54 ET
Table 'Alathfar' 6-max Seat #6 is the button
Seat 5: 19woody58 ($104 in chips)
Seat 6: TbIP-TbIP 88 ($87.50 in chips)
TbIP-TbIP 88: posts small blind $1
19woody58: posts big blind $3
*** HOLE CARDS ***
TbIP-TbIP 88: raises $3 to $6
19woody58: calls $3
*** FLOP *** [5s 7d 3s]
19woody58: checks
TbIP-TbIP 88: bets $3
19woody58: calls $3
*** TURN *** [5s 7d 3s] [Ah]
19woody58: checks
TbIP-TbIP 88: bets $6
19woody58: calls $6
*** RIVER *** [5s 7d 3s Ah] [8c]
19woody58: checks
TbIP-TbIP 88: bets $6
19woody58: calls $6
*** SHOW DOWN ***
TbIP-TbIP 88: shows [3h As] (two pair, Aces and Threes)
19woody58: mucks hand
TbIP-TbIP 88 collected $41.50 from pot
*** SUMMARY ***
Total pot $42 | Rake $0.50
Board [5s 7d 3s Ah 8c]
Seat 5: 19woody58 (big blind) mucked
Seat 6: TbIP-TbIP 88 (button) (small blind) showed [3h As] and won ($41.50) with two pair, Aces and Threes


PokerStars Hand #165708432753:  Hold'em Limit ($3/$6 USD) - 2017/02/05 4:17:28 ET
Table 'Alathfar' 6-max Seat #5 is the button
Seat 5: 19woody58 ($83 in chips)
Seat 6: TbIP-TbIP 88 ($108 in chips)
19woody58: posts small blind $1
TbIP-TbIP 88: posts big blind $3
*** HOLE CARDS ***
19woody58: raises $3 to $6
TbIP-TbIP 88: calls $3
*** FLOP *** [8c Td 6d]
TbIP-TbIP 88: checks
19woody58: bets $3
TbIP-TbIP 88: calls $3
*** TURN *** [8c Td 6d] [Ah]
TbIP-TbIP 88: checks
19woody58: bets $6
TbIP-TbIP 88: calls $6
*** RIVER *** [8c Td 6d Ah] [8d]
TbIP-TbIP 88: checks
19woody58: bets $6
TbIP-TbIP 88: calls $6
*** SHOW DOWN ***
19woody58: shows [Ad Jh] (two pair, Aces and Eights)
TbIP-TbIP 88: mucks hand
19woody58 collected $41.50 from pot
*** SUMMARY ***
Total pot $42 | Rake $0.50
Board [8c Td 6d Ah 8d]
Seat 5: 19woody58 (button) (small blind) showed [Ad Jh] and won ($41.50) with two pair, Aces and Eights
Seat 6: TbIP-TbIP 88 (big blind) mucked


PokerStars Hand #165708449417:  Hold'em Limit ($3/$6 USD) - 2017/02/05 4:18:08 ET
Table 'Alathfar' 6-max Seat #6 is the button
Seat 5: 19woody58 ($103.50 in chips)
Seat 6: TbIP-TbIP 88 ($87 in chips)
TbIP-TbIP 88: posts small blind $1
19woody58: posts big blind $3
*** HOLE CARDS ***
TbIP-TbIP 88: raises $3 to $6
19woody58: folds
Uncalled bet ($3) returned to TbIP-TbIP 88
TbIP-TbIP 88 collected $6 from pot
TbIP-TbIP 88: doesn't show hand
*** SUMMARY ***
Total pot $6 | Rake $0
Seat 5: 19woody58 (big blind) folded before Flop
Seat 6: TbIP-TbIP 88 (button) (small blind) collected ($6)


PokerStars Hand #165708451914:  Hold'em Limit ($3/$6 USD) - 2017/02/05 4:18:13 ET
Table 'Alathfar' 6-max Seat #5 is the button
Seat 5: 19woody58 ($100.50 in chips)
Seat 6: TbIP-TbIP 88 ($90 in chips)
19woody58: posts small blind $1
TbIP-TbIP 88: posts big blind $3
*** HOLE CARDS ***
19woody58: raises $3 to $6
TbIP-TbIP 88: calls $3
*** FLOP *** [3c 5h Jc]
TbIP-TbIP 88: checks
19woody58: bets $3
TbIP-TbIP 88: folds
Uncalled bet ($3) returned to 19woody58
19woody58 collected $11.76 from pot
*** SUMMARY ***
Total pot $12 | Rake $0.24
Board [3c 5h Jc]
Seat 5: 19woody58 (button) (small blind) collected ($11.76)
Seat 6: TbIP-TbIP 88 (big blind) folded on the Flop


PokerStars Hand #165708457442:  Hold'em Limit ($3/$6 USD) - 2017/02/05 4:18:27 ET
Table 'Alathfar' 6-max Seat #6 is the button
Seat 5: 19woody58 ($106.26 in chips)
Seat 6: TbIP-TbIP 88 ($84 in chips)
TbIP-TbIP 88: posts small blind $1
19woody58: posts big blind $3
*** HOLE CARDS ***
TbIP-TbIP 88: raises $3 to $6
19woody58: folds
Uncalled bet ($3) returned to TbIP-TbIP 88
TbIP-TbIP 88 collected $6 from pot
TbIP-TbIP 88: doesn't show hand
*** SUMMARY ***
Total pot $6 | Rake $0
Seat 5: 19woody58 (big blind) folded before Flop
Seat 6: TbIP-TbIP 88 (button) (small blind) collected ($6)


PokerStars Hand #165708460127:  Hold'em Limit ($3/$6 USD) - 2017/02/05 4:18:33 ET
Table 'Alathfar' 6-max Seat #5 is the button
Seat 5: 19woody58 ($103.26 in chips)
Seat 6: TbIP-TbIP 88 ($87 in chips)
19woody58: posts small blind $1
TbIP-TbIP 88: posts big blind $3
*** HOLE CARDS ***
19woody58: raises $3 to $6
TbIP-TbIP 88: calls $3
*** FLOP *** [2s 4c 3c]
TbIP-TbIP 88: checks
19woody58: bets $3
TbIP-TbIP 88: calls $3
*** TURN *** [2s 4c 3c] [Jh]
TbIP-TbIP 88: checks
19woody58: bets $6
TbIP-TbIP 88: folds
Uncalled bet ($6) returned to 19woody58
19woody58 collected $17.64 from pot
*** SUMMARY ***
Total pot $18 | Rake $0.36
Board [2s 4c 3c Jh]
Seat 5: 19woody58 (button) (small blind) collected ($17.64)
Seat 6: TbIP-TbIP 88 (big blind) folded on the Turn


PokerStars Hand #165708475407:  Hold'em Limit ($3/$6 USD) - 2017/02/05 4:19:09 ET
Table 'Alathfar' 6-max Seat #6 is the button
Seat 5: 19woody58 ($111.90 in chips)
Seat 6: TbIP-TbIP 88 ($78 in chips)
TbIP-TbIP 88: posts small blind $1
19woody58: posts big blind $3
*** HOLE CARDS ***
TbIP-TbIP 88: raises $3 to $6
19woody58: calls $3
*** FLOP *** [Kh 6s 8d]
19woody58: checks
TbIP-TbIP 88: bets $3
19woody58: calls $3
*** TURN *** [Kh 6s 8d] [7s]
19woody58: checks
TbIP-TbIP 88: bets $6
19woody58: calls $6
*** RIVER *** [Kh 6s 8d 7s] [4h]
19woody58: checks
TbIP-TbIP 88: checks
*** SHOW DOWN ***
19woody58: shows [5h Qh] (a straight, Four to Eight)
TbIP-TbIP 88: mucks hand
19woody58 collected $29.50 from pot
*** SUMMARY ***
Total pot $30 | Rake $0.50
Board [Kh 6s 8d 7s 4h]
Seat 5: 19woody58 (big blind) showed [5h Qh] and won ($29.50) with a straight, Four to Eight
Seat 6: TbIP-TbIP 88 (button) (small blind) mucked


PokerStars Hand #165708485870:  Hold'em Limit ($3/$6 USD) - 2017/02/05 4:19:33 ET
Table 'Alathfar' 6-max Seat #5 is the button
Seat 5: 19woody58 ($126.40 in chips)
Seat 6: TbIP-TbIP 88 ($72 in chips)
19woody58: posts small blind $1
TbIP-TbIP 88: posts big blind $3
*** HOLE CARDS ***
19woody58: raises $3 to $6
TbIP-TbIP 88: calls $3
*** FLOP *** [5h 8d 3d]
TbIP-TbIP 88: checks
19woody58: checks
*** TURN *** [5h 8d 3d] [6s]
TbIP-TbIP 88: bets $6
19woody58: calls $6
*** RIVER *** [5h 8d 3d 6s] [8s]
TbIP-TbIP 88: bets $6
19woody58: calls $6
*** SHOW DOWN ***
TbIP-TbIP 88: shows [Ac Qs] (a pair of Eights)
19woody58: shows [Kh 6c] (two pair, Eights and Sixes)
19woody58 collected $35.50 from pot
*** SUMMARY ***
Total pot $36 | Rake $0.50
Board [5h 8d 3d 6s 8s]
Seat 5: 19woody58 (button) (small blind) showed [Kh 6c] and won ($35.50) with two pair, Eights and Sixes
Seat 6: TbIP-TbIP 88 (big blind) showed [Ac Qs] and lost with a pair of Eights


PokerStars Hand #165708505701:  Hold'em Limit ($3/$6 USD) - 2017/02/05 4:20:20 ET
Table 'Alathfar' 6-max Seat #6 is the button
Seat 5: 19woody58 ($151.54 in chips)
Seat 6: TbIP-TbIP 88 ($73 in chips)
TbIP-TbIP 88: posts small blind $1
19woody58: posts big blind $3
*** HOLE CARDS ***
TbIP-TbIP 88: raises $3 to $6
19woody58: calls $3
*** FLOP *** [8s 9d 6d]
19woody58: checks
TbIP-TbIP 88: bets $3
19woody58: calls $3
*** TURN *** [8s 9d 6d] [6h]
19woody58: checks
TbIP-TbIP 88: bets $6
19woody58: calls $6
*** RIVER *** [8s 9d 6d 6h] [4h]
19woody58: checks
TbIP-TbIP 88: checks
*** SHOW DOWN ***
19woody58: shows [Kh Ac] (a pair of Sixes)
TbIP-TbIP 88: mucks hand
19woody58 collected $29.50 from pot
*** SUMMARY ***
Total pot $30 | Rake $0.50
Board [8s 9d 6d 6h 4h]
Seat 5: 19woody58 (big blind) showed [Kh Ac] and won ($29.50) with a pair of Sixes
Seat 6: TbIP-TbIP 88 (button) (small blind) mucked


PokerStars Hand #165708515289:  Hold'em Limit ($3/$6 USD) - 2017/02/05 4:20:43 ET
Table 'Alathfar' 6-max Seat #5 is the button
Seat 5: 19woody58 ($166.04 in chips)
Seat 6: TbIP-TbIP 88 ($72 in chips)
19woody58: posts small blind $1
TbIP-TbIP 88: posts big blind $3
*** HOLE CARDS ***
19woody58: raises $3 to $6
TbIP-TbIP 88: calls $3
*** FLOP *** [2h Kd Js]
TbIP-TbIP 88: checks
19woody58: checks
*** TURN *** [2h Kd Js] [5c]
TbIP-TbIP 88: checks
19woody58: checks
*** RIVER *** [2h Kd Js 5c] [Td]
TbIP-TbIP 88: bets $6
19woody58: calls $6
*** SHOW DOWN ***
TbIP-TbIP 88: shows [8s 9c] (high card King)
19woody58: shows [Ts 8d] (a pair of Tens)
19woody58 collected $23.52 from pot
*** SUMMARY ***
Total pot $24 | Rake $0.48
Board [2h Kd Js 5c Td]
Seat 5: 19woody58 (button) (small blind) showed [Ts 8d] and won ($23.52) with a pair of Tens
Seat 6: TbIP-TbIP 88 (big blind) showed [8s 9c] and lost with high card King


PokerStars Hand #165708522371:  Hold'em Limit ($3/$6 USD) - 2017/02/05 4:21:00 ET
Table 'Alathfar' 6-max Seat #6 is the button
Seat 5: 19woody58 ($177.56 in chips)
Seat 6: TbIP-TbIP 88 ($72 in chips)
TbIP-TbIP 88: posts small blind $1
19woody58: posts big blind $3
*** HOLE CARDS ***
TbIP-TbIP 88: raises $3 to $6
19woody58: folds
Uncalled bet ($3) returned to TbIP-TbIP 88
TbIP-TbIP 88 collected $6 from pot
TbIP-TbIP 88: doesn't show hand
*** SUMMARY ***
Total pot $6 | Rake $0
Seat 5: 19woody58 (big blind) folded before Flop
Seat 6: TbIP-TbIP 88 (button) (small blind) collected ($6)


PokerStars Hand #165708502942:  Hold'em Limit ($3/$6 USD) - 2017/02/05 4:20:13 ET
Table 'Alathfar' 6-max Seat #5 is the button
Seat 5: 19woody58 ($152.54 in chips)
Seat 6: TbIP-TbIP 88 ($72 in chips)
19woody58: posts small blind $1
TbIP-TbIP 88: posts big blind $3
*** HOLE CARDS ***
19woody58: folds
Uncalled bet ($2) returned to TbIP-TbIP 88
TbIP-TbIP 88 collected $2 from pot
TbIP-TbIP 88: doesn't show hand
*** SUMMARY ***
Total pot $2 | Rake $0
Seat 5: 19woody58 (button) (small blind) folded before Flop
Seat 6: TbIP-TbIP 88 (big blind) collected ($2)


PokerStars Hand #165708493578:  Hold'em Limit ($3/$6 USD) - 2017/02/05 4:19:51 ET
Table 'Alathfar' 6-max Seat #6 is the button
Seat 5: 19woody58 ($143.90 in chips)
Seat 6: TbIP-TbIP 88 ($72 in chips)
TbIP-TbIP 88: posts small blind $1
19woody58: posts big blind $3
*** HOLE CARDS ***
TbIP-TbIP 88: raises $3 to $6
19woody58: calls $3
*** FLOP *** [Ac Qd 9h]
19woody58: checks
TbIP-TbIP 88: bets $3
19woody58: calls $3
*** TURN *** [Ac Qd 9h] [3s]
19woody58: checks
TbIP-TbIP 88: checks
*** RIVER *** [Ac Qd 9h 3s] [5s]
19woody58: bets $6
TbIP-TbIP 88: folds
Uncalled bet ($6) returned to 19woody58
19woody58 collected $17.64 from pot
*** SUMMARY ***
Total pot $18 | Rake $0.36
Board [Ac Qd 9h 3s 5s]
Seat 5: 19woody58 (big blind) collected ($17.64)
Seat 6: TbIP-TbIP 88 (button) (small blind) folded on the River


PokerStars Hand #165708530654:  Hold'em Limit ($3/$6 USD) - 2017/02/05 4:21:19 ET
Table 'Alathfar' 6-max Seat #5 is the button
Seat 5: 19woody58 ($174.56 in chips)
Seat 6: TbIP-TbIP 88 ($75 in chips)
19woody58: posts small blind $1
TbIP-TbIP 88: posts big blind $3
*** HOLE CARDS ***
19woody58: raises $3 to $6
TbIP-TbIP 88: folds
Uncalled bet ($3) returned to 19woody58
19woody58 collected $6 from pot
*** SUMMARY ***
Total pot $6 | Rake $0
Seat 5: 19woody58 (button) (small blind) collected ($6)
Seat 6: TbIP-TbIP 88 (big blind) folded before Flop


PokerStars Hand #165708528011:  Hold'em Limit ($3/$6 USD) - 2017/02/05 4:21:13 ET
Table 'Alathfar' 6-max Seat #6 is the button
Seat 5: 19woody58 ($177.56 in chips)
Seat 6: TbIP-TbIP 88 ($72 in chips)
TbIP-TbIP 88: posts small blind $1
19woody58: posts big blind $3
*** HOLE CARDS ***
TbIP-TbIP 88: raises $3 to $6
19woody58: folds
Uncalled bet ($3) returned to TbIP-TbIP 88
TbIP-TbIP 88 collected $6 from pot
TbIP-TbIP 88: doesn't show hand
*** SUMMARY ***
Total pot $6 | Rake $0
Seat 5: 19woody58 (big blind) folded before Flop
Seat 6: TbIP-TbIP 88 (button) (small blind) collected ($6)


PokerStars Hand #165708525020:  Hold'em Limit ($3/$6 USD) - 2017/02/05 4:21:06 ET
Table 'Alathfar' 6-max Seat #5 is the button
Seat 5: 19woody58 ($174.56 in chips)
Seat 6: TbIP-TbIP 88 ($75 in chips)
19woody58: posts small blind $1
TbIP-TbIP 88: posts big blind $3
*** HOLE CARDS ***
19woody58: raises $3 to $6
TbIP-TbIP 88: folds
Uncalled bet ($3) returned to 19woody58
19woody58 collected $6 from pot
*** SUMMARY ***
Total pot $6 | Rake $0
Seat 5: 19woody58 (button) (small blind) collected ($6)
Seat 6: TbIP-TbIP 88 (big blind) folded before Flop


PokerStars Hand #165708533719:  Hold'em Limit ($3/$6 USD) - 2017/02/05 4:21:26 ET
Table 'Alathfar' 6-max Seat #6 is the button
Seat 5: 19woody58 ($177.56 in chips)
Seat 6: TbIP-TbIP 88 ($72 in chips)
TbIP-TbIP 88: posts small blind $1
19woody58: posts big blind $3
*** HOLE CARDS ***
TbIP-TbIP 88: raises $3 to $6
19woody58: calls $3
*** FLOP *** [Ks 8c 3c]
19woody58: checks
TbIP-TbIP 88: bets $3
19woody58: calls $3
*** TURN *** [Ks 8c 3c] [6s]
19woody58: checks
TbIP-TbIP 88: checks
*** RIVER *** [Ks 8c 3c 6s] [Tc]
19woody58: checks
TbIP-TbIP 88: checks
*** SHOW DOWN ***
19woody58: shows [Ah 9h] (high card Ace)
TbIP-TbIP 88: mucks hand
19woody58 collected $17.64 from pot
*** SUMMARY ***
Total pot $18 | Rake $0.36
Board [Ks 8c 3c 6s Tc]
Seat 5: 19woody58 (big blind) showed [Ah 9h] and won ($17.64) with high card Ace
Seat 6: TbIP-TbIP 88 (button) (small blind) mucked


PokerStars Hand #165708545209:  Hold'em Limit ($3/$6 USD) - 2017/02/05 4:21:53 ET
Table 'Alathfar' 6-max Seat #6 is the button
Seat 5: 19woody58 ($185.20 in chips)
Seat 6: TbIP-TbIP 88 ($73 in chips)
TbIP-TbIP 88: posts small blind $1
19woody58: posts big blind $3
*** HOLE CARDS ***
TbIP-TbIP 88: raises $3 to $6
19woody58: folds
Uncalled bet ($3) returned to TbIP-TbIP 88
TbIP-TbIP 88 collected $6 from pot
TbIP-TbIP 88: doesn't show hand
*** SUMMARY ***
Total pot $6 | Rake $0
Seat 5: 19woody58 (big blind) folded before Flop
Seat 6: TbIP-TbIP 88 (button) (small blind) collected ($6)


PokerStars Hand #165708542948:  Hold'em Limit ($3/$6 USD) - 2017/02/05 4:21:48 ET
Table 'Alathfar' 6-max Seat #5 is the button
Seat 5: 19woody58 ($186.20 in chips)
Seat 6: TbIP-TbIP 88 ($72 in chips)
19woody58: posts small blind $1
TbIP-TbIP 88: posts big blind $3
*** HOLE CARDS ***
19woody58: folds
Uncalled bet ($2) returned to TbIP-TbIP 88
TbIP-TbIP 88 collected $2 from pot
TbIP-TbIP 88: doesn't show hand
*** SUMMARY ***
Total pot $2 | Rake $0
Seat 5: 19woody58 (button) (small blind) folded before Flop
Seat 6: TbIP-TbIP 88 (big blind) collected ($2)


PokerStars Hand #165708564503:  Hold'em Limit ($3/$6 USD) - 2017/02/05 4:22:38 ET
Table 'Alathfar' 6-max Seat #6 is the button
Seat 5: 19woody58 ($202.70 in chips)
Seat 6: TbIP-TbIP 88 ($72 in chips)
TbIP-TbIP 88: posts small blind $1
19woody58: posts big blind $3
*** HOLE CARDS ***
TbIP-TbIP 88: raises $3 to $6
19woody58: calls $3
*** FLOP *** [4s Tc 8h]
19woody58: checks
TbIP-TbIP 88: bets $3
19woody58: calls $3
*** TURN *** [4s Tc 8h] [9h]
19woody58: checks
TbIP-TbIP 88: checks
*** RIVER *** [4s Tc 8h 9h] [8c]
19woody58: checks
TbIP-TbIP 88: checks
*** SHOW DOWN ***
19woody58: shows [Kd Qc] (a pair of Eights)
TbIP-TbIP 88: mucks hand
19woody58 collected $17.64 from pot
*** SUMMARY ***
Total pot $18 | Rake $0.36
Board [4s Tc 8h 9h 8c]
Seat 5: 19woody58 (big blind) showed [Kd Qc] and won ($17.64) with a pair of Eights
Seat 6: TbIP-TbIP 88 (button) (small blind) mucked


PokerStars Hand #165708547979:  Hold'em Limit ($3/$6 USD) - 2017/02/05 4:21:59 ET
Table 'Alathfar' 6-max Seat #5 is the button
Seat 5: 19woody58 ($182.20 in chips)
Seat 6: TbIP-TbIP 88 ($76 in chips)
19woody58: posts small blind $1
TbIP-TbIP 88: posts big blind $3
*** HOLE CARDS ***
19woody58: raises $3 to $6
TbIP-TbIP 88: calls $3
*** FLOP *** [Jd Kh 6s]
TbIP-TbIP 88: checks
19woody58: bets $3
TbIP-TbIP 88: calls $3
*** TURN *** [Jd Kh 6s] [Jh]
TbIP-TbIP 88: checks
19woody58: bets $6
TbIP-TbIP 88: calls $6
*** RIVER *** [Jd Kh 6s Jh] [5d]
TbIP-TbIP 88: checks
19woody58: bets $6
TbIP-TbIP 88: calls $6
*** SHOW DOWN ***
19woody58: shows [Js 8d] (three of a kind, Jacks)
TbIP-TbIP 88: mucks hand
19woody58 collected $41.50 from pot
*** SUMMARY ***
Total pot $42 | Rake $0.50
Board [Jd Kh 6s Jh 5d]
Seat 5: 19woody58 (button) (small blind) showed [Js 8d] and won ($41.50) with three of a kind, Jacks
Seat 6: TbIP-TbIP 88 (big blind) mucked


PokerStars Hand #165708579245:  Hold'em Limit ($3/$6 USD) - 2017/02/05 4:23:12 ET
Table 'Alathfar' 6-max Seat #6 is the button
Seat 5: 19woody58 ($210.34 in chips)
Seat 6: TbIP-TbIP 88 ($73 in chips)
TbIP-TbIP 88: posts small blind $1
19woody58: posts big blind $3
*** HOLE CARDS ***
TbIP-TbIP 88: raises $3 to $6
19woody58: folds
Uncalled bet ($3) returned to TbIP-TbIP 88
TbIP-TbIP 88 collected $6 from pot
TbIP-TbIP 88: doesn't show hand
*** SUMMARY ***
Total pot $6 | Rake $0
Seat 5: 19woody58 (big blind) folded before Flop
Seat 6: TbIP-TbIP 88 (button) (small blind) collected ($6)


PokerStars Hand #165708577018:  Hold'em Limit ($3/$6 USD) - 2017/02/05 4:23:07 ET
Table 'Alathfar' 6-max Seat #5 is the button
Seat 5: 19woody58 ($211.34 in chips)
Seat 6: TbIP-TbIP 88 ($72 in chips)
19woody58: posts small blind $1
TbIP-TbIP 88: posts big blind $3
*** HOLE CARDS ***
19woody58: folds
Uncalled bet ($2) returned to TbIP-TbIP 88
TbIP-TbIP 88 collected $2 from pot
TbIP-TbIP 88: doesn't show hand
*** SUMMARY ***
Total pot $2 | Rake $0
Seat 5: 19woody58 (button) (small blind) folded before Flop
Seat 6: TbIP-TbIP 88 (big blind) collected ($2)


PokerStars Hand #165708581676:  Hold'em Limit ($3/$6 USD) - 2017/02/05 4:23:17 ET
Table 'Alathfar' 6-max Seat #5 is the button
Seat 5: 19woody58 ($207.34 in chips)
Seat 6: TbIP-TbIP 88 ($76 in chips)
19woody58: posts small blind $1
TbIP-TbIP 88: posts big blind $3
*** HOLE CARDS ***
19woody58: raises $3 to $6
TbIP-TbIP 88: folds
Uncalled bet ($3) returned to 19woody58
19woody58 collected $6 from pot
*** SUMMARY ***
Total pot $6 | Rake $0
Seat 5: 19woody58 (button) (small blind) collected ($6)
Seat 6: TbIP-TbIP 88 (big blind) folded before Flop


PokerStars Hand #165708840775:  Hold'em Limit ($3/$6 USD) - 2017/02/05 4:33:06 ET
Table 'Alathfar' 6-max Seat #2 is the button
Seat 1: Auge72 ($77.30 in chips)
Seat 2: rascal_319 ($63.64 in chips)
rascal_319: posts small blind $1
Auge72: posts big blind $3
*** HOLE CARDS ***
rascal_319: folds
Uncalled bet ($2) returned to Auge72
Auge72 collected $2 from pot
Auge72: doesn't show hand
*** SUMMARY ***
Total pot $2 | Rake $0
Seat 1: Auge72 (big blind) collected ($2)
Seat 2: rascal_319 (button) (small blind) folded before Flop


PokerStars Hand #165708835460:  Hold'em Limit ($3/$6 USD) - 2017/02/05 4:32:54 ET
Table 'Alathfar' 6-max Seat #1 is the button
Seat 1: Auge72 ($59.80 in chips)
Seat 2: rascal_319 ($81.64 in chips)
Auge72: posts small blind $1
rascal_319: posts big blind $3
*** HOLE CARDS ***
Auge72: raises $3 to $6
rascal_319: raises $3 to $9
Auge72: calls $3
*** FLOP *** [Ac 3c Qh]
rascal_319: bets $3
Auge72: calls $3
*** TURN *** [Ac 3c Qh] [4c]
rascal_319: bets $6
Auge72: calls $6
*** RIVER *** [Ac 3c Qh 4c] [2d]
rascal_319: checks
Auge72: checks
*** SHOW DOWN ***
rascal_319: shows [Qs 7d] (a pair of Queens)
Auge72: shows [Ks Qd] (a pair of Queens - Ace+King kicker)
Auge72 collected $35.50 from pot
*** SUMMARY ***
Total pot $36 | Rake $0.50
Board [Ac 3c Qh 4c 2d]
Seat 1: Auge72 (button) (small blind) showed [Ks Qd] and won ($35.50) with a pair of Queens
Seat 2: rascal_319 (big blind) showed [Qs 7d] and lost with a pair of Queens


PokerStars Hand #165708833705:  Hold'em Limit ($3/$6 USD) - 2017/02/05 4:32:50 ET
Table 'Alathfar' 6-max Seat #2 is the button
Seat 1: Auge72 ($58.80 in chips)
Seat 2: rascal_319 ($82.64 in chips)
rascal_319: posts small blind $1
Auge72: posts big blind $3
*** HOLE CARDS ***
rascal_319: folds
Uncalled bet ($2) returned to Auge72
Auge72 collected $2 from pot
Auge72: doesn't show hand
*** SUMMARY ***
Total pot $2 | Rake $0
Seat 1: Auge72 (big blind) collected ($2)
Seat 2: rascal_319 (button) (small blind) folded before Flop


PokerStars Hand #165708831548:  Hold'em Limit ($3/$6 USD) - 2017/02/05 4:32:45 ET
Table 'Alathfar' 6-max Seat #1 is the button
Seat 1: Auge72 ($59.80 in chips)
Seat 2: rascal_319 ($81.64 in chips)
Auge72: posts small blind $1
rascal_319: posts big blind $3
*** HOLE CARDS ***
Auge72: folds
Uncalled bet ($2) returned to rascal_319
rascal_319 collected $2 from pot
rascal_319: doesn't show hand
*** SUMMARY ***
Total pot $2 | Rake $0
Seat 1: Auge72 (button) (small blind) folded before Flop
Seat 2: rascal_319 (big blind) collected ($2)


PokerStars Hand #165708825054:  Hold'em Limit ($3/$6 USD) - 2017/02/05 4:32:30 ET
Table 'Alathfar' 6-max Seat #2 is the button
Seat 1: Auge72 ($39.30 in chips)
Seat 2: rascal_319 ($102.64 in chips)
rascal_319: posts small blind $1
Auge72: posts big blind $3
*** HOLE CARDS ***
rascal_319: raises $3 to $6
Auge72: calls $3
*** FLOP *** [6d 5s 6c]
Auge72: checks
rascal_319: bets $3
Auge72: calls $3
*** TURN *** [6d 5s 6c] [7h]
Auge72: checks
rascal_319: bets $6
Auge72: calls $6
*** RIVER *** [6d 5s 6c 7h] [8d]
Auge72: bets $6
rascal_319: calls $6
*** SHOW DOWN ***
Auge72: shows [9d Qd] (a straight, Five to Nine)
rascal_319: mucks hand
Auge72 collected $41.50 from pot
*** SUMMARY ***
Total pot $42 | Rake $0.50
Board [6d 5s 6c 7h 8d]
Seat 1: Auge72 (big blind) showed [9d Qd] and won ($41.50) with a straight, Five to Nine
Seat 2: rascal_319 (button) (small blind) mucked


PokerStars Hand #165708843282:  Hold'em Limit ($3/$6 USD) - 2017/02/05 4:33:11 ET
Table 'Alathfar' 6-max Seat #1 is the button
Seat 1: Auge72 ($78.30 in chips)
Seat 2: rascal_319 ($62.64 in chips)
Auge72: posts small blind $1
rascal_319: posts big blind $3
*** HOLE CARDS ***
Auge72: folds
Uncalled bet ($2) returned to rascal_319
rascal_319 collected $2 from pot
rascal_319: doesn't show hand
VolkovDmitri joins the table at seat #3
*** SUMMARY ***
Total pot $2 | Rake $0
Seat 1: Auge72 (button) (small blind) folded before Flop
Seat 2: rascal_319 (big blind) collected ($2)


PokerStars Hand #165708960595:  Hold'em Limit ($3/$6 USD) - 2017/02/05 4:37:32 ET
Table 'Alathfar' 6-max Seat #2 is the button
Seat 2: rascal_319 ($128.81 in chips)
Seat 4: Faqquer ($149.58 in chips)
rascal_319: posts small blind $1
Faqquer: posts big blind $3
*** HOLE CARDS ***
rascal_319: folds
Uncalled bet ($2) returned to Faqquer
Faqquer collected $2 from pot
Faqquer: doesn't show hand
*** SUMMARY ***
Total pot $2 | Rake $0
Seat 2: rascal_319 (button) (small blind) folded before Flop
Seat 4: Faqquer (big blind) collected ($2)


