PokerStars Hand #171246803263:  Hold'em Limit ($3/$6 USD) - 2017/06/02 12:13:35 ET
Table 'Alauda' 6-max Seat #4 is the button
Seat 3: shawnm20 ($115 in chips)
Seat 4: FHstyles ($65 in chips)
FHstyles: posts small blind $1
shawnm20: posts big blind $3
*** HOLE CARDS ***
FHstyles: raises $3 to $6
shawnm20: calls $3
*** FLOP *** [7s 5d 2d]
shawnm20: checks
FHstyles: bets $3
shawnm20: folds
Uncalled bet ($3) returned to FHstyles
FHstyles collected $11.76 from pot
FHstyles: doesn't show hand
*** SUMMARY ***
Total pot $12 | Rake $0.24
Board [7s 5d 2d]
Seat 3: shawnm20 (big blind) folded on the Flop
Seat 4: FHstyles (button) (small blind) collected ($11.76)


PokerStars Hand #171246800142:  Hold'em Limit ($3/$6 USD) - 2017/06/02 12:13:30 ET
Table 'Alauda' 6-max Seat #3 is the button
Seat 3: shawnm20 ($116 in chips)
Seat 4: FHstyles ($64 in chips)
shawnm20: posts small blind $1
FHstyles: posts big blind $3
*** HOLE CARDS ***
shawnm20: folds
Uncalled bet ($2) returned to FHstyles
FHstyles collected $2 from pot
FHstyles: doesn't show hand
*** SUMMARY ***
Total pot $2 | Rake $0
Seat 3: shawnm20 (button) (small blind) folded before Flop
Seat 4: FHstyles (big blind) collected ($2)


PokerStars Hand #171246796925:  Hold'em Limit ($3/$6 USD) - 2017/06/02 12:13:25 ET
Table 'Alauda' 6-max Seat #4 is the button
Seat 3: shawnm20 ($119 in chips)
Seat 4: FHstyles ($61 in chips)
FHstyles: posts small blind $1
shawnm20: posts big blind $3
*** HOLE CARDS ***
FHstyles: raises $3 to $6
shawnm20: folds
Uncalled bet ($3) returned to FHstyles
FHstyles collected $6 from pot
FHstyles: doesn't show hand
*** SUMMARY ***
Total pot $6 | Rake $0
Seat 3: shawnm20 (big blind) folded before Flop
Seat 4: FHstyles (button) (small blind) collected ($6)


PokerStars Hand #171246843219:  Hold'em Limit ($3/$6 USD) - 2017/06/02 12:14:38 ET
Table 'Alauda' 6-max Seat #3 is the button
Seat 3: shawnm20 ($119.16 in chips)
Seat 4: FHstyles ($59.52 in chips)
shawnm20: posts small blind $1
FHstyles: posts big blind $3
*** HOLE CARDS ***
shawnm20: raises $3 to $6
FHstyles: calls $3
*** FLOP *** [8s 2s 3h]
FHstyles: checks
shawnm20: bets $3
FHstyles: folds
Uncalled bet ($3) returned to shawnm20
shawnm20 collected $11.76 from pot
shawnm20: doesn't show hand
*** SUMMARY ***
Total pot $12 | Rake $0.24
Board [8s 2s 3h]
Seat 3: shawnm20 (button) (small blind) collected ($11.76)
Seat 4: FHstyles (big blind) folded on the Flop


PokerStars Hand #171246837868:  Hold'em Limit ($3/$6 USD) - 2017/06/02 12:14:29 ET
Table 'Alauda' 6-max Seat #4 is the button
Seat 3: shawnm20 ($125.16 in chips)
Seat 4: FHstyles ($53.76 in chips)
FHstyles: posts small blind $1
shawnm20: posts big blind $3
*** HOLE CARDS ***
FHstyles: raises $3 to $6
shawnm20: calls $3
*** FLOP *** [As 7s Td]
shawnm20: checks
FHstyles: bets $3
shawnm20: folds
Uncalled bet ($3) returned to FHstyles
FHstyles collected $11.76 from pot
FHstyles: doesn't show hand
*** SUMMARY ***
Total pot $12 | Rake $0.24
Board [As 7s Td]
Seat 3: shawnm20 (big blind) folded on the Flop
Seat 4: FHstyles (button) (small blind) collected ($11.76)


PokerStars Hand #171246830442:  Hold'em Limit ($3/$6 USD) - 2017/06/02 12:14:17 ET
Table 'Alauda' 6-max Seat #3 is the button
Seat 3: shawnm20 ($119.40 in chips)
Seat 4: FHstyles ($59.76 in chips)
shawnm20: posts small blind $1
FHstyles: posts big blind $3
*** HOLE CARDS ***
shawnm20: raises $3 to $6
FHstyles: calls $3
*** FLOP *** [3c Jh Ah]
FHstyles: checks
shawnm20: bets $3
FHstyles: folds
Uncalled bet ($3) returned to shawnm20
shawnm20 collected $11.76 from pot
shawnm20: doesn't show hand
*** SUMMARY ***
Total pot $12 | Rake $0.24
Board [3c Jh Ah]
Seat 3: shawnm20 (button) (small blind) collected ($11.76)
Seat 4: FHstyles (big blind) folded on the Flop


PokerStars Hand #171246821086:  Hold'em Limit ($3/$6 USD) - 2017/06/02 12:14:03 ET
Table 'Alauda' 6-max Seat #4 is the button
Seat 3: shawnm20 ($110.76 in chips)
Seat 4: FHstyles ($68.76 in chips)
FHstyles: posts small blind $1
shawnm20: posts big blind $3
*** HOLE CARDS ***
FHstyles: raises $3 to $6
shawnm20: calls $3
*** FLOP *** [Ts 8d Kd]
shawnm20: checks
FHstyles: bets $3
shawnm20: calls $3
*** TURN *** [Ts 8d Kd] [2s]
shawnm20: checks
FHstyles: checks
*** RIVER *** [Ts 8d Kd 2s] [Ks]
shawnm20: checks
FHstyles: checks
*** SHOW DOWN ***
shawnm20: shows [Tc Qh] (two pair, Kings and Tens)
FHstyles: mucks hand
shawnm20 collected $17.64 from pot
*** SUMMARY ***
Total pot $18 | Rake $0.36
Board [Ts 8d Kd 2s Ks]
Seat 3: shawnm20 (big blind) showed [Tc Qh] and won ($17.64) with two pair, Kings and Tens
Seat 4: FHstyles (button) (small blind) mucked


PokerStars Hand #171246818175:  Hold'em Limit ($3/$6 USD) - 2017/06/02 12:13:58 ET
Table 'Alauda' 6-max Seat #3 is the button
Seat 3: shawnm20 ($111.76 in chips)
Seat 4: FHstyles ($67.76 in chips)
shawnm20: posts small blind $1
FHstyles: posts big blind $3
*** HOLE CARDS ***
shawnm20: folds
Uncalled bet ($2) returned to FHstyles
FHstyles collected $2 from pot
FHstyles: doesn't show hand
*** SUMMARY ***
Total pot $2 | Rake $0
Seat 3: shawnm20 (button) (small blind) folded before Flop
Seat 4: FHstyles (big blind) collected ($2)


PokerStars Hand #171246815201:  Hold'em Limit ($3/$6 USD) - 2017/06/02 12:13:54 ET
Table 'Alauda' 6-max Seat #4 is the button
Seat 3: shawnm20 ($114.76 in chips)
Seat 4: FHstyles ($64.76 in chips)
FHstyles: posts small blind $1
shawnm20: posts big blind $3
*** HOLE CARDS ***
FHstyles: raises $3 to $6
shawnm20: folds
Uncalled bet ($3) returned to FHstyles
FHstyles collected $6 from pot
FHstyles: doesn't show hand
*** SUMMARY ***
Total pot $6 | Rake $0
Seat 3: shawnm20 (big blind) folded before Flop
Seat 4: FHstyles (button) (small blind) collected ($6)


PokerStars Hand #171246809630:  Hold'em Limit ($3/$6 USD) - 2017/06/02 12:13:45 ET
Table 'Alauda' 6-max Seat #3 is the button
Seat 3: shawnm20 ($109 in chips)
Seat 4: FHstyles ($70.76 in chips)
shawnm20: posts small blind $1
FHstyles: posts big blind $3
*** HOLE CARDS ***
shawnm20: raises $3 to $6
FHstyles: calls $3
*** FLOP *** [Js 9s Jd]
FHstyles: checks
shawnm20: bets $3
FHstyles: folds
Uncalled bet ($3) returned to shawnm20
shawnm20 collected $11.76 from pot
*** SUMMARY ***
Total pot $12 | Rake $0.24
Board [Js 9s Jd]
Seat 3: shawnm20 (button) (small blind) collected ($11.76)
Seat 4: FHstyles (big blind) folded on the Flop


PokerStars Hand #171246857657:  Hold'em Limit ($3/$6 USD) - 2017/06/02 12:15:01 ET
Table 'Alauda' 6-max Seat #3 is the button
Seat 3: shawnm20 ($100.92 in chips)
Seat 4: FHstyles ($77.02 in chips)
shawnm20: posts small blind $1
FHstyles: posts big blind $3
*** HOLE CARDS ***
shawnm20: raises $3 to $6
FHstyles: calls $3
*** FLOP *** [Qs 8h Js]
FHstyles: checks
shawnm20: bets $3
FHstyles: calls $3
*** TURN *** [Qs 8h Js] [2d]
FHstyles: checks
shawnm20: checks
*** RIVER *** [Qs 8h Js 2d] [7c]
vestimokrec joins the table at seat #5
FHstyles: bets $6
shawnm20: calls $6
*** SHOW DOWN ***
FHstyles: shows [8c 7s] (two pair, Eights and Sevens)
shawnm20: mucks hand
FHstyles collected $29.50 from pot
*** SUMMARY ***
Total pot $30 | Rake $0.50
Board [Qs 8h Js 2d 7c]
Seat 3: shawnm20 (button) (small blind) mucked
Seat 4: FHstyles (big blind) showed [8c 7s] and won ($29.50) with two pair, Eights and Sevens


PokerStars Hand #171246848826:  Hold'em Limit ($3/$6 USD) - 2017/06/02 12:14:47 ET
Table 'Alauda' 6-max Seat #4 is the button
Seat 3: shawnm20 ($124.92 in chips)
Seat 4: FHstyles ($53.52 in chips)
FHstyles: posts small blind $1
shawnm20: posts big blind $3
*** HOLE CARDS ***
FHstyles: raises $3 to $6
shawnm20: raises $3 to $9
FHstyles: calls $3
*** FLOP *** [9c 5c As]
shawnm20: bets $3
FHstyles: calls $3
*** TURN *** [9c 5c As] [7d]
shawnm20: bets $6
FHstyles: calls $6
*** RIVER *** [9c 5c As 7d] [9s]
shawnm20: checks
FHstyles: bets $6
shawnm20: calls $6
*** SHOW DOWN ***
FHstyles: shows [9d 2d] (three of a kind, Nines)
shawnm20: mucks hand
FHstyles collected $47.50 from pot
*** SUMMARY ***
Total pot $48 | Rake $0.50
Board [9c 5c As 7d 9s]
Seat 3: shawnm20 (big blind) mucked
Seat 4: FHstyles (button) (small blind) showed [9d 2d] and won ($47.50) with three of a kind, Nines


PokerStars Hand #171249685040:  Hold'em Limit ($3/$6 USD) - 2017/06/02 13:27:50 ET
Table 'Alauda' 6-max Seat #4 is the button
Seat 1: kikiriki ($181 in chips)
Seat 4: belik555 ($112 in chips)
belik555: posts small blind $1
kikiriki: posts big blind $3
*** HOLE CARDS ***
belik555: raises $3 to $6
kikiriki: folds
Uncalled bet ($3) returned to belik555
belik555 collected $6 from pot
belik555: doesn't show hand
*** SUMMARY ***
Total pot $6 | Rake $0
Seat 1: kikiriki (big blind) folded before Flop
Seat 4: belik555 (button) (small blind) collected ($6)


