PokerStars Hand #163063947844:  Hold'em Limit ($3/$6 USD) - 2016/12/16 22:13:56 ET
Table 'Alauda' 6-max Seat #1 is the button
Seat 1: LifeisagameX ($85 in chips)
Seat 3: HL520 ($36 in chips)
LifeisagameX: posts small blind $1
HL520: posts big blind $3
*** HOLE CARDS ***
LifeisagameX: raises $3 to $6
ToDaFelt joins the table at seat #4
HL520: calls $3
*** FLOP *** [4s 3s 8s]
HL520: checks
LifeisagameX: bets $3
HL520: folds
Uncalled bet ($3) returned to LifeisagameX
LifeisagameX collected $11.76 from pot
LifeisagameX: doesn't show hand
*** SUMMARY ***
Total pot $12 | Rake $0.24
Board [4s 3s 8s]
Seat 1: LifeisagameX (button) (small blind) collected ($11.76)
Seat 3: HL520 (big blind) folded on the Flop


PokerStars Hand #163063944268:  Hold'em Limit ($3/$6 USD) - 2016/12/16 22:13:48 ET
Table 'Alauda' 6-max Seat #3 is the button
Seat 1: LifeisagameX ($84 in chips)
Seat 3: HL520 ($37 in chips)
HL520: posts small blind $1
LifeisagameX: posts big blind $3
*** HOLE CARDS ***
HL520: folds
Uncalled bet ($2) returned to LifeisagameX
LifeisagameX collected $2 from pot
LifeisagameX: doesn't show hand
*** SUMMARY ***
Total pot $2 | Rake $0
Seat 1: LifeisagameX (big blind) collected ($2)
Seat 3: HL520 (button) (small blind) folded before Flop


PokerStars Hand #163063940448:  Hold'em Limit ($3/$6 USD) - 2016/12/16 22:13:39 ET
Table 'Alauda' 6-max Seat #1 is the button
Seat 1: LifeisagameX ($84 in chips)
Seat 3: HL520 ($36 in chips)
LifeisagameX: posts small blind $1
HL520: posts big blind $3
*** HOLE CARDS ***
LifeisagameX: folds
Uncalled bet ($2) returned to HL520
HL520 collected $2 from pot
HL520: doesn't show hand
*** SUMMARY ***
Total pot $2 | Rake $0
Seat 1: LifeisagameX (button) (small blind) folded before Flop
Seat 3: HL520 (big blind) collected ($2)


PokerStars Hand #163064014036:  Hold'em Limit ($3/$6 USD) - 2016/12/16 22:16:37 ET
Table 'Alauda' 6-max Seat #4 is the button
Seat 3: HL520 ($50.50 in chips)
Seat 4: ToDaFelt ($73 in chips)
ToDaFelt: posts small blind $1
HL520: posts big blind $3
*** HOLE CARDS ***
ToDaFelt: folds
Uncalled bet ($2) returned to HL520
HL520 collected $2 from pot
HL520: doesn't show hand
*** SUMMARY ***
Total pot $2 | Rake $0
Seat 3: HL520 (big blind) collected ($2)
Seat 4: ToDaFelt (button) (small blind) folded before Flop


PokerStars Hand #163063991705:  Hold'em Limit ($3/$6 USD) - 2016/12/16 22:15:43 ET
Table 'Alauda' 6-max Seat #3 is the button
Seat 3: HL520 ($30 in chips)
Seat 4: ToDaFelt ($94 in chips)
HL520: posts small blind $1
ToDaFelt: posts big blind $3
*** HOLE CARDS ***
HL520: calls $2
ToDaFelt: raises $3 to $6
HL520: calls $3
*** FLOP *** [7h Js 8h]
ToDaFelt: bets $3
HL520: calls $3
*** TURN *** [7h Js 8h] [Qs]
ToDaFelt: checks
HL520: bets $6
ToDaFelt: calls $6
*** RIVER *** [7h Js 8h Qs] [5d]
ToDaFelt: checks
HL520: bets $6
ToDaFelt: calls $6
*** SHOW DOWN ***
HL520: shows [Qc 7s] (two pair, Queens and Sevens)
ToDaFelt: mucks hand
HL520 collected $41.50 from pot
*** SUMMARY ***
Total pot $42 | Rake $0.50
Board [7h Js 8h Qs 5d]
Seat 3: HL520 (button) (small blind) showed [Qc 7s] and won ($41.50) with two pair, Queens and Sevens
Seat 4: ToDaFelt (big blind) mucked


PokerStars Hand #163064017295:  Hold'em Limit ($3/$6 USD) - 2016/12/16 22:16:45 ET
Table 'Alauda' 6-max Seat #3 is the button
Seat 3: HL520 ($51.50 in chips)
Seat 4: ToDaFelt ($72 in chips)
HL520: posts small blind $1
ToDaFelt: posts big blind $3
*** HOLE CARDS ***
HL520: raises $3 to $6
ToDaFelt: raises $3 to $9
HL520: calls $3
*** FLOP *** [5d 2d 9c]
ToDaFelt: bets $3
HL520: raises $3 to $6
ToDaFelt: calls $3
*** TURN *** [5d 2d 9c] [Ac]
ToDaFelt: checks
HL520: checks
*** RIVER *** [5d 2d 9c Ac] [5s]
ToDaFelt: checks
HL520: bets $6
ToDaFelt: folds
Uncalled bet ($6) returned to HL520
HL520 collected $29.50 from pot
HL520: doesn't show hand
*** SUMMARY ***
Total pot $30 | Rake $0.50
Board [5d 2d 9c Ac 5s]
Seat 3: HL520 (button) (small blind) collected ($29.50)
Seat 4: ToDaFelt (big blind) folded on the River


PokerStars Hand #163064037332:  Hold'em Limit ($3/$6 USD) - 2016/12/16 22:17:34 ET
Table 'Alauda' 6-max Seat #4 is the button
Seat 3: HL520 ($66 in chips)
Seat 4: ToDaFelt ($120 in chips)
ToDaFelt: posts small blind $1
HL520: posts big blind $3
*** HOLE CARDS ***
ToDaFelt: raises $3 to $6
HL520: calls $3
*** FLOP *** [Ts 3s Qs]
HL520: checks
ToDaFelt: bets $3
HL520: folds
Uncalled bet ($3) returned to ToDaFelt
ToDaFelt collected $11.76 from pot
ToDaFelt: doesn't show hand
*** SUMMARY ***
Total pot $12 | Rake $0.24
Board [Ts 3s Qs]
Seat 3: HL520 (big blind) folded on the Flop
Seat 4: ToDaFelt (button) (small blind) collected ($11.76)


PokerStars Hand #163064045805:  Hold'em Limit ($3/$6 USD) - 2016/12/16 22:17:55 ET
Table 'Alauda' 6-max Seat #3 is the button
Seat 3: HL520 ($60 in chips)
Seat 4: ToDaFelt ($125.76 in chips)
HL520: posts small blind $1
ToDaFelt: posts big blind $3
*** HOLE CARDS ***
HL520: raises $3 to $6
ToDaFelt: raises $3 to $9
HL520: calls $3
*** FLOP *** [Ac 7d Js]
ToDaFelt: bets $3
HL520: calls $3
*** TURN *** [Ac 7d Js] [Qd]
ToDaFelt: bets $6
HL520: calls $6
*** RIVER *** [Ac 7d Js Qd] [Th]
ToDaFelt: bets $6
HL520: folds
Uncalled bet ($6) returned to ToDaFelt
ToDaFelt collected $35.50 from pot
ToDaFelt: doesn't show hand
*** SUMMARY ***
Total pot $36 | Rake $0.50
Board [Ac 7d Js Qd Th]
Seat 3: HL520 (button) (small blind) folded on the River
Seat 4: ToDaFelt (big blind) collected ($35.50)


PokerStars Hand #163064073166:  Hold'em Limit ($3/$6 USD) - 2016/12/16 22:19:01 ET
Table 'Alauda' 6-max Seat #4 is the button
Seat 3: HL520 ($42 in chips)
Seat 4: ToDaFelt ($143.26 in chips)
ToDaFelt: posts small blind $1
HL520: posts big blind $3
*** HOLE CARDS ***
ToDaFelt: raises $3 to $6
HL520: folds
Uncalled bet ($3) returned to ToDaFelt
ToDaFelt collected $6 from pot
ToDaFelt: doesn't show hand
*** SUMMARY ***
Total pot $6 | Rake $0
Seat 3: HL520 (big blind) folded before Flop
Seat 4: ToDaFelt (button) (small blind) collected ($6)


PokerStars Hand #163064077431:  Hold'em Limit ($3/$6 USD) - 2016/12/16 22:19:12 ET
Table 'Alauda' 6-max Seat #3 is the button
Seat 3: HL520 ($39 in chips)
Seat 4: ToDaFelt ($146.26 in chips)
HL520: posts small blind $1
ToDaFelt: posts big blind $3
*** HOLE CARDS ***
HL520: calls $2
ToDaFelt: raises $3 to $6
HL520: calls $3
*** FLOP *** [Kd 2c 3d]
ToDaFelt: bets $3
HL520: folds
Uncalled bet ($3) returned to ToDaFelt
ToDaFelt collected $11.76 from pot
ToDaFelt: doesn't show hand
*** SUMMARY ***
Total pot $12 | Rake $0.24
Board [Kd 2c 3d]
Seat 3: HL520 (button) (small blind) folded on the Flop
Seat 4: ToDaFelt (big blind) collected ($11.76)


PokerStars Hand #163064086767:  Hold'em Limit ($3/$6 USD) - 2016/12/16 22:19:35 ET
Table 'Alauda' 6-max Seat #4 is the button
Seat 3: HL520 ($33 in chips)
Seat 4: ToDaFelt ($152.02 in chips)
ToDaFelt: posts small blind $1
HL520: posts big blind $3
*** HOLE CARDS ***
ToDaFelt: raises $3 to $6
HL520: calls $3
*** FLOP *** [7c 4c 3c]
HL520: checks
ToDaFelt: bets $3
HL520: calls $3
*** TURN *** [7c 4c 3c] [Jc]
HL520: bets $6
ToDaFelt: calls $6
*** RIVER *** [7c 4c 3c Jc] [5h]
HL520: bets $6
ToDaFelt: folds
Uncalled bet ($6) returned to HL520
HL520 collected $29.50 from pot
HL520: doesn't show hand
*** SUMMARY ***
Total pot $30 | Rake $0.50
Board [7c 4c 3c Jc 5h]
Seat 3: HL520 (big blind) collected ($29.50)
Seat 4: ToDaFelt (button) (small blind) folded on the River


PokerStars Hand #163064109712:  Hold'em Limit ($3/$6 USD) - 2016/12/16 22:20:32 ET
Table 'Alauda' 6-max Seat #3 is the button
Seat 3: HL520 ($47.50 in chips)
Seat 4: ToDaFelt ($137.02 in chips)
HL520: posts small blind $1
ToDaFelt: posts big blind $3
*** HOLE CARDS ***
HL520: calls $2
ToDaFelt: checks
*** FLOP *** [3h 4c 4d]
ToDaFelt: checks
HL520: bets $3
ToDaFelt: raises $3 to $6
HL520: calls $3
*** TURN *** [3h 4c 4d] [9s]
ToDaFelt: bets $6
HL520: calls $6
*** RIVER *** [3h 4c 4d 9s] [7d]
ToDaFelt: bets $6
HL520: calls $6
*** SHOW DOWN ***
ToDaFelt: shows [6d 4h] (three of a kind, Fours)
HL520: mucks hand
ToDaFelt collected $41.50 from pot
*** SUMMARY ***
Total pot $42 | Rake $0.50
Board [3h 4c 4d 9s 7d]
Seat 3: HL520 (button) (small blind) mucked
Seat 4: ToDaFelt (big blind) showed [6d 4h] and won ($41.50) with three of a kind, Fours


PokerStars Hand #163064134719:  Hold'em Limit ($3/$6 USD) - 2016/12/16 22:21:33 ET
Table 'Alauda' 6-max Seat #4 is the button
Seat 3: HL520 ($26.50 in chips)
Seat 4: ToDaFelt ($157.52 in chips)
ToDaFelt: posts small blind $1
HL520: posts big blind $3
*** HOLE CARDS ***
ToDaFelt: raises $3 to $6
HL520: calls $3
*** FLOP *** [8c 2h Qd]
HL520: bets $3
ToDaFelt: calls $3
*** TURN *** [8c 2h Qd] [8h]
HL520: bets $6
ToDaFelt: calls $6
*** RIVER *** [8c 2h Qd 8h] [Qh]
HL520: checks
ToDaFelt: bets $6
HL520: folds
Uncalled bet ($6) returned to ToDaFelt
ToDaFelt collected $29.50 from pot
ToDaFelt: doesn't show hand
*** SUMMARY ***
Total pot $30 | Rake $0.50
Board [8c 2h Qd 8h Qh]
Seat 3: HL520 (big blind) folded on the River
Seat 4: ToDaFelt (button) (small blind) collected ($29.50)


PokerStars Hand #163064161718:  Hold'em Limit ($3/$6 USD) - 2016/12/16 22:22:40 ET
Table 'Alauda' 6-max Seat #3 is the button
Seat 3: HL520 ($11.50 in chips)
Seat 4: ToDaFelt ($172.02 in chips)
HL520: posts small blind $1
ToDaFelt: posts big blind $3
*** HOLE CARDS ***
HL520: calls $2
ToDaFelt: checks
*** FLOP *** [Ah 9c Kc]
ToDaFelt: bets $3
HL520: raises $3 to $6
ToDaFelt: raises $3 to $9
HL520: calls $2.50 and is all-in
Uncalled bet ($0.50) returned to ToDaFelt
*** TURN *** [Ah 9c Kc] [3h]
*** RIVER *** [Ah 9c Kc 3h] [8c]
*** SHOW DOWN ***
ToDaFelt: shows [3c 2c] (a flush, King high)
HL520: shows [3s Ks] (two pair, Kings and Threes)
ToDaFelt collected $22.54 from pot
*** SUMMARY ***
Total pot $23 | Rake $0.46
Board [Ah 9c Kc 3h 8c]
Seat 3: HL520 (button) (small blind) showed [3s Ks] and lost with two pair, Kings and Threes
Seat 4: ToDaFelt (big blind) showed [3c 2c] and won ($22.54) with a flush, King high


