PokerStars Hand #172194473037:  Hold'em Limit ($3/$6 USD) - 2017/06/24 17:30:42 ET
Table 'Alauda' 6-max Seat #6 is the button
Seat 5: MATEKATA2 ($355.68 in chips)
Seat 6: Chessnok ($118.66 in chips)
Chessnok: posts small blind $1
zachontrack: is sitting out
MATEKATA2: posts big blind $3
*** HOLE CARDS ***
Chessnok: raises $3 to $6
MATEKATA2: folds
Uncalled bet ($3) returned to Chessnok
zachontrack leaves the table
Chessnok collected $6 from pot
Chessnok: doesn't show hand
*** SUMMARY ***
Total pot $6 | Rake $0
Seat 5: MATEKATA2 (big blind) folded before Flop
Seat 6: Chessnok (button) (small blind) collected ($6)


PokerStars Hand #172194478714:  Hold'em Limit ($3/$6 USD) - 2017/06/24 17:30:50 ET
Table 'Alauda' 6-max Seat #5 is the button
Seat 5: MATEKATA2 ($352.68 in chips)
Seat 6: Chessnok ($121.66 in chips)
MATEKATA2: posts small blind $1
Chessnok: posts big blind $3
*** HOLE CARDS ***
MATEKATA2: calls $2
Chessnok: raises $3 to $6
MATEKATA2: calls $3
*** FLOP *** [5c Jc 7c]
Chessnok: bets $3
MATEKATA2: raises $3 to $6
Chessnok: calls $3
*** TURN *** [5c Jc 7c] [9h]
Chessnok: checks
MATEKATA2: checks
*** RIVER *** [5c Jc 7c 9h] [Jh]
Chessnok: checks
MATEKATA2: bets $6
Chessnok: calls $6
*** SHOW DOWN ***
MATEKATA2: shows [3h 5h] (two pair, Jacks and Fives)
Chessnok: shows [Ks 7s] (two pair, Jacks and Sevens)
Chessnok collected $35.50 from pot
*** SUMMARY ***
Total pot $36 | Rake $0.50
Board [5c Jc 7c 9h Jh]
Seat 5: MATEKATA2 (button) (small blind) showed [3h 5h] and lost with two pair, Jacks and Fives
Seat 6: Chessnok (big blind) showed [Ks 7s] and won ($35.50) with two pair, Jacks and Sevens


PokerStars Hand #172194496726:  Hold'em Limit ($3/$6 USD) - 2017/06/24 17:31:16 ET
Table 'Alauda' 6-max Seat #6 is the button
Seat 5: MATEKATA2 ($334.68 in chips)
Seat 6: Chessnok ($139.16 in chips)
Chessnok: posts small blind $1
MATEKATA2: posts big blind $3
*** HOLE CARDS ***
Chessnok: raises $3 to $6
MATEKATA2: folds
Uncalled bet ($3) returned to Chessnok
Chessnok collected $6 from pot
Chessnok: doesn't show hand
*** SUMMARY ***
Total pot $6 | Rake $0
Seat 5: MATEKATA2 (big blind) folded before Flop
Seat 6: Chessnok (button) (small blind) collected ($6)


