PokerStars Hand #161887159267:  Hold'em Limit ($3/$6 USD) - 2016/11/24 9:45:49 ET
Table 'Alauda II' 10-max Seat #7 is the button
Seat 5: Zooshark ($119 in chips)
Seat 7: BuzovaPro ($73 in chips)
BuzovaPro: posts small blind $1
Zooshark: posts big blind $3
*** HOLE CARDS ***
BuzovaPro: raises $3 to $6
Zooshark: calls $3
*** FLOP *** [5s Jh Jd]
Zooshark: checks
BuzovaPro: checks
*** TURN *** [5s Jh Jd] [As]
Zooshark: checks
BuzovaPro: bets $6
Zooshark: folds
Uncalled bet ($6) returned to BuzovaPro
BuzovaPro collected $11.76 from pot
BuzovaPro: doesn't show hand
*** SUMMARY ***
Total pot $12 | Rake $0.24
Board [5s Jh Jd As]
Seat 5: Zooshark (big blind) folded on the Turn
Seat 7: BuzovaPro (button) (small blind) collected ($11.76)


PokerStars Hand #161887194912:  Hold'em Limit ($3/$6 USD) - 2016/11/24 9:46:44 ET
Table 'Alauda II' 10-max Seat #7 is the button
Seat 5: Zooshark ($89 in chips)
Seat 7: BuzovaPro ($102.26 in chips)
BuzovaPro: posts small blind $1
Zooshark: posts big blind $3
*** HOLE CARDS ***
BuzovaPro: folds
Uncalled bet ($2) returned to Zooshark
Zooshark collected $2 from pot
Zooshark: doesn't show hand
*** SUMMARY ***
Total pot $2 | Rake $0
Seat 5: Zooshark (big blind) collected ($2)
Seat 7: BuzovaPro (button) (small blind) folded before Flop


PokerStars Hand #161887173240:  Hold'em Limit ($3/$6 USD) - 2016/11/24 9:46:11 ET
Table 'Alauda II' 10-max Seat #5 is the button
Seat 5: Zooshark ($113 in chips)
Seat 7: BuzovaPro ($78.76 in chips)
Zooshark: posts small blind $1
BuzovaPro: posts big blind $3
*** HOLE CARDS ***
Zooshark: raises $3 to $6
HAL9QQQ joins the table at seat #6
BuzovaPro: calls $3
*** FLOP *** [9c 2s 4c]
BuzovaPro: checks
Zooshark: bets $3
BuzovaPro: raises $3 to $6
Zooshark: calls $3
*** TURN *** [9c 2s 4c] [7h]
BuzovaPro: bets $6
Zooshark: calls $6
*** RIVER *** [9c 2s 4c 7h] [Ad]
BuzovaPro: bets $6
Zooshark: calls $6
*** SHOW DOWN ***
BuzovaPro: shows [2c Ac] (two pair, Aces and Deuces)
Zooshark: mucks hand
BuzovaPro collected $47.50 from pot
*** SUMMARY ***
Total pot $48 | Rake $0.50
Board [9c 2s 4c 7h Ad]
Seat 5: Zooshark (button) (small blind) mucked
Seat 7: BuzovaPro (big blind) showed [2c Ac] and won ($47.50) with two pair, Aces and Deuces


PokerStars Hand #161887224782:  Hold'em Limit ($3/$6 USD) - 2016/11/24 9:47:18 ET
Table 'Alauda II' 10-max Seat #7 is the button
Seat 5: Zooshark ($101.52 in chips)
Seat 7: BuzovaPro ($89.26 in chips)
BuzovaPro: posts small blind $1
Zooshark: posts big blind $3
*** HOLE CARDS ***
BuzovaPro: raises $3 to $6
Zooshark: calls $3
*** FLOP *** [9s 4c Kc]
Zooshark: checks
BuzovaPro: checks
*** TURN *** [9s 4c Kc] [7h]
Zooshark: bets $6
BuzovaPro: folds
Uncalled bet ($6) returned to Zooshark
Zooshark collected $11.76 from pot
Zooshark: doesn't show hand
*** SUMMARY ***
Total pot $12 | Rake $0.24
Board [9s 4c Kc 7h]
Seat 5: Zooshark (big blind) collected ($11.76)
Seat 7: BuzovaPro (button) (small blind) folded on the Turn


PokerStars Hand #161887200176:  Hold'em Limit ($3/$6 USD) - 2016/11/24 9:46:52 ET
Table 'Alauda II' 10-max Seat #5 is the button
Seat 5: Zooshark ($90 in chips)
Seat 7: BuzovaPro ($101.26 in chips)
Zooshark: posts small blind $1
BuzovaPro: posts big blind $3
*** HOLE CARDS ***
Zooshark: raises $3 to $6
BuzovaPro: calls $3
*** FLOP *** [7c 8d 7d]
BuzovaPro: checks
Zooshark: checks
*** TURN *** [7c 8d 7d] [Tc]
BuzovaPro: checks
Zooshark: bets $6
BuzovaPro: calls $6
*** RIVER *** [7c 8d 7d Tc] [6h]
BuzovaPro: checks
Zooshark: checks
*** SHOW DOWN ***
BuzovaPro: shows [4d 3d] (a pair of Sevens)
Zooshark: shows [2c 6c] (two pair, Sevens and Sixes)
Zooshark collected $23.52 from pot
*** SUMMARY ***
Total pot $24 | Rake $0.48
Board [7c 8d 7d Tc 6h]
Seat 5: Zooshark (button) (small blind) showed [2c 6c] and won ($23.52) with two pair, Sevens and Sixes
Seat 7: BuzovaPro (big blind) showed [4d 3d] and lost with a pair of Sevens


PokerStars Hand #161887710281:  Hold'em Limit ($3/$6 USD) - 2016/11/24 9:59:58 ET
Table 'Alauda II' 10-max Seat #8 is the button
Seat 7: BuzovaPro ($87.05 in chips)
Seat 8: parnishka11 ($33.28 in chips)
parnishka11: posts small blind $1
Pelurile: is sitting out
HAL9QQQ: is sitting out
BuzovaPro: posts big blind $3
*** HOLE CARDS ***
parnishka11: calls $2
BuzovaPro: checks
*** FLOP *** [6d As 6h]
BuzovaPro: checks
parnishka11: bets $3
BuzovaPro: raises $3 to $6
parnishka11: raises $3 to $9
BuzovaPro: folds
Uncalled bet ($3) returned to parnishka11
parnishka11 collected $17.64 from pot
*** SUMMARY ***
Total pot $18 | Rake $0.36
Board [6d As 6h]
Seat 7: BuzovaPro (big blind) folded on the Flop
Seat 8: parnishka11 (button) (small blind) collected ($17.64)


