PokerStars Hand #172642828211:  Hold'em Limit ($3/$6 USD) - 2017/07/05 13:45:25 ET
Table 'Albaldah' 6-max Seat #3 is the button
Seat 1: MForce007 ($39 in chips)
Seat 3: sim5sim5 ($73 in chips)
sim5sim5: posts small blind $1
MForce007: posts big blind $3
*** HOLE CARDS ***
sim5sim5: raises $3 to $6
MForce007: calls $3
*** FLOP *** [Qh 8d 3s]
MForce007: checks
sim5sim5: bets $3
MForce007: folds
Uncalled bet ($3) returned to sim5sim5
sim5sim5 collected $11.76 from pot
sim5sim5: doesn't show hand
*** SUMMARY ***
Total pot $12 | Rake $0.24
Board [Qh 8d 3s]
Seat 1: MForce007 (big blind) folded on the Flop
Seat 3: sim5sim5 (button) (small blind) collected ($11.76)


PokerStars Hand #172642864996:  Hold'em Limit ($3/$6 USD) - 2017/07/05 13:46:18 ET
Table 'Albaldah' 6-max Seat #3 is the button
Seat 1: MForce007 ($36 in chips)
Seat 3: sim5sim5 ($75.76 in chips)
sim5sim5: posts small blind $1
MForce007: posts big blind $3
*** HOLE CARDS ***
sim5sim5: raises $3 to $6
MForce007: calls $3
*** FLOP *** [6d Th 4d]
MForce007: bets $3
sim5sim5: calls $3
*** TURN *** [6d Th 4d] [7d]
MForce007: bets $6
sim5sim5: folds
Uncalled bet ($6) returned to MForce007
MForce007 collected $17.64 from pot
MForce007: doesn't show hand
*** SUMMARY ***
Total pot $18 | Rake $0.36
Board [6d Th 4d 7d]
Seat 1: MForce007 (big blind) collected ($17.64)
Seat 3: sim5sim5 (button) (small blind) folded on the Turn


PokerStars Hand #172642875744:  Hold'em Limit ($3/$6 USD) - 2017/07/05 13:46:34 ET
Table 'Albaldah' 6-max Seat #1 is the button
Seat 1: MForce007 ($44.64 in chips)
Seat 3: sim5sim5 ($72 in chips)
MForce007: posts small blind $1
sim5sim5: posts big blind $3
*** HOLE CARDS ***
MForce007: calls $2
sim5sim5: raises $3 to $6
MForce007: calls $3
*** FLOP *** [5c 7d Kd]
sim5sim5: bets $3
MForce007: calls $3
*** TURN *** [5c 7d Kd] [9d]
sim5sim5: bets $6
MForce007: calls $6
*** RIVER *** [5c 7d Kd 9d] [7c]
sim5sim5: checks
MForce007: bets $6
sim5sim5: calls $6
*** SHOW DOWN ***
MForce007: shows [7h 8h] (three of a kind, Sevens)
sim5sim5: mucks hand
MForce007 collected $41.50 from pot
*** SUMMARY ***
Total pot $42 | Rake $0.50
Board [5c 7d Kd 9d 7c]
Seat 1: MForce007 (button) (small blind) showed [7h 8h] and won ($41.50) with three of a kind, Sevens
Seat 3: sim5sim5 (big blind) mucked


PokerStars Hand #172642854888:  Hold'em Limit ($3/$6 USD) - 2017/07/05 13:46:03 ET
Table 'Albaldah' 6-max Seat #1 is the button
Seat 1: MForce007 ($33 in chips)
Seat 3: sim5sim5 ($78.76 in chips)
MForce007: posts small blind $1
sim5sim5: posts big blind $3
*** HOLE CARDS ***
MForce007: raises $3 to $6
sim5sim5: folds
Uncalled bet ($3) returned to MForce007
MForce007 collected $6 from pot
MForce007: doesn't show hand
*** SUMMARY ***
Total pot $6 | Rake $0
Seat 1: MForce007 (button) (small blind) collected ($6)
Seat 3: sim5sim5 (big blind) folded before Flop


PokerStars Hand #172642933160:  Hold'em Limit ($3/$6 USD) - 2017/07/05 13:47:57 ET
Table 'Albaldah' 6-max Seat #3 is the button
Seat 2: xcgxcg2005 ($76.55 in chips)
Seat 3: sim5sim5 ($91.07 in chips)
sim5sim5: posts small blind $1
xcgxcg2005: posts big blind $3
*** HOLE CARDS ***
MForce007 leaves the table
sim5sim5: raises $3 to $6
xcgxcg2005: folds
Uncalled bet ($3) returned to sim5sim5
sim5sim5 collected $6 from pot
sim5sim5: doesn't show hand
*** SUMMARY ***
Total pot $6 | Rake $0
Seat 2: xcgxcg2005 (big blind) folded before Flop
Seat 3: sim5sim5 (button) (small blind) collected ($6)


PokerStars Hand #172642898953:  Hold'em Limit ($3/$6 USD) - 2017/07/05 13:47:07 ET
Table 'Albaldah' 6-max Seat #3 is the button
Seat 1: MForce007 ($65.14 in chips)
Seat 3: sim5sim5 ($72 in chips)
sim5sim5: posts small blind $1
MForce007: posts big blind $3
*** HOLE CARDS ***
sim5sim5: raises $3 to $6
MForce007: calls $3
*** FLOP *** [4s Kc 9h]
MForce007: bets $3
sim5sim5: calls $3
*** TURN *** [4s Kc 9h] [6c]
MForce007: checks
sim5sim5: bets $6
xcgxcg2005 joins the table at seat #2
MForce007: folds
Uncalled bet ($6) returned to sim5sim5
sim5sim5 collected $17.64 from pot
sim5sim5: doesn't show hand
*** SUMMARY ***
Total pot $18 | Rake $0.36
Board [4s Kc 9h 6c]
Seat 1: MForce007 (big blind) folded on the Turn
Seat 3: sim5sim5 (button) (small blind) collected ($17.64)


PokerStars Hand #172642952770:  Hold'em Limit ($3/$6 USD) - 2017/07/05 13:48:26 ET
Table 'Albaldah' 6-max Seat #3 is the button
Seat 2: xcgxcg2005 ($68.55 in chips)
Seat 3: sim5sim5 ($99.07 in chips)
sim5sim5: posts small blind $1
xcgxcg2005: posts big blind $3
*** HOLE CARDS ***
sim5sim5: raises $3 to $6
xcgxcg2005: raises $3 to $9
sim5sim5: calls $3
*** FLOP *** [8d 7s Jd]
xcgxcg2005: bets $3
EVBET joins the table at seat #4
sim5sim5: folds
Uncalled bet ($3) returned to xcgxcg2005
xcgxcg2005 collected $17.64 from pot
xcgxcg2005: doesn't show hand
*** SUMMARY ***
Total pot $18 | Rake $0.36
Board [8d 7s Jd]
Seat 2: xcgxcg2005 (big blind) collected ($17.64)
Seat 3: sim5sim5 (button) (small blind) folded on the Flop


PokerStars Hand #172642967928:  Hold'em Limit ($3/$6 USD) - 2017/07/05 13:48:48 ET
Table 'Albaldah' 6-max Seat #2 is the button
Seat 2: xcgxcg2005 ($77.19 in chips)
Seat 3: sim5sim5 ($90.07 in chips)
xcgxcg2005: posts small blind $1
sim5sim5: posts big blind $3
*** HOLE CARDS ***
xcgxcg2005: raises $3 to $6
sim5sim5: calls $3
*** FLOP *** [4d Ah 6d]
sim5sim5: checks
xcgxcg2005: bets $3
sim5sim5: folds
Uncalled bet ($3) returned to xcgxcg2005
xcgxcg2005 collected $11.76 from pot
xcgxcg2005: doesn't show hand
*** SUMMARY ***
Total pot $12 | Rake $0.24
Board [4d Ah 6d]
Seat 2: xcgxcg2005 (button) (small blind) collected ($11.76)
Seat 3: sim5sim5 (big blind) folded on the Flop


PokerStars Hand #172642943874:  Hold'em Limit ($3/$6 USD) - 2017/07/05 13:48:13 ET
Table 'Albaldah' 6-max Seat #3 is the button
Seat 2: xcgxcg2005 ($72.55 in chips)
Seat 3: sim5sim5 ($95.07 in chips)
sim5sim5: posts small blind $1
xcgxcg2005: posts big blind $3
*** HOLE CARDS ***
sim5sim5: raises $3 to $6
xcgxcg2005: folds
Uncalled bet ($3) returned to sim5sim5
sim5sim5 collected $6 from pot
sim5sim5: doesn't show hand
*** SUMMARY ***
Total pot $6 | Rake $0
Seat 2: xcgxcg2005 (big blind) folded before Flop
Seat 3: sim5sim5 (button) (small blind) collected ($6)


PokerStars Hand #172642978506:  Hold'em Limit ($3/$6 USD) - 2017/07/05 13:49:03 ET
Table 'Albaldah' 6-max Seat #3 is the button
Seat 2: xcgxcg2005 ($82.95 in chips)
Seat 3: sim5sim5 ($84.07 in chips)
sim5sim5: posts small blind $1
xcgxcg2005: posts big blind $3
*** HOLE CARDS ***
sim5sim5: raises $3 to $6
xcgxcg2005: raises $3 to $9
sim5sim5: calls $3
*** FLOP *** [2c 8h 4d]
xcgxcg2005: checks
sim5sim5: bets $3
xcgxcg2005: folds
Uncalled bet ($3) returned to sim5sim5
sim5sim5 collected $17.64 from pot
sim5sim5: doesn't show hand
*** SUMMARY ***
Total pot $18 | Rake $0.36
Board [2c 8h 4d]
Seat 2: xcgxcg2005 (big blind) folded on the Flop
Seat 3: sim5sim5 (button) (small blind) collected ($17.64)


PokerStars Hand #172642990453:  Hold'em Limit ($3/$6 USD) - 2017/07/05 13:49:21 ET
Table 'Albaldah' 6-max Seat #2 is the button
Seat 2: xcgxcg2005 ($73.95 in chips)
Seat 3: sim5sim5 ($92.71 in chips)
xcgxcg2005: posts small blind $1
sim5sim5: posts big blind $3
*** HOLE CARDS ***
xcgxcg2005: raises $3 to $6
sim5sim5: calls $3
*** FLOP *** [Td 4d Kh]
sim5sim5: checks
xcgxcg2005: bets $3
sim5sim5: calls $3
*** TURN *** [Td 4d Kh] [Ks]
sim5sim5: checks
xcgxcg2005: bets $6
sim5sim5: calls $6
*** RIVER *** [Td 4d Kh Ks] [Ts]
sim5sim5: checks
xcgxcg2005: checks
*** SHOW DOWN ***
sim5sim5: shows [4c 5d] (two pair, Kings and Tens)
xcgxcg2005: shows [8c 5c] (two pair, Kings and Tens - Eight kicker)
xcgxcg2005 collected $29.50 from pot
*** SUMMARY ***
Total pot $30 | Rake $0.50
Board [Td 4d Kh Ks Ts]
Seat 2: xcgxcg2005 (button) (small blind) showed [8c 5c] and won ($29.50) with two pair, Kings and Tens
Seat 3: sim5sim5 (big blind) showed [4c 5d] and lost with two pair, Kings and Tens


PokerStars Hand #172643005987:  Hold'em Limit ($3/$6 USD) - 2017/07/05 13:49:43 ET
Table 'Albaldah' 6-max Seat #3 is the button
Seat 2: xcgxcg2005 ($88.45 in chips)
Seat 3: sim5sim5 ($77.71 in chips)
sim5sim5: posts small blind $1
xcgxcg2005: posts big blind $3
*** HOLE CARDS ***
sim5sim5: raises $3 to $6
xcgxcg2005: raises $3 to $9
sim5sim5: raises $3 to $12
Betting is capped
xcgxcg2005: calls $3
*** FLOP *** [Kd Ah 8c]
xcgxcg2005: checks
sim5sim5: bets $3
xcgxcg2005: calls $3
*** TURN *** [Kd Ah 8c] [5c]
xcgxcg2005: checks
sim5sim5: checks
*** RIVER *** [Kd Ah 8c 5c] [2d]
xcgxcg2005: bets $6
sim5sim5: calls $6
*** SHOW DOWN ***
xcgxcg2005: shows [8h 5s] (two pair, Eights and Fives)
sim5sim5: mucks hand
xcgxcg2005 collected $41.50 from pot
*** SUMMARY ***
Total pot $42 | Rake $0.50
Board [Kd Ah 8c 5c 2d]
Seat 2: xcgxcg2005 (big blind) showed [8h 5s] and won ($41.50) with two pair, Eights and Fives
Seat 3: sim5sim5 (button) (small blind) mucked


PokerStars Hand #172643044339:  Hold'em Limit ($3/$6 USD) - 2017/07/05 13:50:39 ET
Table 'Albaldah' 6-max Seat #3 is the button
Seat 2: xcgxcg2005 ($99.95 in chips)
Seat 3: sim5sim5 ($80.64 in chips)
sim5sim5: posts small blind $1
xcgxcg2005: posts big blind $3
*** HOLE CARDS ***
sim5sim5: raises $3 to $6
xcgxcg2005: raises $3 to $9
sim5sim5: calls $3
*** FLOP *** [4d 7s Qd]
xcgxcg2005: checks
sim5sim5: bets $3
xcgxcg2005: calls $3
*** TURN *** [4d 7s Qd] [Js]
xcgxcg2005: checks
sim5sim5: checks
*** RIVER *** [4d 7s Qd Js] [8h]
xcgxcg2005: bets $6
sim5sim5: folds
Uncalled bet ($6) returned to xcgxcg2005
xcgxcg2005 collected $23.52 from pot
xcgxcg2005: doesn't show hand
*** SUMMARY ***
Total pot $24 | Rake $0.48
Board [4d 7s Qd Js 8h]
Seat 2: xcgxcg2005 (big blind) collected ($23.52)
Seat 3: sim5sim5 (button) (small blind) folded on the River


PokerStars Hand #172643040734:  Hold'em Limit ($3/$6 USD) - 2017/07/05 13:50:34 ET
Table 'Albaldah' 6-max Seat #2 is the button
Seat 2: xcgxcg2005 ($100.95 in chips)
Seat 3: sim5sim5 ($79.64 in chips)
xcgxcg2005: posts small blind $1
sim5sim5: posts big blind $3
*** HOLE CARDS ***
xcgxcg2005: folds
Uncalled bet ($2) returned to sim5sim5
sim5sim5 collected $2 from pot
sim5sim5: doesn't show hand
*** SUMMARY ***
Total pot $2 | Rake $0
Seat 2: xcgxcg2005 (button) (small blind) folded before Flop
Seat 3: sim5sim5 (big blind) collected ($2)


PokerStars Hand #172643069698:  Hold'em Limit ($3/$6 USD) - 2017/07/05 13:51:17 ET
Table 'Albaldah' 6-max Seat #3 is the button
Seat 2: xcgxcg2005 ($110.47 in chips)
Seat 3: sim5sim5 ($73 in chips)
sim5sim5: posts small blind $1
MForce007 joins the table at seat #1
xcgxcg2005: posts big blind $3
*** HOLE CARDS ***
sim5sim5: raises $3 to $6
xcgxcg2005: folds
Uncalled bet ($3) returned to sim5sim5
sim5sim5 collected $6 from pot
sim5sim5: doesn't show hand
*** SUMMARY ***
Total pot $6 | Rake $0
Seat 2: xcgxcg2005 (big blind) folded before Flop
Seat 3: sim5sim5 (button) (small blind) collected ($6)


PokerStars Hand #172643066118:  Hold'em Limit ($3/$6 USD) - 2017/07/05 13:51:11 ET
Table 'Albaldah' 6-max Seat #2 is the button
Seat 2: xcgxcg2005 ($111.47 in chips)
Seat 3: sim5sim5 ($72 in chips)
xcgxcg2005: posts small blind $1
sim5sim5: posts big blind $3
*** HOLE CARDS ***
xcgxcg2005: folds
Uncalled bet ($2) returned to sim5sim5
sim5sim5 collected $2 from pot
sim5sim5: doesn't show hand
*** SUMMARY ***
Total pot $2 | Rake $0
Seat 2: xcgxcg2005 (button) (small blind) folded before Flop
Seat 3: sim5sim5 (big blind) collected ($2)


PokerStars Hand #172643074096:  Hold'em Limit ($3/$6 USD) - 2017/07/05 13:51:23 ET
Table 'Albaldah' 6-max Seat #2 is the button
Seat 2: xcgxcg2005 ($107.47 in chips)
Seat 3: sim5sim5 ($76 in chips)
xcgxcg2005: posts small blind $1
sim5sim5: posts big blind $3
*** HOLE CARDS ***
xcgxcg2005: folds
Uncalled bet ($2) returned to sim5sim5
sim5sim5 collected $2 from pot
sim5sim5: doesn't show hand
*** SUMMARY ***
Total pot $2 | Rake $0
Seat 2: xcgxcg2005 (button) (small blind) folded before Flop
Seat 3: sim5sim5 (big blind) collected ($2)


PokerStars Hand #172648003700:  Hold'em Limit ($3/$6 USD) - 2017/07/05 15:44:09 ET
Table 'Albaldah' 6-max Seat #2 is the button
Seat 2: krytalex ($260.05 in chips)
Seat 6: tedros404 ($134.71 in chips)
krytalex: posts small blind $1
tedros404: posts big blind $3
*** HOLE CARDS ***
krytalex: raises $3 to $6
tedros404: folds
Uncalled bet ($3) returned to krytalex
tedros404 leaves the table
krytalex collected $6 from pot
*** SUMMARY ***
Total pot $6 | Rake $0
Seat 2: krytalex (button) (small blind) collected ($6)
Seat 6: tedros404 (big blind) folded before Flop


PokerStars Hand #172648800297:  Hold'em Limit ($3/$6 USD) - 2017/07/05 16:02:01 ET
Table 'Albaldah' 6-max Seat #3 is the button
Seat 2: krytalex ($263.05 in chips)
Seat 3: Aragorn ll ($120 in chips)
Aragorn ll: posts small blind $1
krytalex: posts big blind $3
*** HOLE CARDS ***
Aragorn ll: raises $3 to $6
krytalex: calls $3
*** FLOP *** [9s Qh 4h]
krytalex: checks
Aragorn ll: bets $3
krytalex: folds
Uncalled bet ($3) returned to Aragorn ll
Aragorn ll collected $11.76 from pot
Aragorn ll: doesn't show hand
*** SUMMARY ***
Total pot $12 | Rake $0.24
Board [9s Qh 4h]
Seat 2: krytalex (big blind) folded on the Flop
Seat 3: Aragorn ll (button) (small blind) collected ($11.76)


PokerStars Hand #172648812760:  Hold'em Limit ($3/$6 USD) - 2017/07/05 16:02:17 ET
Table 'Albaldah' 6-max Seat #2 is the button
Seat 2: krytalex ($257.05 in chips)
Seat 3: Aragorn ll ($125.76 in chips)
krytalex: posts small blind $1
Aragorn ll: posts big blind $3
*** HOLE CARDS ***
krytalex: folds
Uncalled bet ($2) returned to Aragorn ll
Aragorn ll collected $2 from pot
belik555 joins the table at seat #4
Aragorn ll: doesn't show hand
*** SUMMARY ***
Total pot $2 | Rake $0
Seat 2: krytalex (button) (small blind) folded before Flop
Seat 3: Aragorn ll (big blind) collected ($2)


