PokerStars Hand #148579275067:  Hold'em Limit ($3/$6 USD) - 2016/02/10 15:45:15 ET
Table 'Albaldah II' 2-max Seat #1 is the button
Seat 1: maggeek ($150.69 in chips)
Seat 2: knysi ($46.94 in chips)
maggeek: posts small blind $1
knysi: posts big blind $3
*** HOLE CARDS ***
maggeek: raises $3 to $6
knysi: calls $3
*** FLOP *** [Jc 8h Ks]
knysi: checks
maggeek: bets $3
knysi: calls $3
*** TURN *** [Jc 8h Ks] [Ac]
knysi: checks
maggeek: checks
*** RIVER *** [Jc 8h Ks Ac] [7c]
knysi: checks
maggeek: checks
*** SHOW DOWN ***
knysi: shows [9c 9s] (a pair of Nines)
maggeek: mucks hand
knysi collected $17.64 from pot
*** SUMMARY ***
Total pot $18 | Rake $0.36
Board [Jc 8h Ks Ac 7c]
Seat 1: maggeek (button) (small blind) mucked
Seat 2: knysi (big blind) showed [9c 9s] and won ($17.64) with a pair of Nines


PokerStars Hand #148579339551:  Hold'em Limit ($3/$6 USD) - 2016/02/10 15:46:13 ET
Table 'Albaldah II' 2-max Seat #1 is the button
Seat 1: maggeek ($160.71 in chips)
Seat 2: knysi ($35.22 in chips)
maggeek: posts small blind $1
knysi: posts big blind $3
*** HOLE CARDS ***
maggeek: raises $3 to $6
knysi: calls $3
*** FLOP *** [3s Ac Ad]
knysi: checks
maggeek: checks
*** TURN *** [3s Ac Ad] [Td]
knysi: checks
maggeek: checks
*** RIVER *** [3s Ac Ad Td] [7s]
knysi: bets $6
maggeek: folds
Uncalled bet ($6) returned to knysi
knysi collected $11.76 from pot
knysi: doesn't show hand
*** SUMMARY ***
Total pot $12 | Rake $0.24
Board [3s Ac Ad Td 7s]
Seat 1: maggeek (button) (small blind) folded on the River
Seat 2: knysi (big blind) collected ($11.76)


PokerStars Hand #148579334547:  Hold'em Limit ($3/$6 USD) - 2016/02/10 15:46:09 ET
Table 'Albaldah II' 2-max Seat #2 is the button
Seat 1: maggeek ($159.71 in chips)
Seat 2: knysi ($36.22 in chips)
knysi: posts small blind $1
maggeek: posts big blind $3
*** HOLE CARDS ***
knysi: folds
Uncalled bet ($2) returned to maggeek
maggeek collected $2 from pot
maggeek: doesn't show hand
*** SUMMARY ***
Total pot $2 | Rake $0
Seat 1: maggeek (big blind) collected ($2)
Seat 2: knysi (button) (small blind) folded before Flop


PokerStars Hand #148579320255:  Hold'em Limit ($3/$6 USD) - 2016/02/10 15:45:56 ET
Table 'Albaldah II' 2-max Seat #1 is the button
Seat 1: maggeek ($145.21 in chips)
Seat 2: knysi ($51.22 in chips)
maggeek: posts small blind $1
knysi: posts big blind $3
*** HOLE CARDS ***
maggeek: raises $3 to $6
knysi: calls $3
*** FLOP *** [3h 8s 6s]
knysi: checks
maggeek: bets $3
knysi: calls $3
*** TURN *** [3h 8s 6s] [5c]
knysi: checks
maggeek: bets $6
knysi: calls $6
*** RIVER *** [3h 8s 6s 5c] [4s]
knysi: checks
maggeek: checks
*** SHOW DOWN ***
knysi: shows [4h Kh] (a pair of Fours)
maggeek: shows [Kc 8d] (a pair of Eights)
maggeek collected $29.50 from pot
*** SUMMARY ***
Total pot $30 | Rake $0.50
Board [3h 8s 6s 5c 4s]
Seat 1: maggeek (button) (small blind) showed [Kc 8d] and won ($29.50) with a pair of Eights
Seat 2: knysi (big blind) showed [4h Kh] and lost with a pair of Fours


PokerStars Hand #148579315339:  Hold'em Limit ($3/$6 USD) - 2016/02/10 15:45:51 ET
Table 'Albaldah II' 2-max Seat #2 is the button
Seat 1: maggeek ($144.21 in chips)
Seat 2: knysi ($52.22 in chips)
knysi: posts small blind $1
maggeek: posts big blind $3
*** HOLE CARDS ***
knysi: folds
Uncalled bet ($2) returned to maggeek
maggeek collected $2 from pot
maggeek: doesn't show hand
*** SUMMARY ***
Total pot $2 | Rake $0
Seat 1: maggeek (big blind) collected ($2)
Seat 2: knysi (button) (small blind) folded before Flop


PokerStars Hand #148579301987:  Hold'em Limit ($3/$6 USD) - 2016/02/10 15:45:39 ET
Table 'Albaldah II' 2-max Seat #1 is the button
Seat 1: maggeek ($132.69 in chips)
Seat 2: knysi ($64.22 in chips)
maggeek: posts small blind $1
knysi: posts big blind $3
*** HOLE CARDS ***
maggeek: raises $3 to $6
knysi: calls $3
*** FLOP *** [Ad 3s 5s]
knysi: checks
maggeek: checks
*** TURN *** [Ad 3s 5s] [8d]
knysi: checks
maggeek: bets $6
knysi: calls $6
*** RIVER *** [Ad 3s 5s 8d] [Js]
knysi: checks
maggeek: checks
*** SHOW DOWN ***
knysi: shows [Qs 3d] (a pair of Threes)
maggeek: shows [Qc 8c] (a pair of Eights)
maggeek collected $23.52 from pot
*** SUMMARY ***
Total pot $24 | Rake $0.48
Board [Ad 3s 5s 8d Js]
Seat 1: maggeek (button) (small blind) showed [Qc 8c] and won ($23.52) with a pair of Eights
Seat 2: knysi (big blind) showed [Qs 3d] and lost with a pair of Threes


PokerStars Hand #148579288461:  Hold'em Limit ($3/$6 USD) - 2016/02/10 15:45:27 ET
Table 'Albaldah II' 2-max Seat #2 is the button
Seat 1: maggeek ($141.69 in chips)
Seat 2: knysi ($55.58 in chips)
knysi: posts small blind $1
maggeek: posts big blind $3
*** HOLE CARDS ***
knysi: raises $3 to $6
maggeek: calls $3
*** FLOP *** [3c 3s 3d]
maggeek: checks
knysi: bets $3
maggeek: calls $3
*** TURN *** [3c 3s 3d] [9h]
maggeek: checks
knysi: bets $6
maggeek: folds
Uncalled bet ($6) returned to knysi
knysi collected $17.64 from pot
knysi: doesn't show hand
*** SUMMARY ***
Total pot $18 | Rake $0.36
Board [3c 3s 3d 9h]
Seat 1: maggeek (big blind) folded on the Turn
Seat 2: knysi (button) (small blind) collected ($17.64)


PokerStars Hand #148579416762:  Hold'em Limit ($3/$6 USD) - 2016/02/10 15:47:23 ET
Table 'Albaldah II' 2-max Seat #1 is the button
Seat 1: maggeek ($128.50 in chips)
Seat 2: knysi ($72.88 in chips)
maggeek: posts small blind $1
knysi: posts big blind $3
*** HOLE CARDS ***
maggeek: raises $3 to $6
knysi: folds
Uncalled bet ($3) returned to maggeek
maggeek collected $6 from pot
maggeek: doesn't show hand
*** SUMMARY ***
Total pot $6 | Rake $0
Seat 1: maggeek (button) (small blind) collected ($6)
Seat 2: knysi (big blind) folded before Flop


PokerStars Hand #148579403004:  Hold'em Limit ($3/$6 USD) - 2016/02/10 15:47:10 ET
Table 'Albaldah II' 2-max Seat #2 is the button
Seat 1: maggeek ($134.50 in chips)
Seat 2: knysi ($67.12 in chips)
knysi: posts small blind $1
maggeek: posts big blind $3
*** HOLE CARDS ***
knysi: raises $3 to $6
maggeek: calls $3
*** FLOP *** [9c Qd 4d]
maggeek: checks
knysi: checks
*** TURN *** [9c Qd 4d] [5s]
maggeek: checks
knysi: checks
*** RIVER *** [9c Qd 4d 5s] [3c]
maggeek: checks
knysi: bets $6
maggeek: folds
Uncalled bet ($6) returned to knysi
knysi collected $11.76 from pot
knysi: doesn't show hand
*** SUMMARY ***
Total pot $12 | Rake $0.24
Board [9c Qd 4d 5s 3c]
Seat 1: maggeek (big blind) folded on the River
Seat 2: knysi (button) (small blind) collected ($11.76)


PokerStars Hand #148579387950:  Hold'em Limit ($3/$6 USD) - 2016/02/10 15:46:57 ET
Table 'Albaldah II' 2-max Seat #1 is the button
Seat 1: maggeek ($120 in chips)
Seat 2: knysi ($82.12 in chips)
maggeek: posts small blind $1
knysi: posts big blind $3
*** HOLE CARDS ***
maggeek: raises $3 to $6
knysi: calls $3
*** FLOP *** [6c 4d Td]
knysi: checks
maggeek: bets $3
knysi: calls $3
*** TURN *** [6c 4d Td] [5c]
knysi: checks
maggeek: bets $6
knysi: calls $6
*** RIVER *** [6c 4d Td 5c] [Ks]
knysi: checks
maggeek: checks
*** SHOW DOWN ***
knysi: shows [Js 7h] (high card King)
maggeek: shows [5d Ac] (a pair of Fives)
maggeek collected $29.50 from pot
*** SUMMARY ***
Total pot $30 | Rake $0.50
Board [6c 4d Td 5c Ks]
Seat 1: maggeek (button) (small blind) showed [5d Ac] and won ($29.50) with a pair of Fives
Seat 2: knysi (big blind) showed [Js 7h] and lost with high card King


PokerStars Hand #148579381788:  Hold'em Limit ($3/$6 USD) - 2016/02/10 15:46:51 ET
Table 'Albaldah II' 2-max Seat #2 is the button
Seat 1: maggeek ($120 in chips)
Seat 2: knysi ($79.12 in chips)
knysi: posts small blind $1
maggeek: posts big blind $3
*** HOLE CARDS ***
knysi: raises $3 to $6
maggeek: folds
Uncalled bet ($3) returned to knysi
knysi collected $6 from pot
knysi: doesn't show hand
*** SUMMARY ***
Total pot $6 | Rake $0
Seat 1: maggeek (big blind) folded before Flop
Seat 2: knysi (button) (small blind) collected ($6)


PokerStars Hand #148579368987:  Hold'em Limit ($3/$6 USD) - 2016/02/10 15:46:40 ET
Table 'Albaldah II' 2-max Seat #1 is the button
Seat 1: maggeek ($124.71 in chips)
Seat 2: knysi ($70.48 in chips)
maggeek: posts small blind $1
knysi: posts big blind $3
*** HOLE CARDS ***
maggeek: raises $3 to $6
knysi: calls $3
*** FLOP *** [7c 3h 5s]
knysi: checks
maggeek: bets $3
knysi: calls $3
*** TURN *** [7c 3h 5s] [Ks]
knysi: checks
maggeek: checks
*** RIVER *** [7c 3h 5s Ks] [7d]
knysi: bets $6
maggeek: folds
Uncalled bet ($6) returned to knysi
knysi collected $17.64 from pot
knysi: doesn't show hand
*** SUMMARY ***
Total pot $18 | Rake $0.36
Board [7c 3h 5s Ks 7d]
Seat 1: maggeek (button) (small blind) folded on the River
Seat 2: knysi (big blind) collected ($17.64)


PokerStars Hand #148579353230:  Hold'em Limit ($3/$6 USD) - 2016/02/10 15:46:26 ET
Table 'Albaldah II' 2-max Seat #2 is the button
Seat 1: maggeek ($154.71 in chips)
Seat 2: knysi ($40.98 in chips)
knysi: posts small blind $1
maggeek: posts big blind $3
*** HOLE CARDS ***
knysi: raises $3 to $6
maggeek: raises $3 to $9
knysi: calls $3
*** FLOP *** [As Qd Ks]
maggeek: bets $3
knysi: calls $3
*** TURN *** [As Qd Ks] [7d]
maggeek: bets $6
knysi: raises $6 to $12
maggeek: calls $6
*** RIVER *** [As Qd Ks 7d] [9s]
maggeek: checks
knysi: bets $6
maggeek: calls $6
*** SHOW DOWN ***
knysi: shows [Ad 7h] (two pair, Aces and Sevens)
maggeek: mucks hand
knysi collected $59.50 from pot
*** SUMMARY ***
Total pot $60 | Rake $0.50
Board [As Qd Ks 7d 9s]
Seat 1: maggeek (big blind) mucked
Seat 2: knysi (button) (small blind) showed [Ad 7h] and won ($59.50) with two pair, Aces and Sevens


PokerStars Hand #148579467363:  Hold'em Limit ($3/$6 USD) - 2016/02/10 15:48:09 ET
Table 'Albaldah II' 2-max Seat #2 is the button
Seat 1: maggeek ($120 in chips)
Seat 2: knysi ($83.14 in chips)
knysi: posts small blind $1
maggeek: posts big blind $3
*** HOLE CARDS ***
knysi: raises $3 to $6
maggeek: calls $3
*** FLOP *** [Qd Jd 9d]
maggeek: checks
knysi: checks
*** TURN *** [Qd Jd 9d] [2c]
maggeek: bets $6
knysi: raises $6 to $12
maggeek: calls $6
*** RIVER *** [Qd Jd 9d 2c] [6h]
maggeek: checks
knysi: bets $6
maggeek: calls $6
*** SHOW DOWN ***
knysi: shows [5d Td] (a flush, Queen high)
maggeek: mucks hand
knysi collected $47.50 from pot
*** SUMMARY ***
Total pot $48 | Rake $0.50
Board [Qd Jd 9d 2c 6h]
Seat 1: maggeek (big blind) mucked
Seat 2: knysi (button) (small blind) showed [5d Td] and won ($47.50) with a flush, Queen high


PokerStars Hand #148579454705:  Hold'em Limit ($3/$6 USD) - 2016/02/10 15:47:57 ET
Table 'Albaldah II' 2-max Seat #1 is the button
Seat 1: maggeek ($132.26 in chips)
Seat 2: knysi ($68.64 in chips)
maggeek: posts small blind $1
knysi: posts big blind $3
*** HOLE CARDS ***
maggeek: raises $3 to $6
knysi: calls $3
*** FLOP *** [7h Ah Kc]
knysi: checks
maggeek: bets $3
knysi: calls $3
*** TURN *** [7h Ah Kc] [8h]
knysi: checks
maggeek: checks
*** RIVER *** [7h Ah Kc 8h] [Qc]
knysi: bets $6
maggeek: calls $6
*** SHOW DOWN ***
knysi: shows [Kh Js] (a pair of Kings)
maggeek: mucks hand
knysi collected $29.50 from pot
*** SUMMARY ***
Total pot $30 | Rake $0.50
Board [7h Ah Kc 8h Qc]
Seat 1: maggeek (button) (small blind) mucked
Seat 2: knysi (big blind) showed [Kh Js] and won ($29.50) with a pair of Kings


PokerStars Hand #148579449735:  Hold'em Limit ($3/$6 USD) - 2016/02/10 15:47:53 ET
Table 'Albaldah II' 2-max Seat #2 is the button
Seat 1: maggeek ($131.26 in chips)
Seat 2: knysi ($69.64 in chips)
knysi: posts small blind $1
maggeek: posts big blind $3
*** HOLE CARDS ***
knysi: folds
Uncalled bet ($2) returned to maggeek
maggeek collected $2 from pot
maggeek: doesn't show hand
*** SUMMARY ***
Total pot $2 | Rake $0
Seat 1: maggeek (big blind) collected ($2)
Seat 2: knysi (button) (small blind) folded before Flop


PokerStars Hand #148579444597:  Hold'em Limit ($3/$6 USD) - 2016/02/10 15:47:48 ET
Table 'Albaldah II' 2-max Seat #1 is the button
Seat 1: maggeek ($132.26 in chips)
Seat 2: knysi ($68.64 in chips)
maggeek: posts small blind $1
knysi: posts big blind $3
*** HOLE CARDS ***
maggeek: folds
Uncalled bet ($2) returned to knysi
knysi collected $2 from pot
knysi: doesn't show hand
*** SUMMARY ***
Total pot $2 | Rake $0
Seat 1: maggeek (button) (small blind) folded before Flop
Seat 2: knysi (big blind) collected ($2)


PokerStars Hand #148579435336:  Hold'em Limit ($3/$6 USD) - 2016/02/10 15:47:40 ET
Table 'Albaldah II' 2-max Seat #2 is the button
Seat 1: maggeek ($138.26 in chips)
Seat 2: knysi ($62.88 in chips)
knysi: posts small blind $1
maggeek: posts big blind $3
*** HOLE CARDS ***
knysi: raises $3 to $6
maggeek: calls $3
*** FLOP *** [7c Ad Jc]
maggeek: checks
knysi: bets $3
maggeek: folds
Uncalled bet ($3) returned to knysi
knysi collected $11.76 from pot
knysi: doesn't show hand
*** SUMMARY ***
Total pot $12 | Rake $0.24
Board [7c Ad Jc]
Seat 1: maggeek (big blind) folded on the Flop
Seat 2: knysi (button) (small blind) collected ($11.76)


PokerStars Hand #148579426086:  Hold'em Limit ($3/$6 USD) - 2016/02/10 15:47:31 ET
Table 'Albaldah II' 2-max Seat #1 is the button
Seat 1: maggeek ($132.50 in chips)
Seat 2: knysi ($68.88 in chips)
maggeek: posts small blind $1
knysi: posts big blind $3
*** HOLE CARDS ***
maggeek: raises $3 to $6
knysi: calls $3
*** FLOP *** [2h Jd Ah]
knysi: checks
maggeek: bets $3
knysi: folds
Uncalled bet ($3) returned to maggeek
maggeek collected $11.76 from pot
maggeek: doesn't show hand
*** SUMMARY ***
Total pot $12 | Rake $0.24
Board [2h Jd Ah]
Seat 1: maggeek (button) (small blind) collected ($11.76)
Seat 2: knysi (big blind) folded on the Flop


PokerStars Hand #148579421428:  Hold'em Limit ($3/$6 USD) - 2016/02/10 15:47:27 ET
Table 'Albaldah II' 2-max Seat #2 is the button
Seat 1: maggeek ($131.50 in chips)
Seat 2: knysi ($69.88 in chips)
knysi: posts small blind $1
maggeek: posts big blind $3
*** HOLE CARDS ***
knysi: folds
Uncalled bet ($2) returned to maggeek
maggeek collected $2 from pot
maggeek: doesn't show hand
*** SUMMARY ***
Total pot $2 | Rake $0
Seat 1: maggeek (big blind) collected ($2)
Seat 2: knysi (button) (small blind) folded before Flop


PokerStars Hand #148579542702:  Hold'em Limit ($3/$6 USD) - 2016/02/10 15:49:17 ET
Table 'Albaldah II' 2-max Seat #1 is the button
Seat 1: maggeek ($153 in chips)
Seat 2: knysi ($72.64 in chips)
maggeek: posts small blind $1
knysi: posts big blind $3
*** HOLE CARDS ***
maggeek: raises $3 to $6
knysi: calls $3
*** FLOP *** [5c 4d Ac]
knysi: checks
maggeek: checks
*** TURN *** [5c 4d Ac] [Qs]
knysi: bets $6
maggeek: calls $6
*** RIVER *** [5c 4d Ac Qs] [3c]
knysi: bets $6
maggeek: calls $6
*** SHOW DOWN ***
knysi: shows [5s Ks] (a pair of Fives)
maggeek: shows [Qc 7h] (a pair of Queens)
maggeek collected $35.50 from pot
*** SUMMARY ***
Total pot $36 | Rake $0.50
Board [5c 4d Ac Qs 3c]
Seat 1: maggeek (button) (small blind) showed [Qc 7h] and won ($35.50) with a pair of Queens
Seat 2: knysi (big blind) showed [5s Ks] and lost with a pair of Fives


PokerStars Hand #148579537943:  Hold'em Limit ($3/$6 USD) - 2016/02/10 15:49:12 ET
Table 'Albaldah II' 2-max Seat #2 is the button
Seat 1: maggeek ($152 in chips)
Seat 2: knysi ($73.64 in chips)
knysi: posts small blind $1
maggeek: posts big blind $3
*** HOLE CARDS ***
knysi: folds
Uncalled bet ($2) returned to maggeek
maggeek collected $2 from pot
maggeek: doesn't show hand
*** SUMMARY ***
Total pot $2 | Rake $0
Seat 1: maggeek (big blind) collected ($2)
Seat 2: knysi (button) (small blind) folded before Flop


PokerStars Hand #148579523682:  Hold'em Limit ($3/$6 USD) - 2016/02/10 15:48:59 ET
Table 'Albaldah II' 2-max Seat #1 is the button
Seat 1: maggeek ($137.50 in chips)
Seat 2: knysi ($88.64 in chips)
maggeek: posts small blind $1
knysi: posts big blind $3
*** HOLE CARDS ***
maggeek: raises $3 to $6
knysi: calls $3
*** FLOP *** [Tc As 3d]
knysi: checks
maggeek: bets $3
knysi: calls $3
*** TURN *** [Tc As 3d] [5h]
knysi: checks
maggeek: bets $6
knysi: calls $6
*** RIVER *** [Tc As 3d 5h] [8d]
knysi: checks
maggeek: bets $6
knysi: folds
Uncalled bet ($6) returned to maggeek
maggeek collected $29.50 from pot
maggeek: doesn't show hand
*** SUMMARY ***
Total pot $30 | Rake $0.50
Board [Tc As 3d 5h 8d]
Seat 1: maggeek (button) (small blind) collected ($29.50)
Seat 2: knysi (big blind) folded on the River


PokerStars Hand #148579518230:  Hold'em Limit ($3/$6 USD) - 2016/02/10 15:48:54 ET
Table 'Albaldah II' 2-max Seat #2 is the button
Seat 1: maggeek ($140.50 in chips)
Seat 2: knysi ($85.64 in chips)
knysi: posts small blind $1
maggeek: posts big blind $3
*** HOLE CARDS ***
knysi: raises $3 to $6
maggeek: folds
Uncalled bet ($3) returned to knysi
knysi collected $6 from pot
knysi: doesn't show hand
*** SUMMARY ***
Total pot $6 | Rake $0
Seat 1: maggeek (big blind) folded before Flop
Seat 2: knysi (button) (small blind) collected ($6)


PokerStars Hand #148579513094:  Hold'em Limit ($3/$6 USD) - 2016/02/10 15:48:50 ET
Table 'Albaldah II' 2-max Seat #1 is the button
Seat 1: maggeek ($137.50 in chips)
Seat 2: knysi ($88.64 in chips)
maggeek: posts small blind $1
knysi: posts big blind $3
*** HOLE CARDS ***
maggeek: raises $3 to $6
knysi: folds
Uncalled bet ($3) returned to maggeek
maggeek collected $6 from pot
maggeek: doesn't show hand
*** SUMMARY ***
Total pot $6 | Rake $0
Seat 1: maggeek (button) (small blind) collected ($6)
Seat 2: knysi (big blind) folded before Flop


PokerStars Hand #148579507661:  Hold'em Limit ($3/$6 USD) - 2016/02/10 15:48:45 ET
Table 'Albaldah II' 2-max Seat #2 is the button
Seat 1: maggeek ($136.50 in chips)
Seat 2: knysi ($89.64 in chips)
knysi: posts small blind $1
maggeek: posts big blind $3
*** HOLE CARDS ***
knysi: folds
Uncalled bet ($2) returned to maggeek
maggeek collected $2 from pot
maggeek: doesn't show hand
*** SUMMARY ***
Total pot $2 | Rake $0
Seat 1: maggeek (big blind) collected ($2)
Seat 2: knysi (button) (small blind) folded before Flop


PokerStars Hand #148579502894:  Hold'em Limit ($3/$6 USD) - 2016/02/10 15:48:40 ET
Table 'Albaldah II' 2-max Seat #1 is the button
Seat 1: maggeek ($137.50 in chips)
Seat 2: knysi ($88.64 in chips)
maggeek: posts small blind $1
knysi: posts big blind $3
*** HOLE CARDS ***
maggeek: folds
Uncalled bet ($2) returned to knysi
knysi collected $2 from pot
knysi: doesn't show hand
*** SUMMARY ***
Total pot $2 | Rake $0
Seat 1: maggeek (button) (small blind) folded before Flop
Seat 2: knysi (big blind) collected ($2)


PokerStars Hand #148579496463:  Hold'em Limit ($3/$6 USD) - 2016/02/10 15:48:35 ET
Table 'Albaldah II' 2-max Seat #2 is the button
Seat 1: maggeek ($140.50 in chips)
Seat 2: knysi ($85.64 in chips)
knysi: posts small blind $1
maggeek: posts big blind $3
*** HOLE CARDS ***
knysi: raises $3 to $6
maggeek: folds
Uncalled bet ($3) returned to knysi
knysi collected $6 from pot
knysi: doesn't show hand
*** SUMMARY ***
Total pot $6 | Rake $0
Seat 1: maggeek (big blind) folded before Flop
Seat 2: knysi (button) (small blind) collected ($6)


PokerStars Hand #148579482165:  Hold'em Limit ($3/$6 USD) - 2016/02/10 15:48:22 ET
Table 'Albaldah II' 2-max Seat #1 is the button
Seat 1: maggeek ($120 in chips)
Seat 2: knysi ($106.64 in chips)
maggeek: posts small blind $1
knysi: posts big blind $3
*** HOLE CARDS ***
maggeek: raises $3 to $6
knysi: calls $3
*** FLOP *** [Jc 6c 5c]
knysi: checks
maggeek: bets $3
knysi: calls $3
*** TURN *** [Jc 6c 5c] [9h]
knysi: checks
maggeek: bets $6
knysi: calls $6
*** RIVER *** [Jc 6c 5c 9h] [Qh]
knysi: checks
maggeek: bets $6
knysi: calls $6
*** SHOW DOWN ***
maggeek: shows [9c Qd] (two pair, Queens and Nines)
knysi: mucks hand
maggeek collected $41.50 from pot
*** SUMMARY ***
Total pot $42 | Rake $0.50
Board [Jc 6c 5c 9h Qh]
Seat 1: maggeek (button) (small blind) showed [9c Qd] and won ($41.50) with two pair, Queens and Nines
Seat 2: knysi (big blind) mucked


PokerStars Hand #148579598381:  Hold'em Limit ($3/$6 USD) - 2016/02/10 15:50:07 ET
Table 'Albaldah II' 2-max Seat #2 is the button
Seat 1: maggeek ($128.50 in chips)
Seat 2: knysi ($95.30 in chips)
knysi: posts small blind $1
maggeek: posts big blind $3
*** HOLE CARDS ***
knysi: raises $3 to $6
maggeek: calls $3
*** FLOP *** [Ah 3h 6c]
maggeek: checks
knysi: checks
*** TURN *** [Ah 3h 6c] [Kh]
maggeek: checks
knysi: checks
*** RIVER *** [Ah 3h 6c Kh] [8d]
maggeek: checks
knysi: checks
*** SHOW DOWN ***
maggeek: shows [8h Td] (a pair of Eights)
knysi: mucks hand
maggeek collected $11.76 from pot
*** SUMMARY ***
Total pot $12 | Rake $0.24
Board [Ah 3h 6c Kh 8d]
Seat 1: maggeek (big blind) showed [8h Td] and won ($11.76) with a pair of Eights
Seat 2: knysi (button) (small blind) mucked


PokerStars Hand #148579586139:  Hold'em Limit ($3/$6 USD) - 2016/02/10 15:49:56 ET
Table 'Albaldah II' 2-max Seat #1 is the button
Seat 1: maggeek ($137.50 in chips)
Seat 2: knysi ($86.66 in chips)
maggeek: posts small blind $1
knysi: posts big blind $3
*** HOLE CARDS ***
maggeek: raises $3 to $6
knysi: calls $3
*** FLOP *** [5h 3h Ah]
knysi: checks
maggeek: bets $3
knysi: calls $3
*** TURN *** [5h 3h Ah] [6s]
knysi: checks
maggeek: checks
*** RIVER *** [5h 3h Ah 6s] [2d]
knysi: bets $6
maggeek: folds
Uncalled bet ($6) returned to knysi
knysi collected $17.64 from pot
knysi: doesn't show hand
*** SUMMARY ***
Total pot $18 | Rake $0.36
Board [5h 3h Ah 6s 2d]
Seat 1: maggeek (button) (small blind) folded on the River
Seat 2: knysi (big blind) collected ($17.64)


PokerStars Hand #148579580155:  Hold'em Limit ($3/$6 USD) - 2016/02/10 15:49:51 ET
Table 'Albaldah II' 2-max Seat #2 is the button
Seat 1: maggeek ($140.50 in chips)
Seat 2: knysi ($83.66 in chips)
knysi: posts small blind $1
maggeek: posts big blind $3
*** HOLE CARDS ***
knysi: raises $3 to $6
maggeek: folds
Uncalled bet ($3) returned to knysi
knysi collected $6 from pot
knysi: doesn't show hand
*** SUMMARY ***
Total pot $6 | Rake $0
Seat 1: maggeek (big blind) folded before Flop
Seat 2: knysi (button) (small blind) collected ($6)


PokerStars Hand #148579569023:  Hold'em Limit ($3/$6 USD) - 2016/02/10 15:49:40 ET
Table 'Albaldah II' 2-max Seat #1 is the button
Seat 1: maggeek ($152.50 in chips)
Seat 2: knysi ($72.14 in chips)
maggeek: posts small blind $1
knysi: posts big blind $3
*** HOLE CARDS ***
maggeek: raises $3 to $6
knysi: calls $3
*** FLOP *** [Th Qs 5h]
knysi: checks
maggeek: checks
*** TURN *** [Th Qs 5h] [2h]
knysi: checks
maggeek: checks
*** RIVER *** [Th Qs 5h 2h] [8d]
knysi: bets $6
maggeek: calls $6
*** SHOW DOWN ***
knysi: shows [Kd 2c] (a pair of Deuces)
maggeek: mucks hand
knysi collected $23.52 from pot
*** SUMMARY ***
Total pot $24 | Rake $0.48
Board [Th Qs 5h 2h 8d]
Seat 1: maggeek (button) (small blind) mucked
Seat 2: knysi (big blind) showed [Kd 2c] and won ($23.52) with a pair of Deuces


PokerStars Hand #148579555481:  Hold'em Limit ($3/$6 USD) - 2016/02/10 15:49:28 ET
Table 'Albaldah II' 2-max Seat #2 is the button
Seat 1: maggeek ($170.50 in chips)
Seat 2: knysi ($54.64 in chips)
knysi: posts small blind $1
maggeek: posts big blind $3
*** HOLE CARDS ***
knysi: raises $3 to $6
maggeek: calls $3
*** FLOP *** [3d 6c 2d]
maggeek: checks
knysi: bets $3
maggeek: raises $3 to $6
knysi: calls $3
*** TURN *** [3d 6c 2d] [Ah]
maggeek: bets $6
knysi: raises $6 to $12
maggeek: folds
Uncalled bet ($6) returned to knysi
knysi collected $35.50 from pot
knysi: doesn't show hand
*** SUMMARY ***
Total pot $36 | Rake $0.50
Board [3d 6c 2d Ah]
Seat 1: maggeek (big blind) folded on the Turn
Seat 2: knysi (button) (small blind) collected ($35.50)


PokerStars Hand #148579660788:  Hold'em Limit ($3/$6 USD) - 2016/02/10 15:51:04 ET
Table 'Albaldah II' 2-max Seat #2 is the button
Seat 1: maggeek ($120 in chips)
Seat 2: knysi ($134.06 in chips)
knysi: posts small blind $1
maggeek: posts big blind $3
*** HOLE CARDS ***
knysi: raises $3 to $6
maggeek: raises $3 to $9
knysi: calls $3
*** FLOP *** [3h 6c 9c]
maggeek: bets $3
knysi: calls $3
*** TURN *** [3h 6c 9c] [2d]
maggeek: bets $6
knysi: calls $6
*** RIVER *** [3h 6c 9c 2d] [5s]
maggeek: bets $6
knysi: raises $6 to $12
maggeek: raises $6 to $18
knysi: folds
Uncalled bet ($6) returned to maggeek
maggeek collected $59.50 from pot
maggeek: doesn't show hand
*** SUMMARY ***
Total pot $60 | Rake $0.50
Board [3h 6c 9c 2d 5s]
Seat 1: maggeek (big blind) collected ($59.50)
Seat 2: knysi (button) (small blind) folded on the River


PokerStars Hand #148579648544:  Hold'em Limit ($3/$6 USD) - 2016/02/10 15:50:53 ET
Table 'Albaldah II' 2-max Seat #1 is the button
Seat 1: maggeek ($121 in chips)
Seat 2: knysi ($119.56 in chips)
maggeek: posts small blind $1
knysi: posts big blind $3
*** HOLE CARDS ***
maggeek: raises $3 to $6
knysi: calls $3
*** FLOP *** [8d As Qs]
knysi: checks
maggeek: bets $3
knysi: calls $3
*** TURN *** [8d As Qs] [7c]
knysi: checks
maggeek: checks
*** RIVER *** [8d As Qs 7c] [Th]
knysi: bets $6
maggeek: calls $6
*** SHOW DOWN ***
knysi: shows [Qh 8s] (two pair, Queens and Eights)
maggeek: mucks hand
knysi collected $29.50 from pot
*** SUMMARY ***
Total pot $30 | Rake $0.50
Board [8d As Qs 7c Th]
Seat 1: maggeek (button) (small blind) mucked
Seat 2: knysi (big blind) showed [Qh 8s] and won ($29.50) with two pair, Queens and Eights


PokerStars Hand #148579643484:  Hold'em Limit ($3/$6 USD) - 2016/02/10 15:50:48 ET
Table 'Albaldah II' 2-max Seat #2 is the button
Seat 1: maggeek ($120 in chips)
Seat 2: knysi ($120.56 in chips)
knysi: posts small blind $1
maggeek: posts big blind $3
*** HOLE CARDS ***
knysi: folds
Uncalled bet ($2) returned to maggeek
maggeek collected $2 from pot
maggeek: doesn't show hand
*** SUMMARY ***
Total pot $2 | Rake $0
Seat 1: maggeek (big blind) collected ($2)
Seat 2: knysi (button) (small blind) folded before Flop


PokerStars Hand #148579628835:  Hold'em Limit ($3/$6 USD) - 2016/02/10 15:50:35 ET
Table 'Albaldah II' 2-max Seat #1 is the button
Seat 1: maggeek ($129.26 in chips)
Seat 2: knysi ($94.06 in chips)
maggeek: posts small blind $1
knysi: posts big blind $3
*** HOLE CARDS ***
maggeek: raises $3 to $6
knysi: calls $3
*** FLOP *** [9h 3d Ac]
knysi: checks
maggeek: bets $3
knysi: calls $3
*** TURN *** [9h 3d Ac] [Qc]
knysi: checks
maggeek: bets $6
knysi: raises $6 to $12
maggeek: calls $6
*** RIVER *** [9h 3d Ac Qc] [3s]
knysi: bets $6
maggeek: calls $6
*** SHOW DOWN ***
knysi: shows [6d As] (two pair, Aces and Threes)
maggeek: mucks hand
knysi collected $53.50 from pot
*** SUMMARY ***
Total pot $54 | Rake $0.50
Board [9h 3d Ac Qc 3s]
Seat 1: maggeek (button) (small blind) mucked
Seat 2: knysi (big blind) showed [6d As] and won ($53.50) with two pair, Aces and Threes


PokerStars Hand #148579624011:  Hold'em Limit ($3/$6 USD) - 2016/02/10 15:50:30 ET
Table 'Albaldah II' 2-max Seat #2 is the button
Seat 1: maggeek ($128.26 in chips)
Seat 2: knysi ($95.06 in chips)
knysi: posts small blind $1
maggeek: posts big blind $3
*** HOLE CARDS ***
knysi: folds
Uncalled bet ($2) returned to maggeek
maggeek collected $2 from pot
maggeek: doesn't show hand
*** SUMMARY ***
Total pot $2 | Rake $0
Seat 1: maggeek (big blind) collected ($2)
Seat 2: knysi (button) (small blind) folded before Flop


PokerStars Hand #148579610818:  Hold'em Limit ($3/$6 USD) - 2016/02/10 15:50:18 ET
Table 'Albaldah II' 2-max Seat #1 is the button
Seat 1: maggeek ($134.26 in chips)
Seat 2: knysi ($89.30 in chips)
maggeek: posts small blind $1
knysi: posts big blind $3
*** HOLE CARDS ***
maggeek: raises $3 to $6
knysi: calls $3
*** FLOP *** [6d 6s 3d]
knysi: checks
maggeek: checks
*** TURN *** [6d 6s 3d] [8d]
knysi: checks
maggeek: checks
*** RIVER *** [6d 6s 3d 8d] [Ah]
knysi: bets $6
maggeek: folds
Uncalled bet ($6) returned to knysi
knysi collected $11.76 from pot
knysi: doesn't show hand
*** SUMMARY ***
Total pot $12 | Rake $0.24
Board [6d 6s 3d 8d Ah]
Seat 1: maggeek (button) (small blind) folded on the River
Seat 2: knysi (big blind) collected ($11.76)


PokerStars Hand #148579735341:  Hold'em Limit ($3/$6 USD) - 2016/02/10 15:52:12 ET
Table 'Albaldah II' 2-max Seat #1 is the button
Seat 1: maggeek ($153.78 in chips)
Seat 2: knysi ($98.56 in chips)
maggeek: posts small blind $1
knysi: posts big blind $3
*** HOLE CARDS ***
maggeek: raises $3 to $6
knysi: folds
Uncalled bet ($3) returned to maggeek
maggeek collected $6 from pot
maggeek: doesn't show hand
*** SUMMARY ***
Total pot $6 | Rake $0
Seat 1: maggeek (button) (small blind) collected ($6)
Seat 2: knysi (big blind) folded before Flop


PokerStars Hand #148579721371:  Hold'em Limit ($3/$6 USD) - 2016/02/10 15:51:59 ET
Table 'Albaldah II' 2-max Seat #2 is the button
Seat 1: maggeek ($142.26 in chips)
Seat 2: knysi ($110.56 in chips)
knysi: posts small blind $1
maggeek: posts big blind $3
*** HOLE CARDS ***
knysi: raises $3 to $6
maggeek: calls $3
*** FLOP *** [5d Js Qc]
maggeek: checks
knysi: checks
*** TURN *** [5d Js Qc] [5s]
maggeek: checks
knysi: checks
*** RIVER *** [5d Js Qc 5s] [6h]
maggeek: checks
knysi: bets $6
maggeek: calls $6
*** SHOW DOWN ***
knysi: shows [Td 3d] (a pair of Fives)
maggeek: shows [2h Ah] (a pair of Fives - Ace kicker)
maggeek collected $23.52 from pot
*** SUMMARY ***
Total pot $24 | Rake $0.48
Board [5d Js Qc 5s 6h]
Seat 1: maggeek (big blind) showed [2h Ah] and won ($23.52) with a pair of Fives
Seat 2: knysi (button) (small blind) showed [Td 3d] and lost with a pair of Fives


PokerStars Hand #148579712166:  Hold'em Limit ($3/$6 USD) - 2016/02/10 15:51:51 ET
Table 'Albaldah II' 2-max Seat #1 is the button
Seat 1: maggeek ($136.50 in chips)
Seat 2: knysi ($116.56 in chips)
maggeek: posts small blind $1
knysi: posts big blind $3
*** HOLE CARDS ***
maggeek: raises $3 to $6
knysi: calls $3
*** FLOP *** [4s Qd Ad]
knysi: checks
maggeek: bets $3
knysi: folds
Uncalled bet ($3) returned to maggeek
maggeek collected $11.76 from pot
maggeek: doesn't show hand
*** SUMMARY ***
Total pot $12 | Rake $0.24
Board [4s Qd Ad]
Seat 1: maggeek (button) (small blind) collected ($11.76)
Seat 2: knysi (big blind) folded on the Flop


PokerStars Hand #148579707083:  Hold'em Limit ($3/$6 USD) - 2016/02/10 15:51:46 ET
Table 'Albaldah II' 2-max Seat #2 is the button
Seat 1: maggeek ($135.50 in chips)
Seat 2: knysi ($117.56 in chips)
knysi: posts small blind $1
maggeek: posts big blind $3
*** HOLE CARDS ***
knysi: folds
Uncalled bet ($2) returned to maggeek
maggeek collected $2 from pot
maggeek: doesn't show hand
*** SUMMARY ***
Total pot $2 | Rake $0
Seat 1: maggeek (big blind) collected ($2)
Seat 2: knysi (button) (small blind) folded before Flop


PokerStars Hand #148579702091:  Hold'em Limit ($3/$6 USD) - 2016/02/10 15:51:42 ET
Table 'Albaldah II' 2-max Seat #1 is the button
Seat 1: maggeek ($132.50 in chips)
Seat 2: knysi ($120.56 in chips)
maggeek: posts small blind $1
knysi: posts big blind $3
*** HOLE CARDS ***
maggeek: raises $3 to $6
knysi: folds
Uncalled bet ($3) returned to maggeek
maggeek collected $6 from pot
maggeek: doesn't show hand
*** SUMMARY ***
Total pot $6 | Rake $0
Seat 1: maggeek (button) (small blind) collected ($6)
Seat 2: knysi (big blind) folded before Flop


PokerStars Hand #148579697229:  Hold'em Limit ($3/$6 USD) - 2016/02/10 15:51:37 ET
Table 'Albaldah II' 2-max Seat #2 is the button
Seat 1: maggeek ($131.50 in chips)
Seat 2: knysi ($121.56 in chips)
knysi: posts small blind $1
maggeek: posts big blind $3
*** HOLE CARDS ***
knysi: folds
Uncalled bet ($2) returned to maggeek
maggeek collected $2 from pot
maggeek: doesn't show hand
*** SUMMARY ***
Total pot $2 | Rake $0
Seat 1: maggeek (big blind) collected ($2)
Seat 2: knysi (button) (small blind) folded before Flop


PokerStars Hand #148579683774:  Hold'em Limit ($3/$6 USD) - 2016/02/10 15:51:25 ET
Table 'Albaldah II' 2-max Seat #1 is the button
Seat 1: maggeek ($149.50 in chips)
Seat 2: knysi ($104.06 in chips)
maggeek: posts small blind $1
knysi: posts big blind $3
*** HOLE CARDS ***
maggeek: raises $3 to $6
knysi: calls $3
*** FLOP *** [8c Jd Qd]
knysi: checks
maggeek: checks
*** TURN *** [8c Jd Qd] [5d]
knysi: bets $6
maggeek: calls $6
*** RIVER *** [8c Jd Qd 5d] [Ah]
knysi: bets $6
maggeek: calls $6
*** SHOW DOWN ***
knysi: shows [Ad 8s] (two pair, Aces and Eights)
maggeek: mucks hand
knysi collected $35.50 from pot
*** SUMMARY ***
Total pot $36 | Rake $0.50
Board [8c Jd Qd 5d Ah]
Seat 1: maggeek (button) (small blind) mucked
Seat 2: knysi (big blind) showed [Ad 8s] and won ($35.50) with two pair, Aces and Eights


