PokerStars Hand #172658731926:  Hold'em Limit ($3/$6 USD) - 2017/07/05 20:08:04 ET
Table 'Albaldah' 6-max Seat #3 is the button
Seat 3: krytalex ($227.41 in chips)
Seat 6: KARL FABERGE ($178.58 in chips)
krytalex: posts small blind $1
KARL FABERGE: posts big blind $3
*** HOLE CARDS ***
krytalex: raises $3 to $6
KARL FABERGE: calls $3
*** FLOP *** [3s 8h 9s]
KARL FABERGE: checks
krytalex: bets $3
KARL FABERGE: calls $3
*** TURN *** [3s 8h 9s] [4c]
KARL FABERGE: checks
krytalex: bets $6
KARL FABERGE: calls $6
*** RIVER *** [3s 8h 9s 4c] [2s]
KARL FABERGE: checks
krytalex: bets $6
KARL FABERGE: calls $6
*** SHOW DOWN ***
krytalex: shows [Jh 9c] (a pair of Nines)
KARL FABERGE: mucks hand
krytalex collected $41.50 from pot
B_loJkl leaves the table
*** SUMMARY ***
Total pot $42 | Rake $0.50
Board [3s 8h 9s 4c 2s]
Seat 3: krytalex (button) (small blind) showed [Jh 9c] and won ($41.50) with a pair of Nines
Seat 6: KARL FABERGE (big blind) mucked


PokerStars Hand #172658709767:  Hold'em Limit ($3/$6 USD) - 2017/07/05 20:07:18 ET
Table 'Albaldah' 6-max Seat #6 is the button
Seat 3: krytalex ($209.91 in chips)
Seat 6: KARL FABERGE ($196.58 in chips)
KARL FABERGE: posts small blind $1
AzureCaper: is sitting out
krytalex: posts big blind $3
*** HOLE CARDS ***
KARL FABERGE: raises $3 to $6
AzureCaper leaves the table
krytalex: raises $3 to $9
KARL FABERGE: raises $3 to $12
Betting is capped
krytalex: calls $3
*** FLOP *** [9c 8d Jc]
krytalex: checks
KARL FABERGE: bets $3
krytalex: raises $3 to $6
KARL FABERGE: calls $3
*** TURN *** [9c 8d Jc] [Ts]
krytalex: bets $6
KARL FABERGE: folds
Uncalled bet ($6) returned to krytalex
krytalex collected $35.50 from pot
*** SUMMARY ***
Total pot $36 | Rake $0.50
Board [9c 8d Jc Ts]
Seat 3: krytalex (big blind) collected ($35.50)
Seat 6: KARL FABERGE (button) (small blind) folded on the Turn


PokerStars Hand #172658746019:  Hold'em Limit ($3/$6 USD) - 2017/07/05 20:08:33 ET
Table 'Albaldah' 6-max Seat #6 is the button
Seat 3: krytalex ($247.91 in chips)
Seat 6: KARL FABERGE ($157.58 in chips)
KARL FABERGE: posts small blind $1
krytalex: posts big blind $3
*** HOLE CARDS ***
KARL FABERGE: folds
Uncalled bet ($2) returned to krytalex
krytalex collected $2 from pot
*** SUMMARY ***
Total pot $2 | Rake $0
Seat 3: krytalex (big blind) collected ($2)
Seat 6: KARL FABERGE (button) (small blind) folded before Flop


PokerStars Hand #172658748573:  Hold'em Limit ($3/$6 USD) - 2017/07/05 20:08:39 ET
Table 'Albaldah' 6-max Seat #3 is the button
Seat 3: krytalex ($248.91 in chips)
Seat 6: KARL FABERGE ($156.58 in chips)
krytalex: posts small blind $1
KARL FABERGE: posts big blind $3
*** HOLE CARDS ***
krytalex: raises $3 to $6
KARL FABERGE: calls $3
*** FLOP *** [Qs 8c Js]
KARL FABERGE: checks
krytalex: bets $3
KARL FABERGE: raises $3 to $6
krytalex: calls $3
*** TURN *** [Qs 8c Js] [4h]
KARL FABERGE: bets $6
krytalex: calls $6
*** RIVER *** [Qs 8c Js 4h] [7h]
KARL FABERGE: bets $6
krytalex: calls $6
*** SHOW DOWN ***
KARL FABERGE: shows [8s 4d] (two pair, Eights and Fours)
krytalex: mucks hand
KARL FABERGE collected $47.50 from pot
*** SUMMARY ***
Total pot $48 | Rake $0.50
Board [Qs 8c Js 4h 7h]
Seat 3: krytalex (button) (small blind) mucked
Seat 6: KARL FABERGE (big blind) showed [8s 4d] and won ($47.50) with two pair, Eights and Fours


PokerStars Hand #172658790325:  Hold'em Limit ($3/$6 USD) - 2017/07/05 20:10:06 ET
Table 'Albaldah' 6-max Seat #3 is the button
Seat 3: krytalex ($200.91 in chips)
Seat 6: KARL FABERGE ($203.58 in chips)
krytalex: posts small blind $1
KARL FABERGE: posts big blind $3
*** HOLE CARDS ***
krytalex: raises $3 to $6
KARL FABERGE: calls $3
*** FLOP *** [6s 8h Kh]
KARL FABERGE: checks
krytalex: bets $3
KARL FABERGE: calls $3
*** TURN *** [6s 8h Kh] [Ks]
KARL FABERGE: checks
krytalex: checks
*** RIVER *** [6s 8h Kh Ks] [5h]
KARL FABERGE: checks
krytalex: checks
*** SHOW DOWN ***
KARL FABERGE: shows [Ah 5c] (two pair, Kings and Fives)
krytalex: mucks hand
KARL FABERGE collected $17.64 from pot
*** SUMMARY ***
Total pot $18 | Rake $0.36
Board [6s 8h Kh Ks 5h]
Seat 3: krytalex (button) (small blind) mucked
Seat 6: KARL FABERGE (big blind) showed [Ah 5c] and won ($17.64) with two pair, Kings and Fives


PokerStars Hand #172658766968:  Hold'em Limit ($3/$6 USD) - 2017/07/05 20:09:17 ET
Table 'Albaldah' 6-max Seat #6 is the button
Seat 3: krytalex ($224.91 in chips)
Seat 6: KARL FABERGE ($180.08 in chips)
KARL FABERGE: posts small blind $1
krytalex: posts big blind $3
*** HOLE CARDS ***
KARL FABERGE: calls $2
krytalex: raises $3 to $6
KARL FABERGE: calls $3
*** FLOP *** [6h 8d Td]
krytalex: bets $3
KARL FABERGE: raises $3 to $6
krytalex: calls $3
*** TURN *** [6h 8d Td] [Jd]
krytalex: checks
KARL FABERGE: bets $6
krytalex: calls $6
*** RIVER *** [6h 8d Td Jd] [4s]
krytalex: checks
KARL FABERGE: bets $6
krytalex: calls $6
*** SHOW DOWN ***
KARL FABERGE: shows [7c Jh] (a pair of Jacks)
krytalex: mucks hand
KARL FABERGE collected $47.50 from pot
*** SUMMARY ***
Total pot $48 | Rake $0.50
Board [6h 8d Td Jd 4s]
Seat 3: krytalex (big blind) mucked
Seat 6: KARL FABERGE (button) (small blind) showed [7c Jh] and won ($47.50) with a pair of Jacks


PokerStars Hand #172658808191:  Hold'em Limit ($3/$6 USD) - 2017/07/05 20:10:43 ET
Table 'Albaldah' 6-max Seat #6 is the button
Seat 3: krytalex ($191.91 in chips)
Seat 6: KARL FABERGE ($212.22 in chips)
KARL FABERGE: posts small blind $1
krytalex: posts big blind $3
*** HOLE CARDS ***
KARL FABERGE: raises $3 to $6
krytalex: folds
Uncalled bet ($3) returned to KARL FABERGE
KARL FABERGE collected $6 from pot
*** SUMMARY ***
Total pot $6 | Rake $0
Seat 3: krytalex (big blind) folded before Flop
Seat 6: KARL FABERGE (button) (small blind) collected ($6)


PokerStars Hand #172658837308:  Hold'em Limit ($3/$6 USD) - 2017/07/05 20:11:43 ET
Table 'Albaldah' 6-max Seat #6 is the button
Seat 3: krytalex ($187.67 in chips)
Seat 6: KARL FABERGE ($215.98 in chips)
KARL FABERGE: posts small blind $1
krytalex: posts big blind $3
*** HOLE CARDS ***
KARL FABERGE: folds
Uncalled bet ($2) returned to krytalex
krytalex collected $2 from pot
*** SUMMARY ***
Total pot $2 | Rake $0
Seat 3: krytalex (big blind) collected ($2)
Seat 6: KARL FABERGE (button) (small blind) folded before Flop


PokerStars Hand #172658830452:  Hold'em Limit ($3/$6 USD) - 2017/07/05 20:11:29 ET
Table 'Albaldah' 6-max Seat #3 is the button
Seat 3: krytalex ($188.67 in chips)
Seat 6: KARL FABERGE ($214.98 in chips)
krytalex: posts small blind $1
KARL FABERGE: posts big blind $3
*** HOLE CARDS ***
krytalex: folds
Uncalled bet ($2) returned to KARL FABERGE
KARL FABERGE collected $2 from pot
*** SUMMARY ***
Total pot $2 | Rake $0
Seat 3: krytalex (button) (small blind) folded before Flop
Seat 6: KARL FABERGE (big blind) collected ($2)


PokerStars Hand #172658811232:  Hold'em Limit ($3/$6 USD) - 2017/07/05 20:10:49 ET
Table 'Albaldah' 6-max Seat #3 is the button
Seat 3: krytalex ($188.91 in chips)
Seat 6: KARL FABERGE ($215.22 in chips)
krytalex: posts small blind $1
KARL FABERGE: posts big blind $3
*** HOLE CARDS ***
krytalex: raises $3 to $6
KARL FABERGE: calls $3
*** FLOP *** [Kc 9s 2h]
KARL FABERGE: checks
krytalex: bets $3
KARL FABERGE: folds
Uncalled bet ($3) returned to krytalex
krytalex collected $11.76 from pot
*** SUMMARY ***
Total pot $12 | Rake $0.24
Board [Kc 9s 2h]
Seat 3: krytalex (button) (small blind) collected ($11.76)
Seat 6: KARL FABERGE (big blind) folded on the Flop


PokerStars Hand #172658816560:  Hold'em Limit ($3/$6 USD) - 2017/07/05 20:11:00 ET
Table 'Albaldah' 6-max Seat #6 is the button
Seat 3: krytalex ($194.67 in chips)
Seat 6: KARL FABERGE ($209.22 in chips)
KARL FABERGE: posts small blind $1
krytalex: posts big blind $3
*** HOLE CARDS ***
KARL FABERGE: raises $3 to $6
krytalex: calls $3
*** FLOP *** [2s Th Js]
krytalex: checks
KARL FABERGE: checks
*** TURN *** [2s Th Js] [9h]
krytalex: checks
KARL FABERGE: bets $6
krytalex: folds
Uncalled bet ($6) returned to KARL FABERGE
KARL FABERGE collected $11.76 from pot
*** SUMMARY ***
Total pot $12 | Rake $0.24
Board [2s Th Js 9h]
Seat 3: krytalex (big blind) folded on the Turn
Seat 6: KARL FABERGE (button) (small blind) collected ($11.76)


PokerStars Hand #172658865396:  Hold'em Limit ($3/$6 USD) - 2017/07/05 20:12:42 ET
Table 'Albaldah' 6-max Seat #3 is the button
Seat 3: krytalex ($161.67 in chips)
Seat 6: KARL FABERGE ($241.48 in chips)
krytalex: posts small blind $1
KARL FABERGE: posts big blind $3
*** HOLE CARDS ***
krytalex: raises $3 to $6
KARL FABERGE: calls $3
*** FLOP *** [Qs Th Jh]
KARL FABERGE: checks
krytalex: bets $3
KARL FABERGE: folds
Uncalled bet ($3) returned to krytalex
krytalex collected $11.76 from pot
*** SUMMARY ***
Total pot $12 | Rake $0.24
Board [Qs Th Jh]
Seat 3: krytalex (button) (small blind) collected ($11.76)
Seat 6: KARL FABERGE (big blind) folded on the Flop


PokerStars Hand #172658839661:  Hold'em Limit ($3/$6 USD) - 2017/07/05 20:11:48 ET
Table 'Albaldah' 6-max Seat #3 is the button
Seat 3: krytalex ($188.67 in chips)
Seat 6: KARL FABERGE ($214.98 in chips)
krytalex: posts small blind $1
KARL FABERGE: posts big blind $3
*** HOLE CARDS ***
krytalex: folds
Uncalled bet ($2) returned to KARL FABERGE
KARL FABERGE collected $2 from pot
*** SUMMARY ***
Total pot $2 | Rake $0
Seat 3: krytalex (button) (small blind) folded before Flop
Seat 6: KARL FABERGE (big blind) collected ($2)


PokerStars Hand #172658863053:  Hold'em Limit ($3/$6 USD) - 2017/07/05 20:12:37 ET
Table 'Albaldah' 6-max Seat #6 is the button
Seat 3: krytalex ($160.67 in chips)
Seat 6: KARL FABERGE ($242.48 in chips)
KARL FABERGE: posts small blind $1
krytalex: posts big blind $3
*** HOLE CARDS ***
KARL FABERGE: folds
Uncalled bet ($2) returned to krytalex
krytalex collected $2 from pot
*** SUMMARY ***
Total pot $2 | Rake $0
Seat 3: krytalex (big blind) collected ($2)
Seat 6: KARL FABERGE (button) (small blind) folded before Flop


PokerStars Hand #172658852684:  Hold'em Limit ($3/$6 USD) - 2017/07/05 20:12:15 ET
Table 'Albaldah' 6-max Seat #3 is the button
Seat 3: krytalex ($184.67 in chips)
Seat 6: KARL FABERGE ($218.98 in chips)
krytalex: posts small blind $1
KARL FABERGE: posts big blind $3
*** HOLE CARDS ***
krytalex: raises $3 to $6
KARL FABERGE: raises $3 to $9
krytalex: calls $3
*** FLOP *** [Js 6c 3h]
KARL FABERGE: bets $3
krytalex: calls $3
*** TURN *** [Js 6c 3h] [Ks]
KARL FABERGE: bets $6
krytalex: calls $6
*** RIVER *** [Js 6c 3h Ks] [3s]
KARL FABERGE: checks
krytalex: bets $6
KARL FABERGE: calls $6
*** SHOW DOWN ***
krytalex: shows [9h 9d] (two pair, Nines and Threes)
KARL FABERGE: shows [Th Td] (two pair, Tens and Threes)
KARL FABERGE collected $47.50 from pot
*** SUMMARY ***
Total pot $48 | Rake $0.50
Board [Js 6c 3h Ks 3s]
Seat 3: krytalex (button) (small blind) showed [9h 9d] and lost with two pair, Nines and Threes
Seat 6: KARL FABERGE (big blind) showed [Th Td] and won ($47.50) with two pair, Tens and Threes


PokerStars Hand #172658846371:  Hold'em Limit ($3/$6 USD) - 2017/07/05 20:12:02 ET
Table 'Albaldah' 6-max Seat #6 is the button
Seat 3: krytalex ($187.67 in chips)
Seat 6: KARL FABERGE ($215.98 in chips)
KARL FABERGE: posts small blind $1
krytalex: posts big blind $3
*** HOLE CARDS ***
KARL FABERGE: raises $3 to $6
krytalex: folds
Uncalled bet ($3) returned to KARL FABERGE
KARL FABERGE collected $6 from pot
*** SUMMARY ***
Total pot $6 | Rake $0
Seat 3: krytalex (big blind) folded before Flop
Seat 6: KARL FABERGE (button) (small blind) collected ($6)


PokerStars Hand #172658882147:  Hold'em Limit ($3/$6 USD) - 2017/07/05 20:13:16 ET
Table 'Albaldah' 6-max Seat #3 is the button
Seat 3: krytalex ($161.43 in chips)
Seat 6: KARL FABERGE ($241.24 in chips)
krytalex: posts small blind $1
KARL FABERGE: posts big blind $3
*** HOLE CARDS ***
krytalex: raises $3 to $6
KARL FABERGE: calls $3
*** FLOP *** [8d Ks 9s]
KARL FABERGE: checks
krytalex: bets $3
KARL FABERGE: calls $3
*** TURN *** [8d Ks 9s] [7c]
KARL FABERGE: checks
krytalex: checks
*** RIVER *** [8d Ks 9s 7c] [2s]
KARL FABERGE: bets $6
krytalex: calls $6
*** SHOW DOWN ***
KARL FABERGE: shows [Kh 3d] (a pair of Kings)
krytalex: mucks hand
KARL FABERGE collected $29.50 from pot
*** SUMMARY ***
Total pot $30 | Rake $0.50
Board [8d Ks 9s 7c 2s]
Seat 3: krytalex (button) (small blind) mucked
Seat 6: KARL FABERGE (big blind) showed [Kh 3d] and won ($29.50) with a pair of Kings


PokerStars Hand #172658870644:  Hold'em Limit ($3/$6 USD) - 2017/07/05 20:12:53 ET
Table 'Albaldah' 6-max Seat #6 is the button
Seat 3: krytalex ($167.43 in chips)
Seat 6: KARL FABERGE ($235.48 in chips)
KARL FABERGE: posts small blind $1
krytalex: posts big blind $3
*** HOLE CARDS ***
KARL FABERGE: raises $3 to $6
krytalex: calls $3
*** FLOP *** [Jh Tc Jd]
krytalex: checks
KARL FABERGE: bets $3
krytalex: folds
Uncalled bet ($3) returned to KARL FABERGE
KARL FABERGE collected $11.76 from pot
*** SUMMARY ***
Total pot $12 | Rake $0.24
Board [Jh Tc Jd]
Seat 3: krytalex (big blind) folded on the Flop
Seat 6: KARL FABERGE (button) (small blind) collected ($11.76)


PokerStars Hand #172658927257:  Hold'em Limit ($3/$6 USD) - 2017/07/05 20:14:32 ET
Table 'Albaldah' 6-max Seat #3 is the button
Seat 3: krytalex ($158.93 in chips)
Seat 6: KARL FABERGE ($242.38 in chips)
krytalex: posts small blind $1
KARL FABERGE: posts big blind $3
*** HOLE CARDS ***
krytalex: raises $3 to $6
KARL FABERGE: folds
Uncalled bet ($3) returned to krytalex
krytalex collected $6 from pot
*** SUMMARY ***
Total pot $6 | Rake $0
Seat 3: krytalex (button) (small blind) collected ($6)
Seat 6: KARL FABERGE (big blind) folded before Flop


PokerStars Hand #172658900968:  Hold'em Limit ($3/$6 USD) - 2017/07/05 20:13:37 ET
Table 'Albaldah' 6-max Seat #6 is the button
Seat 3: krytalex ($146.43 in chips)
Seat 6: KARL FABERGE ($255.74 in chips)
KARL FABERGE: posts small blind $1
krytalex: posts big blind $3
*** HOLE CARDS ***
KARL FABERGE: raises $3 to $6
krytalex: calls $3
*** FLOP *** [2h Jc Jh]
krytalex: checks
KARL FABERGE: bets $3
krytalex: calls $3
*** TURN *** [2h Jc Jh] [Qd]
krytalex: checks
KARL FABERGE: bets $6
krytalex: folds
Uncalled bet ($6) returned to KARL FABERGE
KARL FABERGE collected $17.64 from pot
*** SUMMARY ***
Total pot $18 | Rake $0.36
Board [2h Jc Jh Qd]
Seat 3: krytalex (big blind) folded on the Turn
Seat 6: KARL FABERGE (button) (small blind) collected ($17.64)


PokerStars Hand #172658924572:  Hold'em Limit ($3/$6 USD) - 2017/07/05 20:14:27 ET
Table 'Albaldah' 6-max Seat #6 is the button
Seat 3: krytalex ($157.93 in chips)
Seat 6: KARL FABERGE ($243.38 in chips)
KARL FABERGE: posts small blind $1
krytalex: posts big blind $3
*** HOLE CARDS ***
KARL FABERGE: folds
Uncalled bet ($2) returned to krytalex
krytalex collected $2 from pot
*** SUMMARY ***
Total pot $2 | Rake $0
Seat 3: krytalex (big blind) collected ($2)
Seat 6: KARL FABERGE (button) (small blind) folded before Flop


PokerStars Hand #172658911018:  Hold'em Limit ($3/$6 USD) - 2017/07/05 20:13:58 ET
Table 'Albaldah' 6-max Seat #3 is the button
Seat 3: krytalex ($137.43 in chips)
Seat 6: KARL FABERGE ($264.38 in chips)
krytalex: posts small blind $1
KARL FABERGE: posts big blind $3
*** HOLE CARDS ***
krytalex: raises $3 to $6
KARL FABERGE: calls $3
*** FLOP *** [Jh 7h 4s]
KARL FABERGE: checks
krytalex: bets $3
KARL FABERGE: calls $3
*** TURN *** [Jh 7h 4s] [Qc]
KARL FABERGE: checks
krytalex: bets $6
KARL FABERGE: calls $6
*** RIVER *** [Jh 7h 4s Qc] [Ts]
KARL FABERGE: checks
krytalex: bets $6
KARL FABERGE: calls $6
*** SHOW DOWN ***
krytalex: shows [Qs 5h] (a pair of Queens)
KARL FABERGE: mucks hand
krytalex collected $41.50 from pot
*** SUMMARY ***
Total pot $42 | Rake $0.50
Board [Jh 7h 4s Qc Ts]
Seat 3: krytalex (button) (small blind) showed [Qs 5h] and won ($41.50) with a pair of Queens
Seat 6: KARL FABERGE (big blind) mucked


PokerStars Hand #172658935475:  Hold'em Limit ($3/$6 USD) - 2017/07/05 20:14:50 ET
Table 'Albaldah' 6-max Seat #6 is the button
Seat 3: krytalex ($161.93 in chips)
Seat 6: KARL FABERGE ($239.38 in chips)
KARL FABERGE: posts small blind $1
krytalex: posts big blind $3
*** HOLE CARDS ***
KARL FABERGE: raises $3 to $6
krytalex: calls $3
*** FLOP *** [Qc 7h 9c]
krytalex: checks
KARL FABERGE: bets $3
krytalex: folds
Uncalled bet ($3) returned to KARL FABERGE
KARL FABERGE collected $11.76 from pot
*** SUMMARY ***
Total pot $12 | Rake $0.24
Board [Qc 7h 9c]
Seat 3: krytalex (big blind) folded on the Flop
Seat 6: KARL FABERGE (button) (small blind) collected ($11.76)


PokerStars Hand #172658969852:  Hold'em Limit ($3/$6 USD) - 2017/07/05 20:16:02 ET
Table 'Albaldah' 6-max Seat #6 is the button
Seat 3: krytalex ($179.43 in chips)
Seat 6: KARL FABERGE ($221.14 in chips)
KARL FABERGE: posts small blind $1
krytalex: posts big blind $3
*** HOLE CARDS ***
KARL FABERGE: raises $3 to $6
krytalex: calls $3
*** FLOP *** [Qh 6h Js]
krytalex: checks
KARL FABERGE: bets $3
krytalex: raises $3 to $6
KARL FABERGE: calls $3
*** TURN *** [Qh 6h Js] [2s]
krytalex: bets $6
KARL FABERGE: folds
Uncalled bet ($6) returned to krytalex
krytalex collected $23.52 from pot
*** SUMMARY ***
Total pot $24 | Rake $0.48
Board [Qh 6h Js 2s]
Seat 3: krytalex (big blind) collected ($23.52)
Seat 6: KARL FABERGE (button) (small blind) folded on the Turn


PokerStars Hand #172658957630:  Hold'em Limit ($3/$6 USD) - 2017/07/05 20:15:36 ET
Table 'Albaldah' 6-max Seat #3 is the button
Seat 3: krytalex ($155.93 in chips)
Seat 6: KARL FABERGE ($245.14 in chips)
krytalex: posts small blind $1
KARL FABERGE: posts big blind $3
*** HOLE CARDS ***
krytalex: raises $3 to $6
KARL FABERGE: calls $3
*** FLOP *** [9h 6s 8h]
KARL FABERGE: checks
krytalex: bets $3
KARL FABERGE: raises $3 to $6
krytalex: calls $3
*** TURN *** [9h 6s 8h] [9d]
KARL FABERGE: bets $6
krytalex: calls $6
*** RIVER *** [9h 6s 8h 9d] [5d]
KARL FABERGE: bets $6
krytalex: raises $6 to $12
KARL FABERGE: folds
Uncalled bet ($6) returned to krytalex
krytalex collected $47.50 from pot
*** SUMMARY ***
Total pot $48 | Rake $0.50
Board [9h 6s 8h 9d 5d]
Seat 3: krytalex (button) (small blind) collected ($47.50)
Seat 6: KARL FABERGE (big blind) folded on the River


PokerStars Hand #172658981629:  Hold'em Limit ($3/$6 USD) - 2017/07/05 20:16:27 ET
Table 'Albaldah' 6-max Seat #3 is the button
Seat 3: krytalex ($190.95 in chips)
Seat 6: KARL FABERGE ($209.14 in chips)
krytalex: posts small blind $1
KARL FABERGE: posts big blind $3
*** HOLE CARDS ***
krytalex: raises $3 to $6
KARL FABERGE: calls $3
*** FLOP *** [Ts 3s 3c]
KARL FABERGE: checks
krytalex: bets $3
KARL FABERGE: folds
Uncalled bet ($3) returned to krytalex
krytalex collected $11.76 from pot
*** SUMMARY ***
Total pot $12 | Rake $0.24
Board [Ts 3s 3c]
Seat 3: krytalex (button) (small blind) collected ($11.76)
Seat 6: KARL FABERGE (big blind) folded on the Flop


PokerStars Hand #172658991012:  Hold'em Limit ($3/$6 USD) - 2017/07/05 20:16:47 ET
Table 'Albaldah' 6-max Seat #6 is the button
Seat 3: krytalex ($196.71 in chips)
Seat 6: KARL FABERGE ($203.14 in chips)
KARL FABERGE: posts small blind $1
krytalex: posts big blind $3
*** HOLE CARDS ***
KARL FABERGE: raises $3 to $6
krytalex: calls $3
*** FLOP *** [Jc Qs 9d]
krytalex: checks
KARL FABERGE: bets $3
krytalex: raises $3 to $6
KARL FABERGE: raises $3 to $9
krytalex: calls $3
*** TURN *** [Jc Qs 9d] [5h]
krytalex: checks
KARL FABERGE: checks
*** RIVER *** [Jc Qs 9d 5h] [7d]
krytalex: bets $6
KARL FABERGE: raises $6 to $12
krytalex: calls $6
*** SHOW DOWN ***
KARL FABERGE: shows [5s 7s] (two pair, Sevens and Fives)
krytalex: mucks hand
KARL FABERGE collected $53.50 from pot
*** SUMMARY ***
Total pot $54 | Rake $0.50
Board [Jc Qs 9d 5h 7d]
Seat 3: krytalex (big blind) mucked
Seat 6: KARL FABERGE (button) (small blind) showed [5s 7s] and won ($53.50) with two pair, Sevens and Fives


PokerStars Hand #172659015126:  Hold'em Limit ($3/$6 USD) - 2017/07/05 20:17:38 ET
Table 'Albaldah' 6-max Seat #6 is the button
Seat 3: krytalex ($168.71 in chips)
Seat 6: KARL FABERGE ($230.64 in chips)
KARL FABERGE: posts small blind $1
krytalex: posts big blind $3
*** HOLE CARDS ***
KARL FABERGE: folds
Uncalled bet ($2) returned to krytalex
krytalex collected $2 from pot
*** SUMMARY ***
Total pot $2 | Rake $0
Seat 3: krytalex (big blind) collected ($2)
Seat 6: KARL FABERGE (button) (small blind) folded before Flop


PokerStars Hand #172659003201:  Hold'em Limit ($3/$6 USD) - 2017/07/05 20:17:13 ET
Table 'Albaldah' 6-max Seat #3 is the button
Seat 3: krytalex ($169.71 in chips)
Seat 6: KARL FABERGE ($229.64 in chips)
krytalex: posts small blind $1
KARL FABERGE: posts big blind $3
*** HOLE CARDS ***
krytalex said, "SUKA MUDILA"
krytalex said, "TUPORYLAYA"
krytalex: folds
Uncalled bet ($2) returned to KARL FABERGE
KARL FABERGE collected $2 from pot
*** SUMMARY ***
Total pot $2 | Rake $0
Seat 3: krytalex (button) (small blind) folded before Flop
Seat 6: KARL FABERGE (big blind) collected ($2)


PokerStars Hand #172659040355:  Hold'em Limit ($3/$6 USD) - 2017/07/05 20:18:31 ET
Table 'Albaldah' 6-max Seat #3 is the button
Seat 3: krytalex ($198.97 in chips)
Seat 6: KARL FABERGE ($199.64 in chips)
krytalex: posts small blind $1
KARL FABERGE: posts big blind $3
*** HOLE CARDS ***
krytalex said, "tupoe telo"
krytalex: raises $3 to $6
KARL FABERGE: calls $3
*** FLOP *** [8c 8d Jd]
KARL FABERGE: checks
krytalex: bets $3
KARL FABERGE: folds
Uncalled bet ($3) returned to krytalex
krytalex collected $11.76 from pot
*** SUMMARY ***
Total pot $12 | Rake $0.24
Board [8c 8d Jd]
Seat 3: krytalex (button) (small blind) collected ($11.76)
Seat 6: KARL FABERGE (big blind) folded on the Flop


PokerStars Hand #172659037754:  Hold'em Limit ($3/$6 USD) - 2017/07/05 20:18:25 ET
Table 'Albaldah' 6-max Seat #6 is the button
Seat 3: krytalex ($197.97 in chips)
Seat 6: KARL FABERGE ($200.64 in chips)
KARL FABERGE: posts small blind $1
krytalex: posts big blind $3
*** HOLE CARDS ***
KARL FABERGE: folds
Uncalled bet ($2) returned to krytalex
krytalex collected $2 from pot
*** SUMMARY ***
Total pot $2 | Rake $0
Seat 3: krytalex (big blind) collected ($2)
Seat 6: KARL FABERGE (button) (small blind) folded before Flop


PokerStars Hand #172659034030:  Hold'em Limit ($3/$6 USD) - 2017/07/05 20:18:18 ET
Table 'Albaldah' 6-max Seat #3 is the button
Seat 3: krytalex ($198.97 in chips)
Seat 6: KARL FABERGE ($199.64 in chips)
krytalex: posts small blind $1
KARL FABERGE: posts big blind $3
*** HOLE CARDS ***
krytalex: folds
Uncalled bet ($2) returned to KARL FABERGE
KARL FABERGE collected $2 from pot
*** SUMMARY ***
Total pot $2 | Rake $0
Seat 3: krytalex (button) (small blind) folded before Flop
Seat 6: KARL FABERGE (big blind) collected ($2)


PokerStars Hand #172659025272:  Hold'em Limit ($3/$6 USD) - 2017/07/05 20:17:59 ET
Table 'Albaldah' 6-max Seat #6 is the button
Seat 3: krytalex ($175.47 in chips)
Seat 6: KARL FABERGE ($223.64 in chips)
KARL FABERGE: posts small blind $1
krytalex: posts big blind $3
*** HOLE CARDS ***
KARL FABERGE: raises $3 to $6
krytalex: raises $3 to $9
KARL FABERGE: calls $3
*** FLOP *** [5c 8d Tc]
krytalex: bets $3
KARL FABERGE: calls $3
*** TURN *** [5c 8d Tc] [2d]
krytalex: bets $6
KARL FABERGE: calls $6
*** RIVER *** [5c 8d Tc 2d] [Th]
krytalex: bets $6
KARL FABERGE: calls $6
*** SHOW DOWN ***
krytalex: shows [Ts Jd] (three of a kind, Tens)
KARL FABERGE: mucks hand
krytalex collected $47.50 from pot
*** SUMMARY ***
Total pot $48 | Rake $0.50
Board [5c 8d Tc 2d Th]
Seat 3: krytalex (big blind) showed [Ts Jd] and won ($47.50) with three of a kind, Tens
Seat 6: KARL FABERGE (button) (small blind) mucked


PokerStars Hand #172659018318:  Hold'em Limit ($3/$6 USD) - 2017/07/05 20:17:45 ET
Table 'Albaldah' 6-max Seat #3 is the button
Seat 3: krytalex ($169.71 in chips)
Seat 6: KARL FABERGE ($229.64 in chips)
krytalex: posts small blind $1
KARL FABERGE: posts big blind $3
*** HOLE CARDS ***
KARL FABERGE said, "ebalo zavali petux"
krytalex: raises $3 to $6
KARL FABERGE: calls $3
*** FLOP *** [Ad 7h 3h]
KARL FABERGE: checks
krytalex: bets $3
KARL FABERGE: folds
Uncalled bet ($3) returned to krytalex
krytalex collected $11.76 from pot
*** SUMMARY ***
Total pot $12 | Rake $0.24
Board [Ad 7h 3h]
Seat 3: krytalex (button) (small blind) collected ($11.76)
Seat 6: KARL FABERGE (big blind) folded on the Flop


PokerStars Hand #172659059692:  Hold'em Limit ($3/$6 USD) - 2017/07/05 20:19:14 ET
Table 'Albaldah' 6-max Seat #6 is the button
Seat 3: krytalex ($219.25 in chips)
Seat 6: KARL FABERGE ($178.64 in chips)
KARL FABERGE: posts small blind $1
krytalex: posts big blind $3
*** HOLE CARDS ***
KARL FABERGE: raises $3 to $6
krytalex: folds
Uncalled bet ($3) returned to KARL FABERGE
KARL FABERGE collected $6 from pot
*** SUMMARY ***
Total pot $6 | Rake $0
Seat 3: krytalex (big blind) folded before Flop
Seat 6: KARL FABERGE (button) (small blind) collected ($6)


PokerStars Hand #172659056557:  Hold'em Limit ($3/$6 USD) - 2017/07/05 20:19:07 ET
Table 'Albaldah' 6-max Seat #3 is the button
Seat 3: krytalex ($216.25 in chips)
Seat 6: KARL FABERGE ($181.64 in chips)
krytalex: posts small blind $1
KARL FABERGE: posts big blind $3
*** HOLE CARDS ***
krytalex: raises $3 to $6
sil1155 joins the table at seat #5
KARL FABERGE: folds
Uncalled bet ($3) returned to krytalex
krytalex collected $6 from pot
*** SUMMARY ***
Total pot $6 | Rake $0
Seat 3: krytalex (button) (small blind) collected ($6)
Seat 6: KARL FABERGE (big blind) folded before Flop


PokerStars Hand #172659049582:  Hold'em Limit ($3/$6 USD) - 2017/07/05 20:18:51 ET
Table 'Albaldah' 6-max Seat #6 is the button
Seat 3: krytalex ($204.73 in chips)
Seat 6: KARL FABERGE ($193.64 in chips)
KARL FABERGE: posts small blind $1
krytalex: posts big blind $3
*** HOLE CARDS ***
KARL FABERGE: raises $3 to $6
krytalex: calls $3
*** FLOP *** [Js Kh Ah]
krytalex: checks
KARL FABERGE: bets $3
krytalex: raises $3 to $6
KARL FABERGE: calls $3
*** TURN *** [Js Kh Ah] [2c]
krytalex: bets $6
KARL FABERGE: folds
Uncalled bet ($6) returned to krytalex
krytalex collected $23.52 from pot
*** SUMMARY ***
Total pot $24 | Rake $0.48
Board [Js Kh Ah 2c]
Seat 3: krytalex (big blind) collected ($23.52)
Seat 6: KARL FABERGE (button) (small blind) folded on the Turn


PokerStars Hand #172661031407:  Hold'em Limit ($3/$6 USD) - 2017/07/05 21:37:46 ET
Table 'Albaldah' 6-max Seat #3 is the button
Seat 3: krytalex ($72 in chips)
Seat 6: HenryIX ($293.75 in chips)
krytalex: posts small blind $1
B_loJkl: is sitting out
HenryIX: posts big blind $3
*** HOLE CARDS ***
krytalex: raises $3 to $6
HenryIX: folds
Uncalled bet ($3) returned to krytalex
krytalex collected $6 from pot
*** SUMMARY ***
Total pot $6 | Rake $0
Seat 3: krytalex (button) (small blind) collected ($6)
Seat 6: HenryIX (big blind) folded before Flop


PokerStars Hand #172661049972:  Hold'em Limit ($3/$6 USD) - 2017/07/05 21:38:33 ET
Table 'Albaldah' 6-max Seat #3 is the button
Seat 3: krytalex ($76 in chips)
Seat 6: HenryIX ($289.75 in chips)
krytalex: posts small blind $1
HenryIX: posts big blind $3
*** HOLE CARDS ***
krytalex: raises $3 to $6
HenryIX: folds
Uncalled bet ($3) returned to krytalex
krytalex collected $6 from pot
*** SUMMARY ***
Total pot $6 | Rake $0
Seat 3: krytalex (button) (small blind) collected ($6)
Seat 6: HenryIX (big blind) folded before Flop


PokerStars Hand #172661055996:  Hold'em Limit ($3/$6 USD) - 2017/07/05 21:38:49 ET
Table 'Albaldah' 6-max Seat #6 is the button
Seat 3: krytalex ($79 in chips)
Seat 6: HenryIX ($286.75 in chips)
HenryIX: posts small blind $1
krytalex: posts big blind $3
*** HOLE CARDS ***
HenryIX has timed out
HenryIX: folds
Uncalled bet ($2) returned to krytalex
krytalex collected $2 from pot
*** SUMMARY ***
Total pot $2 | Rake $0
Seat 3: krytalex (big blind) collected ($2)
Seat 6: HenryIX (button) (small blind) folded before Flop


PokerStars Hand #172661086889:  Hold'em Limit ($3/$6 USD) - 2017/07/05 21:39:52 ET
Table 'Albaldah' 6-max Seat #3 is the button
Seat 3: krytalex ($80 in chips)
Seat 6: HenryIX ($285.75 in chips)
krytalex: posts small blind $1
HenryIX: posts big blind $3
*** HOLE CARDS ***
krytalex: raises $3 to $6
HenryIX: folds
Uncalled bet ($3) returned to krytalex
krytalex collected $6 from pot
*** SUMMARY ***
Total pot $6 | Rake $0
Seat 3: krytalex (button) (small blind) collected ($6)
Seat 6: HenryIX (big blind) folded before Flop


PokerStars Hand #172661079013:  Hold'em Limit ($3/$6 USD) - 2017/07/05 21:39:31 ET
Table 'Albaldah' 6-max Seat #3 is the button
Seat 3: krytalex ($80 in chips)
Seat 6: HenryIX ($285.75 in chips)
krytalex: posts small blind $1
HenryIX: posts big blind $3
*** HOLE CARDS ***
krytalex: folds
Uncalled bet ($2) returned to HenryIX
HenryIX collected $2 from pot
HenryIX: doesn't show hand
*** SUMMARY ***
Total pot $2 | Rake $0
Seat 3: krytalex (button) (small blind) folded before Flop
Seat 6: HenryIX (big blind) collected ($2)


PokerStars Hand #172661090389:  Hold'em Limit ($3/$6 USD) - 2017/07/05 21:40:01 ET
Table 'Albaldah' 6-max Seat #6 is the button
Seat 3: krytalex ($83 in chips)
Seat 6: HenryIX ($282.75 in chips)
HenryIX: posts small blind $1
krytalex: posts big blind $3
*** HOLE CARDS ***
HenryIX has timed out
HenryIX: folds
Uncalled bet ($2) returned to krytalex
krytalex collected $2 from pot
*** SUMMARY ***
Total pot $2 | Rake $0
Seat 3: krytalex (big blind) collected ($2)
Seat 6: HenryIX (button) (small blind) folded before Flop


PokerStars Hand #172661292288:  Hold'em Limit ($3/$6 USD) - 2017/07/05 21:48:57 ET
Table 'Albaldah' 6-max Seat #3 is the button
Seat 1: B_loJkl ($150 in chips)
Seat 3: krytalex ($84 in chips)
krytalex: posts small blind $1
B_loJkl: posts big blind $3
*** HOLE CARDS ***
krytalex: folds
Uncalled bet ($2) returned to B_loJkl
B_loJkl collected $2 from pot
B_loJkl: doesn't show hand
*** SUMMARY ***
Total pot $2 | Rake $0
Seat 1: B_loJkl (big blind) collected ($2)
Seat 3: krytalex (button) (small blind) folded before Flop


