PokerStars Hand #159156117500:  Hold'em Limit ($3/$6 USD) - 2016/09/27 7:58:16 ET
Table 'Albali' 6-max Seat #3 is the button
Seat 3: Sad Joker 00 ($71.69 in chips)
Seat 4: Agrotait ($89.50 in chips)
Sad Joker 00: posts small blind $1
Agrotait: posts big blind $3
*** HOLE CARDS ***
Sad Joker 00: raises $3 to $6
Agrotait: calls $3
*** FLOP *** [Kh Qd Th]
Agrotait: checks
Sad Joker 00: bets $3
Agrotait: calls $3
*** TURN *** [Kh Qd Th] [9d]
Agrotait: checks
Sad Joker 00: bets $6
Agrotait: folds
Uncalled bet ($6) returned to Sad Joker 00
Sad Joker 00 collected $17.64 from pot
Sad Joker 00: doesn't show hand
*** SUMMARY ***
Total pot $18 | Rake $0.36
Board [Kh Qd Th 9d]
Seat 3: Sad Joker 00 (button) (small blind) collected ($17.64)
Seat 4: Agrotait (big blind) folded on the Turn


PokerStars Hand #159156113828:  Hold'em Limit ($3/$6 USD) - 2016/09/27 7:58:07 ET
Table 'Albali' 6-max Seat #4 is the button
Seat 3: Sad Joker 00 ($74.69 in chips)
Seat 4: Agrotait ($86.50 in chips)
Agrotait: posts small blind $1
Sad Joker 00: posts big blind $3
*** HOLE CARDS ***
Agrotait: raises $3 to $6
Sad Joker 00: folds
Uncalled bet ($3) returned to Agrotait
Agrotait collected $6 from pot
Agrotait: doesn't show hand
*** SUMMARY ***
Total pot $6 | Rake $0
Seat 3: Sad Joker 00 (big blind) folded before Flop
Seat 4: Agrotait (button) (small blind) collected ($6)


PokerStars Hand #159156101450:  Hold'em Limit ($3/$6 USD) - 2016/09/27 7:57:37 ET
Table 'Albali' 6-max Seat #3 is the button
Seat 3: Sad Joker 00 ($89.69 in chips)
Seat 4: Agrotait ($72 in chips)
Sad Joker 00: posts small blind $1
Agrotait: posts big blind $3
*** HOLE CARDS ***
Sad Joker 00: raises $3 to $6
Agrotait: calls $3
*** FLOP *** [2s 3c 6d]
Agrotait: checks
Sad Joker 00: bets $3
Agrotait: calls $3
*** TURN *** [2s 3c 6d] [Th]
Agrotait: checks
Sad Joker 00: bets $6
Agrotait: calls $6
*** RIVER *** [2s 3c 6d Th] [9h]
Agrotait: checks
Sad Joker 00: checks
*** SHOW DOWN ***
Agrotait: shows [6s 7c] (a pair of Sixes)
Sad Joker 00: mucks hand
Agrotait collected $29.50 from pot
*** SUMMARY ***
Total pot $30 | Rake $0.50
Board [2s 3c 6d Th 9h]
Seat 3: Sad Joker 00 (button) (small blind) mucked
Seat 4: Agrotait (big blind) showed [6s 7c] and won ($29.50) with a pair of Sixes


PokerStars Hand #159156150855:  Hold'em Limit ($3/$6 USD) - 2016/09/27 7:59:38 ET
Table 'Albali' 6-max Seat #4 is the button
Seat 3: Sad Joker 00 ($65.09 in chips)
Seat 4: Agrotait ($95 in chips)
Agrotait: posts small blind $1
Sad Joker 00: posts big blind $3
*** HOLE CARDS ***
Agrotait: folds
Uncalled bet ($2) returned to Sad Joker 00
Sad Joker 00 collected $2 from pot
Sad Joker 00: doesn't show hand
*** SUMMARY ***
Total pot $2 | Rake $0
Seat 3: Sad Joker 00 (big blind) collected ($2)
Seat 4: Agrotait (button) (small blind) folded before Flop


PokerStars Hand #159156140233:  Hold'em Limit ($3/$6 USD) - 2016/09/27 7:59:12 ET
Table 'Albali' 6-max Seat #3 is the button
Seat 3: Sad Joker 00 ($59.33 in chips)
Seat 4: Agrotait ($101 in chips)
Sad Joker 00: posts small blind $1
Agrotait: posts big blind $3
*** HOLE CARDS ***
Sad Joker 00: raises $3 to $6
Agrotait: calls $3
*** FLOP *** [Kc 4h Ad]
Agrotait: checks
Sad Joker 00: bets $3
Agrotait: folds
Uncalled bet ($3) returned to Sad Joker 00
Sad Joker 00 collected $11.76 from pot
Sad Joker 00: doesn't show hand
*** SUMMARY ***
Total pot $12 | Rake $0.24
Board [Kc 4h Ad]
Seat 3: Sad Joker 00 (button) (small blind) collected ($11.76)
Seat 4: Agrotait (big blind) folded on the Flop


PokerStars Hand #159156130554:  Hold'em Limit ($3/$6 USD) - 2016/09/27 7:58:48 ET
Table 'Albali' 6-max Seat #4 is the button
Seat 3: Sad Joker 00 ($80.33 in chips)
Seat 4: Agrotait ($80.50 in chips)
Agrotait: posts small blind $1
Sad Joker 00: posts big blind $3
*** HOLE CARDS ***
Agrotait: raises $3 to $6
Sad Joker 00: calls $3
*** FLOP *** [6c Qh 6d]
Sad Joker 00: bets $3
Agrotait: calls $3
*** TURN *** [6c Qh 6d] [Ad]
Sad Joker 00: bets $6
Agrotait: calls $6
*** RIVER *** [6c Qh 6d Ad] [Jh]
Sad Joker 00: bets $6
Agrotait: calls $6
*** SHOW DOWN ***
Sad Joker 00: shows [Ts Qc] (two pair, Queens and Sixes)
Agrotait: shows [9s As] (two pair, Aces and Sixes)
Agrotait collected $41.50 from pot
*** SUMMARY ***
Total pot $42 | Rake $0.50
Board [6c Qh 6d Ad Jh]
Seat 3: Sad Joker 00 (big blind) showed [Ts Qc] and lost with two pair, Queens and Sixes
Seat 4: Agrotait (button) (small blind) showed [9s As] and won ($41.50) with two pair, Aces and Sixes


PokerStars Hand #159156157776:  Hold'em Limit ($3/$6 USD) - 2016/09/27 7:59:55 ET
Table 'Albali' 6-max Seat #3 is the button
Seat 3: Sad Joker 00 ($66.09 in chips)
Seat 4: Agrotait ($94 in chips)
Sad Joker 00: posts small blind $1
Agrotait: posts big blind $3
*** HOLE CARDS ***
Sad Joker 00: raises $3 to $6
Agrotait: calls $3
*** FLOP *** [7d 2s 3d]
Agrotait: checks
Sad Joker 00: bets $3
Agrotait: folds
Uncalled bet ($3) returned to Sad Joker 00
.xXSLAYERXxx joins the table at seat #6
Sad Joker 00 collected $11.76 from pot
Sad Joker 00: doesn't show hand
*** SUMMARY ***
Total pot $12 | Rake $0.24
Board [7d 2s 3d]
Seat 3: Sad Joker 00 (button) (small blind) collected ($11.76)
Seat 4: Agrotait (big blind) folded on the Flop


