PokerStars Hand #161595905663:  Hold'em Limit ($3/$6 USD) - 2016/11/18 13:10:52 ET
Table 'Albali' 10-max Seat #1 is the button
Seat 1: assitoni ($72 in chips)
Seat 5: chanchorengo ($120 in chips)
assitoni: posts small blind $1
chanchorengo: posts big blind $3
*** HOLE CARDS ***
assitoni: raises $3 to $6
chanchorengo: calls $3
*** FLOP *** [2c Js 4h]
chanchorengo: checks
assitoni: bets $3
chanchorengo: calls $3
*** TURN *** [2c Js 4h] [7s]
chanchorengo: checks
assitoni: checks
*** RIVER *** [2c Js 4h 7s] [Jd]
chanchorengo: checks
assitoni: checks
*** SHOW DOWN ***
chanchorengo: shows [5d 6h] (a pair of Jacks)
assitoni: shows [6c Qd] (a pair of Jacks - Queen kicker)
assitoni collected $17.64 from pot
*** SUMMARY ***
Total pot $18 | Rake $0.36
Board [2c Js 4h 7s Jd]
Seat 1: assitoni (button) (small blind) showed [6c Qd] and won ($17.64) with a pair of Jacks
Seat 5: chanchorengo (big blind) showed [5d 6h] and lost with a pair of Jacks


PokerStars Hand #161595929955:  Hold'em Limit ($3/$6 USD) - 2016/11/18 13:11:21 ET
Table 'Albali' 10-max Seat #5 is the button
Seat 1: assitoni ($80.64 in chips)
Seat 5: chanchorengo ($111 in chips)
chanchorengo: posts small blind $1
assitoni: posts big blind $3
*** HOLE CARDS ***
chanchorengo: raises $3 to $6
assitoni: calls $3
*** FLOP *** [Ts 5s 8s]
assitoni: checks
chanchorengo: bets $3
assitoni: raises $3 to $6
chanchorengo: calls $3
*** TURN *** [Ts 5s 8s] [2c]
assitoni: bets $6
chanchorengo: calls $6
*** RIVER *** [Ts 5s 8s 2c] [4c]
assitoni: bets $6
chanchorengo: raises $6 to $12
assitoni: calls $6
*** SHOW DOWN ***
chanchorengo: shows [Ac Ah] (a pair of Aces)
assitoni: mucks hand
chanchorengo collected $59.50 from pot
*** SUMMARY ***
Total pot $60 | Rake $0.50
Board [Ts 5s 8s 2c 4c]
Seat 1: assitoni (big blind) mucked
Seat 5: chanchorengo (button) (small blind) showed [Ac Ah] and won ($59.50) with a pair of Aces


PokerStars Hand #161595983240:  Hold'em Limit ($3/$6 USD) - 2016/11/18 13:12:24 ET
Table 'Albali' 10-max Seat #1 is the button
Seat 1: assitoni ($72 in chips)
Seat 5: chanchorengo ($150.14 in chips)
assitoni: posts small blind $1
chanchorengo: posts big blind $3
*** HOLE CARDS ***
assitoni: raises $3 to $6
chanchorengo: calls $3
*** FLOP *** [Jh Ah Kc]
chanchorengo: checks
assitoni: bets $3
chanchorengo: raises $3 to $6
assitoni: folds
Uncalled bet ($3) returned to chanchorengo
chanchorengo collected $17.64 from pot
chanchorengo: doesn't show hand
*** SUMMARY ***
Total pot $18 | Rake $0.36
Board [Jh Ah Kc]
Seat 1: assitoni (button) (small blind) folded on the Flop
Seat 5: chanchorengo (big blind) collected ($17.64)


PokerStars Hand #161595964981:  Hold'em Limit ($3/$6 USD) - 2016/11/18 13:12:03 ET
Table 'Albali' 10-max Seat #5 is the button
Seat 1: assitoni ($72 in chips)
Seat 5: chanchorengo ($141.50 in chips)
chanchorengo: posts small blind $1
assitoni: posts big blind $3
*** HOLE CARDS ***
Chessnok joins the table at seat #6
chanchorengo: calls $2
assitoni: checks
*** FLOP *** [Ah 8d 3c]
assitoni: checks
chanchorengo: checks
*** TURN *** [Ah 8d 3c] [7c]
assitoni: bets $6
chanchorengo: raises $6 to $12
assitoni: folds
Uncalled bet ($6) returned to chanchorengo
chanchorengo collected $17.64 from pot
chanchorengo: doesn't show hand
*** SUMMARY ***
Total pot $18 | Rake $0.36
Board [Ah 8d 3c 7c]
Seat 1: assitoni (big blind) folded on the Turn
Seat 5: chanchorengo (button) (small blind) collected ($17.64)


PokerStars Hand #161595955801:  Hold'em Limit ($3/$6 USD) - 2016/11/18 13:11:52 ET
Table 'Albali' 10-max Seat #1 is the button
Seat 1: assitoni ($72 in chips)
Seat 5: chanchorengo ($140.50 in chips)
assitoni: posts small blind $1
chanchorengo: posts big blind $3
*** HOLE CARDS ***
assitoni: folds
Uncalled bet ($2) returned to chanchorengo
chanchorengo collected $2 from pot
chanchorengo: doesn't show hand
*** SUMMARY ***
Total pot $2 | Rake $0
Seat 1: assitoni (button) (small blind) folded before Flop
Seat 5: chanchorengo (big blind) collected ($2)


PokerStars Hand #161596026431:  Hold'em Limit ($3/$6 USD) - 2016/11/18 13:13:15 ET
Table 'Albali' 10-max Seat #6 is the button
Seat 5: chanchorengo ($157.78 in chips)
Seat 6: Chessnok ($96 in chips)
Chessnok: posts small blind $1
assitoni: is sitting out
chanchorengo: posts big blind $3
*** HOLE CARDS ***
Chessnok: raises $3 to $6
chanchorengo: calls $3
*** FLOP *** [Kc 3c 6s]
assitoni leaves the table
chanchorengo: checks
Chessnok: bets $3
chanchorengo: calls $3
*** TURN *** [Kc 3c 6s] [Kh]
chanchorengo: checks
Chessnok: bets $6
chanchorengo: raises $6 to $12
Chessnok: calls $6
*** RIVER *** [Kc 3c 6s Kh] [8s]
chanchorengo: bets $6
Chessnok: calls $6
*** SHOW DOWN ***
chanchorengo: shows [Jc Ks] (three of a kind, Kings)
Chessnok: mucks hand
chanchorengo collected $53.50 from pot
*** SUMMARY ***
Total pot $54 | Rake $0.50
Board [Kc 3c 6s Kh 8s]
Seat 5: chanchorengo (big blind) showed [Jc Ks] and won ($53.50) with three of a kind, Kings
Seat 6: Chessnok (button) (small blind) mucked


PokerStars Hand #161596047352:  Hold'em Limit ($3/$6 USD) - 2016/11/18 13:13:41 ET
Table 'Albali' 10-max Seat #5 is the button
Seat 5: chanchorengo ($184.28 in chips)
Seat 6: Chessnok ($69 in chips)
chanchorengo: posts small blind $1
Chessnok: posts big blind $3
*** HOLE CARDS ***
chanchorengo: folds
Uncalled bet ($2) returned to Chessnok
Chessnok collected $2 from pot
Chessnok: doesn't show hand
*** SUMMARY ***
Total pot $2 | Rake $0
Seat 5: chanchorengo (button) (small blind) folded before Flop
Seat 6: Chessnok (big blind) collected ($2)


PokerStars Hand #161596053063:  Hold'em Limit ($3/$6 USD) - 2016/11/18 13:13:47 ET
Table 'Albali' 10-max Seat #6 is the button
Seat 5: chanchorengo ($183.28 in chips)
Seat 6: Chessnok ($70 in chips)
Chessnok: posts small blind $1
chanchorengo: posts big blind $3
*** HOLE CARDS ***
Chessnok: raises $3 to $6
chanchorengo: calls $3
*** FLOP *** [6d 5d 5c]
chanchorengo: checks
Chessnok: bets $3
chanchorengo: calls $3
*** TURN *** [6d 5d 5c] [8c]
chanchorengo: checks
Chessnok: bets $6
chanchorengo: calls $6
*** RIVER *** [6d 5d 5c 8c] [Jc]
chanchorengo: checks
Chessnok: bets $6
chanchorengo: calls $6
*** SHOW DOWN ***
Chessnok: shows [8d 6c] (two pair, Eights and Sixes)
chanchorengo: mucks hand
Chessnok collected $41.50 from pot
*** SUMMARY ***
Total pot $42 | Rake $0.50
Board [6d 5d 5c 8c Jc]
Seat 5: chanchorengo (big blind) mucked
Seat 6: Chessnok (button) (small blind) showed [8d 6c] and won ($41.50) with two pair, Eights and Sixes


PokerStars Hand #161596086020:  Hold'em Limit ($3/$6 USD) - 2016/11/18 13:14:27 ET
Table 'Albali' 10-max Seat #5 is the button
Seat 5: chanchorengo ($162.28 in chips)
Seat 6: Chessnok ($90.50 in chips)
chanchorengo: posts small blind $1
Chessnok: posts big blind $3
*** HOLE CARDS ***
chanchorengo: raises $3 to $6
Chessnok: folds
Uncalled bet ($3) returned to chanchorengo
chanchorengo collected $6 from pot
chanchorengo: doesn't show hand
*** SUMMARY ***
Total pot $6 | Rake $0
Seat 5: chanchorengo (button) (small blind) collected ($6)
Seat 6: Chessnok (big blind) folded before Flop


PokerStars Hand #161596093544:  Hold'em Limit ($3/$6 USD) - 2016/11/18 13:14:36 ET
Table 'Albali' 10-max Seat #6 is the button
Seat 5: chanchorengo ($165.28 in chips)
Seat 6: Chessnok ($87.50 in chips)
Chessnok: posts small blind $1
chanchorengo: posts big blind $3
*** HOLE CARDS ***
Chessnok: raises $3 to $6
chanchorengo: calls $3
*** FLOP *** [Jc Ad Ks]
chanchorengo: checks
Chessnok: bets $3
chanchorengo: folds
Uncalled bet ($3) returned to Chessnok
Chessnok collected $11.76 from pot
Chessnok: doesn't show hand
*** SUMMARY ***
Total pot $12 | Rake $0.24
Board [Jc Ad Ks]
Seat 5: chanchorengo (big blind) folded on the Flop
Seat 6: Chessnok (button) (small blind) collected ($11.76)


PokerStars Hand #161596129184:  Hold'em Limit ($3/$6 USD) - 2016/11/18 13:15:18 ET
Table 'Albali' 10-max Seat #5 is the button
Seat 5: chanchorengo ($157.28 in chips)
Seat 6: Chessnok ($95.14 in chips)
chanchorengo: posts small blind $1
Chessnok: posts big blind $3
*** HOLE CARDS ***
chanchorengo: calls $2
Chessnok: raises $3 to $6
chanchorengo: calls $3
*** FLOP *** [Ah 2s 5d]
Chessnok: bets $3
chanchorengo: raises $3 to $6
Chessnok: folds
Uncalled bet ($3) returned to chanchorengo
chanchorengo collected $17.64 from pot
chanchorengo: doesn't show hand
*** SUMMARY ***
Total pot $18 | Rake $0.36
Board [Ah 2s 5d]
Seat 5: chanchorengo (button) (small blind) collected ($17.64)
Seat 6: Chessnok (big blind) folded on the Flop


PokerStars Hand #161596143910:  Hold'em Limit ($3/$6 USD) - 2016/11/18 13:15:36 ET
Table 'Albali' 10-max Seat #6 is the button
Seat 5: chanchorengo ($165.92 in chips)
Seat 6: Chessnok ($86.14 in chips)
Chessnok: posts small blind $1
chanchorengo: posts big blind $3
*** HOLE CARDS ***
Chessnok: raises $3 to $6
chanchorengo: calls $3
*** FLOP *** [Ad 5d 5h]
chanchorengo: checks
Chessnok: bets $3
chanchorengo: folds
Uncalled bet ($3) returned to Chessnok
Chessnok collected $11.76 from pot
Chessnok: doesn't show hand
*** SUMMARY ***
Total pot $12 | Rake $0.24
Board [Ad 5d 5h]
Seat 5: chanchorengo (big blind) folded on the Flop
Seat 6: Chessnok (button) (small blind) collected ($11.76)


PokerStars Hand #161596124898:  Hold'em Limit ($3/$6 USD) - 2016/11/18 13:15:13 ET
Table 'Albali' 10-max Seat #6 is the button
Seat 5: chanchorengo ($156.28 in chips)
Seat 6: Chessnok ($96.14 in chips)
Chessnok: posts small blind $1
chanchorengo: posts big blind $3
*** HOLE CARDS ***
Chessnok: folds
Uncalled bet ($2) returned to chanchorengo
chanchorengo collected $2 from pot
chanchorengo: doesn't show hand
*** SUMMARY ***
Total pot $2 | Rake $0
Seat 5: chanchorengo (big blind) collected ($2)
Seat 6: Chessnok (button) (small blind) folded before Flop


PokerStars Hand #161596105470:  Hold'em Limit ($3/$6 USD) - 2016/11/18 13:14:50 ET
Table 'Albali' 10-max Seat #5 is the button
Seat 5: chanchorengo ($159.28 in chips)
Seat 6: Chessnok ($93.26 in chips)
chanchorengo: posts small blind $1
Chessnok: posts big blind $3
*** HOLE CARDS ***
chanchorengo: calls $2
Chessnok: checks
*** FLOP *** [5d 2h 6h]
Chessnok: bets $3
chanchorengo: folds
Uncalled bet ($3) returned to Chessnok
Chessnok collected $5.88 from pot
Chessnok: doesn't show hand
*** SUMMARY ***
Total pot $6 | Rake $0.12
Board [5d 2h 6h]
Seat 5: chanchorengo (button) (small blind) folded on the Flop
Seat 6: Chessnok (big blind) collected ($5.88)


PokerStars Hand #161596155738:  Hold'em Limit ($3/$6 USD) - 2016/11/18 13:15:50 ET
Table 'Albali' 10-max Seat #5 is the button
Seat 5: chanchorengo ($159.92 in chips)
Seat 6: Chessnok ($91.90 in chips)
chanchorengo: posts small blind $1
Chessnok: posts big blind $3
*** HOLE CARDS ***
chanchorengo: folds
Uncalled bet ($2) returned to Chessnok
Chessnok collected $2 from pot
Chessnok: doesn't show hand
*** SUMMARY ***
Total pot $2 | Rake $0
Seat 5: chanchorengo (button) (small blind) folded before Flop
Seat 6: Chessnok (big blind) collected ($2)


PokerStars Hand #161596169414:  Hold'em Limit ($3/$6 USD) - 2016/11/18 13:16:06 ET
Table 'Albali' 10-max Seat #5 is the button
Seat 5: chanchorengo ($159.92 in chips)
Seat 6: Chessnok ($91.90 in chips)
chanchorengo: posts small blind $1
Chessnok: posts big blind $3
*** HOLE CARDS ***
chanchorengo: calls $2
Chessnok: raises $3 to $6
chanchorengo: calls $3
*** FLOP *** [Js 4d Ah]
Chessnok: bets $3
chanchorengo: folds
Uncalled bet ($3) returned to Chessnok
Chessnok collected $11.76 from pot
Chessnok: doesn't show hand
*** SUMMARY ***
Total pot $12 | Rake $0.24
Board [Js 4d Ah]
Seat 5: chanchorengo (button) (small blind) folded on the Flop
Seat 6: Chessnok (big blind) collected ($11.76)


PokerStars Hand #161596187551:  Hold'em Limit ($3/$6 USD) - 2016/11/18 13:16:27 ET
Table 'Albali' 10-max Seat #6 is the button
Seat 5: chanchorengo ($153.92 in chips)
Seat 6: Chessnok ($97.66 in chips)
Chessnok: posts small blind $1
chanchorengo: posts big blind $3
*** HOLE CARDS ***
Chessnok: raises $3 to $6
chanchorengo: calls $3
*** FLOP *** [6h Ah 4d]
chanchorengo: checks
Chessnok: bets $3
chanchorengo: raises $3 to $6
Chessnok: raises $3 to $9
chanchorengo: calls $3
*** TURN *** [6h Ah 4d] [6s]
chanchorengo: bets $6
Chessnok: calls $6
*** RIVER *** [6h Ah 4d 6s] [5h]
chanchorengo: bets $6
Chessnok: calls $6
*** SHOW DOWN ***
chanchorengo: shows [6d 9c] (three of a kind, Sixes)
Chessnok: mucks hand
chanchorengo collected $53.50 from pot
*** SUMMARY ***
Total pot $54 | Rake $0.50
Board [6h Ah 4d 6s 5h]
Seat 5: chanchorengo (big blind) showed [6d 9c] and won ($53.50) with three of a kind, Sixes
Seat 6: Chessnok (button) (small blind) mucked


PokerStars Hand #161596160225:  Hold'em Limit ($3/$6 USD) - 2016/11/18 13:15:55 ET
Table 'Albali' 10-max Seat #6 is the button
Seat 5: chanchorengo ($158.92 in chips)
Seat 6: Chessnok ($92.90 in chips)
Chessnok: posts small blind $1
chanchorengo: posts big blind $3
*** HOLE CARDS ***
Chessnok: folds
Uncalled bet ($2) returned to chanchorengo
chanchorengo collected $2 from pot
chanchorengo: doesn't show hand
*** SUMMARY ***
Total pot $2 | Rake $0
Seat 5: chanchorengo (big blind) collected ($2)
Seat 6: Chessnok (button) (small blind) folded before Flop


PokerStars Hand #161613136925:  Hold'em Limit ($3/$6 USD) - 2016/11/18 18:47:26 ET
Table 'Albali' 10-max Seat #6 is the button
Seat 6: vanhetpadje ($62.50 in chips)
Seat 7: ToDaFelt ($99 in chips)
vanhetpadje: posts small blind $1
ToDaFelt: posts big blind $3
*** HOLE CARDS ***
vanhetpadje: raises $3 to $6
ToDaFelt: calls $3
*** FLOP *** [Jc 4s 5d]
ToDaFelt: checks
vanhetpadje: bets $3
ToDaFelt: raises $3 to $6
vanhetpadje: calls $3
*** TURN *** [Jc 4s 5d] [Kh]
ToDaFelt: bets $6
vanhetpadje: calls $6
*** RIVER *** [Jc 4s 5d Kh] [9h]
ToDaFelt: bets $6
vanhetpadje: folds
Uncalled bet ($6) returned to ToDaFelt
ToDaFelt collected $35.50 from pot
ToDaFelt: doesn't show hand
*** SUMMARY ***
Total pot $36 | Rake $0.50
Board [Jc 4s 5d Kh 9h]
Seat 6: vanhetpadje (button) (small blind) folded on the River
Seat 7: ToDaFelt (big blind) collected ($35.50)


PokerStars Hand #161613158312:  Hold'em Limit ($3/$6 USD) - 2016/11/18 18:47:56 ET
Table 'Albali' 10-max Seat #7 is the button
Seat 6: vanhetpadje ($44.50 in chips)
Seat 7: ToDaFelt ($116.50 in chips)
ToDaFelt: posts small blind $1
vanhetpadje: posts big blind $3
*** HOLE CARDS ***
ToDaFelt: raises $3 to $6
vanhetpadje: calls $3
*** FLOP *** [2s Js 5s]
vanhetpadje: checks
ToDaFelt: checks
*** TURN *** [2s Js 5s] [3h]
vanhetpadje: bets $6
ToDaFelt: calls $6
*** RIVER *** [2s Js 5s 3h] [4h]
vanhetpadje: bets $6
ToDaFelt: calls $6
*** SHOW DOWN ***
vanhetpadje: shows [As 5c] (a straight, Ace to Five)
ToDaFelt: shows [7h Ah] (a straight, Ace to Five)
vanhetpadje collected $17.75 from pot
ToDaFelt collected $17.75 from pot
*** SUMMARY ***
Total pot $36 | Rake $0.50
Board [2s Js 5s 3h 4h]
Seat 6: vanhetpadje (big blind) showed [As 5c] and won ($17.75) with a straight, Ace to Five
Seat 7: ToDaFelt (button) (small blind) showed [7h Ah] and won ($17.75) with a straight, Ace to Five


PokerStars Hand #161613122985:  Hold'em Limit ($3/$6 USD) - 2016/11/18 18:47:06 ET
Table 'Albali' 10-max Seat #7 is the button
Seat 6: vanhetpadje ($42 in chips)
Seat 7: ToDaFelt ($120 in chips)
ToDaFelt: posts small blind $1
vanhetpadje: posts big blind $3
*** HOLE CARDS ***
ToDaFelt: raises $3 to $6
vanhetpadje: calls $3
*** FLOP *** [Jd 7s 8h]
vanhetpadje: bets $3
ToDaFelt: calls $3
*** TURN *** [Jd 7s 8h] [2s]
vanhetpadje: bets $6
ToDaFelt: calls $6
*** RIVER *** [Jd 7s 8h 2s] [As]
vanhetpadje: bets $6
ToDaFelt: calls $6
*** SHOW DOWN ***
vanhetpadje: shows [6s 7d] (a pair of Sevens)
ToDaFelt: mucks hand
vanhetpadje collected $41.50 from pot
*** SUMMARY ***
Total pot $42 | Rake $0.50
Board [Jd 7s 8h 2s As]
Seat 6: vanhetpadje (big blind) showed [6s 7d] and won ($41.50) with a pair of Sevens
Seat 7: ToDaFelt (button) (small blind) mucked


PokerStars Hand #161613188752:  Hold'em Limit ($3/$6 USD) - 2016/11/18 18:48:38 ET
Table 'Albali' 10-max Seat #7 is the button
Seat 6: vanhetpadje ($47.13 in chips)
Seat 7: ToDaFelt ($113.25 in chips)
ToDaFelt: posts small blind $1
vanhetpadje: posts big blind $3
*** HOLE CARDS ***
ToDaFelt: raises $3 to $6
vanhetpadje: raises $3 to $9
ToDaFelt: calls $3
*** FLOP *** [3h 9h 9d]
vanhetpadje: bets $3
ToDaFelt: raises $3 to $6
vanhetpadje: folds
Uncalled bet ($3) returned to ToDaFelt
ToDaFelt collected $23.52 from pot
ToDaFelt: doesn't show hand
*** SUMMARY ***
Total pot $24 | Rake $0.48
Board [3h 9h 9d]
Seat 6: vanhetpadje (big blind) folded on the Flop
Seat 7: ToDaFelt (button) (small blind) collected ($23.52)


PokerStars Hand #161613174296:  Hold'em Limit ($3/$6 USD) - 2016/11/18 18:48:18 ET
Table 'Albali' 10-max Seat #6 is the button
Seat 6: vanhetpadje ($44.25 in chips)
Seat 7: ToDaFelt ($116.25 in chips)
vanhetpadje: posts small blind $1
ToDaFelt: posts big blind $3
*** HOLE CARDS ***
vanhetpadje: calls $2
ToDaFelt: checks
*** FLOP *** [Qs 6s 8d]
ToDaFelt: checks
vanhetpadje: bets $3
ToDaFelt: folds
Uncalled bet ($3) returned to vanhetpadje
vanhetpadje collected $5.88 from pot
vanhetpadje: doesn't show hand
*** SUMMARY ***
Total pot $6 | Rake $0.12
Board [Qs 6s 8d]
Seat 6: vanhetpadje (button) (small blind) collected ($5.88)
Seat 7: ToDaFelt (big blind) folded on the Flop


PokerStars Hand #161613209615:  Hold'em Limit ($3/$6 USD) - 2016/11/18 18:49:08 ET
Table 'Albali' 10-max Seat #6 is the button
Seat 6: vanhetpadje ($35.13 in chips)
Seat 7: ToDaFelt ($124.77 in chips)
vanhetpadje: posts small blind $1
ToDaFelt: posts big blind $3
*** HOLE CARDS ***
vanhetpadje: calls $2
ToDaFelt: raises $3 to $6
vanhetpadje: calls $3
*** FLOP *** [As 2h 9s]
ToDaFelt: bets $3
vanhetpadje: calls $3
*** TURN *** [As 2h 9s] [Qs]
ToDaFelt: bets $6
vanhetpadje: calls $6
*** RIVER *** [As 2h 9s Qs] [4s]
kladde567 joins the table at seat #10
ToDaFelt: checks
vanhetpadje: bets $6
ToDaFelt: calls $6
*** SHOW DOWN ***
vanhetpadje: shows [Ks 6c] (a flush, Ace high)
ToDaFelt: mucks hand
vanhetpadje collected $41.50 from pot
*** SUMMARY ***
Total pot $42 | Rake $0.50
Board [As 2h 9s Qs 4s]
Seat 6: vanhetpadje (button) (small blind) showed [Ks 6c] and won ($41.50) with a flush, Ace high
Seat 7: ToDaFelt (big blind) mucked


PokerStars Hand #161613483028:  Hold'em Limit ($3/$6 USD) - 2016/11/18 18:55:42 ET
Table 'Albali' 10-max Seat #10 is the button
Seat 7: ToDaFelt ($182.38 in chips)
Seat 10: kladde567 ($78.04 in chips)
kladde567: posts small blind $1
ToDaFelt: posts big blind $3
*** HOLE CARDS ***
kladde567: calls $2
ToDaFelt: raises $3 to $6
kladde567: calls $3
*** FLOP *** [8s Td 3s]
ToDaFelt: bets $3
kladde567: calls $3
*** TURN *** [8s Td 3s] [Qh]
ToDaFelt: bets $6
kladde567: calls $6
*** RIVER *** [8s Td 3s Qh] [Th]
ToDaFelt: bets $6
kladde567: folds
Uncalled bet ($6) returned to ToDaFelt
ToDaFelt collected $29.50 from pot
ToDaFelt: doesn't show hand
*** SUMMARY ***
Total pot $30 | Rake $0.50
Board [8s Td 3s Qh Th]
Seat 7: ToDaFelt (big blind) collected ($29.50)
Seat 10: kladde567 (button) (small blind) folded on the River


PokerStars Hand #161613461220:  Hold'em Limit ($3/$6 USD) - 2016/11/18 18:55:05 ET
Table 'Albali' 10-max Seat #10 is the button
Seat 7: ToDaFelt ($203.62 in chips)
Seat 10: kladde567 ($57.54 in chips)
kladde567: posts small blind $1
Chessnok: is sitting out
ToDaFelt: posts big blind $3
*** HOLE CARDS ***
kladde567: raises $3 to $6
ToDaFelt: calls $3
*** FLOP *** [9c 3c Jh]
ToDaFelt: checks
kladde567: bets $3
ToDaFelt: calls $3
*** TURN *** [9c 3c Jh] [Qd]
ToDaFelt: checks
kladde567: bets $6
ToDaFelt: raises $6 to $12
kladde567: calls $6
*** RIVER *** [9c 3c Jh Qd] [Jd]
ToDaFelt: bets $6
kladde567: calls $6
*** SHOW DOWN ***
ToDaFelt: shows [4c Kc] (a pair of Jacks)
kladde567: shows [7c 7h] (two pair, Jacks and Sevens)
kladde567 collected $53.50 from pot
*** SUMMARY ***
Total pot $54 | Rake $0.50
Board [9c 3c Jh Qd Jd]
Seat 7: ToDaFelt (big blind) showed [4c Kc] and lost with a pair of Jacks
Seat 10: kladde567 (button) (small blind) showed [7c 7h] and won ($53.50) with two pair, Jacks and Sevens


PokerStars Hand #161613537274:  Hold'em Limit ($3/$6 USD) - 2016/11/18 18:57:13 ET
Table 'Albali' 10-max Seat #7 is the button
Seat 7: ToDaFelt ($202.38 in chips)
Seat 10: kladde567 ($56.54 in chips)
ToDaFelt: posts small blind $1
kladde567: posts big blind $3
*** HOLE CARDS ***
ToDaFelt: folds
Uncalled bet ($2) returned to kladde567
kladde567 collected $2 from pot
*** SUMMARY ***
Total pot $2 | Rake $0
Seat 7: ToDaFelt (button) (small blind) folded before Flop
Seat 10: kladde567 (big blind) collected ($2)


PokerStars Hand #161613516178:  Hold'em Limit ($3/$6 USD) - 2016/11/18 18:56:38 ET
Table 'Albali' 10-max Seat #10 is the button
Seat 7: ToDaFelt ($217.38 in chips)
Seat 10: kladde567 ($42.04 in chips)
kladde567: posts small blind $1
ToDaFelt: posts big blind $3
*** HOLE CARDS ***
kladde567: calls $2
ToDaFelt: raises $3 to $6
kladde567: calls $3
*** FLOP *** [4h 2d Jc]
noda_ace joins the table at seat #2
ToDaFelt: bets $3
kladde567: calls $3
*** TURN *** [4h 2d Jc] [9s]
2GEDDY1 joins the table at seat #8
ToDaFelt: bets $6
kladde567: raises $6 to $12
2GEDDY1 leaves the table
ToDaFelt: folds
Uncalled bet ($6) returned to kladde567
kladde567 collected $29.50 from pot
kladde567: doesn't show hand
*** SUMMARY ***
Total pot $30 | Rake $0.50
Board [4h 2d Jc 9s]
Seat 7: ToDaFelt (big blind) folded on the Turn
Seat 10: kladde567 (button) (small blind) collected ($29.50)


PokerStars Hand #161613501231:  Hold'em Limit ($3/$6 USD) - 2016/11/18 18:56:12 ET
Table 'Albali' 10-max Seat #7 is the button
Seat 7: ToDaFelt ($196.88 in chips)
Seat 10: kladde567 ($63.04 in chips)
ToDaFelt: posts small blind $1
kladde567: posts big blind $3
*** HOLE CARDS ***
ToDaFelt: raises $3 to $6
kladde567: calls $3
*** FLOP *** [4s 4c 2s]
kladde567: checks
ToDaFelt: bets $3
kladde567: calls $3
*** TURN *** [4s 4c 2s] [8s]
kladde567: checks
ToDaFelt: bets $6
kladde567: calls $6
*** RIVER *** [4s 4c 2s 8s] [Tc]
kladde567: checks
ToDaFelt: bets $6
kladde567: calls $6
*** SHOW DOWN ***
ToDaFelt: shows [Jc Th] (two pair, Tens and Fours)
kladde567: mucks hand
ToDaFelt collected $41.50 from pot
*** SUMMARY ***
Total pot $42 | Rake $0.50
Board [4s 4c 2s 8s Tc]
Seat 7: ToDaFelt (button) (small blind) showed [Jc Th] and won ($41.50) with two pair, Tens and Fours
Seat 10: kladde567 (big blind) mucked


