PokerStars Hand #150618128874:  Hold'em Limit ($3/$6 USD) - 2016/03/19 18:40:43 ET
Table 'Albertine II' 6-max Seat #4 is the button
Seat 4: FHstyles ($60 in chips)
Seat 5: BasilAnochin ($30 in chips)
FHstyles: posts small blind $1
BasilAnochin: posts big blind $3
*** HOLE CARDS ***
FHstyles: raises $3 to $6
BasilAnochin: calls $3
*** FLOP *** [5h Ac 9s]
BasilAnochin: checks
FHstyles: bets $3
BasilAnochin: calls $3
*** TURN *** [5h Ac 9s] [3h]
BasilAnochin: checks
TinaTurner72 joins the table at seat #6
FHstyles: bets $6
BasilAnochin: calls $6
*** RIVER *** [5h Ac 9s 3h] [2s]
BasilAnochin: checks
FHstyles: checks
*** SHOW DOWN ***
BasilAnochin: shows [7s 7c] (a pair of Sevens)
FHstyles: shows [8s 8h] (a pair of Eights)
FHstyles collected $29.50 from pot
*** SUMMARY ***
Total pot $30 | Rake $0.50
Board [5h Ac 9s 3h 2s]
Seat 4: FHstyles (button) (small blind) showed [8s 8h] and won ($29.50) with a pair of Eights
Seat 5: BasilAnochin (big blind) showed [7s 7c] and lost with a pair of Sevens


PokerStars Hand #150618239686:  Hold'em Limit ($3/$6 USD) - 2016/03/19 18:42:51 ET
Table 'Albertine II' 6-max Seat #5 is the button
Seat 5: BasilAnochin ($35.76 in chips)
Seat 6: TinaTurner72 ($93 in chips)
BasilAnochin: posts small blind $1
TinaTurner72: posts big blind $3
*** HOLE CARDS ***
BasilAnochin: calls $2
TinaTurner72: raises $3 to $6
BasilAnochin: calls $3
*** FLOP *** [5d 6s Jc]
TinaTurner72: bets $3
BasilAnochin: calls $3
*** TURN *** [5d 6s Jc] [2s]
TinaTurner72: bets $6
BasilAnochin: folds
Uncalled bet ($6) returned to TinaTurner72
TinaTurner72 collected $17.64 from pot
TinaTurner72: doesn't show hand
*** SUMMARY ***
Total pot $18 | Rake $0.36
Board [5d 6s Jc 2s]
Seat 5: BasilAnochin (button) (small blind) folded on the Turn
Seat 6: TinaTurner72 (big blind) collected ($17.64)


PokerStars Hand #150618214540:  Hold'em Limit ($3/$6 USD) - 2016/03/19 18:42:21 ET
Table 'Albertine II' 6-max Seat #6 is the button
Seat 5: BasilAnochin ($30 in chips)
Seat 6: TinaTurner72 ($99 in chips)
TinaTurner72: posts small blind $1
BasilAnochin: posts big blind $3
*** HOLE CARDS ***
TinaTurner72: raises $3 to $6
BasilAnochin: calls $3
*** FLOP *** [Ks Tc 5d]
BasilAnochin: bets $3
TinaTurner72: folds
Uncalled bet ($3) returned to BasilAnochin
BasilAnochin collected $11.76 from pot
*** SUMMARY ***
Total pot $12 | Rake $0.24
Board [Ks Tc 5d]
Seat 5: BasilAnochin (big blind) collected ($11.76)
Seat 6: TinaTurner72 (button) (small blind) folded on the Flop


PokerStars Hand #150618291577:  Hold'em Limit ($3/$6 USD) - 2016/03/19 18:43:51 ET
Table 'Albertine II' 6-max Seat #6 is the button
Seat 5: BasilAnochin ($4.76 in chips)
Seat 6: TinaTurner72 ($123.14 in chips)
TinaTurner72: posts small blind $1
BasilAnochin: posts big blind $3
*** HOLE CARDS ***
TinaTurner72: raises $3 to $6
BasilAnochin: calls $1.76 and is all-in
Uncalled bet ($1.24) returned to TinaTurner72
*** FLOP *** [6h 9c 4s]
*** TURN *** [6h 9c 4s] [6s]
*** RIVER *** [6h 9c 4s 6s] [Ad]
*** SHOW DOWN ***
BasilAnochin: shows [Tc Ks] (a pair of Sixes)
TinaTurner72: shows [9d As] (two pair, Aces and Nines)
TinaTurner72 collected $9.33 from pot
*** SUMMARY ***
Total pot $9.52 | Rake $0.19
Board [6h 9c 4s 6s Ad]
Seat 5: BasilAnochin (big blind) showed [Tc Ks] and lost with a pair of Sixes
Seat 6: TinaTurner72 (button) (small blind) showed [9d As] and won ($9.33) with two pair, Aces and Nines


PokerStars Hand #150618287349:  Hold'em Limit ($3/$6 USD) - 2016/03/19 18:43:46 ET
Table 'Albertine II' 6-max Seat #5 is the button
Seat 5: BasilAnochin ($5.76 in chips)
Seat 6: TinaTurner72 ($122.14 in chips)
BasilAnochin: posts small blind $1
TinaTurner72: posts big blind $3
*** HOLE CARDS ***
BasilAnochin: folds
Uncalled bet ($2) returned to TinaTurner72
TinaTurner72 collected $2 from pot
TinaTurner72: doesn't show hand
*** SUMMARY ***
Total pot $2 | Rake $0
Seat 5: BasilAnochin (button) (small blind) folded before Flop
Seat 6: TinaTurner72 (big blind) collected ($2)


PokerStars Hand #150618261925:  Hold'em Limit ($3/$6 USD) - 2016/03/19 18:43:17 ET
Table 'Albertine II' 6-max Seat #6 is the button
Seat 5: BasilAnochin ($26.76 in chips)
Seat 6: TinaTurner72 ($101.64 in chips)
TinaTurner72: posts small blind $1
BasilAnochin: posts big blind $3
*** HOLE CARDS ***
TinaTurner72: raises $3 to $6
BasilAnochin: calls $3
*** FLOP *** [8s 7s 9c]
BasilAnochin: checks
TinaTurner72: bets $3
BasilAnochin: calls $3
*** TURN *** [8s 7s 9c] [4d]
BasilAnochin: checks
TinaTurner72: bets $6
BasilAnochin: calls $6
*** RIVER *** [8s 7s 9c 4d] [5c]
BasilAnochin: bets $6
TinaTurner72: calls $6
*** SHOW DOWN ***
BasilAnochin: shows [Js 3s] (high card Jack)
TinaTurner72: shows [Tc 9d] (a pair of Nines)
TinaTurner72 collected $41.50 from pot
*** SUMMARY ***
Total pot $42 | Rake $0.50
Board [8s 7s 9c 4d 5c]
Seat 5: BasilAnochin (big blind) showed [Js 3s] and lost with high card Jack
Seat 6: TinaTurner72 (button) (small blind) showed [Tc 9d] and won ($41.50) with a pair of Nines


