PokerStars Hand #146385460271:  Hold'em Limit ($3/$6 USD) - 2016/01/03 8:35:37 ET
Table 'Albiorix II' 2-max Seat #2 is the button
Seat 1: ivooo33 ($126.43 in chips)
Seat 2: dragon1893 ($150 in chips)
dragon1893: posts small blind $1
ivooo33: posts big blind $3
*** HOLE CARDS ***
dragon1893: raises $3 to $6
ivooo33: folds
Uncalled bet ($3) returned to dragon1893
dragon1893 collected $6 from pot
dragon1893: doesn't show hand
*** SUMMARY ***
Total pot $6 | Rake $0
Seat 1: ivooo33 (big blind) folded before Flop
Seat 2: dragon1893 (button) (small blind) collected ($6)


PokerStars Hand #146385449755:  Hold'em Limit ($3/$6 USD) - 2016/01/03 8:35:24 ET
Table 'Albiorix II' 2-max Seat #1 is the button
Seat 1: ivooo33 ($105.93 in chips)
Seat 2: dragon1893 ($160.14 in chips)
ivooo33: posts small blind $1
dragon1893: posts big blind $3
*** HOLE CARDS ***
ivooo33: raises $3 to $6
dragon1893: raises $3 to $9
ivooo33: calls $3
*** FLOP *** [3c 5c 9h]
dragon1893: bets $3
ivooo33: raises $3 to $6
dragon1893: calls $3
*** TURN *** [3c 5c 9h] [9c]
dragon1893: checks
ivooo33: checks
*** RIVER *** [3c 5c 9h 9c] [6d]
dragon1893: checks
ivooo33: bets $6
dragon1893: calls $6
*** SHOW DOWN ***
ivooo33: shows [2c Qc] (a flush, Queen high)
dragon1893: mucks hand
ivooo33 collected $41.50 from pot
*** SUMMARY ***
Total pot $42 | Rake $0.50
Board [3c 5c 9h 9c 6d]
Seat 1: ivooo33 (button) (small blind) showed [2c Qc] and won ($41.50) with a flush, Queen high
Seat 2: dragon1893 (big blind) mucked


PokerStars Hand #146385443982:  Hold'em Limit ($3/$6 USD) - 2016/01/03 8:35:17 ET
Table 'Albiorix II' 2-max Seat #2 is the button
Seat 1: ivooo33 ($104.93 in chips)
Seat 2: dragon1893 ($161.14 in chips)
dragon1893: posts small blind $1
ivooo33: posts big blind $3
*** HOLE CARDS ***
dragon1893: folds
Uncalled bet ($2) returned to ivooo33
ivooo33 collected $2 from pot
*** SUMMARY ***
Total pot $2 | Rake $0
Seat 1: ivooo33 (big blind) collected ($2)
Seat 2: dragon1893 (button) (small blind) folded before Flop


PokerStars Hand #146385432669:  Hold'em Limit ($3/$6 USD) - 2016/01/03 8:35:03 ET
Table 'Albiorix II' 2-max Seat #1 is the button
Seat 1: ivooo33 ($107.93 in chips)
Seat 2: dragon1893 ($158.26 in chips)
ivooo33: posts small blind $1
dragon1893: posts big blind $3
*** HOLE CARDS ***
ivooo33: calls $2
dragon1893: checks
*** FLOP *** [9c 4d 4s]
dragon1893: checks
ivooo33: checks
*** TURN *** [9c 4d 4s] [3h]
dragon1893: checks
ivooo33: checks
*** RIVER *** [9c 4d 4s 3h] [2c]
dragon1893: checks
ivooo33: checks
*** SHOW DOWN ***
dragon1893: shows [Kd 7c] (a pair of Fours)
ivooo33: mucks hand
dragon1893 collected $5.88 from pot
*** SUMMARY ***
Total pot $6 | Rake $0.12
Board [9c 4d 4s 3h 2c]
Seat 1: ivooo33 (button) (small blind) mucked
Seat 2: dragon1893 (big blind) showed [Kd 7c] and won ($5.88) with a pair of Fours


PokerStars Hand #146385428969:  Hold'em Limit ($3/$6 USD) - 2016/01/03 8:34:58 ET
Table 'Albiorix II' 2-max Seat #2 is the button
Seat 1: ivooo33 ($106.93 in chips)
Seat 2: dragon1893 ($159.26 in chips)
dragon1893: posts small blind $1
ivooo33: posts big blind $3
*** HOLE CARDS ***
dragon1893: folds
Uncalled bet ($2) returned to ivooo33
ivooo33 collected $2 from pot
ivooo33: doesn't show hand
*** SUMMARY ***
Total pot $2 | Rake $0
Seat 1: ivooo33 (big blind) collected ($2)
Seat 2: dragon1893 (button) (small blind) folded before Flop


PokerStars Hand #146385496651:  Hold'em Limit ($3/$6 USD) - 2016/01/03 8:36:22 ET
Table 'Albiorix II' 2-max Seat #1 is the button
Seat 1: ivooo33 ($96.43 in chips)
Seat 2: dragon1893 ($179.14 in chips)
ivooo33: posts small blind $1
dragon1893: posts big blind $3
*** HOLE CARDS ***
ivooo33: raises $3 to $6
dragon1893: raises $3 to $9
ivooo33: calls $3
*** FLOP *** [4h 9s 4c]
dragon1893: bets $3
ivooo33: calls $3
*** TURN *** [4h 9s 4c] [Kc]
dragon1893: bets $6
ivooo33: calls $6
*** RIVER *** [4h 9s 4c Kc] [4d]
dragon1893: checks
ivooo33: bets $6
dragon1893: calls $6
*** SHOW DOWN ***
ivooo33: shows [9h 7c] (a full house, Fours full of Nines)
dragon1893: mucks hand
ivooo33 collected $47.50 from pot
*** SUMMARY ***
Total pot $48 | Rake $0.50
Board [4h 9s 4c Kc 4d]
Seat 1: ivooo33 (button) (small blind) showed [9h 7c] and won ($47.50) with a full house, Fours full of Nines
Seat 2: dragon1893 (big blind) mucked


PokerStars Hand #146385480309:  Hold'em Limit ($3/$6 USD) - 2016/01/03 8:36:01 ET
Table 'Albiorix II' 2-max Seat #2 is the button
Seat 1: ivooo33 ($114.43 in chips)
Seat 2: dragon1893 ($161.64 in chips)
dragon1893: posts small blind $1
ivooo33: posts big blind $3
*** HOLE CARDS ***
dragon1893: raises $3 to $6
ivooo33: raises $3 to $9
dragon1893: calls $3
*** FLOP *** [2c 5d Qs]
ivooo33: bets $3
dragon1893: calls $3
*** TURN *** [2c 5d Qs] [Kc]
ivooo33: checks
dragon1893: checks
*** RIVER *** [2c 5d Qs Kc] [4c]
ivooo33: checks
dragon1893: bets $6
ivooo33: calls $6
*** SHOW DOWN ***
dragon1893: shows [2s Ad] (a pair of Deuces)
ivooo33: mucks hand
dragon1893 collected $35.50 from pot
*** SUMMARY ***
Total pot $36 | Rake $0.50
Board [2c 5d Qs Kc 4c]
Seat 1: ivooo33 (big blind) mucked
Seat 2: dragon1893 (button) (small blind) showed [2s Ad] and won ($35.50) with a pair of Deuces


PokerStars Hand #146385464441:  Hold'em Limit ($3/$6 USD) - 2016/01/03 8:35:42 ET
Table 'Albiorix II' 2-max Seat #1 is the button
Seat 1: ivooo33 ($123.43 in chips)
Seat 2: dragon1893 ($153 in chips)
ivooo33: posts small blind $1
dragon1893: posts big blind $3
*** HOLE CARDS ***
ivooo33: calls $2
dragon1893: checks
*** FLOP *** [5d 2h 7h]
dragon1893: checks
ivooo33: checks
*** TURN *** [5d 2h 7h] [Td]
dragon1893: checks
ivooo33: checks
*** RIVER *** [5d 2h 7h Td] [5h]
dragon1893: bets $6
ivooo33: calls $6
*** SHOW DOWN ***
dragon1893: shows [8s 2c] (two pair, Fives and Deuces)
ivooo33: mucks hand
dragon1893 collected $17.64 from pot
*** SUMMARY ***
Total pot $18 | Rake $0.36
Board [5d 2h 7h Td 5h]
Seat 1: ivooo33 (button) (small blind) mucked
Seat 2: dragon1893 (big blind) showed [8s 2c] and won ($17.64) with two pair, Fives and Deuces


PokerStars Hand #146385558040:  Hold'em Limit ($3/$6 USD) - 2016/01/03 8:37:37 ET
Table 'Albiorix II' 2-max Seat #1 is the button
Seat 1: ivooo33 ($139.93 in chips)
Seat 2: dragon1893 ($173.50 in chips)
ivooo33: posts small blind $1
dragon1893: posts big blind $3
*** HOLE CARDS ***
ivooo33: calls $2
dragon1893: checks
*** FLOP *** [Kc 8s Qh]
dragon1893: checks
ivooo33: checks
*** TURN *** [Kc 8s Qh] [6s]
dragon1893: checks
ivooo33: checks
*** RIVER *** [Kc 8s Qh 6s] [4c]
dragon1893: checks
ivooo33: bets $6
dragon1893: folds
Uncalled bet ($6) returned to ivooo33
ivooo33 collected $5.88 from pot
*** SUMMARY ***
Total pot $6 | Rake $0.12
Board [Kc 8s Qh 6s 4c]
Seat 1: ivooo33 (button) (small blind) collected ($5.88)
Seat 2: dragon1893 (big blind) folded on the River


PokerStars Hand #146385546537:  Hold'em Limit ($3/$6 USD) - 2016/01/03 8:37:23 ET
Table 'Albiorix II' 2-max Seat #2 is the button
Seat 1: ivooo33 ($163.93 in chips)
Seat 2: dragon1893 ($150 in chips)
dragon1893: posts small blind $1
ivooo33: posts big blind $3
*** HOLE CARDS ***
dragon1893: raises $3 to $6
ivooo33: raises $3 to $9
dragon1893: calls $3
*** FLOP *** [4c 6d Kc]
ivooo33: bets $3
dragon1893: calls $3
*** TURN *** [4c 6d Kc] [5h]
ivooo33: bets $6
dragon1893: calls $6
*** RIVER *** [4c 6d Kc 5h] [Jd]
ivooo33: bets $6
dragon1893: calls $6
*** SHOW DOWN ***
ivooo33: shows [8d 8s] (a pair of Eights)
dragon1893: shows [Tc Td] (a pair of Tens)
dragon1893 collected $47.50 from pot
*** SUMMARY ***
Total pot $48 | Rake $0.50
Board [4c 6d Kc 5h Jd]
Seat 1: ivooo33 (big blind) showed [8d 8s] and lost with a pair of Eights
Seat 2: dragon1893 (button) (small blind) showed [Tc Td] and won ($47.50) with a pair of Tens


PokerStars Hand #146385531962:  Hold'em Limit ($3/$6 USD) - 2016/01/03 8:37:05 ET
Table 'Albiorix II' 2-max Seat #1 is the button
Seat 1: ivooo33 ($134.43 in chips)
Seat 2: dragon1893 ($150 in chips)
ivooo33: posts small blind $1
dragon1893: posts big blind $3
*** HOLE CARDS ***
ivooo33: raises $3 to $6
dragon1893: calls $3
*** FLOP *** [7s 6s 7h]
dragon1893: checks
ivooo33: bets $3
dragon1893: raises $3 to $6
ivooo33: calls $3
*** TURN *** [7s 6s 7h] [3h]
dragon1893: bets $6
ivooo33: raises $6 to $12
dragon1893: calls $6
*** RIVER *** [7s 6s 7h 3h] [Ks]
dragon1893: checks
ivooo33: bets $6
dragon1893: calls $6
*** SHOW DOWN ***
ivooo33: shows [7c Qc] (three of a kind, Sevens)
dragon1893: mucks hand
ivooo33 collected $59.50 from pot
*** SUMMARY ***
Total pot $60 | Rake $0.50
Board [7s 6s 7h 3h Ks]
Seat 1: ivooo33 (button) (small blind) showed [7c Qc] and won ($59.50) with three of a kind, Sevens
Seat 2: dragon1893 (big blind) mucked


PokerStars Hand #146385512793:  Hold'em Limit ($3/$6 USD) - 2016/01/03 8:36:41 ET
Table 'Albiorix II' 2-max Seat #2 is the button
Seat 1: ivooo33 ($119.93 in chips)
Seat 2: dragon1893 ($155.14 in chips)
dragon1893: posts small blind $1
ivooo33: posts big blind $3
*** HOLE CARDS ***
dragon1893: raises $3 to $6
ivooo33: calls $3
*** FLOP *** [7d 3h 2h]
ivooo33: bets $3
dragon1893: calls $3
*** TURN *** [7d 3h 2h] [4h]
ivooo33: bets $6
dragon1893: calls $6
*** RIVER *** [7d 3h 2h 4h] [Js]
ivooo33: checks
dragon1893: checks
*** SHOW DOWN ***
ivooo33: shows [6s Qd] (high card Queen)
dragon1893: mucks hand
ivooo33 collected $29.50 from pot
*** SUMMARY ***
Total pot $30 | Rake $0.50
Board [7d 3h 2h 4h Js]
Seat 1: ivooo33 (big blind) showed [6s Qd] and won ($29.50) with high card Queen
Seat 2: dragon1893 (button) (small blind) mucked


PokerStars Hand #146385579037:  Hold'em Limit ($3/$6 USD) - 2016/01/03 8:38:03 ET
Table 'Albiorix II' 2-max Seat #1 is the button
Seat 1: ivooo33 ($130.81 in chips)
Seat 2: dragon1893 ($182.02 in chips)
ivooo33: posts small blind $1
dragon1893: posts big blind $3
*** HOLE CARDS ***
ivooo33: raises $3 to $6
dragon1893: calls $3
*** FLOP *** [Th 2c Kd]
dragon1893: checks
ivooo33: bets $3
dragon1893: raises $3 to $6
ivooo33: calls $3
*** TURN *** [Th 2c Kd] [Ah]
dragon1893: bets $6
ivooo33: folds
Uncalled bet ($6) returned to dragon1893
ivooo33 leaves the table
dragon1893 collected $23.52 from pot
dragon1893: doesn't show hand
*** SUMMARY ***
Total pot $24 | Rake $0.48
Board [Th 2c Kd Ah]
Seat 1: ivooo33 (button) (small blind) folded on the Turn
Seat 2: dragon1893 (big blind) collected ($23.52)


PokerStars Hand #146385567646:  Hold'em Limit ($3/$6 USD) - 2016/01/03 8:37:49 ET
Table 'Albiorix II' 2-max Seat #2 is the button
Seat 1: ivooo33 ($142.81 in chips)
Seat 2: dragon1893 ($170.50 in chips)
dragon1893: posts small blind $1
ivooo33: posts big blind $3
*** HOLE CARDS ***
dragon1893: raises $3 to $6
ivooo33: calls $3
*** FLOP *** [9s 7d Td]
ivooo33: checks
dragon1893: checks
*** TURN *** [9s 7d Td] [3s]
ivooo33: bets $6
dragon1893: calls $6
*** RIVER *** [9s 7d Td 3s] [Qc]
ivooo33: checks
dragon1893: checks
*** SHOW DOWN ***
ivooo33: shows [5s 8s] (high card Queen)
dragon1893: shows [4s Ad] (high card Ace)
dragon1893 collected $23.52 from pot
*** SUMMARY ***
Total pot $24 | Rake $0.48
Board [9s 7d Td 3s Qc]
Seat 1: ivooo33 (big blind) showed [5s 8s] and lost with high card Queen
Seat 2: dragon1893 (button) (small blind) showed [4s Ad] and won ($23.52) with high card Ace


