PokerStars Hand #145219577689:  Hold'em Limit ($3/$6 USD) - 2015/12/12 7:26:48 ET
Table 'Albireo III' 2-max Seat #2 is the button
Seat 1: Truder1304 ($72 in chips)
Seat 2: MTails ($120 in chips)
MTails: posts small blind $1
Truder1304: posts big blind $3
*** HOLE CARDS ***
MTails: raises $3 to $6
Truder1304: calls $3
*** FLOP *** [Jd 2s 6d]
Truder1304: checks
MTails: bets $3
Truder1304: raises $3 to $6
MTails: folds
Uncalled bet ($3) returned to Truder1304
Truder1304 collected $17.64 from pot
Truder1304: doesn't show hand
*** SUMMARY ***
Total pot $18 | Rake $0.36
Board [Jd 2s 6d]
Seat 1: Truder1304 (big blind) collected ($17.64)
Seat 2: MTails (button) (small blind) folded on the Flop


PokerStars Hand #145219621994:  Hold'em Limit ($3/$6 USD) - 2015/12/12 7:28:05 ET
Table 'Albireo III' 2-max Seat #2 is the button
Seat 1: Truder1304 ($112.64 in chips)
Seat 2: MTails ($77.50 in chips)
MTails: posts small blind $1
Truder1304: posts big blind $3
*** HOLE CARDS ***
MTails: raises $3 to $6
Truder1304: folds
Uncalled bet ($3) returned to MTails
MTails collected $6 from pot
*** SUMMARY ***
Total pot $6 | Rake $0
Seat 1: Truder1304 (big blind) folded before Flop
Seat 2: MTails (button) (small blind) collected ($6)


PokerStars Hand #145219612445:  Hold'em Limit ($3/$6 USD) - 2015/12/12 7:27:48 ET
Table 'Albireo III' 2-max Seat #1 is the button
Seat 1: Truder1304 ($92.14 in chips)
Seat 2: MTails ($98.50 in chips)
Truder1304: posts small blind $1
MTails: posts big blind $3
*** HOLE CARDS ***
Truder1304: raises $3 to $6
MTails: calls $3
*** FLOP *** [3d Kd Ah]
MTails: checks
Truder1304: bets $3
MTails: calls $3
*** TURN *** [3d Kd Ah] [3h]
MTails: checks
Truder1304: checks
*** RIVER *** [3d Kd Ah 3h] [Jh]
MTails: bets $6
Truder1304: raises $6 to $12
MTails: calls $6
*** SHOW DOWN ***
Truder1304: shows [Th Kh] (a flush, Ace high)
MTails: mucks hand
Truder1304 collected $41.50 from pot
*** SUMMARY ***
Total pot $42 | Rake $0.50
Board [3d Kd Ah 3h Jh]
Seat 1: Truder1304 (button) (small blind) showed [Th Kh] and won ($41.50) with a flush, Ace high
Seat 2: MTails (big blind) mucked


PokerStars Hand #145219598972:  Hold'em Limit ($3/$6 USD) - 2015/12/12 7:27:25 ET
Table 'Albireo III' 2-max Seat #2 is the button
Seat 1: Truder1304 ($107.14 in chips)
Seat 2: MTails ($84 in chips)
MTails: posts small blind $1
Truder1304: posts big blind $3
*** HOLE CARDS ***
MTails: raises $3 to $6
Truder1304: calls $3
*** FLOP *** [8c 3h As]
Truder1304: bets $3
MTails: calls $3
*** TURN *** [8c 3h As] [Qs]
Truder1304: checks
MTails: checks
*** RIVER *** [8c 3h As Qs] [7s]
Truder1304: checks
MTails: bets $6
Truder1304: calls $6
*** SHOW DOWN ***
MTails: shows [7d Qh] (two pair, Queens and Sevens)
Truder1304: mucks hand
MTails collected $29.50 from pot
*** SUMMARY ***
Total pot $30 | Rake $0.50
Board [8c 3h As Qs 7s]
Seat 1: Truder1304 (big blind) mucked
Seat 2: MTails (button) (small blind) showed [7d Qh] and won ($29.50) with two pair, Queens and Sevens


PokerStars Hand #145219586049:  Hold'em Limit ($3/$6 USD) - 2015/12/12 7:27:02 ET
Table 'Albireo III' 2-max Seat #1 is the button
Seat 1: Truder1304 ($80.64 in chips)
Seat 2: MTails ($111 in chips)
Truder1304: posts small blind $1
MTails: posts big blind $3
*** HOLE CARDS ***
Truder1304: raises $3 to $6
MTails: calls $3
*** FLOP *** [8s Td 9s]
MTails: checks
Truder1304: bets $3
MTails: raises $3 to $6
Truder1304: raises $3 to $9
MTails: calls $3
*** TURN *** [8s Td 9s] [3s]
MTails: checks
Truder1304: bets $6
MTails: calls $6
*** RIVER *** [8s Td 9s 3s] [8d]
MTails: checks
Truder1304: bets $6
MTails: calls $6
*** SHOW DOWN ***
Truder1304: shows [Jd Ad] (a pair of Eights)
MTails: mucks hand
Truder1304 collected $53.50 from pot
*** SUMMARY ***
Total pot $54 | Rake $0.50
Board [8s Td 9s 3s 8d]
Seat 1: Truder1304 (button) (small blind) showed [Jd Ad] and won ($53.50) with a pair of Eights
Seat 2: MTails (big blind) mucked


PokerStars Hand #145219657721:  Hold'em Limit ($3/$6 USD) - 2015/12/12 7:29:07 ET
Table 'Albireo III' 2-max Seat #1 is the button
Seat 1: Truder1304 ($69.16 in chips)
Seat 2: MTails ($119.50 in chips)
Truder1304: posts small blind $1
MTails: posts big blind $3
*** HOLE CARDS ***
Truder1304: folds
Uncalled bet ($2) returned to MTails
MTails collected $2 from pot
*** SUMMARY ***
Total pot $2 | Rake $0
Seat 1: Truder1304 (button) (small blind) folded before Flop
Seat 2: MTails (big blind) collected ($2)


PokerStars Hand #145219649974:  Hold'em Limit ($3/$6 USD) - 2015/12/12 7:28:53 ET
Table 'Albireo III' 2-max Seat #2 is the button
Seat 1: Truder1304 ($57.64 in chips)
Seat 2: MTails ($131.50 in chips)
MTails: posts small blind $1
Truder1304: posts big blind $3
*** HOLE CARDS ***
MTails: raises $3 to $6
Truder1304: raises $3 to $9
MTails: calls $3
*** FLOP *** [Qc Qs 8s]
Truder1304: bets $3
MTails: calls $3
*** TURN *** [Qc Qs 8s] [2d]
Truder1304: bets $6
MTails: folds
Uncalled bet ($6) returned to Truder1304
Truder1304 collected $23.52 from pot
Truder1304: doesn't show hand
*** SUMMARY ***
Total pot $24 | Rake $0.48
Board [Qc Qs 8s 2d]
Seat 1: Truder1304 (big blind) collected ($23.52)
Seat 2: MTails (button) (small blind) folded on the Turn


PokerStars Hand #145219638913:  Hold'em Limit ($3/$6 USD) - 2015/12/12 7:28:34 ET
Table 'Albireo III' 2-max Seat #1 is the button
Seat 1: Truder1304 ($81.64 in chips)
Seat 2: MTails ($108 in chips)
Truder1304: posts small blind $1
MTails: posts big blind $3
*** HOLE CARDS ***
Truder1304: raises $3 to $6
MTails: calls $3
*** FLOP *** [3d 5s 9s]
MTails: checks
Truder1304: bets $3
MTails: raises $3 to $6
Truder1304: calls $3
*** TURN *** [3d 5s 9s] [Ks]
MTails: checks
Truder1304: bets $6
MTails: calls $6
*** RIVER *** [3d 5s 9s Ks] [2c]
MTails: checks
Truder1304: bets $6
MTails: calls $6
*** SHOW DOWN ***
Truder1304: shows [Qh 6d] (high card King)
MTails: shows [8h 5d] (a pair of Fives)
MTails collected $47.50 from pot
*** SUMMARY ***
Total pot $48 | Rake $0.50
Board [3d 5s 9s Ks 2c]
Seat 1: Truder1304 (button) (small blind) showed [Qh 6d] and lost with high card King
Seat 2: MTails (big blind) showed [8h 5d] and won ($47.50) with a pair of Fives


PokerStars Hand #145219629126:  Hold'em Limit ($3/$6 USD) - 2015/12/12 7:28:17 ET
Table 'Albireo III' 2-max Seat #2 is the button
Seat 1: Truder1304 ($108.64 in chips)
Seat 2: MTails ($81.50 in chips)
MTails: posts small blind $1
Truder1304: posts big blind $3
*** HOLE CARDS ***
MTails: raises $3 to $6
Truder1304: calls $3
*** FLOP *** [Td 5d Ts]
Truder1304: bets $3
MTails: raises $3 to $6
Truder1304: raises $3 to $9
MTails: calls $3
*** TURN *** [Td 5d Ts] [4d]
Truder1304: bets $6
MTails: calls $6
*** RIVER *** [Td 5d Ts 4d] [Ad]
Truder1304: bets $6
MTails: calls $6
*** SHOW DOWN ***
Truder1304: shows [4h 5c] (two pair, Tens and Fives)
MTails: shows [Qc Ac] (two pair, Aces and Tens)
MTails collected $53.50 from pot
*** SUMMARY ***
Total pot $54 | Rake $0.50
Board [Td 5d Ts 4d Ad]
Seat 1: Truder1304 (big blind) showed [4h 5c] and lost with two pair, Tens and Fives
Seat 2: MTails (button) (small blind) showed [Qc Ac] and won ($53.50) with two pair, Aces and Tens


PokerStars Hand #145219625536:  Hold'em Limit ($3/$6 USD) - 2015/12/12 7:28:11 ET
Table 'Albireo III' 2-max Seat #1 is the button
Seat 1: Truder1304 ($109.64 in chips)
Seat 2: MTails ($80.50 in chips)
Truder1304: posts small blind $1
MTails: posts big blind $3
*** HOLE CARDS ***
Truder1304: folds
Uncalled bet ($2) returned to MTails
MTails collected $2 from pot
MTails: doesn't show hand
*** SUMMARY ***
Total pot $2 | Rake $0
Seat 1: Truder1304 (button) (small blind) folded before Flop
Seat 2: MTails (big blind) collected ($2)


PokerStars Hand #145219660723:  Hold'em Limit ($3/$6 USD) - 2015/12/12 7:29:12 ET
Table 'Albireo III' 2-max Seat #2 is the button
Seat 1: Truder1304 ($68.16 in chips)
Seat 2: MTails ($120.50 in chips)
MTails: posts small blind $1
Truder1304: posts big blind $3
*** HOLE CARDS ***
MTails: raises $3 to $6
Truder1304: calls $3
*** FLOP *** [4h Ks Ah]
Truder1304: checks
MTails: bets $3
Truder1304: calls $3
*** TURN *** [4h Ks Ah] [2d]
Truder1304: checks
MTails: bets $6
Truder1304: raises $6 to $12
MTails: folds
Uncalled bet ($6) returned to Truder1304
Truder1304 collected $29.50 from pot
Truder1304: doesn't show hand
*** SUMMARY ***
Total pot $30 | Rake $0.50
Board [4h Ks Ah 2d]
Seat 1: Truder1304 (big blind) collected ($29.50)
Seat 2: MTails (button) (small blind) folded on the Turn


PokerStars Hand #145219671998:  Hold'em Limit ($3/$6 USD) - 2015/12/12 7:29:31 ET
Table 'Albireo III' 2-max Seat #1 is the button
Seat 1: Truder1304 ($82.66 in chips)
Seat 2: MTails ($105.50 in chips)
Truder1304: posts small blind $1
MTails: posts big blind $3
*** HOLE CARDS ***
Truder1304: raises $3 to $6
MTails: calls $3
*** FLOP *** [4s 7c 5s]
MTails: checks
Truder1304: checks
*** TURN *** [4s 7c 5s] [Ks]
MTails: bets $6
Truder1304: calls $6
*** RIVER *** [4s 7c 5s Ks] [2s]
MTails: checks
Truder1304: checks
*** SHOW DOWN ***
MTails: shows [As 2d] (a flush, Ace high)
Truder1304: mucks hand
MTails collected $23.52 from pot
*** SUMMARY ***
Total pot $24 | Rake $0.48
Board [4s 7c 5s Ks 2s]
Seat 1: Truder1304 (button) (small blind) mucked
Seat 2: MTails (big blind) showed [As 2d] and won ($23.52) with a flush, Ace high


PokerStars Hand #145219693300:  Hold'em Limit ($3/$6 USD) - 2015/12/12 7:30:08 ET
Table 'Albireo III' 2-max Seat #1 is the button
Seat 1: Truder1304 ($46.66 in chips)
Seat 2: MTails ($140.52 in chips)
Truder1304: posts small blind $1
MTails: posts big blind $3
*** HOLE CARDS ***
Truder1304: folds
Uncalled bet ($2) returned to MTails
MTails collected $2 from pot
*** SUMMARY ***
Total pot $2 | Rake $0
Seat 1: Truder1304 (button) (small blind) folded before Flop
Seat 2: MTails (big blind) collected ($2)


PokerStars Hand #145219682042:  Hold'em Limit ($3/$6 USD) - 2015/12/12 7:29:49 ET
Table 'Albireo III' 2-max Seat #2 is the button
Seat 1: Truder1304 ($70.66 in chips)
Seat 2: MTails ($117.02 in chips)
MTails: posts small blind $1
Truder1304: posts big blind $3
*** HOLE CARDS ***
MTails: raises $3 to $6
Truder1304: raises $3 to $9
MTails: calls $3
*** FLOP *** [6d Ts Ks]
Truder1304: bets $3
MTails: calls $3
*** TURN *** [6d Ts Ks] [5s]
Truder1304: bets $6
MTails: calls $6
*** RIVER *** [6d Ts Ks 5s] [8c]
Truder1304: bets $6
MTails: raises $6 to $12
Truder1304: folds
Uncalled bet ($6) returned to MTails
MTails collected $47.50 from pot
*** SUMMARY ***
Total pot $48 | Rake $0.50
Board [6d Ts Ks 5s 8c]
Seat 1: Truder1304 (big blind) folded on the River
Seat 2: MTails (button) (small blind) collected ($47.50)


PokerStars Hand #145219696289:  Hold'em Limit ($3/$6 USD) - 2015/12/12 7:30:14 ET
Table 'Albireo III' 2-max Seat #2 is the button
Seat 1: Truder1304 ($45.66 in chips)
Seat 2: MTails ($141.52 in chips)
MTails: posts small blind $1
Truder1304: posts big blind $3
*** HOLE CARDS ***
MTails: raises $3 to $6
Truder1304: folds
Uncalled bet ($3) returned to MTails
MTails collected $6 from pot
*** SUMMARY ***
Total pot $6 | Rake $0
Seat 1: Truder1304 (big blind) folded before Flop
Seat 2: MTails (button) (small blind) collected ($6)


PokerStars Hand #145219699572:  Hold'em Limit ($3/$6 USD) - 2015/12/12 7:30:19 ET
Table 'Albireo III' 2-max Seat #1 is the button
Seat 1: Truder1304 ($42.66 in chips)
Seat 2: MTails ($144.52 in chips)
Truder1304: posts small blind $1
MTails: posts big blind $3
*** HOLE CARDS ***
Truder1304: raises $3 to $6
MTails: calls $3
*** FLOP *** [6d Ks 4s]
MTails: checks
Truder1304: bets $3
MTails: folds
Uncalled bet ($3) returned to Truder1304
Truder1304 collected $11.76 from pot
Truder1304: doesn't show hand
*** SUMMARY ***
Total pot $12 | Rake $0.24
Board [6d Ks 4s]
Seat 1: Truder1304 (button) (small blind) collected ($11.76)
Seat 2: MTails (big blind) folded on the Flop


PokerStars Hand #145219717918:  Hold'em Limit ($3/$6 USD) - 2015/12/12 7:30:50 ET
Table 'Albireo III' 2-max Seat #1 is the button
Seat 1: Truder1304 ($62.92 in chips)
Seat 2: MTails ($123.52 in chips)
Truder1304: posts small blind $1
MTails: posts big blind $3
*** HOLE CARDS ***
Truder1304: folds
Uncalled bet ($2) returned to MTails
MTails collected $2 from pot
*** SUMMARY ***
Total pot $2 | Rake $0
Seat 1: Truder1304 (button) (small blind) folded before Flop
Seat 2: MTails (big blind) collected ($2)


PokerStars Hand #145219706511:  Hold'em Limit ($3/$6 USD) - 2015/12/12 7:30:31 ET
Table 'Albireo III' 2-max Seat #2 is the button
Seat 1: Truder1304 ($48.42 in chips)
Seat 2: MTails ($138.52 in chips)
MTails: posts small blind $1
Truder1304: posts big blind $3
*** HOLE CARDS ***
MTails: raises $3 to $6
Truder1304: calls $3
*** FLOP *** [Ks Td 9d]
Truder1304: checks
MTails: bets $3
Truder1304: calls $3
*** TURN *** [Ks Td 9d] [4d]
Truder1304: checks
MTails: checks
*** RIVER *** [Ks Td 9d 4d] [7h]
Truder1304: bets $6
MTails: calls $6
*** SHOW DOWN ***
Truder1304: shows [Jd 5d] (a flush, Jack high)
MTails: mucks hand
Truder1304 collected $29.50 from pot
*** SUMMARY ***
Total pot $30 | Rake $0.50
Board [Ks Td 9d 4d 7h]
Seat 1: Truder1304 (big blind) showed [Jd 5d] and won ($29.50) with a flush, Jack high
Seat 2: MTails (button) (small blind) mucked


PokerStars Hand #145219720661:  Hold'em Limit ($3/$6 USD) - 2015/12/12 7:30:55 ET
Table 'Albireo III' 2-max Seat #2 is the button
Seat 1: Truder1304 ($61.92 in chips)
Seat 2: MTails ($124.52 in chips)
MTails: posts small blind $1
Truder1304: posts big blind $3
*** HOLE CARDS ***
MTails: raises $3 to $6
Truder1304: calls $3
*** FLOP *** [Td 7h Jh]
Truder1304: checks
MTails: bets $3
Truder1304: calls $3
*** TURN *** [Td 7h Jh] [As]
Truder1304: checks
MTails: checks
*** RIVER *** [Td 7h Jh As] [9d]
Truder1304: bets $6
MTails: folds
Uncalled bet ($6) returned to Truder1304
Truder1304 collected $17.64 from pot
Truder1304: doesn't show hand
*** SUMMARY ***
Total pot $18 | Rake $0.36
Board [Td 7h Jh As 9d]
Seat 1: Truder1304 (big blind) collected ($17.64)
Seat 2: MTails (button) (small blind) folded on the River


PokerStars Hand #145219731175:  Hold'em Limit ($3/$6 USD) - 2015/12/12 7:31:13 ET
Table 'Albireo III' 2-max Seat #1 is the button
Seat 1: Truder1304 ($70.56 in chips)
Seat 2: MTails ($115.52 in chips)
Truder1304: posts small blind $1
MTails: posts big blind $3
*** HOLE CARDS ***
Truder1304: folds
Uncalled bet ($2) returned to MTails
MTails collected $2 from pot
*** SUMMARY ***
Total pot $2 | Rake $0
Seat 1: Truder1304 (button) (small blind) folded before Flop
Seat 2: MTails (big blind) collected ($2)


PokerStars Hand #145219733921:  Hold'em Limit ($3/$6 USD) - 2015/12/12 7:31:18 ET
Table 'Albireo III' 2-max Seat #2 is the button
Seat 1: Truder1304 ($69.56 in chips)
Seat 2: MTails ($116.52 in chips)
MTails: posts small blind $1
Truder1304: posts big blind $3
*** HOLE CARDS ***
MTails: raises $3 to $6
Truder1304: raises $3 to $9
MTails: calls $3
*** FLOP *** [Ah Ad 8h]
Truder1304: bets $3
MTails: folds
Uncalled bet ($3) returned to Truder1304
Truder1304 collected $17.64 from pot
Truder1304: doesn't show hand
*** SUMMARY ***
Total pot $18 | Rake $0.36
Board [Ah Ad 8h]
Seat 1: Truder1304 (big blind) collected ($17.64)
Seat 2: MTails (button) (small blind) folded on the Flop


PokerStars Hand #145219741121:  Hold'em Limit ($3/$6 USD) - 2015/12/12 7:31:31 ET
Table 'Albireo III' 2-max Seat #1 is the button
Seat 1: Truder1304 ($78.20 in chips)
Seat 2: MTails ($107.52 in chips)
Truder1304: posts small blind $1
MTails: posts big blind $3
*** HOLE CARDS ***
Truder1304: calls $2
MTails: checks
*** FLOP *** [Kh 3c 5d]
MTails: checks
Truder1304: checks
*** TURN *** [Kh 3c 5d] [Js]
MTails: checks
Truder1304: checks
*** RIVER *** [Kh 3c 5d Js] [Jd]
MTails: checks
Truder1304: checks
*** SHOW DOWN ***
MTails: shows [2c 7h] (a pair of Jacks)
Truder1304: shows [7c 9c] (a pair of Jacks - King+Nine kicker)
Truder1304 collected $5.88 from pot
*** SUMMARY ***
Total pot $6 | Rake $0.12
Board [Kh 3c 5d Js Jd]
Seat 1: Truder1304 (button) (small blind) showed [7c 9c] and won ($5.88) with a pair of Jacks
Seat 2: MTails (big blind) showed [2c 7h] and lost with a pair of Jacks


PokerStars Hand #145219750805:  Hold'em Limit ($3/$6 USD) - 2015/12/12 7:31:47 ET
Table 'Albireo III' 2-max Seat #2 is the button
Seat 1: Truder1304 ($81.08 in chips)
Seat 2: MTails ($104.52 in chips)
MTails: posts small blind $1
Truder1304: posts big blind $3
*** HOLE CARDS ***
MTails: raises $3 to $6
Truder1304: folds
Uncalled bet ($3) returned to MTails
MTails collected $6 from pot
*** SUMMARY ***
Total pot $6 | Rake $0
Seat 1: Truder1304 (big blind) folded before Flop
Seat 2: MTails (button) (small blind) collected ($6)


PokerStars Hand #145219754188:  Hold'em Limit ($3/$6 USD) - 2015/12/12 7:31:53 ET
Table 'Albireo III' 2-max Seat #1 is the button
Seat 1: Truder1304 ($78.08 in chips)
Seat 2: MTails ($107.52 in chips)
Truder1304: posts small blind $1
MTails: posts big blind $3
*** HOLE CARDS ***
Truder1304: raises $3 to $6
MTails: raises $3 to $9
Truder1304: calls $3
*** FLOP *** [4s Jh Td]
MTails: bets $3
Truder1304: calls $3
*** TURN *** [4s Jh Td] [6s]
MTails: checks
Truder1304: bets $6
MTails: calls $6
*** RIVER *** [4s Jh Td 6s] [Ts]
MTails: checks
Truder1304: bets $6
MTails: calls $6
*** SHOW DOWN ***
Truder1304: shows [Jd Th] (a full house, Tens full of Jacks)
MTails: mucks hand
Truder1304 collected $47.50 from pot
*** SUMMARY ***
Total pot $48 | Rake $0.50
Board [4s Jh Td 6s Ts]
Seat 1: Truder1304 (button) (small blind) showed [Jd Th] and won ($47.50) with a full house, Tens full of Jacks
Seat 2: MTails (big blind) mucked


PokerStars Hand #145219766241:  Hold'em Limit ($3/$6 USD) - 2015/12/12 7:32:14 ET
Table 'Albireo III' 2-max Seat #2 is the button
Seat 1: Truder1304 ($101.58 in chips)
Seat 2: MTails ($83.52 in chips)
MTails: posts small blind $1
Truder1304: posts big blind $3
*** HOLE CARDS ***
MTails: raises $3 to $6
Truder1304: calls $3
*** FLOP *** [9d 7h 3s]
Truder1304: checks
MTails: bets $3
Truder1304: calls $3
*** TURN *** [9d 7h 3s] [3d]
Truder1304: checks
MTails: bets $6
Truder1304: calls $6
*** RIVER *** [9d 7h 3s 3d] [6s]
Truder1304: checks
MTails: bets $6
Truder1304: calls $6
*** SHOW DOWN ***
MTails: shows [4s 7s] (two pair, Sevens and Threes)
Truder1304: mucks hand
MTails collected $41.50 from pot
*** SUMMARY ***
Total pot $42 | Rake $0.50
Board [9d 7h 3s 3d 6s]
Seat 1: Truder1304 (big blind) mucked
Seat 2: MTails (button) (small blind) showed [4s 7s] and won ($41.50) with two pair, Sevens and Threes


PokerStars Hand #145219778653:  Hold'em Limit ($3/$6 USD) - 2015/12/12 7:32:35 ET
Table 'Albireo III' 2-max Seat #1 is the button
Seat 1: Truder1304 ($80.58 in chips)
Seat 2: MTails ($104.02 in chips)
Truder1304: posts small blind $1
MTails: posts big blind $3
*** HOLE CARDS ***
Truder1304: folds
Uncalled bet ($2) returned to MTails
MTails collected $2 from pot
*** SUMMARY ***
Total pot $2 | Rake $0
Seat 1: Truder1304 (button) (small blind) folded before Flop
Seat 2: MTails (big blind) collected ($2)


PokerStars Hand #145219788512:  Hold'em Limit ($3/$6 USD) - 2015/12/12 7:32:52 ET
Table 'Albireo III' 2-max Seat #1 is the button
Seat 1: Truder1304 ($73.58 in chips)
Seat 2: MTails ($110.78 in chips)
Truder1304: posts small blind $1
MTails: posts big blind $3
*** HOLE CARDS ***
Truder1304: folds
Uncalled bet ($2) returned to MTails
MTails collected $2 from pot
*** SUMMARY ***
Total pot $2 | Rake $0
Seat 1: Truder1304 (button) (small blind) folded before Flop
Seat 2: MTails (big blind) collected ($2)


PokerStars Hand #145219781963:  Hold'em Limit ($3/$6 USD) - 2015/12/12 7:32:41 ET
Table 'Albireo III' 2-max Seat #2 is the button
Seat 1: Truder1304 ($79.58 in chips)
Seat 2: MTails ($105.02 in chips)
MTails: posts small blind $1
Truder1304: posts big blind $3
*** HOLE CARDS ***
MTails: raises $3 to $6
Truder1304: calls $3
*** FLOP *** [Kc 8h 5d]
Truder1304: checks
MTails: bets $3
Truder1304: folds
Uncalled bet ($3) returned to MTails
MTails collected $11.76 from pot
*** SUMMARY ***
Total pot $12 | Rake $0.24
Board [Kc 8h 5d]
Seat 1: Truder1304 (big blind) folded on the Flop
Seat 2: MTails (button) (small blind) collected ($11.76)


PokerStars Hand #145219806382:  Hold'em Limit ($3/$6 USD) - 2015/12/12 7:33:23 ET
Table 'Albireo III' 2-max Seat #1 is the button
Seat 1: Truder1304 ($45.58 in chips)
Seat 2: MTails ($138.28 in chips)
Truder1304: posts small blind $1
MTails: posts big blind $3
*** HOLE CARDS ***
Truder1304: folds
Uncalled bet ($2) returned to MTails
MTails collected $2 from pot
*** SUMMARY ***
Total pot $2 | Rake $0
Seat 1: Truder1304 (button) (small blind) folded before Flop
Seat 2: MTails (big blind) collected ($2)


PokerStars Hand #145219791468:  Hold'em Limit ($3/$6 USD) - 2015/12/12 7:32:57 ET
Table 'Albireo III' 2-max Seat #2 is the button
Seat 1: Truder1304 ($72.58 in chips)
Seat 2: MTails ($111.78 in chips)
MTails: posts small blind $1
Truder1304: posts big blind $3
*** HOLE CARDS ***
MTails: raises $3 to $6
Truder1304: calls $3
*** FLOP *** [9h Qd 9c]
Truder1304: checks
MTails: bets $3
Truder1304: calls $3
*** TURN *** [9h Qd 9c] [5c]
Truder1304: checks
MTails: bets $6
Truder1304: raises $6 to $12
MTails: calls $6
*** RIVER *** [9h Qd 9c 5c] [4s]
Truder1304: bets $6
MTails: raises $6 to $12
Truder1304: folds
Uncalled bet ($6) returned to MTails
MTails collected $53.50 from pot
*** SUMMARY ***
Total pot $54 | Rake $0.50
Board [9h Qd 9c 5c 4s]
Seat 1: Truder1304 (big blind) folded on the River
Seat 2: MTails (button) (small blind) collected ($53.50)


PokerStars Hand #145219812673:  Hold'em Limit ($3/$6 USD) - 2015/12/12 7:33:34 ET
Table 'Albireo III' 2-max Seat #1 is the button
Seat 1: Truder1304 ($41.58 in chips)
Seat 2: MTails ($142.28 in chips)
Truder1304: posts small blind $1
MTails: posts big blind $3
*** HOLE CARDS ***
Truder1304: folds
Uncalled bet ($2) returned to MTails
MTails collected $2 from pot
MTails: doesn't show hand
*** SUMMARY ***
Total pot $2 | Rake $0
Seat 1: Truder1304 (button) (small blind) folded before Flop
Seat 2: MTails (big blind) collected ($2)


PokerStars Hand #145219809176:  Hold'em Limit ($3/$6 USD) - 2015/12/12 7:33:28 ET
Table 'Albireo III' 2-max Seat #2 is the button
Seat 1: Truder1304 ($44.58 in chips)
Seat 2: MTails ($139.28 in chips)
MTails: posts small blind $1
Truder1304: posts big blind $3
*** HOLE CARDS ***
MTails: raises $3 to $6
Truder1304: folds
Uncalled bet ($3) returned to MTails
MTails collected $6 from pot
*** SUMMARY ***
Total pot $6 | Rake $0
Seat 1: Truder1304 (big blind) folded before Flop
Seat 2: MTails (button) (small blind) collected ($6)


PokerStars Hand #145219829183:  Hold'em Limit ($3/$6 USD) - 2015/12/12 7:34:02 ET
Table 'Albireo III' 2-max Seat #1 is the button
Seat 1: Truder1304 ($16.58 in chips)
Seat 2: MTails ($166.78 in chips)
Truder1304: posts small blind $1
MTails: posts big blind $3
*** HOLE CARDS ***
Truder1304: folds
Uncalled bet ($2) returned to MTails
MTails collected $2 from pot
MTails: doesn't show hand
*** SUMMARY ***
Total pot $2 | Rake $0
Seat 1: Truder1304 (button) (small blind) folded before Flop
Seat 2: MTails (big blind) collected ($2)


PokerStars Hand #145219815482:  Hold'em Limit ($3/$6 USD) - 2015/12/12 7:33:39 ET
Table 'Albireo III' 2-max Seat #2 is the button
Seat 1: Truder1304 ($40.58 in chips)
Seat 2: MTails ($143.28 in chips)
MTails: posts small blind $1
Truder1304: posts big blind $3
*** HOLE CARDS ***
MTails: raises $3 to $6
Truder1304: raises $3 to $9
MTails: calls $3
*** FLOP *** [6s Th 9s]
Truder1304: bets $3
MTails: calls $3
*** TURN *** [6s Th 9s] [Qs]
Truder1304: bets $6
MTails: calls $6
*** RIVER *** [6s Th 9s Qs] [4h]
Truder1304: bets $6
MTails: calls $6
*** SHOW DOWN ***
Truder1304: shows [6c 8d] (a pair of Sixes)
MTails: shows [9d Kc] (a pair of Nines)
MTails collected $47.50 from pot
*** SUMMARY ***
Total pot $48 | Rake $0.50
Board [6s Th 9s Qs 4h]
Seat 1: Truder1304 (big blind) showed [6c 8d] and lost with a pair of Sixes
Seat 2: MTails (button) (small blind) showed [9d Kc] and won ($47.50) with a pair of Nines


PokerStars Hand #145219840849:  Hold'em Limit ($3/$6 USD) - 2015/12/12 7:34:22 ET
Table 'Albireo III' 2-max Seat #1 is the button
Seat 1: Truder1304 ($30.66 in chips)
Seat 2: MTails ($152.20 in chips)
Truder1304: posts small blind $1
MTails: posts big blind $3
*** HOLE CARDS ***
Truder1304: folds
Uncalled bet ($2) returned to MTails
MTails collected $2 from pot
*** SUMMARY ***
Total pot $2 | Rake $0
Seat 1: Truder1304 (button) (small blind) folded before Flop
Seat 2: MTails (big blind) collected ($2)


PokerStars Hand #145219831991:  Hold'em Limit ($3/$6 USD) - 2015/12/12 7:34:07 ET
Table 'Albireo III' 2-max Seat #2 is the button
Seat 1: Truder1304 ($15.58 in chips)
Seat 2: MTails ($167.78 in chips)
MTails: posts small blind $1
Truder1304: posts big blind $3
*** HOLE CARDS ***
MTails: raises $3 to $6
Truder1304: raises $3 to $9
MTails: calls $3
*** FLOP *** [Qs 7d 8h]
Truder1304: bets $3
MTails: calls $3
*** TURN *** [Qs 7d 8h] [3s]
Truder1304: bets $3.58 and is all-in
MTails: calls $3.58
*** RIVER *** [Qs 7d 8h 3s] [Ad]
*** SHOW DOWN ***
Truder1304: shows [8c Kc] (a pair of Eights)
MTails: shows [Kd Tc] (high card Ace)
Truder1304 collected $30.66 from pot
*** SUMMARY ***
Total pot $31.16 | Rake $0.50
Board [Qs 7d 8h 3s Ad]
Seat 1: Truder1304 (big blind) showed [8c Kc] and won ($30.66) with a pair of Eights
Seat 2: MTails (button) (small blind) showed [Kd Tc] and lost with high card Ace


PokerStars Hand #145219843632:  Hold'em Limit ($3/$6 USD) - 2015/12/12 7:34:27 ET
Table 'Albireo III' 2-max Seat #2 is the button
Seat 1: Truder1304 ($29.66 in chips)
Seat 2: MTails ($153.20 in chips)
MTails: posts small blind $1
Truder1304: posts big blind $3
*** HOLE CARDS ***
MTails: raises $3 to $6
Truder1304: raises $3 to $9
MTails: calls $3
*** FLOP *** [9d Kc Ks]
Truder1304: bets $3
MTails: calls $3
*** TURN *** [9d Kc Ks] [2s]
Truder1304: bets $6
MTails: raises $6 to $12
Truder1304: raises $5.66 to $17.66 and is all-in
MTails: calls $5.66
*** RIVER *** [9d Kc Ks 2s] [Ad]
*** SHOW DOWN ***
Truder1304: shows [5c 5h] (two pair, Kings and Fives)
MTails: shows [3c 9c] (two pair, Kings and Nines)
MTails collected $58.82 from pot
*** SUMMARY ***
Total pot $59.32 | Rake $0.50
Board [9d Kc Ks 2s Ad]
Seat 1: Truder1304 (big blind) showed [5c 5h] and lost with two pair, Kings and Fives
Seat 2: MTails (button) (small blind) showed [3c 9c] and won ($58.82) with two pair, Kings and Nines


