PokerStars Hand #164770854620:  Hold'em Limit ($3/$6 USD) - 2017/01/18 8:07:45 ET
Table 'Albireo III' 10-max Seat #5 is the button
Seat 5: sim5sim5 ($72 in chips)
Seat 8: OnlyLuck111 ($131.64 in chips)
sim5sim5: posts small blind $1
OnlyLuck111: posts big blind $3
*** HOLE CARDS ***
sim5sim5: raises $3 to $6
OnlyLuck111: calls $3
*** FLOP *** [3c Qh Js]
OnlyLuck111: checks
sim5sim5: bets $3
OnlyLuck111: raises $3 to $6
sim5sim5: calls $3
*** TURN *** [3c Qh Js] [Jc]
OnlyLuck111: checks
sim5sim5: bets $6
OnlyLuck111: calls $6
*** RIVER *** [3c Qh Js Jc] [4c]
OnlyLuck111: checks
sim5sim5: checks
*** SHOW DOWN ***
OnlyLuck111: shows [3s 4s] (two pair, Jacks and Fours)
sim5sim5: mucks hand
OnlyLuck111 collected $35.50 from pot
*** SUMMARY ***
Total pot $36 | Rake $0.50
Board [3c Qh Js Jc 4c]
Seat 5: sim5sim5 (button) (small blind) mucked
Seat 8: OnlyLuck111 (big blind) showed [3s 4s] and won ($35.50) with two pair, Jacks and Fours


PokerStars Hand #164770849974:  Hold'em Limit ($3/$6 USD) - 2017/01/18 8:07:37 ET
Table 'Albireo III' 10-max Seat #8 is the button
Seat 5: sim5sim5 ($72 in chips)
Seat 8: OnlyLuck111 ($128.64 in chips)
OnlyLuck111: posts small blind $1
sim5sim5: posts big blind $3
*** HOLE CARDS ***
OnlyLuck111: raises $3 to $6
sim5sim5: folds
Uncalled bet ($3) returned to OnlyLuck111
OnlyLuck111 collected $6 from pot
*** SUMMARY ***
Total pot $6 | Rake $0
Seat 5: sim5sim5 (big blind) folded before Flop
Seat 8: OnlyLuck111 (button) (small blind) collected ($6)


PokerStars Hand #164770838794:  Hold'em Limit ($3/$6 USD) - 2017/01/18 8:07:18 ET
Table 'Albireo III' 10-max Seat #5 is the button
Seat 5: sim5sim5 ($72 in chips)
Seat 8: OnlyLuck111 ($120 in chips)
sim5sim5: posts small blind $1
OnlyLuck111: posts big blind $3
*** HOLE CARDS ***
sim5sim5: raises $3 to $6
OnlyLuck111: calls $3
*** FLOP *** [Tc 8s Kh]
OnlyLuck111: checks
sim5sim5: bets $3
OnlyLuck111: raises $3 to $6
sim5sim5: folds
Uncalled bet ($3) returned to OnlyLuck111
OnlyLuck111 collected $17.64 from pot
*** SUMMARY ***
Total pot $18 | Rake $0.36
Board [Tc 8s Kh]
Seat 5: sim5sim5 (button) (small blind) folded on the Flop
Seat 8: OnlyLuck111 (big blind) collected ($17.64)


PokerStars Hand #164770882007:  Hold'em Limit ($3/$6 USD) - 2017/01/18 8:08:32 ET
Table 'Albireo III' 10-max Seat #5 is the button
Seat 5: sim5sim5 ($72 in chips)
Seat 8: OnlyLuck111 ($175.64 in chips)
sim5sim5: posts small blind $1
OnlyLuck111: posts big blind $3
*** HOLE CARDS ***
sim5sim5: raises $3 to $6
OnlyLuck111: calls $3
*** FLOP *** [2d 2s 8d]
OnlyLuck111: checks
sim5sim5: bets $3
OnlyLuck111: raises $3 to $6
sim5sim5: raises $3 to $9
OnlyLuck111: calls $3
*** TURN *** [2d 2s 8d] [Qs]
OnlyLuck111: bets $6
sim5sim5: calls $6
*** RIVER *** [2d 2s 8d Qs] [4h]
OnlyLuck111: bets $6
sim5sim5: calls $6
*** SHOW DOWN ***
OnlyLuck111: shows [8s 7s] (two pair, Eights and Deuces)
sim5sim5: mucks hand
OnlyLuck111 collected $53.50 from pot
*** SUMMARY ***
Total pot $54 | Rake $0.50
Board [2d 2s 8d Qs 4h]
Seat 5: sim5sim5 (button) (small blind) mucked
Seat 8: OnlyLuck111 (big blind) showed [8s 7s] and won ($53.50) with two pair, Eights and Deuces


PokerStars Hand #164770868085:  Hold'em Limit ($3/$6 USD) - 2017/01/18 8:08:08 ET
Table 'Albireo III' 10-max Seat #8 is the button
Seat 5: sim5sim5 ($72 in chips)
Seat 8: OnlyLuck111 ($149.14 in chips)
OnlyLuck111: posts small blind $1
sim5sim5: posts big blind $3
*** HOLE CARDS ***
OnlyLuck111: raises $3 to $6
sim5sim5: raises $3 to $9
OnlyLuck111: calls $3
*** FLOP *** [9d 8h 4c]
sim5sim5: bets $3
OnlyLuck111: raises $3 to $6
sim5sim5: calls $3
*** TURN *** [9d 8h 4c] [5s]
sim5sim5: checks
OnlyLuck111: bets $6
sim5sim5: calls $6
*** RIVER *** [9d 8h 4c 5s] [Qd]
sim5sim5: checks
OnlyLuck111: bets $6
sim5sim5: calls $6
*** SHOW DOWN ***
OnlyLuck111: shows [4s 5c] (two pair, Fives and Fours)
sim5sim5: mucks hand
OnlyLuck111 collected $53.50 from pot
*** SUMMARY ***
Total pot $54 | Rake $0.50
Board [9d 8h 4c 5s Qd]
Seat 5: sim5sim5 (big blind) mucked
Seat 8: OnlyLuck111 (button) (small blind) showed [4s 5c] and won ($53.50) with two pair, Fives and Fours


PokerStars Hand #164770923575:  Hold'em Limit ($3/$6 USD) - 2017/01/18 8:09:42 ET
Table 'Albireo III' 10-max Seat #8 is the button
Seat 5: sim5sim5 ($72 in chips)
Seat 8: OnlyLuck111 ($210.64 in chips)
OnlyLuck111: posts small blind $1
sim5sim5: posts big blind $3
*** HOLE CARDS ***
OnlyLuck111: raises $3 to $6
sim5sim5: calls $3
*** FLOP *** [5h 6h Qs]
sim5sim5: checks
OnlyLuck111: bets $3
sim5sim5: raises $3 to $6
OnlyLuck111: calls $3
*** TURN *** [5h 6h Qs] [Jc]
sim5sim5: checks
OnlyLuck111: bets $6
sim5sim5: raises $6 to $12
OnlyLuck111: calls $6
*** RIVER *** [5h 6h Qs Jc] [Tc]
sim5sim5: bets $6
OnlyLuck111: calls $6
*** SHOW DOWN ***
sim5sim5: shows [Qd 7c] (a pair of Queens)
OnlyLuck111: mucks hand
sim5sim5 collected $59.50 from pot
*** SUMMARY ***
Total pot $60 | Rake $0.50
Board [5h 6h Qs Jc Tc]
Seat 5: sim5sim5 (big blind) showed [Qd 7c] and won ($59.50) with a pair of Queens
Seat 8: OnlyLuck111 (button) (small blind) mucked


PokerStars Hand #164770901948:  Hold'em Limit ($3/$6 USD) - 2017/01/18 8:09:06 ET
Table 'Albireo III' 10-max Seat #8 is the button
Seat 5: sim5sim5 ($72 in chips)
Seat 8: OnlyLuck111 ($202.14 in chips)
OnlyLuck111: posts small blind $1
sim5sim5: posts big blind $3
*** HOLE CARDS ***
OnlyLuck111: raises $3 to $6
sim5sim5: raises $3 to $9
OnlyLuck111: calls $3
*** FLOP *** [Qd Jh 9s]
sim5sim5: bets $3
OnlyLuck111: folds
Uncalled bet ($3) returned to sim5sim5
sim5sim5 collected $17.64 from pot
sim5sim5: doesn't show hand
*** SUMMARY ***
Total pot $18 | Rake $0.36
Board [Qd Jh 9s]
Seat 5: sim5sim5 (big blind) collected ($17.64)
Seat 8: OnlyLuck111 (button) (small blind) folded on the Flop


PokerStars Hand #164770907450:  Hold'em Limit ($3/$6 USD) - 2017/01/18 8:09:15 ET
Table 'Albireo III' 10-max Seat #5 is the button
Seat 5: sim5sim5 ($80.64 in chips)
Seat 8: OnlyLuck111 ($193.14 in chips)
sim5sim5: posts small blind $1
OnlyLuck111: posts big blind $3
*** HOLE CARDS ***
sim5sim5: raises $3 to $6
OnlyLuck111: calls $3
*** FLOP *** [Js 6s Tc]
OnlyLuck111: checks
sim5sim5: bets $3
OnlyLuck111: raises $3 to $6
sim5sim5: calls $3
*** TURN *** [Js 6s Tc] [2s]
OnlyLuck111: bets $6
sim5sim5: calls $6
*** RIVER *** [Js 6s Tc 2s] [Ah]
OnlyLuck111: checks
sim5sim5: checks
*** SHOW DOWN ***
OnlyLuck111: shows [5s 6d] (a pair of Sixes)
sim5sim5: mucks hand
OnlyLuck111 collected $35.50 from pot
*** SUMMARY ***
Total pot $36 | Rake $0.50
Board [Js 6s Tc 2s Ah]
Seat 5: sim5sim5 (button) (small blind) mucked
Seat 8: OnlyLuck111 (big blind) showed [5s 6d] and won ($35.50) with a pair of Sixes


PokerStars Hand #164770970549:  Hold'em Limit ($3/$6 USD) - 2017/01/18 8:11:02 ET
Table 'Albireo III' 10-max Seat #8 is the button
Seat 5: sim5sim5 ($72 in chips)
Seat 8: OnlyLuck111 ($210.89 in chips)
OnlyLuck111: posts small blind $1
sim5sim5: posts big blind $3
*** HOLE CARDS ***
OnlyLuck111: raises $3 to $6
sim5sim5: folds
Uncalled bet ($3) returned to OnlyLuck111
OnlyLuck111 collected $6 from pot
*** SUMMARY ***
Total pot $6 | Rake $0
Seat 5: sim5sim5 (big blind) folded before Flop
Seat 8: OnlyLuck111 (button) (small blind) collected ($6)


PokerStars Hand #164770957338:  Hold'em Limit ($3/$6 USD) - 2017/01/18 8:10:40 ET
Table 'Albireo III' 10-max Seat #5 is the button
Seat 5: sim5sim5 ($72 in chips)
Seat 8: OnlyLuck111 ($211.14 in chips)
sim5sim5: posts small blind $1
OnlyLuck111: posts big blind $3
*** HOLE CARDS ***
sim5sim5: raises $3 to $6
OnlyLuck111: calls $3
*** FLOP *** [8d 8c Ad]
OnlyLuck111: checks
sim5sim5: bets $3
OnlyLuck111: raises $3 to $6
sim5sim5: calls $3
*** TURN *** [8d 8c Ad] [Js]
OnlyLuck111: checks
sim5sim5: checks
*** RIVER *** [8d 8c Ad Js] [2h]
OnlyLuck111: bets $6
sim5sim5: calls $6
*** SHOW DOWN ***
OnlyLuck111: shows [7h Ks] (a pair of Eights)
sim5sim5: shows [4d Kd] (a pair of Eights)
OnlyLuck111 collected $17.75 from pot
sim5sim5 collected $17.75 from pot
*** SUMMARY ***
Total pot $36 | Rake $0.50
Board [8d 8c Ad Js 2h]
Seat 5: sim5sim5 (button) (small blind) showed [4d Kd] and won ($17.75) with a pair of Eights
Seat 8: OnlyLuck111 (big blind) showed [7h Ks] and won ($17.75) with a pair of Eights


PokerStars Hand #164770943302:  Hold'em Limit ($3/$6 USD) - 2017/01/18 8:10:16 ET
Table 'Albireo III' 10-max Seat #8 is the button
Seat 5: sim5sim5 ($100.50 in chips)
Seat 8: OnlyLuck111 ($181.64 in chips)
OnlyLuck111: posts small blind $1
sim5sim5: posts big blind $3
*** HOLE CARDS ***
OnlyLuck111: raises $3 to $6
sim5sim5: calls $3
*** FLOP *** [3d Td Qs]
sim5sim5: checks
OnlyLuck111: bets $3
sim5sim5: raises $3 to $6
OnlyLuck111: calls $3
*** TURN *** [3d Td Qs] [3h]
sim5sim5: bets $6
OnlyLuck111: raises $6 to $12
sim5sim5: calls $6
*** RIVER *** [3d Td Qs 3h] [8c]
sim5sim5: checks
OnlyLuck111: bets $6
sim5sim5: calls $6
*** SHOW DOWN ***
OnlyLuck111: shows [7s 3s] (three of a kind, Threes)
sim5sim5: mucks hand
OnlyLuck111 collected $59.50 from pot
*** SUMMARY ***
Total pot $60 | Rake $0.50
Board [3d Td Qs 3h 8c]
Seat 5: sim5sim5 (big blind) mucked
Seat 8: OnlyLuck111 (button) (small blind) showed [7s 3s] and won ($59.50) with three of a kind, Threes


PokerStars Hand #164770939625:  Hold'em Limit ($3/$6 USD) - 2017/01/18 8:10:10 ET
Table 'Albireo III' 10-max Seat #5 is the button
Seat 5: sim5sim5 ($101.50 in chips)
Seat 8: OnlyLuck111 ($180.64 in chips)
sim5sim5: posts small blind $1
OnlyLuck111: posts big blind $3
*** HOLE CARDS ***
sim5sim5: folds
Uncalled bet ($2) returned to OnlyLuck111
OnlyLuck111 collected $2 from pot
*** SUMMARY ***
Total pot $2 | Rake $0
Seat 5: sim5sim5 (button) (small blind) folded before Flop
Seat 8: OnlyLuck111 (big blind) collected ($2)


PokerStars Hand #164770981485:  Hold'em Limit ($3/$6 USD) - 2017/01/18 8:11:21 ET
Table 'Albireo III' 10-max Seat #5 is the button
Seat 5: sim5sim5 ($72 in chips)
Seat 8: OnlyLuck111 ($213.89 in chips)
sim5sim5: posts small blind $1
OnlyLuck111: posts big blind $3
*** HOLE CARDS ***
sim5sim5: raises $3 to $6
OnlyLuck111: calls $3
*** FLOP *** [Td 8s 5h]
OnlyLuck111: checks
sim5sim5: bets $3
OnlyLuck111: raises $3 to $6
sim5sim5: calls $3
*** TURN *** [Td 8s 5h] [4h]
OnlyLuck111: checks
sim5sim5: bets $6
OnlyLuck111: raises $6 to $12
sim5sim5: calls $6
*** RIVER *** [Td 8s 5h 4h] [6d]
OnlyLuck111: bets $6
sim5sim5: calls $6
*** SHOW DOWN ***
OnlyLuck111: shows [4c 8h] (two pair, Eights and Fours)
sim5sim5: mucks hand
OnlyLuck111 collected $59.50 from pot
*** SUMMARY ***
Total pot $60 | Rake $0.50
Board [Td 8s 5h 4h 6d]
Seat 5: sim5sim5 (button) (small blind) mucked
Seat 8: OnlyLuck111 (big blind) showed [4c 8h] and won ($59.50) with two pair, Eights and Fours


PokerStars Hand #164770995517:  Hold'em Limit ($3/$6 USD) - 2017/01/18 8:11:44 ET
Table 'Albireo III' 10-max Seat #8 is the button
Seat 5: sim5sim5 ($72 in chips)
Seat 8: OnlyLuck111 ($243.39 in chips)
OnlyLuck111: posts small blind $1
sim5sim5: posts big blind $3
*** HOLE CARDS ***
OnlyLuck111: raises $3 to $6
sim5sim5: calls $3
*** FLOP *** [3s 9c 6s]
sim5sim5: checks
OnlyLuck111: bets $3
sim5sim5: raises $3 to $6
OnlyLuck111: calls $3
*** TURN *** [3s 9c 6s] [8h]
sim5sim5: bets $6
OnlyLuck111: calls $6
*** RIVER *** [3s 9c 6s 8h] [Qc]
sim5sim5: bets $6
OnlyLuck111: folds
Uncalled bet ($6) returned to sim5sim5
sim5sim5 collected $35.50 from pot
sim5sim5: doesn't show hand
*** SUMMARY ***
Total pot $36 | Rake $0.50
Board [3s 9c 6s 8h Qc]
Seat 5: sim5sim5 (big blind) collected ($35.50)
Seat 8: OnlyLuck111 (button) (small blind) folded on the River


PokerStars Hand #164770974383:  Hold'em Limit ($3/$6 USD) - 2017/01/18 8:11:09 ET
Table 'Albireo III' 10-max Seat #5 is the button
Seat 5: sim5sim5 ($72 in chips)
Seat 8: OnlyLuck111 ($213.89 in chips)
sim5sim5: posts small blind $1
OnlyLuck111: posts big blind $3
*** HOLE CARDS ***
sim5sim5: raises $3 to $6
OnlyLuck111: folds
Uncalled bet ($3) returned to sim5sim5
sim5sim5 collected $6 from pot
sim5sim5: doesn't show hand
*** SUMMARY ***
Total pot $6 | Rake $0
Seat 5: sim5sim5 (button) (small blind) collected ($6)
Seat 8: OnlyLuck111 (big blind) folded before Flop


PokerStars Hand #164770977765:  Hold'em Limit ($3/$6 USD) - 2017/01/18 8:11:14 ET
Table 'Albireo III' 10-max Seat #8 is the button
Seat 5: sim5sim5 ($75 in chips)
Seat 8: OnlyLuck111 ($210.89 in chips)
OnlyLuck111: posts small blind $1
sim5sim5: posts big blind $3
*** HOLE CARDS ***
OnlyLuck111: raises $3 to $6
sim5sim5: folds
Uncalled bet ($3) returned to OnlyLuck111
OnlyLuck111 collected $6 from pot
*** SUMMARY ***
Total pot $6 | Rake $0
Seat 5: sim5sim5 (big blind) folded before Flop
Seat 8: OnlyLuck111 (button) (small blind) collected ($6)


PokerStars Hand #164771004987:  Hold'em Limit ($3/$6 USD) - 2017/01/18 8:12:01 ET
Table 'Albireo III' 10-max Seat #5 is the button
Seat 5: sim5sim5 ($89.50 in chips)
Seat 8: OnlyLuck111 ($225.39 in chips)
sim5sim5: posts small blind $1
OnlyLuck111: posts big blind $3
*** HOLE CARDS ***
sim5sim5: raises $3 to $6
OnlyLuck111: calls $3
*** FLOP *** [Qd 5c As]
OnlyLuck111: checks
sim5sim5: bets $3
OnlyLuck111: raises $3 to $6
sim5sim5: folds
Uncalled bet ($3) returned to OnlyLuck111
OnlyLuck111 collected $17.64 from pot
*** SUMMARY ***
Total pot $18 | Rake $0.36
Board [Qd 5c As]
Seat 5: sim5sim5 (button) (small blind) folded on the Flop
Seat 8: OnlyLuck111 (big blind) collected ($17.64)


PokerStars Hand #164771013370:  Hold'em Limit ($3/$6 USD) - 2017/01/18 8:12:15 ET
Table 'Albireo III' 10-max Seat #8 is the button
Seat 5: sim5sim5 ($80.50 in chips)
Seat 8: OnlyLuck111 ($234.03 in chips)
OnlyLuck111: posts small blind $1
sim5sim5: posts big blind $3
*** HOLE CARDS ***
OnlyLuck111: raises $3 to $6
sim5sim5: folds
Uncalled bet ($3) returned to OnlyLuck111
OnlyLuck111 collected $6 from pot
*** SUMMARY ***
Total pot $6 | Rake $0
Seat 5: sim5sim5 (big blind) folded before Flop
Seat 8: OnlyLuck111 (button) (small blind) collected ($6)


PokerStars Hand #164771030268:  Hold'em Limit ($3/$6 USD) - 2017/01/18 8:12:44 ET
Table 'Albireo III' 10-max Seat #8 is the button
Seat 5: sim5sim5 ($72 in chips)
Seat 8: OnlyLuck111 ($263.53 in chips)
OnlyLuck111: posts small blind $1
sim5sim5: posts big blind $3
*** HOLE CARDS ***
OnlyLuck111: folds
Uncalled bet ($2) returned to sim5sim5
sim5sim5 collected $2 from pot
sim5sim5: doesn't show hand
*** SUMMARY ***
Total pot $2 | Rake $0
Seat 5: sim5sim5 (big blind) collected ($2)
Seat 8: OnlyLuck111 (button) (small blind) folded before Flop


PokerStars Hand #164771016893:  Hold'em Limit ($3/$6 USD) - 2017/01/18 8:12:21 ET
Table 'Albireo III' 10-max Seat #5 is the button
Seat 5: sim5sim5 ($77.50 in chips)
Seat 8: OnlyLuck111 ($237.03 in chips)
sim5sim5: posts small blind $1
OnlyLuck111: posts big blind $3
*** HOLE CARDS ***
sim5sim5: raises $3 to $6
OnlyLuck111: raises $3 to $9
sim5sim5: calls $3
*** FLOP *** [7d Tc 3c]
OnlyLuck111: bets $3
sim5sim5: raises $3 to $6
OnlyLuck111: calls $3
*** TURN *** [7d Tc 3c] [Kd]
OnlyLuck111: checks
sim5sim5: bets $6
OnlyLuck111: raises $6 to $12
sim5sim5: calls $6
*** RIVER *** [7d Tc 3c Kd] [Ah]
OnlyLuck111: bets $6
sim5sim5: folds
Uncalled bet ($6) returned to OnlyLuck111
OnlyLuck111 collected $53.50 from pot
*** SUMMARY ***
Total pot $54 | Rake $0.50
Board [7d Tc 3c Kd Ah]
Seat 5: sim5sim5 (button) (small blind) folded on the River
Seat 8: OnlyLuck111 (big blind) collected ($53.50)


PokerStars Hand #164771033215:  Hold'em Limit ($3/$6 USD) - 2017/01/18 8:12:49 ET
Table 'Albireo III' 10-max Seat #5 is the button
Seat 5: sim5sim5 ($73 in chips)
Seat 8: OnlyLuck111 ($262.53 in chips)
sim5sim5: posts small blind $1
OnlyLuck111: posts big blind $3
*** HOLE CARDS ***
sim5sim5: raises $3 to $6
OnlyLuck111: calls $3
*** FLOP *** [2d 5d 3d]
OnlyLuck111: checks
sim5sim5: bets $3
OnlyLuck111: raises $3 to $6
sim5sim5: raises $3 to $9
OnlyLuck111: calls $3
*** TURN *** [2d 5d 3d] [Qh]
OnlyLuck111: checks
sim5sim5: bets $6
OnlyLuck111: calls $6
*** RIVER *** [2d 5d 3d Qh] [9c]
OnlyLuck111: checks
sim5sim5: checks
*** SHOW DOWN ***
OnlyLuck111: shows [Ah 3h] (a pair of Threes)
sim5sim5: shows [4h 5h] (a pair of Fives)
sim5sim5 collected $41.50 from pot
*** SUMMARY ***
Total pot $42 | Rake $0.50
Board [2d 5d 3d Qh 9c]
Seat 5: sim5sim5 (button) (small blind) showed [4h 5h] and won ($41.50) with a pair of Fives
Seat 8: OnlyLuck111 (big blind) showed [Ah 3h] and lost with a pair of Threes


PokerStars Hand #164771046092:  Hold'em Limit ($3/$6 USD) - 2017/01/18 8:13:11 ET
Table 'Albireo III' 10-max Seat #8 is the button
Seat 5: sim5sim5 ($93.50 in chips)
Seat 8: OnlyLuck111 ($241.53 in chips)
OnlyLuck111: posts small blind $1
sim5sim5: posts big blind $3
*** HOLE CARDS ***
OnlyLuck111: raises $3 to $6
sim5sim5: raises $3 to $9
OnlyLuck111: calls $3
*** FLOP *** [4h 8h 7d]
sim5sim5: bets $3
OnlyLuck111: calls $3
*** TURN *** [4h 8h 7d] [Ac]
sim5sim5: bets $6
OnlyLuck111: raises $6 to $12
sim5sim5: calls $6
*** RIVER *** [4h 8h 7d Ac] [4c]
sim5sim5: checks
OnlyLuck111: bets $6
sim5sim5: calls $6
*** SHOW DOWN ***
OnlyLuck111: shows [Ts 9s] (a pair of Fours)
sim5sim5: shows [Jc Jd] (two pair, Jacks and Fours)
sim5sim5 collected $59.50 from pot
*** SUMMARY ***
Total pot $60 | Rake $0.50
Board [4h 8h 7d Ac 4c]
Seat 5: sim5sim5 (big blind) showed [Jc Jd] and won ($59.50) with two pair, Jacks and Fours
Seat 8: OnlyLuck111 (button) (small blind) showed [Ts 9s] and lost with a pair of Fours


PokerStars Hand #164771059865:  Hold'em Limit ($3/$6 USD) - 2017/01/18 8:13:34 ET
Table 'Albireo III' 10-max Seat #5 is the button
Seat 5: sim5sim5 ($123 in chips)
Seat 8: OnlyLuck111 ($211.53 in chips)
sim5sim5: posts small blind $1
OnlyLuck111: posts big blind $3
*** HOLE CARDS ***
sim5sim5: raises $3 to $6
OnlyLuck111: calls $3
*** FLOP *** [5h 2h 4h]
OnlyLuck111: checks
sim5sim5: bets $3
OnlyLuck111: raises $3 to $6
sim5sim5: calls $3
*** TURN *** [5h 2h 4h] [Ts]
OnlyLuck111: bets $6
sim5sim5: calls $6
*** RIVER *** [5h 2h 4h Ts] [7d]
OnlyLuck111: bets $6
sim5sim5: calls $6
*** SHOW DOWN ***
OnlyLuck111: shows [8s 5s] (a pair of Fives)
sim5sim5: mucks hand
OnlyLuck111 collected $47.50 from pot
*** SUMMARY ***
Total pot $48 | Rake $0.50
Board [5h 2h 4h Ts 7d]
Seat 5: sim5sim5 (button) (small blind) mucked
Seat 8: OnlyLuck111 (big blind) showed [8s 5s] and won ($47.50) with a pair of Fives


PokerStars Hand #164771072706:  Hold'em Limit ($3/$6 USD) - 2017/01/18 8:13:56 ET
Table 'Albireo III' 10-max Seat #8 is the button
Seat 5: sim5sim5 ($99 in chips)
Seat 8: OnlyLuck111 ($235.03 in chips)
OnlyLuck111: posts small blind $1
sim5sim5: posts big blind $3
*** HOLE CARDS ***
OnlyLuck111: raises $3 to $6
sim5sim5: calls $3
*** FLOP *** [9c Tc 3s]
sim5sim5: checks
OnlyLuck111: bets $3
sim5sim5: raises $3 to $6
OnlyLuck111: folds
Uncalled bet ($3) returned to sim5sim5
sim5sim5 collected $17.64 from pot
sim5sim5: doesn't show hand
*** SUMMARY ***
Total pot $18 | Rake $0.36
Board [9c Tc 3s]
Seat 5: sim5sim5 (big blind) collected ($17.64)
Seat 8: OnlyLuck111 (button) (small blind) folded on the Flop


PokerStars Hand #164771079645:  Hold'em Limit ($3/$6 USD) - 2017/01/18 8:14:07 ET
Table 'Albireo III' 10-max Seat #5 is the button
Seat 5: sim5sim5 ($107.64 in chips)
Seat 8: OnlyLuck111 ($226.03 in chips)
sim5sim5: posts small blind $1
OnlyLuck111: posts big blind $3
*** HOLE CARDS ***
sim5sim5: raises $3 to $6
OnlyLuck111: calls $3
*** FLOP *** [As Kc 8s]
OnlyLuck111: checks
sim5sim5: bets $3
OnlyLuck111: raises $3 to $6
sim5sim5: raises $3 to $9
OnlyLuck111: calls $3
*** TURN *** [As Kc 8s] [Qh]
OnlyLuck111: bets $6
sim5sim5: raises $6 to $12
OnlyLuck111: calls $6
*** RIVER *** [As Kc 8s Qh] [Ac]
OnlyLuck111: checks
sim5sim5: bets $6
OnlyLuck111: calls $6
*** SHOW DOWN ***
sim5sim5: shows [Td Kd] (two pair, Aces and Kings)
OnlyLuck111: shows [Ah Jd] (three of a kind, Aces)
OnlyLuck111 collected $65.50 from pot
*** SUMMARY ***
Total pot $66 | Rake $0.50
Board [As Kc 8s Qh Ac]
Seat 5: sim5sim5 (button) (small blind) showed [Td Kd] and lost with two pair, Aces and Kings
Seat 8: OnlyLuck111 (big blind) showed [Ah Jd] and won ($65.50) with three of a kind, Aces


PokerStars Hand #164771099424:  Hold'em Limit ($3/$6 USD) - 2017/01/18 8:14:41 ET
Table 'Albireo III' 10-max Seat #8 is the button
Seat 5: sim5sim5 ($74.64 in chips)
Seat 8: OnlyLuck111 ($258.53 in chips)
OnlyLuck111: posts small blind $1
sim5sim5: posts big blind $3
*** HOLE CARDS ***
OnlyLuck111: raises $3 to $6
sim5sim5: folds
Uncalled bet ($3) returned to OnlyLuck111
OnlyLuck111 collected $6 from pot
*** SUMMARY ***
Total pot $6 | Rake $0
Seat 5: sim5sim5 (big blind) folded before Flop
Seat 8: OnlyLuck111 (button) (small blind) collected ($6)


PokerStars Hand #164771103041:  Hold'em Limit ($3/$6 USD) - 2017/01/18 8:14:47 ET
Table 'Albireo III' 10-max Seat #5 is the button
Seat 5: sim5sim5 ($72 in chips)
Seat 8: OnlyLuck111 ($261.53 in chips)
sim5sim5: posts small blind $1
OnlyLuck111: posts big blind $3
*** HOLE CARDS ***
sim5sim5: folds
Uncalled bet ($2) returned to OnlyLuck111
OnlyLuck111 collected $2 from pot
*** SUMMARY ***
Total pot $2 | Rake $0
Seat 5: sim5sim5 (button) (small blind) folded before Flop
Seat 8: OnlyLuck111 (big blind) collected ($2)


PokerStars Hand #164771106341:  Hold'em Limit ($3/$6 USD) - 2017/01/18 8:14:52 ET
Table 'Albireo III' 10-max Seat #8 is the button
Seat 5: sim5sim5 ($72 in chips)
Seat 8: OnlyLuck111 ($262.53 in chips)
OnlyLuck111: posts small blind $1
sim5sim5: posts big blind $3
*** HOLE CARDS ***
OnlyLuck111: raises $3 to $6
sim5sim5: calls $3
*** FLOP *** [7d 3h Jd]
sim5sim5: checks
OnlyLuck111: bets $3
sim5sim5: folds
Uncalled bet ($3) returned to OnlyLuck111
OnlyLuck111 collected $11.76 from pot
*** SUMMARY ***
Total pot $12 | Rake $0.24
Board [7d 3h Jd]
Seat 5: sim5sim5 (big blind) folded on the Flop
Seat 8: OnlyLuck111 (button) (small blind) collected ($11.76)


PokerStars Hand #164771113520:  Hold'em Limit ($3/$6 USD) - 2017/01/18 8:15:04 ET
Table 'Albireo III' 10-max Seat #5 is the button
Seat 5: sim5sim5 ($72 in chips)
Seat 8: OnlyLuck111 ($268.29 in chips)
sim5sim5: posts small blind $1
OnlyLuck111: posts big blind $3
*** HOLE CARDS ***
sim5sim5: raises $3 to $6
OnlyLuck111: calls $3
*** FLOP *** [5s Kh 8c]
OnlyLuck111: checks
sim5sim5: bets $3
OnlyLuck111: raises $3 to $6
sim5sim5: calls $3
*** TURN *** [5s Kh 8c] [2c]
OnlyLuck111: bets $6
sim5sim5: folds
Uncalled bet ($6) returned to OnlyLuck111
OnlyLuck111 collected $23.52 from pot
*** SUMMARY ***
Total pot $24 | Rake $0.48
Board [5s Kh 8c 2c]
Seat 5: sim5sim5 (button) (small blind) folded on the Turn
Seat 8: OnlyLuck111 (big blind) collected ($23.52)


PokerStars Hand #164771123690:  Hold'em Limit ($3/$6 USD) - 2017/01/18 8:15:22 ET
Table 'Albireo III' 10-max Seat #8 is the button
Seat 5: sim5sim5 ($72 in chips)
Seat 8: OnlyLuck111 ($279.81 in chips)
OnlyLuck111: posts small blind $1
sim5sim5: posts big blind $3
*** HOLE CARDS ***
OnlyLuck111: raises $3 to $6
sim5sim5: calls $3
*** FLOP *** [9s 9c Ad]
sim5sim5: checks
OnlyLuck111: bets $3
sim5sim5: raises $3 to $6
OnlyLuck111: calls $3
*** TURN *** [9s 9c Ad] [Ts]
sim5sim5: checks
OnlyLuck111: checks
*** RIVER *** [9s 9c Ad Ts] [Jc]
sim5sim5: checks
OnlyLuck111: bets $6
sim5sim5: folds
Uncalled bet ($6) returned to OnlyLuck111
OnlyLuck111 collected $23.52 from pot
*** SUMMARY ***
Total pot $24 | Rake $0.48
Board [9s 9c Ad Ts Jc]
Seat 5: sim5sim5 (big blind) folded on the River
Seat 8: OnlyLuck111 (button) (small blind) collected ($23.52)


PokerStars Hand #164771139707:  Hold'em Limit ($3/$6 USD) - 2017/01/18 8:15:49 ET
Table 'Albireo III' 10-max Seat #5 is the button
Seat 5: sim5sim5 ($72 in chips)
Seat 8: OnlyLuck111 ($291.33 in chips)
sim5sim5: posts small blind $1
OnlyLuck111: posts big blind $3
*** HOLE CARDS ***
sim5sim5: raises $3 to $6
OnlyLuck111: calls $3
*** FLOP *** [2c Qh 6c]
OnlyLuck111: checks
sim5sim5: bets $3
OnlyLuck111: raises $3 to $6
sim5sim5: calls $3
*** TURN *** [2c Qh 6c] [Kd]
OnlyLuck111: bets $6
sim5sim5: raises $6 to $12
OnlyLuck111: calls $6
*** RIVER *** [2c Qh 6c Kd] [Ad]
OnlyLuck111: checks
sim5sim5: bets $6
OnlyLuck111: calls $6
*** SHOW DOWN ***
sim5sim5: shows [Ac 3c] (a pair of Aces)
OnlyLuck111: mucks hand
sim5sim5 collected $59.50 from pot
*** SUMMARY ***
Total pot $60 | Rake $0.50
Board [2c Qh 6c Kd Ad]
Seat 5: sim5sim5 (button) (small blind) showed [Ac 3c] and won ($59.50) with a pair of Aces
Seat 8: OnlyLuck111 (big blind) mucked


PokerStars Hand #164771154515:  Hold'em Limit ($3/$6 USD) - 2017/01/18 8:16:13 ET
Table 'Albireo III' 10-max Seat #8 is the button
Seat 5: sim5sim5 ($101.50 in chips)
Seat 8: OnlyLuck111 ($261.33 in chips)
OnlyLuck111: posts small blind $1
sim5sim5: posts big blind $3
*** HOLE CARDS ***
OnlyLuck111: raises $3 to $6
sim5sim5: calls $3
*** FLOP *** [Ad 4d 3h]
sim5sim5: checks
OnlyLuck111: bets $3
sim5sim5: calls $3
*** TURN *** [Ad 4d 3h] [5s]
sim5sim5: checks
OnlyLuck111: bets $6
sim5sim5: calls $6
*** RIVER *** [Ad 4d 3h 5s] [2c]
sim5sim5: bets $6
OnlyLuck111: folds
Uncalled bet ($6) returned to sim5sim5
sim5sim5 collected $29.50 from pot
sim5sim5: doesn't show hand
*** SUMMARY ***
Total pot $30 | Rake $0.50
Board [Ad 4d 3h 5s 2c]
Seat 5: sim5sim5 (big blind) collected ($29.50)
Seat 8: OnlyLuck111 (button) (small blind) folded on the River


PokerStars Hand #164771183470:  Hold'em Limit ($3/$6 USD) - 2017/01/18 8:17:02 ET
Table 'Albireo III' 10-max Seat #8 is the button
Seat 5: sim5sim5 ($86 in chips)
Seat 8: OnlyLuck111 ($275.83 in chips)
OnlyLuck111: posts small blind $1
sim5sim5: posts big blind $3
*** HOLE CARDS ***
OnlyLuck111: raises $3 to $6
sim5sim5: folds
Uncalled bet ($3) returned to OnlyLuck111
OnlyLuck111 collected $6 from pot
*** SUMMARY ***
Total pot $6 | Rake $0
Seat 5: sim5sim5 (big blind) folded before Flop
Seat 8: OnlyLuck111 (button) (small blind) collected ($6)


PokerStars Hand #164771169738:  Hold'em Limit ($3/$6 USD) - 2017/01/18 8:16:39 ET
Table 'Albireo III' 10-max Seat #5 is the button
Seat 5: sim5sim5 ($116 in chips)
Seat 8: OnlyLuck111 ($246.33 in chips)
sim5sim5: posts small blind $1
OnlyLuck111: posts big blind $3
*** HOLE CARDS ***
sim5sim5: raises $3 to $6
OnlyLuck111: calls $3
*** FLOP *** [3d 2s Jc]
OnlyLuck111: checks
sim5sim5: bets $3
OnlyLuck111: raises $3 to $6
sim5sim5: calls $3
*** TURN *** [3d 2s Jc] [Jh]
OnlyLuck111: bets $6
sim5sim5: raises $6 to $12
OnlyLuck111: calls $6
*** RIVER *** [3d 2s Jc Jh] [Ks]
OnlyLuck111: checks
sim5sim5: bets $6
OnlyLuck111: calls $6
*** SHOW DOWN ***
sim5sim5: shows [Tc 8s] (a pair of Jacks)
OnlyLuck111: shows [3h Ts] (two pair, Jacks and Threes)
OnlyLuck111 collected $59.50 from pot
*** SUMMARY ***
Total pot $60 | Rake $0.50
Board [3d 2s Jc Jh Ks]
Seat 5: sim5sim5 (button) (small blind) showed [Tc 8s] and lost with a pair of Jacks
Seat 8: OnlyLuck111 (big blind) showed [3h Ts] and won ($59.50) with two pair, Jacks and Threes


PokerStars Hand #164771188253:  Hold'em Limit ($3/$6 USD) - 2017/01/18 8:17:10 ET
Table 'Albireo III' 10-max Seat #5 is the button
Seat 5: sim5sim5 ($83 in chips)
Seat 8: OnlyLuck111 ($278.83 in chips)
sim5sim5: posts small blind $1
OnlyLuck111: posts big blind $3
*** HOLE CARDS ***
sim5sim5: folds
Uncalled bet ($2) returned to OnlyLuck111
OnlyLuck111 collected $2 from pot
*** SUMMARY ***
Total pot $2 | Rake $0
Seat 5: sim5sim5 (button) (small blind) folded before Flop
Seat 8: OnlyLuck111 (big blind) collected ($2)


PokerStars Hand #164771191411:  Hold'em Limit ($3/$6 USD) - 2017/01/18 8:17:16 ET
Table 'Albireo III' 10-max Seat #8 is the button
Seat 5: sim5sim5 ($82 in chips)
Seat 8: OnlyLuck111 ($279.83 in chips)
OnlyLuck111: posts small blind $1
sim5sim5: posts big blind $3
*** HOLE CARDS ***
OnlyLuck111: raises $3 to $6
sim5sim5: calls $3
*** FLOP *** [5h 3s Qc]
sim5sim5: checks
OnlyLuck111: bets $3
sim5sim5: raises $3 to $6
OnlyLuck111: calls $3
*** TURN *** [5h 3s Qc] [9d]
sim5sim5: bets $6
OnlyLuck111: folds
Uncalled bet ($6) returned to sim5sim5
sim5sim5 collected $23.52 from pot
sim5sim5: doesn't show hand
*** SUMMARY ***
Total pot $24 | Rake $0.48
Board [5h 3s Qc 9d]
Seat 5: sim5sim5 (big blind) collected ($23.52)
Seat 8: OnlyLuck111 (button) (small blind) folded on the Turn


PokerStars Hand #164771201588:  Hold'em Limit ($3/$6 USD) - 2017/01/18 8:17:33 ET
Table 'Albireo III' 10-max Seat #5 is the button
Seat 5: sim5sim5 ($93.52 in chips)
Seat 8: OnlyLuck111 ($267.83 in chips)
sim5sim5: posts small blind $1
OnlyLuck111: posts big blind $3
*** HOLE CARDS ***
sim5sim5: raises $3 to $6
OnlyLuck111: calls $3
*** FLOP *** [3h 6h Kd]
OnlyLuck111: checks
sim5sim5: bets $3
OnlyLuck111: calls $3
*** TURN *** [3h 6h Kd] [4s]
OnlyLuck111: checks
sim5sim5: checks
*** RIVER *** [3h 6h Kd 4s] [2s]
OnlyLuck111: bets $6
sim5sim5: calls $6
*** SHOW DOWN ***
OnlyLuck111: shows [7c 4h] (a pair of Fours)
sim5sim5: mucks hand
OnlyLuck111 collected $29.50 from pot
*** SUMMARY ***
Total pot $30 | Rake $0.50
Board [3h 6h Kd 4s 2s]
Seat 5: sim5sim5 (button) (small blind) mucked
Seat 8: OnlyLuck111 (big blind) showed [7c 4h] and won ($29.50) with a pair of Fours


PokerStars Hand #164771215283:  Hold'em Limit ($3/$6 USD) - 2017/01/18 8:17:56 ET
Table 'Albireo III' 10-max Seat #8 is the button
Seat 5: sim5sim5 ($78.52 in chips)
Seat 8: OnlyLuck111 ($282.33 in chips)
OnlyLuck111: posts small blind $1
sim5sim5: posts big blind $3
*** HOLE CARDS ***
OnlyLuck111: raises $3 to $6
sim5sim5: folds
Uncalled bet ($3) returned to OnlyLuck111
OnlyLuck111 collected $6 from pot
*** SUMMARY ***
Total pot $6 | Rake $0
Seat 5: sim5sim5 (big blind) folded before Flop
Seat 8: OnlyLuck111 (button) (small blind) collected ($6)


PokerStars Hand #164771238788:  Hold'em Limit ($3/$6 USD) - 2017/01/18 8:18:35 ET
Table 'Albireo III' 10-max Seat #5 is the button
Seat 5: sim5sim5 ($72 in chips)
Seat 8: OnlyLuck111 ($308.47 in chips)
sim5sim5: posts small blind $1
OnlyLuck111: posts big blind $3
*** HOLE CARDS ***
sim5sim5: raises $3 to $6
OnlyLuck111: calls $3
*** FLOP *** [5h Qc 5s]
OnlyLuck111: checks
sim5sim5: bets $3
OnlyLuck111: folds
Uncalled bet ($3) returned to sim5sim5
sim5sim5 collected $11.76 from pot
sim5sim5: doesn't show hand
*** SUMMARY ***
Total pot $12 | Rake $0.24
Board [5h Qc 5s]
Seat 5: sim5sim5 (button) (small blind) collected ($11.76)
Seat 8: OnlyLuck111 (big blind) folded on the Flop


PokerStars Hand #164771227902:  Hold'em Limit ($3/$6 USD) - 2017/01/18 8:18:17 ET
Table 'Albireo III' 10-max Seat #8 is the button
Seat 5: sim5sim5 ($72 in chips)
Seat 8: OnlyLuck111 ($293.97 in chips)
OnlyLuck111: posts small blind $1
sim5sim5: posts big blind $3
*** HOLE CARDS ***
OnlyLuck111: raises $3 to $6
sim5sim5: calls $3
*** FLOP *** [5d 3h Kd]
sim5sim5: checks
OnlyLuck111: bets $3
sim5sim5: calls $3
*** TURN *** [5d 3h Kd] [3s]
sim5sim5: checks
OnlyLuck111: checks
*** RIVER *** [5d 3h Kd 3s] [2d]
sim5sim5: bets $6
OnlyLuck111: calls $6
*** SHOW DOWN ***
sim5sim5: shows [6s 9c] (a pair of Threes)
OnlyLuck111: shows [5s Ks] (two pair, Kings and Fives)
OnlyLuck111 collected $29.50 from pot
*** SUMMARY ***
Total pot $30 | Rake $0.50
Board [5d 3h Kd 3s 2d]
Seat 5: sim5sim5 (big blind) showed [6s 9c] and lost with a pair of Threes
Seat 8: OnlyLuck111 (button) (small blind) showed [5s Ks] and won ($29.50) with two pair, Kings and Fives


PokerStars Hand #164771218916:  Hold'em Limit ($3/$6 USD) - 2017/01/18 8:18:02 ET
Table 'Albireo III' 10-max Seat #5 is the button
Seat 5: sim5sim5 ($75.52 in chips)
Seat 8: OnlyLuck111 ($285.33 in chips)
sim5sim5: posts small blind $1
OnlyLuck111: posts big blind $3
*** HOLE CARDS ***
sim5sim5: raises $3 to $6
OnlyLuck111: calls $3
*** FLOP *** [8h Ks 8c]
OnlyLuck111: checks
sim5sim5: bets $3
OnlyLuck111: raises $3 to $6
sim5sim5: folds
Uncalled bet ($3) returned to OnlyLuck111
OnlyLuck111 collected $17.64 from pot
*** SUMMARY ***
Total pot $18 | Rake $0.36
Board [8h Ks 8c]
Seat 5: sim5sim5 (button) (small blind) folded on the Flop
Seat 8: OnlyLuck111 (big blind) collected ($17.64)


PokerStars Hand #164771289496:  Hold'em Limit ($3/$6 USD) - 2017/01/18 8:19:59 ET
Table 'Albireo III' 10-max Seat #5 is the button
Seat 5: sim5sim5 ($74.75 in chips)
Seat 8: OnlyLuck111 ($313.72 in chips)
sim5sim5: posts small blind $1
OnlyLuck111: posts big blind $3
*** HOLE CARDS ***
sim5sim5: raises $3 to $6
OnlyLuck111: folds
Uncalled bet ($3) returned to sim5sim5
sim5sim5 collected $6 from pot
sim5sim5: doesn't show hand
*** SUMMARY ***
Total pot $6 | Rake $0
Seat 5: sim5sim5 (button) (small blind) collected ($6)
Seat 8: OnlyLuck111 (big blind) folded before Flop


PokerStars Hand #164771263570:  Hold'em Limit ($3/$6 USD) - 2017/01/18 8:19:16 ET
Table 'Albireo III' 10-max Seat #5 is the button
Seat 5: sim5sim5 ($72 in chips)
Seat 8: OnlyLuck111 ($316.97 in chips)
sim5sim5: posts small blind $1
OnlyLuck111: posts big blind $3
*** HOLE CARDS ***
sim5sim5: raises $3 to $6
OnlyLuck111: folds
Uncalled bet ($3) returned to sim5sim5
sim5sim5 collected $6 from pot
sim5sim5: doesn't show hand
*** SUMMARY ***
Total pot $6 | Rake $0
Seat 5: sim5sim5 (button) (small blind) collected ($6)
Seat 8: OnlyLuck111 (big blind) folded before Flop


PokerStars Hand #164771266982:  Hold'em Limit ($3/$6 USD) - 2017/01/18 8:19:22 ET
Table 'Albireo III' 10-max Seat #8 is the button
Seat 5: sim5sim5 ($75 in chips)
Seat 8: OnlyLuck111 ($313.97 in chips)
OnlyLuck111: posts small blind $1
sim5sim5: posts big blind $3
*** HOLE CARDS ***
OnlyLuck111: raises $3 to $6
sim5sim5: calls $3
*** FLOP *** [Qs Jh 9d]
sim5sim5: checks
OnlyLuck111: bets $3
sim5sim5: raises $3 to $6
OnlyLuck111: calls $3
*** TURN *** [Qs Jh 9d] [Kd]
sim5sim5: checks
OnlyLuck111: bets $6
sim5sim5: raises $6 to $12
OnlyLuck111: raises $6 to $18
sim5sim5: calls $6
*** RIVER *** [Qs Jh 9d Kd] [4h]
sim5sim5: checks
OnlyLuck111: bets $6
sim5sim5: calls $6
*** SHOW DOWN ***
OnlyLuck111: shows [Qd Th] (a straight, Nine to King)
sim5sim5: shows [Ts 7c] (a straight, Nine to King)
sim5sim5 collected $35.75 from pot
OnlyLuck111 collected $35.75 from pot
*** SUMMARY ***
Total pot $72 | Rake $0.50
Board [Qs Jh 9d Kd 4h]
Seat 5: sim5sim5 (big blind) showed [Ts 7c] and won ($35.75) with a straight, Nine to King
Seat 8: OnlyLuck111 (button) (small blind) showed [Qd Th] and won ($35.75) with a straight, Nine to King


PokerStars Hand #164771245343:  Hold'em Limit ($3/$6 USD) - 2017/01/18 8:18:46 ET
Table 'Albireo III' 10-max Seat #8 is the button
Seat 5: sim5sim5 ($77.76 in chips)
Seat 8: OnlyLuck111 ($302.47 in chips)
OnlyLuck111: posts small blind $1
sim5sim5: posts big blind $3
*** HOLE CARDS ***
OnlyLuck111: raises $3 to $6
sim5sim5: calls $3
*** FLOP *** [6h 2s Td]
sim5sim5: checks
OnlyLuck111: bets $3
sim5sim5: calls $3
*** TURN *** [6h 2s Td] [8s]
sim5sim5: checks
OnlyLuck111: checks
*** RIVER *** [6h 2s Td 8s] [5s]
sim5sim5: checks
OnlyLuck111: bets $6
sim5sim5: calls $6
*** SHOW DOWN ***
OnlyLuck111: shows [6c Ks] (a pair of Sixes)
sim5sim5: mucks hand
OnlyLuck111 collected $29.50 from pot
*** SUMMARY ***
Total pot $30 | Rake $0.50
Board [6h 2s Td 8s 5s]
Seat 5: sim5sim5 (big blind) mucked
Seat 8: OnlyLuck111 (button) (small blind) showed [6c Ks] and won ($29.50) with a pair of Sixes


