PokerStars Hand #154580084872:  Hold'em Limit ($3/$6 USD) - 2016/06/11 4:19:42 ET
Table 'Albiorix' 6-max Seat #2 is the button
Seat 2: gle100 ($223.96 in chips)
Seat 3: LolDnkaments ($75 in chips)
gle100: posts small blind $1
LolDnkaments: posts big blind $3
*** HOLE CARDS ***
gle100: folds
Uncalled bet ($2) returned to LolDnkaments
LolDnkaments collected $2 from pot
LolDnkaments: doesn't show hand
*** SUMMARY ***
Total pot $2 | Rake $0
Seat 2: gle100 (button) (small blind) folded before Flop
Seat 3: LolDnkaments (big blind) collected ($2)


PokerStars Hand #154580082676:  Hold'em Limit ($3/$6 USD) - 2016/06/11 4:19:36 ET
Table 'Albiorix' 6-max Seat #3 is the button
Seat 2: gle100 ($226.96 in chips)
Seat 3: LolDnkaments ($72 in chips)
LolDnkaments: posts small blind $1
gle100: posts big blind $3
*** HOLE CARDS ***
LolDnkaments: raises $3 to $6
gle100: folds
Uncalled bet ($3) returned to LolDnkaments
LolDnkaments collected $6 from pot
LolDnkaments: doesn't show hand
*** SUMMARY ***
Total pot $6 | Rake $0
Seat 2: gle100 (big blind) folded before Flop
Seat 3: LolDnkaments (button) (small blind) collected ($6)


PokerStars Hand #154580102948:  Hold'em Limit ($3/$6 USD) - 2016/06/11 4:20:37 ET
Table 'Albiorix' 6-max Seat #3 is the button
Seat 2: gle100 ($177.96 in chips)
Seat 3: LolDnkaments ($120 in chips)
LolDnkaments: posts small blind $1
gle100: posts big blind $3
*** HOLE CARDS ***
LolDnkaments: folds
Uncalled bet ($2) returned to gle100
gle100 collected $2 from pot
gle100: doesn't show hand
*** SUMMARY ***
Total pot $2 | Rake $0
Seat 2: gle100 (big blind) collected ($2)
Seat 3: LolDnkaments (button) (small blind) folded before Flop


PokerStars Hand #154580095610:  Hold'em Limit ($3/$6 USD) - 2016/06/11 4:20:14 ET
Table 'Albiorix' 6-max Seat #2 is the button
Seat 2: gle100 ($198.96 in chips)
Seat 3: LolDnkaments ($99.50 in chips)
gle100: posts small blind $1
LolDnkaments: posts big blind $3
*** HOLE CARDS ***
gle100: raises $3 to $6
LolDnkaments: calls $3
*** FLOP *** [Jd 9s Jc]
LolDnkaments: checks
gle100: bets $3
LolDnkaments: calls $3
*** TURN *** [Jd 9s Jc] [Kh]
LolDnkaments: checks
gle100: bets $6
LolDnkaments: calls $6
*** RIVER *** [Jd 9s Jc Kh] [4d]
LolDnkaments: checks
gle100: bets $6
LolDnkaments: calls $6
*** SHOW DOWN ***
gle100: shows [Tc 7d] (a pair of Jacks)
LolDnkaments: shows [3c Kd] (two pair, Kings and Jacks)
LolDnkaments collected $41.50 from pot
*** SUMMARY ***
Total pot $42 | Rake $0.50
Board [Jd 9s Jc Kh 4d]
Seat 2: gle100 (button) (small blind) showed [Tc 7d] and lost with a pair of Jacks
Seat 3: LolDnkaments (big blind) showed [3c Kd] and won ($41.50) with two pair, Kings and Jacks


PokerStars Hand #154580086790:  Hold'em Limit ($3/$6 USD) - 2016/06/11 4:19:48 ET
Table 'Albiorix' 6-max Seat #3 is the button
Seat 2: gle100 ($222.96 in chips)
Seat 3: LolDnkaments ($76 in chips)
LolDnkaments: posts small blind $1
gle100: posts big blind $3
*** HOLE CARDS ***
LolDnkaments: raises $3 to $6
gle100: calls $3
*** FLOP *** [6s Qh 5d]
gle100: checks
LolDnkaments: bets $3
gle100: raises $3 to $6
LolDnkaments: calls $3
*** TURN *** [6s Qh 5d] [Th]
gle100: bets $6
LolDnkaments: calls $6
*** RIVER *** [6s Qh 5d Th] [2h]
gle100: bets $6
LolDnkaments: calls $6
*** SHOW DOWN ***
gle100: shows [8s 7h] (high card Queen)
LolDnkaments: shows [9c Ah] (high card Ace)
LolDnkaments collected $47.50 from pot
*** SUMMARY ***
Total pot $48 | Rake $0.50
Board [6s Qh 5d Th 2h]
Seat 2: gle100 (big blind) showed [8s 7h] and lost with high card Queen
Seat 3: LolDnkaments (button) (small blind) showed [9c Ah] and won ($47.50) with high card Ace


PokerStars Hand #154580104573:  Hold'em Limit ($3/$6 USD) - 2016/06/11 4:20:41 ET
Table 'Albiorix' 6-max Seat #2 is the button
Seat 2: gle100 ($178.96 in chips)
Seat 3: LolDnkaments ($119 in chips)
gle100: posts small blind $1
LolDnkaments: posts big blind $3
*** HOLE CARDS ***
gle100: folds
Uncalled bet ($2) returned to LolDnkaments
LolDnkaments collected $2 from pot
LolDnkaments: doesn't show hand
*** SUMMARY ***
Total pot $2 | Rake $0
Seat 2: gle100 (button) (small blind) folded before Flop
Seat 3: LolDnkaments (big blind) collected ($2)


PokerStars Hand #154580121709:  Hold'em Limit ($3/$6 USD) - 2016/06/11 4:21:32 ET
Table 'Albiorix' 6-max Seat #2 is the button
Seat 2: gle100 ($150.72 in chips)
Seat 3: LolDnkaments ($146.50 in chips)
gle100: posts small blind $1
LolDnkaments: posts big blind $3
*** HOLE CARDS ***
gle100: folds
Uncalled bet ($2) returned to LolDnkaments
LolDnkaments collected $2 from pot
LolDnkaments: doesn't show hand
*** SUMMARY ***
Total pot $2 | Rake $0
Seat 2: gle100 (button) (small blind) folded before Flop
Seat 3: LolDnkaments (big blind) collected ($2)


PokerStars Hand #154580106447:  Hold'em Limit ($3/$6 USD) - 2016/06/11 4:20:47 ET
Table 'Albiorix' 6-max Seat #3 is the button
Seat 2: gle100 ($177.96 in chips)
Seat 3: LolDnkaments ($120 in chips)
LolDnkaments: posts small blind $1
gle100: posts big blind $3
*** HOLE CARDS ***
LolDnkaments: raises $3 to $6
gle100: raises $3 to $9
LolDnkaments: calls $3
*** FLOP *** [Jd Jc 4d]
gle100: bets $3
LolDnkaments: calls $3
*** TURN *** [Jd Jc 4d] [6d]
gle100: bets $6
LolDnkaments: raises $6 to $12
gle100: calls $6
*** RIVER *** [Jd Jc 4d 6d] [Qs]
gle100: checks
LolDnkaments: bets $6
gle100: calls $6
*** SHOW DOWN ***
LolDnkaments: shows [3d 9d] (a flush, Jack high)
gle100: mucks hand
LolDnkaments collected $59.50 from pot
*** SUMMARY ***
Total pot $60 | Rake $0.50
Board [Jd Jc 4d 6d Qs]
Seat 2: gle100 (big blind) mucked
Seat 3: LolDnkaments (button) (small blind) showed [3d 9d] and won ($59.50) with a flush, Jack high


PokerStars Hand #154580115795:  Hold'em Limit ($3/$6 USD) - 2016/06/11 4:21:15 ET
Table 'Albiorix' 6-max Seat #2 is the button
Seat 2: gle100 ($147.96 in chips)
Seat 3: LolDnkaments ($149.50 in chips)
gle100: posts small blind $1
LolDnkaments: posts big blind $3
*** HOLE CARDS ***
gle100: raises $3 to $6
LolDnkaments: calls $3
*** FLOP *** [4s 7s Ts]
LolDnkaments: checks
gle100: bets $3
LolDnkaments: folds
Uncalled bet ($3) returned to gle100
gle100 collected $11.76 from pot
gle100: doesn't show hand
*** SUMMARY ***
Total pot $12 | Rake $0.24
Board [4s 7s Ts]
Seat 2: gle100 (button) (small blind) collected ($11.76)
Seat 3: LolDnkaments (big blind) folded on the Flop


PokerStars Hand #154580119553:  Hold'em Limit ($3/$6 USD) - 2016/06/11 4:21:26 ET
Table 'Albiorix' 6-max Seat #3 is the button
Seat 2: gle100 ($153.72 in chips)
Seat 3: LolDnkaments ($143.50 in chips)
LolDnkaments: posts small blind $1
gle100: posts big blind $3
*** HOLE CARDS ***
LolDnkaments: raises $3 to $6
gle100: folds
Uncalled bet ($3) returned to LolDnkaments
LolDnkaments collected $6 from pot
LolDnkaments: doesn't show hand
*** SUMMARY ***
Total pot $6 | Rake $0
Seat 2: gle100 (big blind) folded before Flop
Seat 3: LolDnkaments (button) (small blind) collected ($6)


PokerStars Hand #154580123392:  Hold'em Limit ($3/$6 USD) - 2016/06/11 4:21:38 ET
Table 'Albiorix' 6-max Seat #3 is the button
Seat 2: gle100 ($149.72 in chips)
Seat 3: LolDnkaments ($147.50 in chips)
LolDnkaments: posts small blind $1
gle100: posts big blind $3
*** HOLE CARDS ***
LolDnkaments: raises $3 to $6
gle100: raises $3 to $9
LolDnkaments: calls $3
*** FLOP *** [Jh Qd Ah]
gle100: bets $3
LolDnkaments: calls $3
*** TURN *** [Jh Qd Ah] [3s]
gle100: bets $6
LolDnkaments: folds
Uncalled bet ($6) returned to gle100
gle100 collected $23.52 from pot
gle100: doesn't show hand
*** SUMMARY ***
Total pot $24 | Rake $0.48
Board [Jh Qd Ah 3s]
Seat 2: gle100 (big blind) collected ($23.52)
Seat 3: LolDnkaments (button) (small blind) folded on the Turn


PokerStars Hand #154580130687:  Hold'em Limit ($3/$6 USD) - 2016/06/11 4:22:00 ET
Table 'Albiorix' 6-max Seat #3 is the button
Seat 2: gle100 ($160.24 in chips)
Seat 3: LolDnkaments ($136.50 in chips)
LolDnkaments: posts small blind $1
gle100: posts big blind $3
*** HOLE CARDS ***
LolDnkaments: raises $3 to $6
gle100: folds
Uncalled bet ($3) returned to LolDnkaments
LolDnkaments collected $6 from pot
LolDnkaments: doesn't show hand
*** SUMMARY ***
Total pot $6 | Rake $0
Seat 2: gle100 (big blind) folded before Flop
Seat 3: LolDnkaments (button) (small blind) collected ($6)


PokerStars Hand #154580128937:  Hold'em Limit ($3/$6 USD) - 2016/06/11 4:21:54 ET
Table 'Albiorix' 6-max Seat #2 is the button
Seat 2: gle100 ($161.24 in chips)
Seat 3: LolDnkaments ($135.50 in chips)
gle100: posts small blind $1
LolDnkaments: posts big blind $3
*** HOLE CARDS ***
gle100: folds
Uncalled bet ($2) returned to LolDnkaments
LolDnkaments collected $2 from pot
LolDnkaments: doesn't show hand
*** SUMMARY ***
Total pot $2 | Rake $0
Seat 2: gle100 (button) (small blind) folded before Flop
Seat 3: LolDnkaments (big blind) collected ($2)


PokerStars Hand #154580143306:  Hold'em Limit ($3/$6 USD) - 2016/06/11 4:22:37 ET
Table 'Albiorix' 6-max Seat #2 is the button
Seat 2: gle100 ($124.24 in chips)
Seat 3: LolDnkaments ($171.64 in chips)
gle100: posts small blind $1
LolDnkaments: posts big blind $3
*** HOLE CARDS ***
gle100: folds
Uncalled bet ($2) returned to LolDnkaments
LolDnkaments collected $2 from pot
LolDnkaments: doesn't show hand
*** SUMMARY ***
Total pot $2 | Rake $0
Seat 2: gle100 (button) (small blind) folded before Flop
Seat 3: LolDnkaments (big blind) collected ($2)


PokerStars Hand #154580136560:  Hold'em Limit ($3/$6 USD) - 2016/06/11 4:22:17 ET
Table 'Albiorix' 6-max Seat #3 is the button
Seat 2: gle100 ($148.24 in chips)
Seat 3: LolDnkaments ($148.14 in chips)
LolDnkaments: posts small blind $1
gle100: posts big blind $3
*** HOLE CARDS ***
LolDnkaments: raises $3 to $6
gle100: raises $3 to $9
LolDnkaments: calls $3
*** FLOP *** [7s 9c 4s]
gle100: bets $3
LolDnkaments: calls $3
*** TURN *** [7s 9c 4s] [5s]
gle100: bets $6
LolDnkaments: calls $6
*** RIVER *** [7s 9c 4s 5s] [7c]
gle100: bets $6
LolDnkaments: raises $6 to $12
gle100: folds
Uncalled bet ($6) returned to LolDnkaments
LolDnkaments collected $47.50 from pot
LolDnkaments: doesn't show hand
*** SUMMARY ***
Total pot $48 | Rake $0.50
Board [7s 9c 4s 5s 7c]
Seat 2: gle100 (big blind) folded on the River
Seat 3: LolDnkaments (button) (small blind) collected ($47.50)


PokerStars Hand #154580162878:  Hold'em Limit ($3/$6 USD) - 2016/06/11 4:23:35 ET
Table 'Albiorix' 6-max Seat #3 is the button
Seat 2: gle100 ($157.24 in chips)
Seat 3: LolDnkaments ($137.64 in chips)
LolDnkaments: posts small blind $1
gle100: posts big blind $3
*** HOLE CARDS ***
LolDnkaments: raises $3 to $6
gle100: raises $3 to $9
LolDnkaments: calls $3
*** FLOP *** [Jh 4s 9s]
gle100: bets $3
LolDnkaments: calls $3
*** TURN *** [Jh 4s 9s] [6d]
gle100: bets $6
LolDnkaments: calls $6
*** RIVER *** [Jh 4s 9s 6d] [Kc]
gle100: bets $6
LolDnkaments: calls $6
*** SHOW DOWN ***
gle100: shows [8c Jd] (a pair of Jacks)
LolDnkaments: mucks hand
gle100 collected $47.50 from pot
*** SUMMARY ***
Total pot $48 | Rake $0.50
Board [Jh 4s 9s 6d Kc]
Seat 2: gle100 (big blind) showed [8c Jd] and won ($47.50) with a pair of Jacks
Seat 3: LolDnkaments (button) (small blind) mucked


PokerStars Hand #154580151120:  Hold'em Limit ($3/$6 USD) - 2016/06/11 4:23:00 ET
Table 'Albiorix' 6-max Seat #2 is the button
Seat 2: gle100 ($146.74 in chips)
Seat 3: LolDnkaments ($148.64 in chips)
gle100: posts small blind $1
LolDnkaments: posts big blind $3
*** HOLE CARDS ***
gle100: folds
Uncalled bet ($2) returned to LolDnkaments
LolDnkaments collected $2 from pot
LolDnkaments: doesn't show hand
*** SUMMARY ***
Total pot $2 | Rake $0
Seat 2: gle100 (button) (small blind) folded before Flop
Seat 3: LolDnkaments (big blind) collected ($2)


PokerStars Hand #154580145011:  Hold'em Limit ($3/$6 USD) - 2016/06/11 4:22:42 ET
Table 'Albiorix' 6-max Seat #3 is the button
Seat 2: gle100 ($123.24 in chips)
Seat 3: LolDnkaments ($172.64 in chips)
LolDnkaments: posts small blind $1
gle100: posts big blind $3
*** HOLE CARDS ***
LolDnkaments: raises $3 to $6
gle100: raises $3 to $9
LolDnkaments: calls $3
*** FLOP *** [Qh 3s Td]
gle100: bets $3
LolDnkaments: calls $3
*** TURN *** [Qh 3s Td] [8s]
gle100: bets $6
LolDnkaments: calls $6
*** RIVER *** [Qh 3s Td 8s] [4h]
gle100: bets $6
LolDnkaments: calls $6
*** SHOW DOWN ***
gle100: shows [7s Qd] (a pair of Queens)
LolDnkaments: mucks hand
gle100 collected $47.50 from pot
*** SUMMARY ***
Total pot $48 | Rake $0.50
Board [Qh 3s Td 8s 4h]
Seat 2: gle100 (big blind) showed [7s Qd] and won ($47.50) with a pair of Queens
Seat 3: LolDnkaments (button) (small blind) mucked


PokerStars Hand #154580154606:  Hold'em Limit ($3/$6 USD) - 2016/06/11 4:23:11 ET
Table 'Albiorix' 6-max Seat #2 is the button
Seat 2: gle100 ($142.74 in chips)
Seat 3: LolDnkaments ($152.64 in chips)
gle100: posts small blind $1
LolDnkaments: posts big blind $3
*** HOLE CARDS ***
gle100: raises $3 to $6
LolDnkaments: raises $3 to $9
gle100: raises $3 to $12
Betting is capped
LolDnkaments: calls $3
*** FLOP *** [4h 8h 9h]
LolDnkaments: checks
gle100: bets $3
LolDnkaments: calls $3
*** TURN *** [4h 8h 9h] [Qh]
LolDnkaments: checks
gle100: bets $6
LolDnkaments: folds
Uncalled bet ($6) returned to gle100
gle100 collected $29.50 from pot
gle100: doesn't show hand
*** SUMMARY ***
Total pot $30 | Rake $0.50
Board [4h 8h 9h Qh]
Seat 2: gle100 (button) (small blind) collected ($29.50)
Seat 3: LolDnkaments (big blind) folded on the Turn


PokerStars Hand #154580179029:  Hold'em Limit ($3/$6 USD) - 2016/06/11 4:24:23 ET
Table 'Albiorix' 6-max Seat #3 is the button
Seat 2: gle100 ($201.24 in chips)
Seat 3: LolDnkaments ($92.64 in chips)
LolDnkaments: posts small blind $1
gle100: posts big blind $3
*** HOLE CARDS ***
LolDnkaments: raises $3 to $6
gle100: raises $3 to $9
LolDnkaments: calls $3
*** FLOP *** [Jd Jh Ah]
gle100: bets $3
LolDnkaments: folds
Uncalled bet ($3) returned to gle100
gle100 collected $17.64 from pot
gle100: doesn't show hand
*** SUMMARY ***
Total pot $18 | Rake $0.36
Board [Jd Jh Ah]
Seat 2: gle100 (big blind) collected ($17.64)
Seat 3: LolDnkaments (button) (small blind) folded on the Flop


PokerStars Hand #154580182466:  Hold'em Limit ($3/$6 USD) - 2016/06/11 4:24:33 ET
Table 'Albiorix' 6-max Seat #2 is the button
Seat 2: gle100 ($209.88 in chips)
Seat 3: LolDnkaments ($83.64 in chips)
gle100: posts small blind $1
LolDnkaments: posts big blind $3
*** HOLE CARDS ***
gle100: folds
Uncalled bet ($2) returned to LolDnkaments
LolDnkaments collected $2 from pot
LolDnkaments: doesn't show hand
*** SUMMARY ***
Total pot $2 | Rake $0
Seat 2: gle100 (button) (small blind) folded before Flop
Seat 3: LolDnkaments (big blind) collected ($2)


PokerStars Hand #154580169515:  Hold'em Limit ($3/$6 USD) - 2016/06/11 4:23:55 ET
Table 'Albiorix' 6-max Seat #2 is the button
Seat 2: gle100 ($180.74 in chips)
Seat 3: LolDnkaments ($113.64 in chips)
gle100: posts small blind $1
LolDnkaments: posts big blind $3
*** HOLE CARDS ***
gle100: raises $3 to $6
LolDnkaments: raises $3 to $9
gle100: raises $3 to $12
Betting is capped
LolDnkaments: calls $3
*** FLOP *** [Jd 2d 5c]
LolDnkaments: checks
gle100: bets $3
LolDnkaments: calls $3
*** TURN *** [Jd 2d 5c] [Ad]
LolDnkaments: checks
gle100: bets $6
LolDnkaments: calls $6
*** RIVER *** [Jd 2d 5c Ad] [Jh]
LolDnkaments: checks
gle100: checks
*** SHOW DOWN ***
LolDnkaments: shows [9s Kh] (a pair of Jacks)
gle100: shows [Kc Qc] (a pair of Jacks - Ace+King+Queen kicker)
gle100 collected $41.50 from pot
*** SUMMARY ***
Total pot $42 | Rake $0.50
Board [Jd 2d 5c Ad Jh]
Seat 2: gle100 (button) (small blind) showed [Kc Qc] and won ($41.50) with a pair of Jacks
Seat 3: LolDnkaments (big blind) showed [9s Kh] and lost with a pair of Jacks


PokerStars Hand #154580191979:  Hold'em Limit ($3/$6 USD) - 2016/06/11 4:25:02 ET
Table 'Albiorix' 6-max Seat #2 is the button
Seat 2: gle100 ($184.88 in chips)
Seat 3: LolDnkaments ($108.14 in chips)
gle100: posts small blind $1
LolDnkaments: posts big blind $3
*** HOLE CARDS ***
gle100: folds
Uncalled bet ($2) returned to LolDnkaments
LolDnkaments collected $2 from pot
LolDnkaments: doesn't show hand
*** SUMMARY ***
Total pot $2 | Rake $0
Seat 2: gle100 (button) (small blind) folded before Flop
Seat 3: LolDnkaments (big blind) collected ($2)


PokerStars Hand #154580184455:  Hold'em Limit ($3/$6 USD) - 2016/06/11 4:24:39 ET
Table 'Albiorix' 6-max Seat #3 is the button
Seat 2: gle100 ($208.88 in chips)
Seat 3: LolDnkaments ($84.64 in chips)
LolDnkaments: posts small blind $1
gle100: posts big blind $3
*** HOLE CARDS ***
LolDnkaments: raises $3 to $6
gle100: raises $3 to $9
LolDnkaments: calls $3
*** FLOP *** [Tc Jc 4h]
gle100: bets $3
LolDnkaments: calls $3
*** TURN *** [Tc Jc 4h] [7c]
gle100: bets $6
LolDnkaments: calls $6
*** RIVER *** [Tc Jc 4h 7c] [2h]
gle100: checks
LolDnkaments: bets $6
gle100: calls $6
*** SHOW DOWN ***
LolDnkaments: shows [Kc 7d] (a pair of Sevens)
gle100: mucks hand
LolDnkaments collected $47.50 from pot
*** SUMMARY ***
Total pot $48 | Rake $0.50
Board [Tc Jc 4h 7c 2h]
Seat 2: gle100 (big blind) mucked
Seat 3: LolDnkaments (button) (small blind) showed [Kc 7d] and won ($47.50) with a pair of Sevens


PokerStars Hand #154580193598:  Hold'em Limit ($3/$6 USD) - 2016/06/11 4:25:06 ET
Table 'Albiorix' 6-max Seat #3 is the button
Seat 2: gle100 ($183.88 in chips)
Seat 3: LolDnkaments ($109.14 in chips)
LolDnkaments: posts small blind $1
gle100: posts big blind $3
*** HOLE CARDS ***
LolDnkaments: raises $3 to $6
gle100: raises $3 to $9
LolDnkaments: calls $3
*** FLOP *** [9d 2s Ac]
gle100: bets $3
LolDnkaments: calls $3
*** TURN *** [9d 2s Ac] [3d]
gle100: checks
LolDnkaments: bets $6
gle100: raises $6 to $12
LolDnkaments: calls $6
*** RIVER *** [9d 2s Ac 3d] [Qs]
gle100: bets $6
LolDnkaments: calls $6
*** SHOW DOWN ***
gle100: shows [Ad Ts] (a pair of Aces)
LolDnkaments: mucks hand
gle100 collected $59.50 from pot
*** SUMMARY ***
Total pot $60 | Rake $0.50
Board [9d 2s Ac 3d Qs]
Seat 2: gle100 (big blind) showed [Ad Ts] and won ($59.50) with a pair of Aces
Seat 3: LolDnkaments (button) (small blind) mucked


PokerStars Hand #154580200909:  Hold'em Limit ($3/$6 USD) - 2016/06/11 4:25:28 ET
Table 'Albiorix' 6-max Seat #2 is the button
Seat 2: gle100 ($213.38 in chips)
Seat 3: LolDnkaments ($79.14 in chips)
gle100: posts small blind $1
LolDnkaments: posts big blind $3
*** HOLE CARDS ***
gle100: raises $3 to $6
LolDnkaments: calls $3
*** FLOP *** [Ac 3h 2c]
LolDnkaments: checks
gle100: bets $3
LolDnkaments: calls $3
*** TURN *** [Ac 3h 2c] [Jc]
LolDnkaments: checks
gle100: checks
*** RIVER *** [Ac 3h 2c Jc] [2s]
LolDnkaments: checks
gle100: checks
*** SHOW DOWN ***
LolDnkaments: shows [9s Qh] (a pair of Deuces)
gle100: mucks hand
LolDnkaments collected $17.64 from pot
*** SUMMARY ***
Total pot $18 | Rake $0.36
Board [Ac 3h 2c Jc 2s]
Seat 2: gle100 (button) (small blind) mucked
Seat 3: LolDnkaments (big blind) showed [9s Qh] and won ($17.64) with a pair of Deuces


PokerStars Hand #154580206639:  Hold'em Limit ($3/$6 USD) - 2016/06/11 4:25:45 ET
Table 'Albiorix' 6-max Seat #3 is the button
Seat 2: gle100 ($204.38 in chips)
Seat 3: LolDnkaments ($87.78 in chips)
LolDnkaments: posts small blind $1
gle100: posts big blind $3
*** HOLE CARDS ***
LolDnkaments: raises $3 to $6
gle100: calls $3
*** FLOP *** [Tc 7h 5d]
gle100: checks
LolDnkaments: bets $3
gle100: raises $3 to $6
LolDnkaments: folds
Uncalled bet ($3) returned to gle100
gle100 collected $17.64 from pot
gle100: doesn't show hand
*** SUMMARY ***
Total pot $18 | Rake $0.36
Board [Tc 7h 5d]
Seat 2: gle100 (big blind) collected ($17.64)
Seat 3: LolDnkaments (button) (small blind) folded on the Flop


PokerStars Hand #154580216130:  Hold'em Limit ($3/$6 USD) - 2016/06/11 4:26:13 ET
Table 'Albiorix' 6-max Seat #2 is the button
Seat 2: gle100 ($196.02 in chips)
Seat 3: LolDnkaments ($95.28 in chips)
gle100: posts small blind $1
LolDnkaments: posts big blind $3
*** HOLE CARDS ***
gle100: raises $3 to $6
LolDnkaments: raises $3 to $9
gle100: calls $3
*** FLOP *** [6c Qh 7s]
LolDnkaments: bets $3
gle100: calls $3
*** TURN *** [6c Qh 7s] [Qd]
LolDnkaments: checks
gle100: checks
*** RIVER *** [6c Qh 7s Qd] [8h]
LolDnkaments: checks
gle100: checks
*** SHOW DOWN ***
LolDnkaments: shows [Ks Tc] (a pair of Queens)
gle100: mucks hand
LolDnkaments collected $23.52 from pot
*** SUMMARY ***
Total pot $24 | Rake $0.48
Board [6c Qh 7s Qd 8h]
Seat 2: gle100 (button) (small blind) mucked
Seat 3: LolDnkaments (big blind) showed [Ks Tc] and won ($23.52) with a pair of Queens


PokerStars Hand #154580225325:  Hold'em Limit ($3/$6 USD) - 2016/06/11 4:26:41 ET
Table 'Albiorix' 6-max Seat #2 is the button
Seat 2: gle100 ($185.02 in chips)
Seat 3: LolDnkaments ($105.80 in chips)
gle100: posts small blind $1
LolDnkaments: posts big blind $3
*** HOLE CARDS ***
gle100: folds
Uncalled bet ($2) returned to LolDnkaments
LolDnkaments collected $2 from pot
LolDnkaments: doesn't show hand
*** SUMMARY ***
Total pot $2 | Rake $0
Seat 2: gle100 (button) (small blind) folded before Flop
Seat 3: LolDnkaments (big blind) collected ($2)


PokerStars Hand #154580223682:  Hold'em Limit ($3/$6 USD) - 2016/06/11 4:26:36 ET
Table 'Albiorix' 6-max Seat #3 is the button
Seat 2: gle100 ($184.02 in chips)
Seat 3: LolDnkaments ($106.80 in chips)
LolDnkaments: posts small blind $1
gle100: posts big blind $3
*** HOLE CARDS ***
LolDnkaments: folds
Uncalled bet ($2) returned to gle100
gle100 collected $2 from pot
gle100: doesn't show hand
*** SUMMARY ***
Total pot $2 | Rake $0
Seat 2: gle100 (big blind) collected ($2)
Seat 3: LolDnkaments (button) (small blind) folded before Flop


PokerStars Hand #154580214652:  Hold'em Limit ($3/$6 USD) - 2016/06/11 4:26:09 ET
Table 'Albiorix' 6-max Seat #3 is the button
Seat 2: gle100 ($195.02 in chips)
Seat 3: LolDnkaments ($96.28 in chips)
LolDnkaments: posts small blind $1
gle100: posts big blind $3
*** HOLE CARDS ***
LolDnkaments: folds
Uncalled bet ($2) returned to gle100
gle100 collected $2 from pot
gle100: doesn't show hand
*** SUMMARY ***
Total pot $2 | Rake $0
Seat 2: gle100 (big blind) collected ($2)
Seat 3: LolDnkaments (button) (small blind) folded before Flop


PokerStars Hand #154580210184:  Hold'em Limit ($3/$6 USD) - 2016/06/11 4:25:56 ET
Table 'Albiorix' 6-max Seat #2 is the button
Seat 2: gle100 ($213.02 in chips)
Seat 3: LolDnkaments ($78.78 in chips)
gle100: posts small blind $1
LolDnkaments: posts big blind $3
*** HOLE CARDS ***
gle100: raises $3 to $6
LolDnkaments: raises $3 to $9
gle100: calls $3
*** FLOP *** [6h Kd Td]
LolDnkaments: bets $3
gle100: calls $3
*** TURN *** [6h Kd Td] [9d]
LolDnkaments: bets $6
gle100: calls $6
*** RIVER *** [6h Kd Td 9d] [Ts]
LolDnkaments: checks
gle100: checks
*** SHOW DOWN ***
LolDnkaments: shows [As 6s] (two pair, Tens and Sixes)
gle100: mucks hand
LolDnkaments collected $35.50 from pot
*** SUMMARY ***
Total pot $36 | Rake $0.50
Board [6h Kd Td 9d Ts]
Seat 2: gle100 (button) (small blind) mucked
Seat 3: LolDnkaments (big blind) showed [As 6s] and won ($35.50) with two pair, Tens and Sixes


PokerStars Hand #154580241854:  Hold'em Limit ($3/$6 USD) - 2016/06/11 4:27:30 ET
Table 'Albiorix' 6-max Seat #2 is the button
Seat 2: gle100 ($222.02 in chips)
Seat 3: LolDnkaments ($72 in chips)
gle100: posts small blind $1
LolDnkaments: posts big blind $3
*** HOLE CARDS ***
gle100: folds
Uncalled bet ($2) returned to LolDnkaments
LolDnkaments collected $2 from pot
LolDnkaments: doesn't show hand
*** SUMMARY ***
Total pot $2 | Rake $0
Seat 2: gle100 (button) (small blind) folded before Flop
Seat 3: LolDnkaments (big blind) collected ($2)


PokerStars Hand #154580235623:  Hold'em Limit ($3/$6 USD) - 2016/06/11 4:27:11 ET
Table 'Albiorix' 6-max Seat #3 is the button
Seat 2: gle100 ($198.52 in chips)
Seat 3: LolDnkaments ($91.80 in chips)
19woody58 joins the table at seat #6
LolDnkaments: posts small blind $1
gle100: posts big blind $3
*** HOLE CARDS ***
LolDnkaments: raises $3 to $6
gle100: raises $3 to $9
LolDnkaments: calls $3
*** FLOP *** [Ah 2s 6h]
gle100: checks
LolDnkaments: bets $3
gle100: calls $3
*** TURN *** [Ah 2s 6h] [5d]
gle100: checks
LolDnkaments: bets $6
gle100: calls $6
*** RIVER *** [Ah 2s 6h 5d] [8c]
gle100: checks
LolDnkaments: bets $6
gle100: calls $6
*** SHOW DOWN ***
LolDnkaments: shows [6s 9d] (a pair of Sixes)
gle100: shows [Tc Th] (a pair of Tens)
gle100 collected $47.50 from pot
*** SUMMARY ***
Total pot $48 | Rake $0.50
Board [Ah 2s 6h 5d 8c]
Seat 2: gle100 (big blind) showed [Tc Th] and won ($47.50) with a pair of Tens
Seat 3: LolDnkaments (button) (small blind) showed [6s 9d] and lost with a pair of Sixes


PokerStars Hand #154580229550:  Hold'em Limit ($3/$6 USD) - 2016/06/11 4:26:53 ET
Table 'Albiorix' 6-max Seat #2 is the button
Seat 2: gle100 ($181.02 in chips)
Seat 3: LolDnkaments ($109.80 in chips)
gle100: posts small blind $1
LolDnkaments: posts big blind $3
*** HOLE CARDS ***
gle100: raises $3 to $6
LolDnkaments: raises $3 to $9
gle100: calls $3
*** FLOP *** [Jc Qs 4s]
LolDnkaments: bets $3
gle100: calls $3
*** TURN *** [Jc Qs 4s] [Qh]
LolDnkaments: bets $6
gle100: calls $6
*** RIVER *** [Jc Qs 4s Qh] [9h]
LolDnkaments: checks
gle100: checks
*** SHOW DOWN ***
LolDnkaments: shows [Ad 6d] (a pair of Queens)
gle100: shows [Jh 9c] (two pair, Queens and Jacks)
gle100 collected $35.50 from pot
*** SUMMARY ***
Total pot $36 | Rake $0.50
Board [Jc Qs 4s Qh 9h]
Seat 2: gle100 (button) (small blind) showed [Jh 9c] and won ($35.50) with two pair, Queens and Jacks
Seat 3: LolDnkaments (big blind) showed [Ad 6d] and lost with a pair of Queens


