PokerStars Hand #156934286519:  Hold'em Limit ($3/$6 USD) - 2016/08/06 9:41:13 ET
Table 'Albireo' 6-max Seat #5 is the button
Seat 2: Murrrr_@T ($122.53 in chips)
Seat 5: swics1202 ($275.51 in chips)
swics1202: posts small blind $1
CrongCrong: is sitting out
Murrrr_@T: posts big blind $3
*** HOLE CARDS ***
CrongCrong leaves the table
swics1202: folds
Uncalled bet ($2) returned to Murrrr_@T
Murrrr_@T collected $2 from pot
Murrrr_@T: doesn't show hand
*** SUMMARY ***
Total pot $2 | Rake $0
Seat 2: Murrrr_@T (big blind) collected ($2)
Seat 5: swics1202 (button) (small blind) folded before Flop


PokerStars Hand #156934289894:  Hold'em Limit ($3/$6 USD) - 2016/08/06 9:41:19 ET
Table 'Albireo' 6-max Seat #2 is the button
Seat 2: Murrrr_@T ($123.53 in chips)
Seat 5: swics1202 ($274.51 in chips)
Murrrr_@T: posts small blind $1
swics1202: posts big blind $3
*** HOLE CARDS ***
VolkovDmitri leaves the table
Murrrr_@T: raises $3 to $6
swics1202: folds
Uncalled bet ($3) returned to Murrrr_@T
Murrrr_@T collected $6 from pot
Murrrr_@T: doesn't show hand
*** SUMMARY ***
Total pot $6 | Rake $0
Seat 2: Murrrr_@T (button) (small blind) collected ($6)
Seat 5: swics1202 (big blind) folded before Flop


