PokerStars Hand #158140978588:  Hold'em Limit ($3/$6 USD) - 2016/09/04 7:55:54 ET
Table 'Albireo II' 6-max Seat #3 is the button
Seat 3: Agrotait ($72 in chips)
Seat 4: Mordnilap ($72 in chips)
Agrotait: posts small blind $1
Mordnilap: posts big blind $3
*** HOLE CARDS ***
Reuailak joins the table at seat #5
GoliafUa joins the table at seat #6
Agrotait: folds
Uncalled bet ($2) returned to Mordnilap
Mordnilap collected $2 from pot
Mordnilap: doesn't show hand
*** SUMMARY ***
Total pot $2 | Rake $0
Seat 3: Agrotait (button) (small blind) folded before Flop
Seat 4: Mordnilap (big blind) collected ($2)


PokerStars Hand #158141102497:  Hold'em Limit ($3/$6 USD) - 2016/09/04 8:00:37 ET
Table 'Albireo II' 6-max Seat #2 is the button
Seat 2: veterankwu ($33 in chips)
Seat 5: Reuailak ($98.34 in chips)
veterankwu: posts small blind $1
Mordnilap: is sitting out
Reuailak: posts big blind $3
*** HOLE CARDS ***
veterankwu: raises $3 to $6
Reuailak: folds
Uncalled bet ($3) returned to veterankwu
veterankwu collected $6 from pot
*** SUMMARY ***
Total pot $6 | Rake $0
Seat 2: veterankwu (button) (small blind) collected ($6)
Seat 5: Reuailak (big blind) folded before Flop


