PokerStars Hand #145716101421:  Hold'em Limit ($3/$6 USD) - 2015/12/21 19:29:02 ET
Table 'Albireo' 6-max Seat #3 is the button
Seat 3: Pandakey ($114 in chips)
Seat 6: Jannuh ($210.39 in chips)
Pandakey: posts small blind $1
ChrisTuff: is sitting out
ValeryRon: is sitting out
Jannuh: posts big blind $3
*** HOLE CARDS ***
dmonr joins the table at seat #1
Pandakey: raises $3 to $6
ValeryRon leaves the table
Jannuh: calls $3
*** FLOP *** [Qc 8h 4d]
Karpik09 joins the table at seat #2
Jannuh: checks
alexslep joins the table at seat #5
Pandakey: bets $3
Jannuh: calls $3
*** TURN *** [Qc 8h 4d] [Jc]
Jannuh: checks
Pandakey: bets $6
Jannuh: calls $6
*** RIVER *** [Qc 8h 4d Jc] [8d]
Jannuh: checks
Pandakey: checks
*** SHOW DOWN ***
Jannuh: shows [As 8c] (three of a kind, Eights)
Pandakey: mucks hand
Jannuh collected $29.50 from pot
*** SUMMARY ***
Total pot $30 | Rake $0.50
Board [Qc 8h 4d Jc 8d]
Seat 3: Pandakey (button) (small blind) mucked
Seat 6: Jannuh (big blind) showed [As 8c] and won ($29.50) with three of a kind, Eights


PokerStars Hand #145720611333:  Hold'em Limit ($3/$6 USD) - 2015/12/21 21:54:30 ET
Table 'Albireo' 6-max Seat #5 is the button
Seat 5: Dok2920 ($267.86 in chips)
Seat 6: Chessnok ($64 in chips)
Dok2920: posts small blind $1
Chessnok: posts big blind $3
*** HOLE CARDS ***
Dok2920: folds
Uncalled bet ($2) returned to Chessnok
Dok2920 leaves the table
Chessnok collected $2 from pot
Chessnok: doesn't show hand
*** SUMMARY ***
Total pot $2 | Rake $0
Seat 5: Dok2920 (button) (small blind) folded before Flop
Seat 6: Chessnok (big blind) collected ($2)


PokerStars Hand #145720608988:  Hold'em Limit ($3/$6 USD) - 2015/12/21 21:54:25 ET
Table 'Albireo' 6-max Seat #6 is the button
Seat 5: Dok2920 ($270.86 in chips)
Seat 6: Chessnok ($61 in chips)
Chessnok: posts small blind $1
oj_pimpson: is sitting out
Dok2920: posts big blind $3
*** HOLE CARDS ***
Chessnok: raises $3 to $6
Dok2920: folds
Uncalled bet ($3) returned to Chessnok
Chessnok collected $6 from pot
Chessnok: doesn't show hand
*** SUMMARY ***
Total pot $6 | Rake $0
Seat 5: Dok2920 (big blind) folded before Flop
Seat 6: Chessnok (button) (small blind) collected ($6)


