PokerStars Hand #174563362714:  Hold'em Limit ($3/$6 USD) - 2017/08/20 7:20:27 ET
Table 'Albiorix II' 6-max Seat #6 is the button
Seat 3: Rus29APX ($120 in chips)
Seat 6: agentbond007 ($120 in chips)
agentbond007: posts small blind $1
Rus29APX: posts big blind $3
*** HOLE CARDS ***
agentbond007: calls $2
Rus29APX: raises $3 to $6
agentbond007: calls $3
*** FLOP *** [7h 4c Tc]
Rus29APX: bets $3
agentbond007: calls $3
*** TURN *** [7h 4c Tc] [9d]
Rus29APX: bets $6
agentbond007: calls $6
*** RIVER *** [7h 4c Tc 9d] [Qh]
Rus29APX: checks
agentbond007: checks
*** SHOW DOWN ***
Rus29APX: shows [Ah 3s] (high card Ace)
agentbond007: mucks hand
Rus29APX collected $29.50 from pot
*** SUMMARY ***
Total pot $30 | Rake $0.50
Board [7h 4c Tc 9d Qh]
Seat 3: Rus29APX (big blind) showed [Ah 3s] and won ($29.50) with high card Ace
Seat 6: agentbond007 (button) (small blind) mucked


PokerStars Hand #174563376691:  Hold'em Limit ($3/$6 USD) - 2017/08/20 7:20:58 ET
Table 'Albiorix II' 6-max Seat #3 is the button
Seat 3: Rus29APX ($134.50 in chips)
Seat 6: agentbond007 ($105 in chips)
Rus29APX: posts small blind $1
agentbond007: posts big blind $3
*** HOLE CARDS ***
Rus29APX: raises $3 to $6
agentbond007: calls $3
*** FLOP *** [7s Th Qd]
agentbond007: checks
Rus29APX: bets $3
agentbond007: calls $3
*** TURN *** [7s Th Qd] [2c]
agentbond007: checks
Rus29APX: bets $6
agentbond007: folds
Uncalled bet ($6) returned to Rus29APX
Rus29APX collected $17.64 from pot
Rus29APX: doesn't show hand
*** SUMMARY ***
Total pot $18 | Rake $0.36
Board [7s Th Qd 2c]
Seat 3: Rus29APX (button) (small blind) collected ($17.64)
Seat 6: agentbond007 (big blind) folded on the Turn


PokerStars Hand #174563386768:  Hold'em Limit ($3/$6 USD) - 2017/08/20 7:21:20 ET
Table 'Albiorix II' 6-max Seat #6 is the button
Seat 3: Rus29APX ($143.14 in chips)
Seat 6: agentbond007 ($96 in chips)
agentbond007: posts small blind $1
Rus29APX: posts big blind $3
*** HOLE CARDS ***
agentbond007: calls $2
Rus29APX: checks
*** FLOP *** [4h Kh 8c]
Rus29APX: checks
agentbond007: checks
*** TURN *** [4h Kh 8c] [2c]
Rus29APX: bets $6
agentbond007: calls $6
*** RIVER *** [4h Kh 8c 2c] [9s]
Rus29APX: bets $6
agentbond007: folds
Uncalled bet ($6) returned to Rus29APX
Rus29APX collected $17.64 from pot
Rus29APX: doesn't show hand
*** SUMMARY ***
Total pot $18 | Rake $0.36
Board [4h Kh 8c 2c 9s]
Seat 3: Rus29APX (big blind) collected ($17.64)
Seat 6: agentbond007 (button) (small blind) folded on the River


PokerStars Hand #174563400366:  Hold'em Limit ($3/$6 USD) - 2017/08/20 7:21:50 ET
Table 'Albiorix II' 6-max Seat #3 is the button
Seat 3: Rus29APX ($151.78 in chips)
Seat 6: agentbond007 ($87 in chips)
Rus29APX: posts small blind $1
agentbond007: posts big blind $3
*** HOLE CARDS ***
Rus29APX: raises $3 to $6
agentbond007: calls $3
*** FLOP *** [9c 8h 3c]
agentbond007: checks
Rus29APX: bets $3
agentbond007: calls $3
*** TURN *** [9c 8h 3c] [Kc]
agentbond007: checks
Rus29APX: checks
*** RIVER *** [9c 8h 3c Kc] [4c]
agentbond007: checks
Rus29APX: bets $6
agentbond007: folds
Uncalled bet ($6) returned to Rus29APX
Rus29APX collected $17.64 from pot
Rus29APX: doesn't show hand
*** SUMMARY ***
Total pot $18 | Rake $0.36
Board [9c 8h 3c Kc 4c]
Seat 3: Rus29APX (button) (small blind) collected ($17.64)
Seat 6: agentbond007 (big blind) folded on the River


PokerStars Hand #174563417028:  Hold'em Limit ($3/$6 USD) - 2017/08/20 7:22:27 ET
Table 'Albiorix II' 6-max Seat #6 is the button
Seat 3: Rus29APX ($160.42 in chips)
Seat 6: agentbond007 ($78 in chips)
agentbond007: posts small blind $1
Rus29APX: posts big blind $3
*** HOLE CARDS ***
agentbond007: folds
Uncalled bet ($2) returned to Rus29APX
Rus29APX collected $2 from pot
Rus29APX: doesn't show hand
agentbond007 leaves the table
*** SUMMARY ***
Total pot $2 | Rake $0
Seat 3: Rus29APX (big blind) collected ($2)
Seat 6: agentbond007 (button) (small blind) folded before Flop


