PokerStars Hand #153185183764:  Hold'em Limit ($3/$6 USD) - 2016/05/11 19:19:32 ET
Table 'Alcathous' 6-max Seat #5 is the button
Seat 3: 7ardis ($103.09 in chips)
Seat 5: TinaTurner72 ($121 in chips)
TinaTurner72: posts small blind $1
7ardis: posts big blind $3
*** HOLE CARDS ***
aragon1111 joins the table at seat #1
TinaTurner72: raises $3 to $6
7ardis: calls $3
*** FLOP *** [5c 7s Jh]
7ardis: checks
TinaTurner72: bets $3
7ardis: raises $3 to $6
TinaTurner72: calls $3
*** TURN *** [5c 7s Jh] [5h]
7ardis: bets $6
TinaTurner72: calls $6
*** RIVER *** [5c 7s Jh 5h] [8c]
7ardis: bets $6
TinaTurner72: calls $6
*** SHOW DOWN ***
7ardis: shows [Th 8h] (two pair, Eights and Fives)
TinaTurner72: mucks hand
7ardis collected $47.50 from pot
*** SUMMARY ***
Total pot $48 | Rake $0.50
Board [5c 7s Jh 5h 8c]
Seat 3: 7ardis (big blind) showed [Th 8h] and won ($47.50) with two pair, Eights and Fives
Seat 5: TinaTurner72 (button) (small blind) mucked


PokerStars Hand #153185198407:  Hold'em Limit ($3/$6 USD) - 2016/05/11 19:19:56 ET
Table 'Alcathous' 6-max Seat #3 is the button
Seat 3: 7ardis ($126.59 in chips)
Seat 5: TinaTurner72 ($97 in chips)
7ardis: posts small blind $1
TinaTurner72: posts big blind $3
*** HOLE CARDS ***
7ardis: raises $3 to $6
TinaTurner72: calls $3
*** FLOP *** [Kc Th Jh]
TinaTurner72: checks
7ardis: bets $3
TinaTurner72: folds
Uncalled bet ($3) returned to 7ardis
7ardis collected $11.76 from pot
7ardis: doesn't show hand
*** SUMMARY ***
Total pot $12 | Rake $0.24
Board [Kc Th Jh]
Seat 3: 7ardis (button) (small blind) collected ($11.76)
Seat 5: TinaTurner72 (big blind) folded on the Flop


