PokerStars Hand #154487971782:  Hold'em Limit ($3/$6 USD) - 2016/06/08 21:26:04 ET
Table 'Alcathous' 6-max Seat #5 is the button
Seat 3: pejoba ($731.17 in chips)
Seat 5: RaisemyNut$ ($234.91 in chips)
RaisemyNut$: posts small blind $1
FooJaws: is sitting out
pejoba: posts big blind $3
*** HOLE CARDS ***
RaisemyNut$: raises $3 to $6
pejoba: raises $3 to $9
RaisemyNut$: calls $3
*** FLOP *** [Kh 6h 3h]
FooJaws leaves the table
pejoba: bets $3
RaisemyNut$: calls $3
*** TURN *** [Kh 6h 3h] [6c]
pejoba: bets $6
RaisemyNut$: calls $6
*** RIVER *** [Kh 6h 3h 6c] [8h]
pejoba: bets $6
RaisemyNut$: calls $6
*** SHOW DOWN ***
pejoba: shows [As Th] (a flush, King high)
RaisemyNut$: mucks hand
pejoba collected $47.50 from pot
*** SUMMARY ***
Total pot $48 | Rake $0.50
Board [Kh 6h 3h 6c 8h]
Seat 3: pejoba (big blind) showed [As Th] and won ($47.50) with a flush, King high
Seat 5: RaisemyNut$ (button) (small blind) mucked


PokerStars Hand #154487978615:  Hold'em Limit ($3/$6 USD) - 2016/06/08 21:26:22 ET
Table 'Alcathous' 6-max Seat #3 is the button
Seat 3: pejoba ($754.67 in chips)
Seat 5: RaisemyNut$ ($210.91 in chips)
pejoba: posts small blind $1
RaisemyNut$: posts big blind $3
*** HOLE CARDS ***
pejoba: raises $3 to $6
RaisemyNut$: calls $3
*** FLOP *** [4c 5h As]
RaisemyNut$: checks
pejoba: bets $3
RaisemyNut$: calls $3
*** TURN *** [4c 5h As] [Kh]
RaisemyNut$: checks
pejoba: bets $6
RaisemyNut$: calls $6
*** RIVER *** [4c 5h As Kh] [8h]
RaisemyNut$: checks
pejoba: bets $6
RaisemyNut$: raises $6 to $12
pejoba: folds
Uncalled bet ($6) returned to RaisemyNut$
RaisemyNut$ collected $41.50 from pot
RaisemyNut$: doesn't show hand
*** SUMMARY ***
Total pot $42 | Rake $0.50
Board [4c 5h As Kh 8h]
Seat 3: pejoba (button) (small blind) folded on the River
Seat 5: RaisemyNut$ (big blind) collected ($41.50)


PokerStars Hand #154487986992:  Hold'em Limit ($3/$6 USD) - 2016/06/08 21:26:43 ET
Table 'Alcathous' 6-max Seat #5 is the button
Seat 3: pejoba ($733.67 in chips)
Seat 5: RaisemyNut$ ($231.41 in chips)
RaisemyNut$: posts small blind $1
pejoba: posts big blind $3
*** HOLE CARDS ***
RaisemyNut$: raises $3 to $6
pejoba: folds
Uncalled bet ($3) returned to RaisemyNut$
RaisemyNut$ collected $6 from pot
RaisemyNut$: doesn't show hand
*** SUMMARY ***
Total pot $6 | Rake $0
Seat 3: pejoba (big blind) folded before Flop
Seat 5: RaisemyNut$ (button) (small blind) collected ($6)


PokerStars Hand #154488017021:  Hold'em Limit ($3/$6 USD) - 2016/06/08 21:27:42 ET
Table 'Alcathous' 6-max Seat #3 is the button
Seat 3: pejoba ($721.43 in chips)
Seat 5: RaisemyNut$ ($242.91 in chips)
pejoba: posts small blind $1
RaisemyNut$: posts big blind $3
*** HOLE CARDS ***
pejoba: raises $3 to $6
RaisemyNut$: raises $3 to $9
pejoba: calls $3
*** FLOP *** [Jd 8c 9h]
RaisemyNut$: bets $3
pejoba: calls $3
*** TURN *** [Jd 8c 9h] [As]
RaisemyNut$: bets $6
pejoba: calls $6
*** RIVER *** [Jd 8c 9h As] [9s]
RaisemyNut$: bets $6
pejoba: folds
Uncalled bet ($6) returned to RaisemyNut$
RaisemyNut$ collected $35.50 from pot
RaisemyNut$: doesn't show hand
*** SUMMARY ***
Total pot $36 | Rake $0.50
Board [Jd 8c 9h As 9s]
Seat 3: pejoba (button) (small blind) folded on the River
Seat 5: RaisemyNut$ (big blind) collected ($35.50)


PokerStars Hand #154488041765:  Hold'em Limit ($3/$6 USD) - 2016/06/08 21:28:46 ET
Table 'Alcathous' 6-max Seat #3 is the button
Seat 3: pejoba ($728.93 in chips)
Seat 5: RaisemyNut$ ($233.91 in chips)
pejoba: posts small blind $1
RaisemyNut$: posts big blind $3
*** HOLE CARDS ***
pejoba: folds
Uncalled bet ($2) returned to RaisemyNut$
RaisemyNut$ collected $2 from pot
RaisemyNut$: doesn't show hand
*** SUMMARY ***
Total pot $2 | Rake $0
Seat 3: pejoba (button) (small blind) folded before Flop
Seat 5: RaisemyNut$ (big blind) collected ($2)


PokerStars Hand #154488033736:  Hold'em Limit ($3/$6 USD) - 2016/06/08 21:28:25 ET
Table 'Alcathous' 6-max Seat #5 is the button
Seat 3: pejoba ($675.43 in chips)
Seat 5: RaisemyNut$ ($287.91 in chips)
RaisemyNut$: posts small blind $1
pejoba: posts big blind $3
*** HOLE CARDS ***
RaisemyNut$: raises $3 to $6
pejoba: raises $3 to $9
RaisemyNut$: calls $3
*** FLOP *** [8h 3h Jd]
pejoba: bets $3
RaisemyNut$: calls $3
*** TURN *** [8h 3h Jd] [Th]
pejoba: bets $6
RaisemyNut$: raises $6 to $12
pejoba: raises $6 to $18
RaisemyNut$: raises $6 to $24
Betting is capped
pejoba: calls $6
*** RIVER *** [8h 3h Jd Th] [2s]
pejoba: bets $6
RaisemyNut$: raises $6 to $12
pejoba: raises $6 to $18
RaisemyNut$: calls $6
*** SHOW DOWN ***
pejoba: shows [Kh Ah] (a flush, Ace high)
RaisemyNut$: mucks hand
pejoba collected $107.50 from pot
*** SUMMARY ***
Total pot $108 | Rake $0.50
Board [8h 3h Jd Th 2s]
Seat 3: pejoba (big blind) showed [Kh Ah] and won ($107.50) with a flush, Ace high
Seat 5: RaisemyNut$ (button) (small blind) mucked


PokerStars Hand #154488031939:  Hold'em Limit ($3/$6 USD) - 2016/06/08 21:28:21 ET
Table 'Alcathous' 6-max Seat #3 is the button
Seat 3: pejoba ($676.43 in chips)
Seat 5: RaisemyNut$ ($286.91 in chips)
pejoba: posts small blind $1
RaisemyNut$: posts big blind $3
*** HOLE CARDS ***
pejoba: folds
Uncalled bet ($2) returned to RaisemyNut$
RaisemyNut$ collected $2 from pot
RaisemyNut$: doesn't show hand
*** SUMMARY ***
Total pot $2 | Rake $0
Seat 3: pejoba (button) (small blind) folded before Flop
Seat 5: RaisemyNut$ (big blind) collected ($2)


PokerStars Hand #154488025649:  Hold'em Limit ($3/$6 USD) - 2016/06/08 21:28:04 ET
Table 'Alcathous' 6-max Seat #5 is the button
Seat 3: pejoba ($703.43 in chips)
Seat 5: RaisemyNut$ ($260.41 in chips)
RaisemyNut$: posts small blind $1
pejoba: posts big blind $3
*** HOLE CARDS ***
RaisemyNut$: raises $3 to $6
pejoba: calls $3
*** FLOP *** [9c 3c 6h]
pejoba: bets $3
RaisemyNut$: raises $3 to $6
pejoba: raises $3 to $9
RaisemyNut$: calls $3
*** TURN *** [9c 3c 6h] [5d]
pejoba: bets $6
RaisemyNut$: calls $6
*** RIVER *** [9c 3c 6h 5d] [9h]
pejoba: bets $6
RaisemyNut$: calls $6
*** SHOW DOWN ***
pejoba: shows [Td 8d] (a pair of Nines)
RaisemyNut$: shows [Qh 6s] (two pair, Nines and Sixes)
RaisemyNut$ collected $53.50 from pot
*** SUMMARY ***
Total pot $54 | Rake $0.50
Board [9c 3c 6h 5d 9h]
Seat 3: pejoba (big blind) showed [Td 8d] and lost with a pair of Nines
Seat 5: RaisemyNut$ (button) (small blind) showed [Qh 6s] and won ($53.50) with two pair, Nines and Sixes


PokerStars Hand #154488064111:  Hold'em Limit ($3/$6 USD) - 2016/06/08 21:29:44 ET
Table 'Alcathous' 6-max Seat #5 is the button
Seat 3: pejoba ($715.43 in chips)
Seat 5: RaisemyNut$ ($246.41 in chips)
RaisemyNut$: posts small blind $1
pejoba: posts big blind $3
*** HOLE CARDS ***
RaisemyNut$: raises $3 to $6
pejoba: calls $3
*** FLOP *** [9d 2c 9h]
pejoba: checks
RaisemyNut$: bets $3
pejoba: folds
Uncalled bet ($3) returned to RaisemyNut$
RaisemyNut$ collected $11.76 from pot
RaisemyNut$: doesn't show hand
*** SUMMARY ***
Total pot $12 | Rake $0.24
Board [9d 2c 9h]
Seat 3: pejoba (big blind) folded on the Flop
Seat 5: RaisemyNut$ (button) (small blind) collected ($11.76)


PokerStars Hand #154488053209:  Hold'em Limit ($3/$6 USD) - 2016/06/08 21:29:16 ET
Table 'Alcathous' 6-max Seat #3 is the button
Seat 3: pejoba ($694.93 in chips)
Seat 5: RaisemyNut$ ($267.41 in chips)
pejoba: posts small blind $1
RaisemyNut$: posts big blind $3
*** HOLE CARDS ***
pejoba: raises $3 to $6
RaisemyNut$: calls $3
*** FLOP *** [4h As Jh]
RaisemyNut$: checks
pejoba: bets $3
RaisemyNut$: calls $3
*** TURN *** [4h As Jh] [8s]
RaisemyNut$: checks
pejoba: bets $6
RaisemyNut$: calls $6
*** RIVER *** [4h As Jh 8s] [Kh]
RaisemyNut$: checks
pejoba: bets $6
RaisemyNut$: calls $6
*** SHOW DOWN ***
pejoba: shows [Ac 7c] (a pair of Aces)
RaisemyNut$: mucks hand
pejoba collected $41.50 from pot
*** SUMMARY ***
Total pot $42 | Rake $0.50
Board [4h As Jh 8s Kh]
Seat 3: pejoba (button) (small blind) showed [Ac 7c] and won ($41.50) with a pair of Aces
Seat 5: RaisemyNut$ (big blind) mucked


PokerStars Hand #154488043601:  Hold'em Limit ($3/$6 USD) - 2016/06/08 21:28:51 ET
Table 'Alcathous' 6-max Seat #5 is the button
Seat 3: pejoba ($727.93 in chips)
Seat 5: RaisemyNut$ ($234.91 in chips)
RaisemyNut$: posts small blind $1
pejoba: posts big blind $3
*** HOLE CARDS ***
RaisemyNut$: raises $3 to $6
pejoba: calls $3
*** FLOP *** [Th Qd 4s]
pejoba: checks
RaisemyNut$: bets $3
pejoba: calls $3
*** TURN *** [Th Qd 4s] [3h]
pejoba: checks
RaisemyNut$: bets $6
pejoba: raises $6 to $12
RaisemyNut$: raises $6 to $18
pejoba: calls $6
*** RIVER *** [Th Qd 4s 3h] [5d]
pejoba: checks
RaisemyNut$: bets $6
pejoba: calls $6
*** SHOW DOWN ***
RaisemyNut$: shows [Ts Td] (three of a kind, Tens)
pejoba: mucks hand
RaisemyNut$ collected $65.50 from pot
*** SUMMARY ***
Total pot $66 | Rake $0.50
Board [Th Qd 4s 3h 5d]
Seat 3: pejoba (big blind) mucked
Seat 5: RaisemyNut$ (button) (small blind) showed [Ts Td] and won ($65.50) with three of a kind, Tens


PokerStars Hand #154488087033:  Hold'em Limit ($3/$6 USD) - 2016/06/08 21:30:44 ET
Table 'Alcathous' 6-max Seat #5 is the button
Seat 3: pejoba ($714.93 in chips)
Seat 5: RaisemyNut$ ($245.93 in chips)
RaisemyNut$: posts small blind $1
pejoba: posts big blind $3
*** HOLE CARDS ***
RaisemyNut$: raises $3 to $6
pejoba: calls $3
*** FLOP *** [Td Js 9s]
pejoba: bets $3
RaisemyNut$: raises $3 to $6
pejoba: raises $3 to $9
RaisemyNut$: calls $3
*** TURN *** [Td Js 9s] [8s]
pejoba: bets $6
RaisemyNut$: calls $6
*** RIVER *** [Td Js 9s 8s] [9h]
pejoba: bets $6
RaisemyNut$: folds
Uncalled bet ($6) returned to pejoba
pejoba collected $41.50 from pot
pejoba: doesn't show hand
*** SUMMARY ***
Total pot $42 | Rake $0.50
Board [Td Js 9s 8s 9h]
Seat 3: pejoba (big blind) collected ($41.50)
Seat 5: RaisemyNut$ (button) (small blind) folded on the River


PokerStars Hand #154488082923:  Hold'em Limit ($3/$6 USD) - 2016/06/08 21:30:33 ET
Table 'Alcathous' 6-max Seat #3 is the button
Seat 3: pejoba ($720.93 in chips)
Seat 5: RaisemyNut$ ($240.17 in chips)
pejoba: posts small blind $1
RaisemyNut$: posts big blind $3
*** HOLE CARDS ***
pejoba: raises $3 to $6
RaisemyNut$: calls $3
*** FLOP *** [4s 2d 4d]
RaisemyNut$: checks
pejoba: checks
*** TURN *** [4s 2d 4d] [2c]
RaisemyNut$: bets $6
pejoba: folds
Uncalled bet ($6) returned to RaisemyNut$
RaisemyNut$ collected $11.76 from pot
RaisemyNut$: doesn't show hand
*** SUMMARY ***
Total pot $12 | Rake $0.24
Board [4s 2d 4d 2c]
Seat 3: pejoba (button) (small blind) folded on the Turn
Seat 5: RaisemyNut$ (big blind) collected ($11.76)


PokerStars Hand #154488080888:  Hold'em Limit ($3/$6 USD) - 2016/06/08 21:30:28 ET
Table 'Alcathous' 6-max Seat #5 is the button
Seat 3: pejoba ($723.93 in chips)
Seat 5: RaisemyNut$ ($237.17 in chips)
RaisemyNut$: posts small blind $1
pejoba: posts big blind $3
*** HOLE CARDS ***
RaisemyNut$: raises $3 to $6
pejoba: folds
Uncalled bet ($3) returned to RaisemyNut$
RaisemyNut$ collected $6 from pot
RaisemyNut$: doesn't show hand
*** SUMMARY ***
Total pot $6 | Rake $0
Seat 3: pejoba (big blind) folded before Flop
Seat 5: RaisemyNut$ (button) (small blind) collected ($6)


PokerStars Hand #154488108530:  Hold'em Limit ($3/$6 USD) - 2016/06/08 21:31:40 ET
Table 'Alcathous' 6-max Seat #3 is the button
Seat 3: pejoba ($729.43 in chips)
Seat 5: RaisemyNut$ ($230.57 in chips)
pejoba: posts small blind $1
RaisemyNut$: posts big blind $3
*** HOLE CARDS ***
pejoba: raises $3 to $6
RaisemyNut$: calls $3
*** FLOP *** [4h 9c Th]
RaisemyNut$: checks
pejoba: checks
*** TURN *** [4h 9c Th] [Ks]
RaisemyNut$: bets $6
pejoba: folds
Uncalled bet ($6) returned to RaisemyNut$
RaisemyNut$ collected $11.76 from pot
RaisemyNut$: doesn't show hand
*** SUMMARY ***
Total pot $12 | Rake $0.24
Board [4h 9c Th Ks]
Seat 3: pejoba (button) (small blind) folded on the Turn
Seat 5: RaisemyNut$ (big blind) collected ($11.76)


PokerStars Hand #154488101042:  Hold'em Limit ($3/$6 USD) - 2016/06/08 21:31:20 ET
Table 'Alcathous' 6-max Seat #5 is the button
Seat 3: pejoba ($738.43 in chips)
Seat 5: RaisemyNut$ ($221.93 in chips)
RaisemyNut$: posts small blind $1
pejoba: posts big blind $3
*** HOLE CARDS ***
RaisemyNut$: raises $3 to $6
pejoba: calls $3
*** FLOP *** [3d 6c 9h]
pejoba: checks
RaisemyNut$: bets $3
pejoba: calls $3
*** TURN *** [3d 6c 9h] [Js]
pejoba: checks
RaisemyNut$: bets $6
pejoba: folds
Uncalled bet ($6) returned to RaisemyNut$
RaisemyNut$ collected $17.64 from pot
RaisemyNut$: doesn't show hand
*** SUMMARY ***
Total pot $18 | Rake $0.36
Board [3d 6c 9h Js]
Seat 3: pejoba (big blind) folded on the Turn
Seat 5: RaisemyNut$ (button) (small blind) collected ($17.64)


PokerStars Hand #154488096951:  Hold'em Limit ($3/$6 USD) - 2016/06/08 21:31:09 ET
Table 'Alcathous' 6-max Seat #3 is the button
Seat 3: pejoba ($735.43 in chips)
Seat 5: RaisemyNut$ ($224.93 in chips)
pejoba: posts small blind $1
RaisemyNut$: posts big blind $3
*** HOLE CARDS ***
pejoba: raises $3 to $6
RaisemyNut$: folds
Uncalled bet ($3) returned to pejoba
pejoba collected $6 from pot
pejoba: doesn't show hand
*** SUMMARY ***
Total pot $6 | Rake $0
Seat 3: pejoba (button) (small blind) collected ($6)
Seat 5: RaisemyNut$ (big blind) folded before Flop


PokerStars Hand #154488121339:  Hold'em Limit ($3/$6 USD) - 2016/06/08 21:32:13 ET
Table 'Alcathous' 6-max Seat #3 is the button
Seat 3: pejoba ($737.93 in chips)
Seat 5: RaisemyNut$ ($221.33 in chips)
pejoba: posts small blind $1
RaisemyNut$: posts big blind $3
*** HOLE CARDS ***
pejoba: raises $3 to $6
RaisemyNut$: folds
Uncalled bet ($3) returned to pejoba
pejoba collected $6 from pot
pejoba: doesn't show hand
*** SUMMARY ***
Total pot $6 | Rake $0
Seat 3: pejoba (button) (small blind) collected ($6)
Seat 5: RaisemyNut$ (big blind) folded before Flop


PokerStars Hand #154488114607:  Hold'em Limit ($3/$6 USD) - 2016/06/08 21:31:56 ET
Table 'Alcathous' 6-max Seat #5 is the button
Seat 3: pejoba ($723.43 in chips)
Seat 5: RaisemyNut$ ($236.33 in chips)
RaisemyNut$: posts small blind $1
pejoba: posts big blind $3
*** HOLE CARDS ***
RaisemyNut$: raises $3 to $6
pejoba: calls $3
*** FLOP *** [5h 3d 3h]
pejoba: bets $3
RaisemyNut$: calls $3
*** TURN *** [5h 3d 3h] [5c]
pejoba: bets $6
Diogo mania joins the table at seat #1
RaisemyNut$: calls $6
*** RIVER *** [5h 3d 3h 5c] [6h]
pejoba: bets $6
RaisemyNut$: folds
Uncalled bet ($6) returned to pejoba
pejoba collected $29.50 from pot
pejoba: doesn't show hand
*** SUMMARY ***
Total pot $30 | Rake $0.50
Board [5h 3d 3h 5c 6h]
Seat 3: pejoba (big blind) collected ($29.50)
Seat 5: RaisemyNut$ (button) (small blind) folded on the River


PokerStars Hand #154488207498:  Hold'em Limit ($3/$6 USD) - 2016/06/08 21:35:58 ET
Table 'Alcathous' 6-max Seat #5 is the button
Seat 4: maggiemoodle ($80.68 in chips)
Seat 5: RaisemyNut$ ($242.66 in chips)
RaisemyNut$: posts small blind $1
maggiemoodle: posts big blind $3
*** HOLE CARDS ***
RaisemyNut$: folds
Uncalled bet ($2) returned to maggiemoodle
maggiemoodle collected $2 from pot
*** SUMMARY ***
Total pot $2 | Rake $0
Seat 4: maggiemoodle (big blind) collected ($2)
Seat 5: RaisemyNut$ (button) (small blind) folded before Flop


PokerStars Hand #154488201497:  Hold'em Limit ($3/$6 USD) - 2016/06/08 21:35:42 ET
Table 'Alcathous' 6-max Seat #4 is the button
Seat 4: maggiemoodle ($74.92 in chips)
Seat 5: RaisemyNut$ ($248.66 in chips)
maggiemoodle: posts small blind $1
RaisemyNut$: posts big blind $3
*** HOLE CARDS ***
maggiemoodle: raises $3 to $6
RaisemyNut$: calls $3
*** FLOP *** [Tc 3h 9c]
RaisemyNut$: checks
maggiemoodle: bets $3
RaisemyNut$: folds
Uncalled bet ($3) returned to maggiemoodle
maggiemoodle collected $11.76 from pot
*** SUMMARY ***
Total pot $12 | Rake $0.24
Board [Tc 3h 9c]
Seat 4: maggiemoodle (button) (small blind) collected ($11.76)
Seat 5: RaisemyNut$ (big blind) folded on the Flop


PokerStars Hand #154488197534:  Hold'em Limit ($3/$6 USD) - 2016/06/08 21:35:31 ET
Table 'Alcathous' 6-max Seat #5 is the button
Seat 4: maggiemoodle ($80.92 in chips)
Seat 5: RaisemyNut$ ($242.90 in chips)
RaisemyNut$: posts small blind $1
maggiemoodle: posts big blind $3
*** HOLE CARDS ***
RaisemyNut$: raises $3 to $6
maggiemoodle: calls $3
*** FLOP *** [Jh Tc Jc]
maggiemoodle: checks
RaisemyNut$: bets $3
maggiemoodle: folds
Uncalled bet ($3) returned to RaisemyNut$
RaisemyNut$ collected $11.76 from pot
RaisemyNut$: doesn't show hand
*** SUMMARY ***
Total pot $12 | Rake $0.24
Board [Jh Tc Jc]
Seat 4: maggiemoodle (big blind) folded on the Flop
Seat 5: RaisemyNut$ (button) (small blind) collected ($11.76)


PokerStars Hand #154488230112:  Hold'em Limit ($3/$6 USD) - 2016/06/08 21:36:58 ET
Table 'Alcathous' 6-max Seat #5 is the button
Seat 4: maggiemoodle ($78.18 in chips)
Seat 5: RaisemyNut$ ($243.92 in chips)
RaisemyNut$: posts small blind $1
maggiemoodle: posts big blind $3
*** HOLE CARDS ***
RaisemyNut$: raises $3 to $6
maggiemoodle: folds
Uncalled bet ($3) returned to RaisemyNut$
RaisemyNut$ collected $6 from pot
RaisemyNut$: doesn't show hand
*** SUMMARY ***
Total pot $6 | Rake $0
Seat 4: maggiemoodle (big blind) folded before Flop
Seat 5: RaisemyNut$ (button) (small blind) collected ($6)


PokerStars Hand #154488223270:  Hold'em Limit ($3/$6 USD) - 2016/06/08 21:36:40 ET
Table 'Alcathous' 6-max Seat #4 is the button
Seat 4: maggiemoodle ($60.68 in chips)
Seat 5: RaisemyNut$ ($261.92 in chips)
maggiemoodle: posts small blind $1
RaisemyNut$: posts big blind $3
*** HOLE CARDS ***
maggiemoodle: raises $3 to $6
RaisemyNut$: raises $3 to $9
maggiemoodle: calls $3
*** FLOP *** [Ah 3h Kd]
RaisemyNut$: bets $3
maggiemoodle: calls $3
*** TURN *** [Ah 3h Kd] [4c]
RaisemyNut$: bets $6
maggiemoodle: raises $6 to $12
RaisemyNut$: folds
Uncalled bet ($6) returned to maggiemoodle
maggiemoodle collected $35.50 from pot
*** SUMMARY ***
Total pot $36 | Rake $0.50
Board [Ah 3h Kd 4c]
Seat 4: maggiemoodle (button) (small blind) collected ($35.50)
Seat 5: RaisemyNut$ (big blind) folded on the Turn


PokerStars Hand #154488216319:  Hold'em Limit ($3/$6 USD) - 2016/06/08 21:36:21 ET
Table 'Alcathous' 6-max Seat #5 is the button
Seat 4: maggiemoodle ($66.68 in chips)
Seat 5: RaisemyNut$ ($256.16 in chips)
RaisemyNut$: posts small blind $1
maggiemoodle: posts big blind $3
*** HOLE CARDS ***
maggiemoodle said, "?"
RaisemyNut$: raises $3 to $6
maggiemoodle: calls $3
*** FLOP *** [7s Ah 9h]
maggiemoodle: checks
RaisemyNut$: bets $3
maggiemoodle: folds
Uncalled bet ($3) returned to RaisemyNut$
RaisemyNut$ collected $11.76 from pot
RaisemyNut$: doesn't show hand
*** SUMMARY ***
Total pot $12 | Rake $0.24
Board [7s Ah 9h]
Seat 4: maggiemoodle (big blind) folded on the Flop
Seat 5: RaisemyNut$ (button) (small blind) collected ($11.76)


PokerStars Hand #154488209368:  Hold'em Limit ($3/$6 USD) - 2016/06/08 21:36:03 ET
Table 'Alcathous' 6-max Seat #4 is the button
Seat 4: maggiemoodle ($81.68 in chips)
Seat 5: RaisemyNut$ ($241.66 in chips)
maggiemoodle: posts small blind $1
RaisemyNut$: posts big blind $3
*** HOLE CARDS ***
maggiemoodle: raises $3 to $6
RaisemyNut$: calls $3
*** FLOP *** [7d Js Ts]
RaisemyNut$: checks
maggiemoodle: bets $3
RaisemyNut$: calls $3
*** TURN *** [7d Js Ts] [Ks]
RaisemyNut$: checks
maggiemoodle: checks
*** RIVER *** [7d Js Ts Ks] [4c]
RaisemyNut$: bets $6
maggiemoodle: calls $6
*** SHOW DOWN ***
RaisemyNut$: shows [6d Kd] (a pair of Kings)
maggiemoodle: mucks hand
RaisemyNut$ collected $29.50 from pot
*** SUMMARY ***
Total pot $30 | Rake $0.50
Board [7d Js Ts Ks 4c]
Seat 4: maggiemoodle (button) (small blind) mucked
Seat 5: RaisemyNut$ (big blind) showed [6d Kd] and won ($29.50) with a pair of Kings


PokerStars Hand #154488244274:  Hold'em Limit ($3/$6 USD) - 2016/06/08 21:37:35 ET
Table 'Alcathous' 6-max Seat #4 is the button
Seat 4: maggiemoodle ($51.18 in chips)
Seat 5: RaisemyNut$ ($270.18 in chips)
maggiemoodle: posts small blind $1
RaisemyNut$: posts big blind $3
*** HOLE CARDS ***
maggiemoodle: raises $3 to $6
RaisemyNut$: folds
Uncalled bet ($3) returned to maggiemoodle
maggiemoodle collected $6 from pot
*** SUMMARY ***
Total pot $6 | Rake $0
Seat 4: maggiemoodle (button) (small blind) collected ($6)
Seat 5: RaisemyNut$ (big blind) folded before Flop


PokerStars Hand #154488238177:  Hold'em Limit ($3/$6 USD) - 2016/06/08 21:37:19 ET
Table 'Alcathous' 6-max Seat #5 is the button
Seat 4: maggiemoodle ($57.18 in chips)
Seat 5: RaisemyNut$ ($264.42 in chips)
RaisemyNut$: posts small blind $1
maggiemoodle: posts big blind $3
*** HOLE CARDS ***
maggiemoodle said, "omfg"
RaisemyNut$: raises $3 to $6
maggiemoodle said, "fk off"
maggiemoodle: calls $3
*** FLOP *** [Tc Jc 9c]
maggiemoodle: checks
RaisemyNut$: bets $3
maggiemoodle: folds
Uncalled bet ($3) returned to RaisemyNut$
RaisemyNut$ collected $11.76 from pot
RaisemyNut$: doesn't show hand
*** SUMMARY ***
Total pot $12 | Rake $0.24
Board [Tc Jc 9c]
Seat 4: maggiemoodle (big blind) folded on the Flop
Seat 5: RaisemyNut$ (button) (small blind) collected ($11.76)


PokerStars Hand #154488232288:  Hold'em Limit ($3/$6 USD) - 2016/06/08 21:37:03 ET
Table 'Alcathous' 6-max Seat #4 is the button
Seat 4: maggiemoodle ($75.18 in chips)
Seat 5: RaisemyNut$ ($246.92 in chips)
maggiemoodle: posts small blind $1
RaisemyNut$: posts big blind $3
*** HOLE CARDS ***
maggiemoodle: raises $3 to $6
RaisemyNut$: calls $3
*** FLOP *** [2h Jd 5h]
RaisemyNut$: checks
maggiemoodle: checks
*** TURN *** [2h Jd 5h] [7d]
RaisemyNut$: bets $6
maggiemoodle: calls $6
*** RIVER *** [2h Jd 5h 7d] [Ks]
RaisemyNut$: bets $6
maggiemoodle: calls $6
*** SHOW DOWN ***
RaisemyNut$: shows [Kd 6d] (a pair of Kings)
maggiemoodle: mucks hand
RaisemyNut$ collected $35.50 from pot
*** SUMMARY ***
Total pot $36 | Rake $0.50
Board [2h Jd 5h 7d Ks]
Seat 4: maggiemoodle (button) (small blind) mucked
Seat 5: RaisemyNut$ (big blind) showed [Kd 6d] and won ($35.50) with a pair of Kings


PokerStars Hand #154488268472:  Hold'em Limit ($3/$6 USD) - 2016/06/08 21:38:39 ET
Table 'Alcathous' 6-max Seat #5 is the button
Seat 5: RaisemyNut$ ($257.18 in chips)
Seat 6: hairy1961 ($66.64 in chips)
RaisemyNut$: posts small blind $1
hairy1961: posts big blind $3
*** HOLE CARDS ***
RaisemyNut$: raises $3 to $6
hairy1961: calls $3
*** FLOP *** [Qh 3d 9c]
hairy1961: checks
RaisemyNut$: bets $3
hairy1961: raises $3 to $6
RaisemyNut$: calls $3
*** TURN *** [Qh 3d 9c] [7h]
hairy1961: bets $6
RaisemyNut$: folds
Uncalled bet ($6) returned to hairy1961
hairy1961 collected $23.52 from pot
*** SUMMARY ***
Total pot $24 | Rake $0.48
Board [Qh 3d 9c 7h]
Seat 5: RaisemyNut$ (button) (small blind) folded on the Turn
Seat 6: hairy1961 (big blind) collected ($23.52)


PokerStars Hand #154488260906:  Hold'em Limit ($3/$6 USD) - 2016/06/08 21:38:19 ET
Table 'Alcathous' 6-max Seat #6 is the button
Seat 5: RaisemyNut$ ($266.18 in chips)
Seat 6: hairy1961 ($58 in chips)
hairy1961: posts small blind $1
RaisemyNut$: posts big blind $3
*** HOLE CARDS ***
Diogo mania leaves the table
hairy1961: raises $3 to $6
RaisemyNut$: calls $3
*** FLOP *** [7s 4h 8c]
RaisemyNut$: checks
hairy1961: bets $3
RaisemyNut$: calls $3
*** TURN *** [7s 4h 8c] [Ks]
RaisemyNut$: checks
hairy1961: bets $6
RaisemyNut$: folds
Uncalled bet ($6) returned to hairy1961
hairy1961 collected $17.64 from pot
*** SUMMARY ***
Total pot $18 | Rake $0.36
Board [7s 4h 8c Ks]
Seat 5: RaisemyNut$ (big blind) folded on the Turn
Seat 6: hairy1961 (button) (small blind) collected ($17.64)


PokerStars Hand #154488256647:  Hold'em Limit ($3/$6 USD) - 2016/06/08 21:38:07 ET
Table 'Alcathous' 6-max Seat #5 is the button
Seat 5: RaisemyNut$ ($267.18 in chips)
Seat 6: hairy1961 ($57 in chips)
RaisemyNut$: posts small blind $1
hairy1961: posts big blind $3
*** HOLE CARDS ***
RaisemyNut$: folds
Uncalled bet ($2) returned to hairy1961
hairy1961 collected $2 from pot
*** SUMMARY ***
Total pot $2 | Rake $0
Seat 5: RaisemyNut$ (button) (small blind) folded before Flop
Seat 6: hairy1961 (big blind) collected ($2)


PokerStars Hand #154488872362:  Hold'em Limit ($3/$6 USD) - 2016/06/08 22:06:08 ET
Table 'Alcathous' 6-max Seat #3 is the button
Seat 2: anetkaapro ($162 in chips)
Seat 3: I M GOIN OFF ($185.86 in chips)
I M GOIN OFF: posts small blind $1
anetkaapro: posts big blind $3
*** HOLE CARDS ***
I M GOIN OFF: folds
Uncalled bet ($2) returned to anetkaapro
anetkaapro collected $2 from pot
anetkaapro: doesn't show hand
*** SUMMARY ***
Total pot $2 | Rake $0
Seat 2: anetkaapro (big blind) collected ($2)
Seat 3: I M GOIN OFF (button) (small blind) folded before Flop


