PokerStars Hand #157605215158:  Hold'em Limit ($3/$6 USD) - 2016/08/22 14:28:34 ET
Table 'Alcathous II' 6-max Seat #6 is the button
Seat 2: Luanto 14 ($287.76 in chips)
Seat 6: jassomaan ($68.86 in chips)
jassomaan: posts small blind $1
Luanto 14: posts big blind $3
*** HOLE CARDS ***
jassomaan: folds
Uncalled bet ($2) returned to Luanto 14
Luanto 14 collected $2 from pot
Luanto 14: doesn't show hand
*** SUMMARY ***
Total pot $2 | Rake $0
Seat 2: Luanto 14 (big blind) collected ($2)
Seat 6: jassomaan (button) (small blind) folded before Flop


PokerStars Hand #157605205283:  Hold'em Limit ($3/$6 USD) - 2016/08/22 14:28:21 ET
Table 'Alcathous II' 6-max Seat #2 is the button
Seat 2: Luanto 14 ($282 in chips)
Seat 6: jassomaan ($74.86 in chips)
Luanto 14: posts small blind $1
TinaTurner72: is sitting out
ABATAPP: is sitting out
jassomaan: posts big blind $3
*** HOLE CARDS ***
Luanto 14: raises $3 to $6
TinaTurner72 leaves the table
jassomaan: calls $3
*** FLOP *** [3s Kc Kh]
jassomaan: checks
Luanto 14: bets $3
jassomaan: folds
Uncalled bet ($3) returned to Luanto 14
Luanto 14 collected $11.76 from pot
Luanto 14: doesn't show hand
*** SUMMARY ***
Total pot $12 | Rake $0.24
Board [3s Kc Kh]
Seat 2: Luanto 14 (button) (small blind) collected ($11.76)
Seat 6: jassomaan (big blind) folded on the Flop


PokerStars Hand #157605218872:  Hold'em Limit ($3/$6 USD) - 2016/08/22 14:28:39 ET
Table 'Alcathous II' 6-max Seat #2 is the button
Seat 2: Luanto 14 ($288.76 in chips)
Seat 6: jassomaan ($67.86 in chips)
Luanto 14: posts small blind $1
jassomaan: posts big blind $3
*** HOLE CARDS ***
ABATAPP leaves the table
Luanto 14: raises $3 to $6
jassomaan: calls $3
*** FLOP *** [7d 4d 4s]
jassomaan: bets $3
Luanto 14: folds
Uncalled bet ($3) returned to jassomaan
jassomaan collected $11.76 from pot
jassomaan: doesn't show hand
*** SUMMARY ***
Total pot $12 | Rake $0.24
Board [7d 4d 4s]
Seat 2: Luanto 14 (button) (small blind) folded on the Flop
Seat 6: jassomaan (big blind) collected ($11.76)


PokerStars Hand #157605230479:  Hold'em Limit ($3/$6 USD) - 2016/08/22 14:28:54 ET
Table 'Alcathous II' 6-max Seat #6 is the button
Seat 2: Luanto 14 ($282.76 in chips)
Seat 6: jassomaan ($73.62 in chips)
jassomaan: posts small blind $1
Luanto 14: posts big blind $3
*** HOLE CARDS ***
jassomaan: raises $3 to $6
Luanto 14: calls $3
*** FLOP *** [8d Jd 7h]
Luanto 14: checks
jassomaan: bets $3
Luanto 14: calls $3
*** TURN *** [8d Jd 7h] [7d]
Luanto 14: checks
jassomaan: checks
*** RIVER *** [8d Jd 7h 7d] [3d]
Luanto 14: checks
jassomaan: checks
*** SHOW DOWN ***
Luanto 14: shows [8s 4h] (two pair, Eights and Sevens)
jassomaan: shows [Kc 9d] (a flush, Jack high)
jassomaan collected $17.64 from pot
*** SUMMARY ***
Total pot $18 | Rake $0.36
Board [8d Jd 7h 7d 3d]
Seat 2: Luanto 14 (big blind) showed [8s 4h] and lost with two pair, Eights and Sevens
Seat 6: jassomaan (button) (small blind) showed [Kc 9d] and won ($17.64) with a flush, Jack high


