PokerStars Hand #171814901670:  Hold'em Limit ($3/$6 USD) - 2017/06/15 15:14:17 ET
Table 'Alcathous' 6-max Seat #5 is the button
Seat 5: pdsnr ($258.32 in chips)
Seat 6: manly70 ($86.67 in chips)
pdsnr: posts small blind $1
manly70: posts big blind $3
*** HOLE CARDS ***
pdsnr: raises $3 to $6
manly70: calls $3
*** FLOP *** [3d Qh 4d]
manly70: checks
pdsnr: bets $3
manly70: calls $3
*** TURN *** [3d Qh 4d] [Qs]
manly70: checks
pdsnr: bets $6
manly70: folds
Uncalled bet ($6) returned to pdsnr
pdsnr collected $17.64 from pot
*** SUMMARY ***
Total pot $18 | Rake $0.36
Board [3d Qh 4d Qs]
Seat 5: pdsnr (button) (small blind) collected ($17.64)
Seat 6: manly70 (big blind) folded on the Turn


PokerStars Hand #171814896756:  Hold'em Limit ($3/$6 USD) - 2017/06/15 15:14:11 ET
Table 'Alcathous' 6-max Seat #6 is the button
Seat 5: pdsnr ($257.32 in chips)
Seat 6: manly70 ($87.67 in chips)
manly70: posts small blind $1
Chessnok was removed from the table for failing to post
pdsnr: posts big blind $3
*** HOLE CARDS ***
manly70: folds
Uncalled bet ($2) returned to pdsnr
pdsnr collected $2 from pot
*** SUMMARY ***
Total pot $2 | Rake $0
Seat 5: pdsnr (big blind) collected ($2)
Seat 6: manly70 (button) (small blind) folded before Flop


PokerStars Hand #171814940170:  Hold'em Limit ($3/$6 USD) - 2017/06/15 15:15:05 ET
Table 'Alcathous' 6-max Seat #5 is the button
Seat 5: pdsnr ($267.96 in chips)
Seat 6: manly70 ($76.67 in chips)
pdsnr: posts small blind $1
manly70: posts big blind $3
*** HOLE CARDS ***
pdsnr: raises $3 to $6
manly70: calls $3
*** FLOP *** [Tc 7d 9h]
manly70: checks
pdsnr: bets $3
manly70: calls $3
*** TURN *** [Tc 7d 9h] [7c]
manly70: checks
pdsnr: bets $6
manly70: calls $6
*** RIVER *** [Tc 7d 9h 7c] [2c]
manly70: checks
pdsnr: bets $6
manly70: calls $6
*** SHOW DOWN ***
pdsnr: shows [Jc 8h] (a straight, Seven to Jack)
manly70: mucks hand
pdsnr collected $41.50 from pot
*** SUMMARY ***
Total pot $42 | Rake $0.50
Board [Tc 7d 9h 7c 2c]
Seat 5: pdsnr (button) (small blind) showed [Jc 8h] and won ($41.50) with a straight, Seven to Jack
Seat 6: manly70 (big blind) mucked


PokerStars Hand #171814934274:  Hold'em Limit ($3/$6 USD) - 2017/06/15 15:14:58 ET
Table 'Alcathous' 6-max Seat #6 is the button
Seat 5: pdsnr ($266.96 in chips)
Seat 6: manly70 ($77.67 in chips)
manly70: posts small blind $1
pdsnr: posts big blind $3
*** HOLE CARDS ***
manly70: folds
Uncalled bet ($2) returned to pdsnr
pdsnr collected $2 from pot
*** SUMMARY ***
Total pot $2 | Rake $0
Seat 5: pdsnr (big blind) collected ($2)
Seat 6: manly70 (button) (small blind) folded before Flop


PokerStars Hand #171814927340:  Hold'em Limit ($3/$6 USD) - 2017/06/15 15:14:49 ET
Table 'Alcathous' 6-max Seat #5 is the button
Seat 5: pdsnr ($267.96 in chips)
Seat 6: manly70 ($76.67 in chips)
pdsnr: posts small blind $1
manly70: posts big blind $3
*** HOLE CARDS ***
pdsnr: folds
Uncalled bet ($2) returned to manly70
manly70 collected $2 from pot
*** SUMMARY ***
Total pot $2 | Rake $0
Seat 5: pdsnr (button) (small blind) folded before Flop
Seat 6: manly70 (big blind) collected ($2)


PokerStars Hand #171814923223:  Hold'em Limit ($3/$6 USD) - 2017/06/15 15:14:44 ET
Table 'Alcathous' 6-max Seat #6 is the button
Seat 5: pdsnr ($266.96 in chips)
Seat 6: manly70 ($77.67 in chips)
manly70: posts small blind $1
pdsnr: posts big blind $3
*** HOLE CARDS ***
manly70: folds
Uncalled bet ($2) returned to pdsnr
pdsnr collected $2 from pot
*** SUMMARY ***
Total pot $2 | Rake $0
Seat 5: pdsnr (big blind) collected ($2)
Seat 6: manly70 (button) (small blind) folded before Flop


PokerStars Hand #171814999901:  Hold'em Limit ($3/$6 USD) - 2017/06/15 15:16:19 ET
Table 'Alcathous' 6-max Seat #5 is the button
Seat 5: pdsnr ($280.10 in chips)
Seat 6: manly70 ($63.17 in chips)
pdsnr: posts small blind $1
manly70: posts big blind $3
*** HOLE CARDS ***
pdsnr: raises $3 to $6
manly70: calls $3
*** FLOP *** [Js 3d 4d]
manly70: checks
pdsnr: bets $3
manly70: calls $3
*** TURN *** [Js 3d 4d] [Qh]
manly70: checks
pdsnr: bets $6
manly70: calls $6
*** RIVER *** [Js 3d 4d Qh] [Tc]
manly70: checks
pdsnr: checks
*** SHOW DOWN ***
manly70: shows [5s 7c] (high card Queen)
pdsnr: shows [7s 5h] (high card Queen)
manly70 collected $14.75 from pot
pdsnr collected $14.75 from pot
*** SUMMARY ***
Total pot $30 | Rake $0.50
Board [Js 3d 4d Qh Tc]
Seat 5: pdsnr (button) (small blind) showed [7s 5h] and won ($14.75) with high card Queen
Seat 6: manly70 (big blind) showed [5s 7c] and won ($14.75) with high card Queen


PokerStars Hand #171814994962:  Hold'em Limit ($3/$6 USD) - 2017/06/15 15:16:13 ET
Table 'Alcathous' 6-max Seat #6 is the button
Seat 5: pdsnr ($279.10 in chips)
Seat 6: manly70 ($64.17 in chips)
manly70: posts small blind $1
pdsnr: posts big blind $3
*** HOLE CARDS ***
Apanage joins the table at seat #1
manly70: folds
Uncalled bet ($2) returned to pdsnr
pdsnr collected $2 from pot
*** SUMMARY ***
Total pot $2 | Rake $0
Seat 5: pdsnr (big blind) collected ($2)
Seat 6: manly70 (button) (small blind) folded before Flop


PokerStars Hand #171814981114:  Hold'em Limit ($3/$6 USD) - 2017/06/15 15:15:56 ET
Table 'Alcathous' 6-max Seat #5 is the button
Seat 5: pdsnr ($270.46 in chips)
Seat 6: manly70 ($73.17 in chips)
pdsnr: posts small blind $1
manly70: posts big blind $3
*** HOLE CARDS ***
pdsnr: raises $3 to $6
manly70: calls $3
*** FLOP *** [9c Js 5s]
manly70: checks
pdsnr: bets $3
manly70: calls $3
*** TURN *** [9c Js 5s] [5c]
manly70: checks
pdsnr: bets $6
manly70: folds
Uncalled bet ($6) returned to pdsnr
pdsnr collected $17.64 from pot
*** SUMMARY ***
Total pot $18 | Rake $0.36
Board [9c Js 5s 5c]
Seat 5: pdsnr (button) (small blind) collected ($17.64)
Seat 6: manly70 (big blind) folded on the Turn


PokerStars Hand #171814961258:  Hold'em Limit ($3/$6 USD) - 2017/06/15 15:15:31 ET
Table 'Alcathous' 6-max Seat #6 is the button
Seat 5: pdsnr ($288.46 in chips)
Seat 6: manly70 ($55.67 in chips)
manly70: posts small blind $1
pdsnr: posts big blind $3
*** HOLE CARDS ***
manly70: raises $3 to $6
pdsnr: calls $3
*** FLOP *** [As 8c 3h]
pdsnr: checks
manly70: bets $3
pdsnr: raises $3 to $6
manly70: calls $3
*** TURN *** [As 8c 3h] [Jh]
pdsnr: bets $6
manly70: calls $6
*** RIVER *** [As 8c 3h Jh] [Ts]
pdsnr: checks
manly70: checks
*** SHOW DOWN ***
pdsnr: shows [8d 4c] (a pair of Eights)
manly70: shows [Kc 8h] (a pair of Eights - Ace+King kicker)
manly70 collected $35.50 from pot
*** SUMMARY ***
Total pot $36 | Rake $0.50
Board [As 8c 3h Jh Ts]
Seat 5: pdsnr (big blind) showed [8d 4c] and lost with a pair of Eights
Seat 6: manly70 (button) (small blind) showed [Kc 8h] and won ($35.50) with a pair of Eights


