PokerStars Hand #150469649873:  Hold'em Limit ($3/$6 USD) - 2016/03/16 20:34:42 ET
Table 'Alchiba' 6-max Seat #3 is the button
Seat 3: matreco601 ($30 in chips)
Seat 5: TinaTurner72 ($120 in chips)
matreco601: posts small blind $1
TinaTurner72: posts big blind $3
*** HOLE CARDS ***
matreco601: calls $2
TinaTurner72: checks
*** FLOP *** [8c 5c 4c]
TinaTurner72: bets $3
matreco601: folds
Uncalled bet ($3) returned to TinaTurner72
TinaTurner72 collected $5.88 from pot
TinaTurner72: doesn't show hand
*** SUMMARY ***
Total pot $6 | Rake $0.12
Board [8c 5c 4c]
Seat 3: matreco601 (button) (small blind) folded on the Flop
Seat 5: TinaTurner72 (big blind) collected ($5.88)


PokerStars Hand #150469676837:  Hold'em Limit ($3/$6 USD) - 2016/03/16 20:35:25 ET
Table 'Alchiba' 6-max Seat #3 is the button
Seat 3: matreco601 ($35.64 in chips)
Seat 5: TinaTurner72 ($113.88 in chips)
matreco601: posts small blind $1
TinaTurner72: posts big blind $3
*** HOLE CARDS ***
matreco601: folds
Uncalled bet ($2) returned to TinaTurner72
matreco601 leaves the table
TinaTurner72 collected $2 from pot
TinaTurner72: doesn't show hand
*** SUMMARY ***
Total pot $2 | Rake $0
Seat 3: matreco601 (button) (small blind) folded before Flop
Seat 5: TinaTurner72 (big blind) collected ($2)


PokerStars Hand #150469669336:  Hold'em Limit ($3/$6 USD) - 2016/03/16 20:35:12 ET
Table 'Alchiba' 6-max Seat #5 is the button
Seat 3: matreco601 ($27 in chips)
Seat 5: TinaTurner72 ($122.88 in chips)
TinaTurner72: posts small blind $1
matreco601: posts big blind $3
*** HOLE CARDS ***
TinaTurner72: raises $3 to $6
matreco601: calls $3
*** FLOP *** [3d 4d 6d]
matreco601: bets $3
TinaTurner72: calls $3
*** TURN *** [3d 4d 6d] [2s]
matreco601: bets $6
TinaTurner72: folds
Uncalled bet ($6) returned to matreco601
matreco601 collected $17.64 from pot
matreco601: doesn't show hand
*** SUMMARY ***
Total pot $18 | Rake $0.36
Board [3d 4d 6d 2s]
Seat 3: matreco601 (big blind) collected ($17.64)
Seat 5: TinaTurner72 (button) (small blind) folded on the Turn


PokerStars Hand #150469688518:  Hold'em Limit ($3/$6 USD) - 2016/03/16 20:35:46 ET
Table 'Alchiba' 6-max Seat #5 is the button
Seat 4: matreco601 ($30 in chips)
Seat 5: TinaTurner72 ($114.88 in chips)
TinaTurner72: posts small blind $1
matreco601: posts big blind $3
*** HOLE CARDS ***
TinaTurner72: raises $3 to $6
matreco601: calls $3
*** FLOP *** [Qh 7c 8d]
matreco601: bets $3
JayEm82 joins the table at seat #6
TinaTurner72: folds
Uncalled bet ($3) returned to matreco601
matreco601 collected $11.76 from pot
matreco601: doesn't show hand
*** SUMMARY ***
Total pot $12 | Rake $0.24
Board [Qh 7c 8d]
Seat 4: matreco601 (big blind) collected ($11.76)
Seat 5: TinaTurner72 (button) (small blind) folded on the Flop


PokerStars Hand #150469706689:  Hold'em Limit ($3/$6 USD) - 2016/03/16 20:36:06 ET
Table 'Alchiba' 6-max Seat #1 is the button
Seat 1: sandi57 ($73.64 in chips)
Seat 5: TinaTurner72 ($108.88 in chips)
sandi57: posts small blind $1
TinaTurner72: posts big blind $3
*** HOLE CARDS ***
sandi57: raises $3 to $6
TinaTurner72: folds
Uncalled bet ($3) returned to sandi57
sandi57 collected $6 from pot
sandi57: doesn't show hand
*** SUMMARY ***
Total pot $6 | Rake $0
Seat 1: sandi57 (button) (small blind) collected ($6)
Seat 5: TinaTurner72 (big blind) folded before Flop


PokerStars Hand #150469710408:  Hold'em Limit ($3/$6 USD) - 2016/03/16 20:36:13 ET
Table 'Alchiba' 6-max Seat #5 is the button
Seat 1: sandi57 ($76.64 in chips)
Seat 5: TinaTurner72 ($105.88 in chips)
TinaTurner72: posts small blind $1
sandi57: posts big blind $3
*** HOLE CARDS ***
JayEm82 joins the table at seat #2
TinaTurner72: raises $3 to $6
matreco601 joins the table at seat #3
sandi57: calls $3
*** FLOP *** [Kh 9d Ah]
sandi57: checks
TinaTurner72: bets $3
sandi57: calls $3
*** TURN *** [Kh 9d Ah] [Jd]
GoliafUa joins the table at seat #4
sandi57: checks
TinaTurner72: bets $6
sandi57: calls $6
*** RIVER *** [Kh 9d Ah Jd] [5d]
sandi57: checks
TinaTurner72: bets $6
sandi57: calls $6
*** SHOW DOWN ***
TinaTurner72: shows [Ad 4d] (a flush, Ace high)
sandi57: mucks hand
TinaTurner72 collected $41.50 from pot
*** SUMMARY ***
Total pot $42 | Rake $0.50
Board [Kh 9d Ah Jd 5d]
Seat 1: sandi57 (big blind) mucked
Seat 5: TinaTurner72 (button) (small blind) showed [Ad 4d] and won ($41.50) with a flush, Ace high


PokerStars Hand #150471500389:  Hold'em Limit ($3/$6 USD) - 2016/03/16 21:24:47 ET
Table 'Alchiba' 6-max Seat #3 is the button
Seat 3: gazzzzzza ($206.95 in chips)
Seat 5: TinaTurner72 ($66.23 in chips)
gazzzzzza: posts small blind $1
TinaTurner72: posts big blind $3
*** HOLE CARDS ***
gazzzzzza: folds
Uncalled bet ($2) returned to TinaTurner72
TinaTurner72 collected $2 from pot
TinaTurner72: doesn't show hand
*** SUMMARY ***
Total pot $2 | Rake $0
Seat 3: gazzzzzza (button) (small blind) folded before Flop
Seat 5: TinaTurner72 (big blind) collected ($2)


