PokerStars Hand #149860968157:  Hold'em Limit ($3/$6 USD) - 2016/03/05 2:52:07 ET
Table 'Alchiba II' 10-max Seat #4 is the button
Seat 4: Eklund_1891 ($120 in chips)
Seat 5: ct-650 ($150 in chips)
Eklund_1891: posts small blind $1
ct-650: posts big blind $3
*** HOLE CARDS ***
Eklund_1891: raises $3 to $6
ct-650: calls $3
*** FLOP *** [3h 3c 9c]
ct-650: checks
Eklund_1891: checks
*** TURN *** [3h 3c 9c] [Qh]
ct-650: checks
Eklund_1891: checks
*** RIVER *** [3h 3c 9c Qh] [Ad]
ct-650: checks
Eklund_1891: bets $6
ct-650: folds
Uncalled bet ($6) returned to Eklund_1891
Eklund_1891 collected $11.76 from pot
Eklund_1891: doesn't show hand
*** SUMMARY ***
Total pot $12 | Rake $0.24
Board [3h 3c 9c Qh Ad]
Seat 4: Eklund_1891 (button) (small blind) collected ($11.76)
Seat 5: ct-650 (big blind) folded on the River


PokerStars Hand #149860994704:  Hold'em Limit ($3/$6 USD) - 2016/03/05 2:53:28 ET
Table 'Alchiba II' 10-max Seat #5 is the button
Seat 4: Eklund_1891 ($125.40 in chips)
Seat 5: ct-650 ($143.52 in chips)
ct-650: posts small blind $1
Eklund_1891: posts big blind $3
*** HOLE CARDS ***
ct-650: folds
Uncalled bet ($2) returned to Eklund_1891
Eklund_1891 collected $2 from pot
Eklund_1891: doesn't show hand
*** SUMMARY ***
Total pot $2 | Rake $0
Seat 4: Eklund_1891 (big blind) collected ($2)
Seat 5: ct-650 (button) (small blind) folded before Flop


PokerStars Hand #149860993143:  Hold'em Limit ($3/$6 USD) - 2016/03/05 2:53:23 ET
Table 'Alchiba II' 10-max Seat #4 is the button
Seat 4: Eklund_1891 ($122.40 in chips)
Seat 5: ct-650 ($146.52 in chips)
Eklund_1891: posts small blind $1
ct-650: posts big blind $3
*** HOLE CARDS ***
Eklund_1891: raises $3 to $6
ct-650: folds
Uncalled bet ($3) returned to Eklund_1891
Eklund_1891 collected $6 from pot
Eklund_1891: doesn't show hand
*** SUMMARY ***
Total pot $6 | Rake $0
Seat 4: Eklund_1891 (button) (small blind) collected ($6)
Seat 5: ct-650 (big blind) folded before Flop


PokerStars Hand #149860989215:  Hold'em Limit ($3/$6 USD) - 2016/03/05 2:53:11 ET
Table 'Alchiba II' 10-max Seat #5 is the button
Seat 4: Eklund_1891 ($113.76 in chips)
Seat 5: ct-650 ($155.52 in chips)
ct-650: posts small blind $1
Eklund_1891: posts big blind $3
*** HOLE CARDS ***
ct-650: raises $3 to $6
Eklund_1891: raises $3 to $9
ct-650: calls $3
*** FLOP *** [2s 7h Qd]
Eklund_1891: bets $3
ct-650: folds
Uncalled bet ($3) returned to Eklund_1891
Eklund_1891 collected $17.64 from pot
Eklund_1891: doesn't show hand
*** SUMMARY ***
Total pot $18 | Rake $0.36
Board [2s 7h Qd]
Seat 4: Eklund_1891 (big blind) collected ($17.64)
Seat 5: ct-650 (button) (small blind) folded on the Flop


PokerStars Hand #149860983596:  Hold'em Limit ($3/$6 USD) - 2016/03/05 2:52:54 ET
Table 'Alchiba II' 10-max Seat #4 is the button
Seat 4: Eklund_1891 ($119.76 in chips)
Seat 5: ct-650 ($149.76 in chips)
Eklund_1891: posts small blind $1
ct-650: posts big blind $3
*** HOLE CARDS ***
Eklund_1891: calls $2
ct-650: checks
*** FLOP *** [8c Kc 7s]
ct-650: bets $3
Eklund_1891: calls $3
*** TURN *** [8c Kc 7s] [9h]
ct-650: checks
Eklund_1891: checks
*** RIVER *** [8c Kc 7s 9h] [6s]
ct-650: bets $6
Eklund_1891: folds
Uncalled bet ($6) returned to ct-650
ct-650 collected $11.76 from pot
*** SUMMARY ***
Total pot $12 | Rake $0.24
Board [8c Kc 7s 9h 6s]
Seat 4: Eklund_1891 (button) (small blind) folded on the River
Seat 5: ct-650 (big blind) collected ($11.76)


PokerStars Hand #149860977083:  Hold'em Limit ($3/$6 USD) - 2016/03/05 2:52:34 ET
Table 'Alchiba II' 10-max Seat #5 is the button
Seat 4: Eklund_1891 ($125.76 in chips)
Seat 5: ct-650 ($144 in chips)
ct-650: posts small blind $1
Eklund_1891: posts big blind $3
*** HOLE CARDS ***
ct-650: raises $3 to $6
Eklund_1891: calls $3
*** FLOP *** [2c 7d 9s]
Eklund_1891: checks
ct-650: bets $3
Eklund_1891: folds
Uncalled bet ($3) returned to ct-650
ct-650 collected $11.76 from pot
*** SUMMARY ***
Total pot $12 | Rake $0.24
Board [2c 7d 9s]
Seat 4: Eklund_1891 (big blind) folded on the Flop
Seat 5: ct-650 (button) (small blind) collected ($11.76)


PokerStars Hand #149861010888:  Hold'em Limit ($3/$6 USD) - 2016/03/05 2:54:16 ET
Table 'Alchiba II' 10-max Seat #4 is the button
Seat 4: Eklund_1891 ($149.90 in chips)
Seat 5: ct-650 ($118.52 in chips)
Eklund_1891: posts small blind $1
ct-650: posts big blind $3
*** HOLE CARDS ***
Eklund_1891: folds
Uncalled bet ($2) returned to ct-650
ct-650 collected $2 from pot
*** SUMMARY ***
Total pot $2 | Rake $0
Seat 4: Eklund_1891 (button) (small blind) folded before Flop
Seat 5: ct-650 (big blind) collected ($2)


PokerStars Hand #149861006314:  Hold'em Limit ($3/$6 USD) - 2016/03/05 2:54:02 ET
Table 'Alchiba II' 10-max Seat #5 is the button
Seat 4: Eklund_1891 ($152.90 in chips)
Seat 5: ct-650 ($115.52 in chips)
ct-650: posts small blind $1
Eklund_1891: posts big blind $3
*** HOLE CARDS ***
ct-650: raises $3 to $6
Eklund_1891: folds
Uncalled bet ($3) returned to ct-650
ct-650 collected $6 from pot
*** SUMMARY ***
Total pot $6 | Rake $0
Seat 4: Eklund_1891 (big blind) folded before Flop
Seat 5: ct-650 (button) (small blind) collected ($6)


PokerStars Hand #149860997249:  Hold'em Limit ($3/$6 USD) - 2016/03/05 2:53:35 ET
Table 'Alchiba II' 10-max Seat #4 is the button
Seat 4: Eklund_1891 ($126.40 in chips)
Seat 5: ct-650 ($142.52 in chips)
Eklund_1891: posts small blind $1
ct-650: posts big blind $3
*** HOLE CARDS ***
Eklund_1891: raises $3 to $6
ct-650: raises $3 to $9
Eklund_1891: raises $3 to $12
Betting is capped
ct-650: calls $3
*** FLOP *** [7d 5d 9h]
ct-650: checks
Eklund_1891: bets $3
ct-650: calls $3
*** TURN *** [7d 5d 9h] [8h]
ct-650: checks
Eklund_1891: bets $6
ct-650: calls $6
*** RIVER *** [7d 5d 9h 8h] [8c]
ct-650: checks
Eklund_1891: bets $6
ct-650: calls $6
*** SHOW DOWN ***
Eklund_1891: shows [Td Ts] (two pair, Tens and Eights)
ct-650: mucks hand
Eklund_1891 collected $53.50 from pot
*** SUMMARY ***
Total pot $54 | Rake $0.50
Board [7d 5d 9h 8h 8c]
Seat 4: Eklund_1891 (button) (small blind) showed [Td Ts] and won ($53.50) with two pair, Tens and Eights
Seat 5: ct-650 (big blind) mucked


PokerStars Hand #149861028272:  Hold'em Limit ($3/$6 USD) - 2016/03/05 2:55:08 ET
Table 'Alchiba II' 10-max Seat #5 is the button
Seat 4: Eklund_1891 ($145.90 in chips)
Seat 5: ct-650 ($122.28 in chips)
ct-650: posts small blind $1
Eklund_1891: posts big blind $3
*** HOLE CARDS ***
ct-650: folds
Uncalled bet ($2) returned to Eklund_1891
Eklund_1891 collected $2 from pot
Eklund_1891: doesn't show hand
*** SUMMARY ***
Total pot $2 | Rake $0
Seat 4: Eklund_1891 (big blind) collected ($2)
Seat 5: ct-650 (button) (small blind) folded before Flop


PokerStars Hand #149861026893:  Hold'em Limit ($3/$6 USD) - 2016/03/05 2:55:03 ET
Table 'Alchiba II' 10-max Seat #4 is the button
Seat 4: Eklund_1891 ($146.90 in chips)
Seat 5: ct-650 ($121.28 in chips)
Eklund_1891: posts small blind $1
ct-650: posts big blind $3
*** HOLE CARDS ***
Eklund_1891: folds
Uncalled bet ($2) returned to ct-650
ct-650 collected $2 from pot
*** SUMMARY ***
Total pot $2 | Rake $0
Seat 4: Eklund_1891 (button) (small blind) folded before Flop
Seat 5: ct-650 (big blind) collected ($2)


PokerStars Hand #149861025266:  Hold'em Limit ($3/$6 USD) - 2016/03/05 2:54:59 ET
Table 'Alchiba II' 10-max Seat #5 is the button
Seat 4: Eklund_1891 ($145.90 in chips)
Seat 5: ct-650 ($122.28 in chips)
ct-650: posts small blind $1
Eklund_1891: posts big blind $3
*** HOLE CARDS ***
ct-650: folds
Uncalled bet ($2) returned to Eklund_1891
Eklund_1891 collected $2 from pot
Eklund_1891: doesn't show hand
*** SUMMARY ***
Total pot $2 | Rake $0
Seat 4: Eklund_1891 (big blind) collected ($2)
Seat 5: ct-650 (button) (small blind) folded before Flop


PokerStars Hand #149861023651:  Hold'em Limit ($3/$6 USD) - 2016/03/05 2:54:54 ET
Table 'Alchiba II' 10-max Seat #4 is the button
Seat 4: Eklund_1891 ($146.90 in chips)
Seat 5: ct-650 ($121.28 in chips)
Eklund_1891: posts small blind $1
ct-650: posts big blind $3
*** HOLE CARDS ***
Eklund_1891: folds
Uncalled bet ($2) returned to ct-650
ct-650 collected $2 from pot
*** SUMMARY ***
Total pot $2 | Rake $0
Seat 4: Eklund_1891 (button) (small blind) folded before Flop
Seat 5: ct-650 (big blind) collected ($2)


PokerStars Hand #149861020512:  Hold'em Limit ($3/$6 USD) - 2016/03/05 2:54:45 ET
Table 'Alchiba II' 10-max Seat #5 is the button
Seat 4: Eklund_1891 ($152.90 in chips)
Seat 5: ct-650 ($115.52 in chips)
ct-650: posts small blind $1
Eklund_1891: posts big blind $3
*** HOLE CARDS ***
ct-650: raises $3 to $6
Eklund_1891: calls $3
*** FLOP *** [5d 3c Js]
Eklund_1891: checks
ct-650: bets $3
Eklund_1891: folds
Uncalled bet ($3) returned to ct-650
ct-650 collected $11.76 from pot
*** SUMMARY ***
Total pot $12 | Rake $0.24
Board [5d 3c Js]
Seat 4: Eklund_1891 (big blind) folded on the Flop
Seat 5: ct-650 (button) (small blind) collected ($11.76)


PokerStars Hand #149861018577:  Hold'em Limit ($3/$6 USD) - 2016/03/05 2:54:39 ET
Table 'Alchiba II' 10-max Seat #4 is the button
Seat 4: Eklund_1891 ($149.90 in chips)
Seat 5: ct-650 ($118.52 in chips)
Eklund_1891: posts small blind $1
ct-650: posts big blind $3
*** HOLE CARDS ***
Eklund_1891: raises $3 to $6
ct-650: folds
Uncalled bet ($3) returned to Eklund_1891
Eklund_1891 collected $6 from pot
Eklund_1891: doesn't show hand
*** SUMMARY ***
Total pot $6 | Rake $0
Seat 4: Eklund_1891 (button) (small blind) collected ($6)
Seat 5: ct-650 (big blind) folded before Flop


PokerStars Hand #149861017060:  Hold'em Limit ($3/$6 USD) - 2016/03/05 2:54:34 ET
Table 'Alchiba II' 10-max Seat #5 is the button
Seat 4: Eklund_1891 ($148.90 in chips)
Seat 5: ct-650 ($119.52 in chips)
ct-650: posts small blind $1
Eklund_1891: posts big blind $3
*** HOLE CARDS ***
ct-650: folds
Uncalled bet ($2) returned to Eklund_1891
Eklund_1891 collected $2 from pot
Eklund_1891: doesn't show hand
*** SUMMARY ***
Total pot $2 | Rake $0
Seat 4: Eklund_1891 (big blind) collected ($2)
Seat 5: ct-650 (button) (small blind) folded before Flop


PokerStars Hand #149861046667:  Hold'em Limit ($3/$6 USD) - 2016/03/05 2:56:08 ET
Table 'Alchiba II' 10-max Seat #5 is the button
Seat 4: Eklund_1891 ($140.65 in chips)
Seat 5: ct-650 ($126.67 in chips)
ct-650: posts small blind $1
Eklund_1891: posts big blind $3
*** HOLE CARDS ***
ct-650: folds
Uncalled bet ($2) returned to Eklund_1891
Eklund_1891 collected $2 from pot
Eklund_1891: doesn't show hand
*** SUMMARY ***
Total pot $2 | Rake $0
Seat 4: Eklund_1891 (big blind) collected ($2)
Seat 5: ct-650 (button) (small blind) folded before Flop


PokerStars Hand #149861044052:  Hold'em Limit ($3/$6 USD) - 2016/03/05 2:56:00 ET
Table 'Alchiba II' 10-max Seat #4 is the button
Seat 4: Eklund_1891 ($137.65 in chips)
Seat 5: ct-650 ($129.67 in chips)
Eklund_1891: posts small blind $1
ct-650: posts big blind $3
*** HOLE CARDS ***
Eklund_1891: raises $3 to $6
ct-650: folds
Uncalled bet ($3) returned to Eklund_1891
Eklund_1891 collected $6 from pot
Eklund_1891: doesn't show hand
*** SUMMARY ***
Total pot $6 | Rake $0
Seat 4: Eklund_1891 (button) (small blind) collected ($6)
Seat 5: ct-650 (big blind) folded before Flop


PokerStars Hand #149861037325:  Hold'em Limit ($3/$6 USD) - 2016/03/05 2:55:37 ET
Table 'Alchiba II' 10-max Seat #5 is the button
Seat 4: Eklund_1891 ($146.65 in chips)
Seat 5: ct-650 ($121.03 in chips)
ct-650: posts small blind $1
Eklund_1891: posts big blind $3
*** HOLE CARDS ***
ct-650: raises $3 to $6
Eklund_1891: calls $3
*** FLOP *** [5s Jh 2s]
Eklund_1891: checks
ct-650: bets $3
Eklund_1891: calls $3
*** TURN *** [5s Jh 2s] [Js]
Eklund_1891: checks
ct-650: checks
*** RIVER *** [5s Jh 2s Js] [Tc]
Eklund_1891: checks
ct-650: checks
*** SHOW DOWN ***
Eklund_1891: shows [Qc 8h] (a pair of Jacks)
ct-650: shows [7h Kh] (a pair of Jacks - King kicker)
ct-650 collected $17.64 from pot
*** SUMMARY ***
Total pot $18 | Rake $0.36
Board [5s Jh 2s Js Tc]
Seat 4: Eklund_1891 (big blind) showed [Qc 8h] and lost with a pair of Jacks
Seat 5: ct-650 (button) (small blind) showed [7h Kh] and won ($17.64) with a pair of Jacks


PokerStars Hand #149861029821:  Hold'em Limit ($3/$6 USD) - 2016/03/05 2:55:13 ET
Table 'Alchiba II' 10-max Seat #4 is the button
Seat 4: Eklund_1891 ($146.90 in chips)
Seat 5: ct-650 ($121.28 in chips)
Eklund_1891: posts small blind $1
ct-650: posts big blind $3
*** HOLE CARDS ***
Eklund_1891: raises $3 to $6
ct-650: calls $3
*** FLOP *** [Jc 3s Kd]
ct-650: checks
Eklund_1891: bets $3
ct-650: calls $3
*** TURN *** [Jc 3s Kd] [Qc]
ct-650: checks
Eklund_1891: bets $6
ct-650: raises $6 to $12
Eklund_1891: calls $6
*** RIVER *** [Jc 3s Kd Qc] [3h]
ct-650: bets $6
Eklund_1891: calls $6
*** SHOW DOWN ***
ct-650: shows [Kh 9c] (two pair, Kings and Threes)
Eklund_1891: shows [Ts Ks] (two pair, Kings and Threes)
ct-650 collected $26.75 from pot
Eklund_1891 collected $26.75 from pot
*** SUMMARY ***
Total pot $54 | Rake $0.50
Board [Jc 3s Kd Qc 3h]
Seat 4: Eklund_1891 (button) (small blind) showed [Ts Ks] and won ($26.75) with two pair, Kings and Threes
Seat 5: ct-650 (big blind) showed [Kh 9c] and won ($26.75) with two pair, Kings and Threes


PokerStars Hand #149861056879:  Hold'em Limit ($3/$6 USD) - 2016/03/05 2:56:42 ET
Table 'Alchiba II' 10-max Seat #5 is the button
Seat 4: Eklund_1891 ($150.29 in chips)
Seat 5: ct-650 ($116.67 in chips)
ct-650: posts small blind $1
Eklund_1891: posts big blind $3
*** HOLE CARDS ***
ct-650: raises $3 to $6
Eklund_1891: raises $3 to $9
ct-650: calls $3
*** FLOP *** [8s Qd 8c]
Eklund_1891: bets $3
ct-650: calls $3
*** TURN *** [8s Qd 8c] [Ad]
Eklund_1891: bets $6
ct-650: raises $6 to $12
Eklund_1891: raises $6 to $18
ct-650: raises $6 to $24
Betting is capped
Eklund_1891: calls $6
*** RIVER *** [8s Qd 8c Ad] [2s]
Eklund_1891: checks
ct-650: bets $6
Eklund_1891: calls $6
*** SHOW DOWN ***
ct-650: shows [8d 5d] (three of a kind, Eights)
Eklund_1891: mucks hand
ct-650 collected $83.50 from pot
*** SUMMARY ***
Total pot $84 | Rake $0.50
Board [8s Qd 8c Ad 2s]
Seat 4: Eklund_1891 (big blind) mucked
Seat 5: ct-650 (button) (small blind) showed [8d 5d] and won ($83.50) with three of a kind, Eights


PokerStars Hand #149861048024:  Hold'em Limit ($3/$6 USD) - 2016/03/05 2:56:13 ET
Table 'Alchiba II' 10-max Seat #4 is the button
Seat 4: Eklund_1891 ($141.65 in chips)
Seat 5: ct-650 ($125.67 in chips)
Eklund_1891: posts small blind $1
ct-650: posts big blind $3
*** HOLE CARDS ***
Eklund_1891: raises $3 to $6
ct-650: calls $3
*** FLOP *** [2c Tc 9h]
ct-650: checks
Eklund_1891: bets $3
ct-650: calls $3
*** TURN *** [2c Tc 9h] [Qd]
ct-650: checks
Eklund_1891: bets $6
ct-650: folds
Uncalled bet ($6) returned to Eklund_1891
Eklund_1891 collected $17.64 from pot
Eklund_1891: doesn't show hand
*** SUMMARY ***
Total pot $18 | Rake $0.36
Board [2c Tc 9h Qd]
Seat 4: Eklund_1891 (button) (small blind) collected ($17.64)
Seat 5: ct-650 (big blind) folded on the Turn


