PokerStars Hand #160088114864:  Hold'em Limit ($3/$6 USD) - 2016/10/17 23:49:50 ET
Table 'Alcinoos' 6-max Seat #1 is the button
Seat 1: LifeisagameX ($84 in chips)
Seat 4: edlla ($30 in chips)
LifeisagameX: posts small blind $1
edlla: posts big blind $3
*** HOLE CARDS ***
LifeisagameX: raises $3 to $6
edlla: calls $3
*** FLOP *** [Jh 4s As]
edlla: bets $3
LifeisagameX: calls $3
*** TURN *** [Jh 4s As] [9h]
edlla: bets $6
LifeisagameX: calls $6
*** RIVER *** [Jh 4s As 9h] [5d]
edlla: bets $6
LifeisagameX: calls $6
*** SHOW DOWN ***
edlla: shows [2s 5s] (a pair of Fives)
LifeisagameX: mucks hand
edlla collected $41.50 from pot
*** SUMMARY ***
Total pot $42 | Rake $0.50
Board [Jh 4s As 9h 5d]
Seat 1: LifeisagameX (button) (small blind) mucked
Seat 4: edlla (big blind) showed [2s 5s] and won ($41.50) with a pair of Fives


PokerStars Hand #160088128660:  Hold'em Limit ($3/$6 USD) - 2016/10/17 23:50:43 ET
Table 'Alcinoos' 6-max Seat #4 is the button
Seat 1: LifeisagameX ($84 in chips)
Seat 4: edlla ($50.50 in chips)
edlla: posts small blind $1
LifeisagameX: posts big blind $3
*** HOLE CARDS ***
edlla: raises $3 to $6
LifeisagameX: calls $3
*** FLOP *** [Qc Kc 9h]
LifeisagameX: checks
edlla: bets $3
LolDnkaments joins the table at seat #5
LifeisagameX: raises $3 to $6
edlla: calls $3
*** TURN *** [Qc Kc 9h] [Jc]
LifeisagameX: bets $6
edlla: folds
Uncalled bet ($6) returned to LifeisagameX
LifeisagameX collected $23.52 from pot
LifeisagameX: doesn't show hand
*** SUMMARY ***
Total pot $24 | Rake $0.48
Board [Qc Kc 9h Jc]
Seat 1: LifeisagameX (big blind) collected ($23.52)
Seat 4: edlla (button) (small blind) folded on the Turn


PokerStars Hand #160088140989:  Hold'em Limit ($3/$6 USD) - 2016/10/17 23:51:30 ET
Table 'Alcinoos' 6-max Seat #1 is the button
Seat 1: LifeisagameX ($95.52 in chips)
Seat 4: edlla ($38.50 in chips)
LifeisagameX: posts small blind $1
edlla: posts big blind $3
*** HOLE CARDS ***
B_loJkl joins the table at seat #6
LifeisagameX: raises $3 to $6
edlla: folds
Uncalled bet ($3) returned to LifeisagameX
LifeisagameX collected $6 from pot
*** SUMMARY ***
Total pot $6 | Rake $0
Seat 1: LifeisagameX (button) (small blind) collected ($6)
Seat 4: edlla (big blind) folded before Flop


PokerStars Hand #160089097761:  Hold'em Limit ($3/$6 USD) - 2016/10/18 0:55:54 ET
Table 'Alcinoos' 6-max Seat #1 is the button
Seat 1: italianhero4 ($92.45 in chips)
Seat 6: B_loJkl ($47.05 in chips)
italianhero4: posts small blind $1
crash19867: is sitting out
Agrotait: is sitting out
LolDnkaments: is sitting out
B_loJkl: posts big blind $3
*** HOLE CARDS ***
LolDnkaments leaves the table
italianhero4: folds
Uncalled bet ($2) returned to B_loJkl
B_loJkl collected $2 from pot
B_loJkl: doesn't show hand
*** SUMMARY ***
Total pot $2 | Rake $0
Seat 1: italianhero4 (button) (small blind) folded before Flop
Seat 6: B_loJkl (big blind) collected ($2)


