PokerStars Hand #152186229201:  Hold'em Limit ($3/$6 USD) - 2016/04/20 9:05:57 ET
Table 'Alcinoos' 10-max Seat #5 is the button
Seat 1: jguidera17 ($72.38 in chips)
Seat 5: GoliafUa ($123 in chips)
GoliafUa: posts small blind $1
liolilove joins the table at seat #2
jguidera17: posts big blind $3
*** HOLE CARDS ***
GoliafUa: raises $3 to $6
jguidera17: folds
Uncalled bet ($3) returned to GoliafUa
GoliafUa collected $6 from pot
*** SUMMARY ***
Total pot $6 | Rake $0
Seat 1: jguidera17 (big blind) folded before Flop
Seat 5: GoliafUa (button) (small blind) collected ($6)


PokerStars Hand #152186218836:  Hold'em Limit ($3/$6 USD) - 2016/04/20 9:05:38 ET
Table 'Alcinoos' 10-max Seat #1 is the button
Seat 1: jguidera17 ($75.38 in chips)
Seat 5: GoliafUa ($120 in chips)
jguidera17: posts small blind $1
GoliafUa: posts big blind $3
*** HOLE CARDS ***
jguidera17: calls $2
GoliafUa: raises $3 to $6
jguidera17: folds
Uncalled bet ($3) returned to GoliafUa
GoliafUa collected $6 from pot
*** SUMMARY ***
Total pot $6 | Rake $0
Seat 1: jguidera17 (button) (small blind) folded before Flop
Seat 5: GoliafUa (big blind) collected ($6)


PokerStars Hand #152186262358:  Hold'em Limit ($3/$6 USD) - 2016/04/20 9:06:56 ET
Table 'Alcinoos' 10-max Seat #5 is the button
Seat 2: liolilove ($76 in chips)
Seat 5: GoliafUa ($148 in chips)
GoliafUa: posts small blind $1
liolilove: posts big blind $3
*** HOLE CARDS ***
GoliafUa: raises $3 to $6
liolilove: calls $3
*** FLOP *** [4c 3c 8h]
liolilove: checks
GoliafUa: bets $3
liolilove: calls $3
*** TURN *** [4c 3c 8h] [Ah]
liolilove: checks
GoliafUa: bets $6
liolilove: folds
Uncalled bet ($6) returned to GoliafUa
GoliafUa collected $17.64 from pot
*** SUMMARY ***
Total pot $18 | Rake $0.36
Board [4c 3c 8h Ah]
Seat 2: liolilove (big blind) folded on the Turn
Seat 5: GoliafUa (button) (small blind) collected ($17.64)


