PokerStars Hand #145663152440:  Hold'em Limit ($3/$6 USD) - 2015/12/20 18:31:00 ET
Table 'Alcinoos II' 6-max Seat #5 is the button
Seat 1: Pandakey ($88.11 in chips)
Seat 5: perten ($205.14 in chips)
perten: posts small blind $1
Pandakey: posts big blind $3
*** HOLE CARDS ***
perten: folds
Uncalled bet ($2) returned to Pandakey
Pandakey collected $2 from pot
Pandakey: doesn't show hand
*** SUMMARY ***
Total pot $2 | Rake $0
Seat 1: Pandakey (big blind) collected ($2)
Seat 5: perten (button) (small blind) folded before Flop


PokerStars Hand #145663144275:  Hold'em Limit ($3/$6 USD) - 2015/12/20 18:30:50 ET
Table 'Alcinoos II' 6-max Seat #1 is the button
Seat 1: Pandakey ($85.11 in chips)
Seat 5: perten ($208.14 in chips)
Pandakey: posts small blind $1
alexslep: is sitting out
vestimokrec: is sitting out
perten: posts big blind $3
*** HOLE CARDS ***
Pandakey: raises $3 to $6
perten: folds
Uncalled bet ($3) returned to Pandakey
alexslep leaves the table
Pandakey collected $6 from pot
Pandakey: doesn't show hand
*** SUMMARY ***
Total pot $6 | Rake $0
Seat 1: Pandakey (button) (small blind) collected ($6)
Seat 5: perten (big blind) folded before Flop


PokerStars Hand #145663211839:  Hold'em Limit ($3/$6 USD) - 2015/12/20 18:32:13 ET
Table 'Alcinoos II' 6-max Seat #5 is the button
Seat 1: Pandakey ($106.61 in chips)
Seat 5: perten ($186.14 in chips)
perten: posts small blind $1
Pandakey: posts big blind $3
*** HOLE CARDS ***
perten: raises $3 to $6
Pandakey: folds
Uncalled bet ($3) returned to perten
perten collected $6 from pot
perten: doesn't show hand
*** SUMMARY ***
Total pot $6 | Rake $0
Seat 1: Pandakey (big blind) folded before Flop
Seat 5: perten (button) (small blind) collected ($6)


PokerStars Hand #145663156392:  Hold'em Limit ($3/$6 USD) - 2015/12/20 18:31:05 ET
Table 'Alcinoos II' 6-max Seat #1 is the button
Seat 1: Pandakey ($89.11 in chips)
Seat 5: perten ($204.14 in chips)
vestimokrec leaves the table
Pandakey: posts small blind $1
perten: posts big blind $3
*** HOLE CARDS ***
Pandakey: raises $3 to $6
perten: raises $3 to $9
Pandakey: calls $3
*** FLOP *** [Jh Ks 7s]
perten: bets $3
Pandakey: calls $3
*** TURN *** [Jh Ks 7s] [7h]
perten: bets $6
dmitry_smoke joins the table at seat #3
Pandakey: raises $6 to $12
Karpik09 joins the table at seat #4
scorpio04 joins the table at seat #2
perten: folds
Uncalled bet ($6) returned to Pandakey
Pandakey collected $35.50 from pot
Pandakey: doesn't show hand
*** SUMMARY ***
Total pot $36 | Rake $0.50
Board [Jh Ks 7s 7h]
Seat 1: Pandakey (button) (small blind) collected ($35.50)
Seat 5: perten (big blind) folded on the Turn


