PokerStars Hand #144843439845:  Hold'em Limit ($3/$6 USD) - 2015/12/05 0:19:58 ET
Table 'Alcinoos' 6-max Seat #1 is the button
Seat 1: mdif ($166.60 in chips)
Seat 2: qu1cks1lv3r7 ($120 in chips)
mdif: posts small blind $1
qu1cks1lv3r7: posts big blind $3
*** HOLE CARDS ***
mdif: folds
Uncalled bet ($2) returned to qu1cks1lv3r7
qu1cks1lv3r7 collected $2 from pot
*** SUMMARY ***
Total pot $2 | Rake $0
Seat 1: mdif (button) (small blind) folded before Flop
Seat 2: qu1cks1lv3r7 (big blind) collected ($2)


PokerStars Hand #144843434296:  Hold'em Limit ($3/$6 USD) - 2015/12/05 0:19:40 ET
Table 'Alcinoos' 6-max Seat #3 is the button
Seat 1: mdif ($148.26 in chips)
Seat 3: jr10mp9 ($18.84 in chips)
jr10mp9: posts small blind $1
mdif: posts big blind $3
*** HOLE CARDS ***
jr10mp9: raises $3 to $6
mdif: calls $3
*** FLOP *** [7h 8h Ks]
mdif: checks
qu1cks1lv3r7 joins the table at seat #2
jr10mp9: checks
*** TURN *** [7h 8h Ks] [Td]
mdif: bets $6
jr10mp9: raises $6 to $12
mdif: raises $6 to $18
jr10mp9: calls $0.84 and is all-in
Uncalled bet ($5.16) returned to mdif
*** RIVER *** [7h 8h Ks Td] [6c]
*** SHOW DOWN ***
mdif: shows [4s Kh] (a pair of Kings)
jr10mp9: shows [As Jd] (high card Ace)
mdif collected $37.18 from pot
jr10mp9 leaves the table
*** SUMMARY ***
Total pot $37.68 | Rake $0.50
Board [7h 8h Ks Td 6c]
Seat 1: mdif (big blind) showed [4s Kh] and won ($37.18) with a pair of Kings
Seat 3: jr10mp9 (button) (small blind) showed [As Jd] and lost with high card Ace


PokerStars Hand #144843432764:  Hold'em Limit ($3/$6 USD) - 2015/12/05 0:19:35 ET
Table 'Alcinoos' 6-max Seat #1 is the button
Seat 1: mdif ($149.26 in chips)
Seat 3: jr10mp9 ($17.84 in chips)
mdif: posts small blind $1
jr10mp9: posts big blind $3
*** HOLE CARDS ***
mdif: folds
Uncalled bet ($2) returned to jr10mp9
jr10mp9 collected $2 from pot
jr10mp9: doesn't show hand
*** SUMMARY ***
Total pot $2 | Rake $0
Seat 1: mdif (button) (small blind) folded before Flop
Seat 3: jr10mp9 (big blind) collected ($2)


PokerStars Hand #144843425898:  Hold'em Limit ($3/$6 USD) - 2015/12/05 0:19:12 ET
Table 'Alcinoos' 6-max Seat #3 is the button
Seat 1: mdif ($125.76 in chips)
Seat 3: jr10mp9 ($41.84 in chips)
jr10mp9: posts small blind $1
mdif: posts big blind $3
*** HOLE CARDS ***
jr10mp9: raises $3 to $6
mdif: calls $3
*** FLOP *** [7h 9h 8s]
mdif: checks
jr10mp9: bets $3
mdif: raises $3 to $6
jr10mp9: calls $3
*** TURN *** [7h 9h 8s] [7d]
mdif: bets $6
jr10mp9: calls $6
*** RIVER *** [7h 9h 8s 7d] [7s]
mdif: bets $6
jr10mp9: calls $6
*** SHOW DOWN ***
mdif: shows [8h Kc] (a full house, Sevens full of Eights)
jr10mp9: mucks hand
mdif collected $47.50 from pot
*** SUMMARY ***
Total pot $48 | Rake $0.50
Board [7h 9h 8s 7d 7s]
Seat 1: mdif (big blind) showed [8h Kc] and won ($47.50) with a full house, Sevens full of Eights
Seat 3: jr10mp9 (button) (small blind) mucked


PokerStars Hand #144843421859:  Hold'em Limit ($3/$6 USD) - 2015/12/05 0:18:58 ET
Table 'Alcinoos' 6-max Seat #1 is the button
Seat 1: mdif ($120 in chips)
Seat 3: jr10mp9 ($47.84 in chips)
mdif: posts small blind $1
jr10mp9: posts big blind $3
*** HOLE CARDS ***
mdif: raises $3 to $6
jr10mp9: calls $3
*** FLOP *** [2d 2c Ac]
jr10mp9: checks
mdif: bets $3
jr10mp9: folds
Uncalled bet ($3) returned to mdif
mdif collected $11.76 from pot
mdif: doesn't show hand
*** SUMMARY ***
Total pot $12 | Rake $0.24
Board [2d 2c Ac]
Seat 1: mdif (button) (small blind) collected ($11.76)
Seat 3: jr10mp9 (big blind) folded on the Flop


PokerStars Hand #144843441565:  Hold'em Limit ($3/$6 USD) - 2015/12/05 0:20:04 ET
Table 'Alcinoos' 6-max Seat #2 is the button
Seat 1: mdif ($165.60 in chips)
Seat 2: qu1cks1lv3r7 ($121 in chips)
qu1cks1lv3r7: posts small blind $1
mdif: posts big blind $3
*** HOLE CARDS ***
qu1cks1lv3r7: raises $3 to $6
mdif: raises $3 to $9
qu1cks1lv3r7: calls $3
*** FLOP *** [Td 3s 7s]
mdif: bets $3
qu1cks1lv3r7: raises $3 to $6
mdif: raises $3 to $9
qu1cks1lv3r7: calls $3
*** TURN *** [Td 3s 7s] [7h]
mdif: bets $6
qu1cks1lv3r7: raises $6 to $12
mdif: calls $6
*** RIVER *** [Td 3s 7s 7h] [Ah]
mdif: checks
qu1cks1lv3r7: checks
*** SHOW DOWN ***
mdif: shows [Kd Ks] (two pair, Kings and Sevens)
qu1cks1lv3r7: mucks hand
mdif collected $59.50 from pot
*** SUMMARY ***
Total pot $60 | Rake $0.50
Board [Td 3s 7s 7h Ah]
Seat 1: mdif (big blind) showed [Kd Ks] and won ($59.50) with two pair, Kings and Sevens
Seat 2: qu1cks1lv3r7 (button) (small blind) mucked


PokerStars Hand #144843455777:  Hold'em Limit ($3/$6 USD) - 2015/12/05 0:20:53 ET
Table 'Alcinoos' 6-max Seat #1 is the button
Seat 1: mdif ($195.10 in chips)
Seat 2: qu1cks1lv3r7 ($91 in chips)
mdif: posts small blind $1
qu1cks1lv3r7: posts big blind $3
*** HOLE CARDS ***
mdif: raises $3 to $6
qu1cks1lv3r7: calls $3
*** FLOP *** [2s 9s Tc]
qu1cks1lv3r7: checks
mdif: bets $3
qu1cks1lv3r7: raises $3 to $6
mdif: calls $3
*** TURN *** [2s 9s Tc] [Qs]
qu1cks1lv3r7: bets $6
mdif: calls $6
*** RIVER *** [2s 9s Tc Qs] [2c]
qu1cks1lv3r7: bets $6
GSLFISH joins the table at seat #4
mdif: raises $6 to $12
qu1cks1lv3r7: calls $6
*** SHOW DOWN ***
mdif: shows [2d Jd] (three of a kind, Deuces)
qu1cks1lv3r7: shows [Jh Qc] (two pair, Queens and Deuces)
mdif collected $59.50 from pot
qu1cks1lv3r7 leaves the table
*** SUMMARY ***
Total pot $60 | Rake $0.50
Board [2s 9s Tc Qs 2c]
Seat 1: mdif (button) (small blind) showed [2d Jd] and won ($59.50) with three of a kind, Deuces
Seat 2: qu1cks1lv3r7 (big blind) showed [Jh Qc] and lost with two pair, Queens and Deuces


PokerStars Hand #144852821974:  Hold'em Limit ($3/$6 USD) - 2015/12/05 7:17:09 ET
Table 'Alcinoos' 10-max Seat #1 is the button
Seat 1: VolkovDmitri ($120 in chips)
Seat 2: neastrum ($111.93 in chips)
VolkovDmitri: posts small blind $1
neastrum: posts big blind $3
*** HOLE CARDS ***
VolkovDmitri: raises $3 to $6
neastrum: calls $3
*** FLOP *** [5s 9s 8s]
neastrum: checks
VolkovDmitri: bets $3
neastrum: calls $3
*** TURN *** [5s 9s 8s] [Qh]
neastrum: checks
VolkovDmitri: checks
*** RIVER *** [5s 9s 8s Qh] [8h]
neastrum: bets $6
frgt\10river joins the table at seat #5
VolkovDmitri: calls $6
*** SHOW DOWN ***
neastrum: shows [4c 7h] (a pair of Eights)
VolkovDmitri: shows [Ad 4h] (a pair of Eights - Ace kicker)
VolkovDmitri collected $29.50 from pot
*** SUMMARY ***
Total pot $30 | Rake $0.50
Board [5s 9s 8s Qh 8h]
Seat 1: VolkovDmitri (button) (small blind) showed [Ad 4h] and won ($29.50) with a pair of Eights
Seat 2: neastrum (big blind) showed [4c 7h] and lost with a pair of Eights


PokerStars Hand #144852798038:  Hold'em Limit ($3/$6 USD) - 2015/12/05 7:16:26 ET
Table 'Alcinoos' 10-max Seat #1 is the button
Seat 1: VolkovDmitri ($120 in chips)
Seat 2: neastrum ($85.43 in chips)
VolkovDmitri: posts small blind $1
neastrum: posts big blind $3
*** HOLE CARDS ***
VolkovDmitri: raises $3 to $6
neastrum: raises $3 to $9
VolkovDmitri: calls $3
*** FLOP *** [Kh Jh 3c]
neastrum: bets $3
VolkovDmitri: calls $3
*** TURN *** [Kh Jh 3c] [Td]
neastrum: bets $6
VolkovDmitri: calls $6
*** RIVER *** [Kh Jh 3c Td] [5c]
neastrum: bets $6
VolkovDmitri: calls $6
*** SHOW DOWN ***
neastrum: shows [5d 5s] (three of a kind, Fives)
VolkovDmitri: mucks hand
neastrum collected $47.50 from pot
*** SUMMARY ***
Total pot $48 | Rake $0.50
Board [Kh Jh 3c Td 5c]
Seat 1: VolkovDmitri (button) (small blind) mucked
Seat 2: neastrum (big blind) showed [5d 5s] and won ($47.50) with three of a kind, Fives


PokerStars Hand #144853008504:  Hold'em Limit ($3/$6 USD) - 2015/12/05 7:22:48 ET
Table 'Alcinoos' 10-max Seat #5 is the button
Seat 1: VolkovDmitri ($120 in chips)
Seat 5: frgt\10river ($152.78 in chips)
frgt\10river: posts small blind $1
Airbag999: is sitting out
VolkovDmitri: posts big blind $3
*** HOLE CARDS ***
neastrum leaves the table
frgt\10river: folds
Uncalled bet ($2) returned to VolkovDmitri
VolkovDmitri collected $2 from pot
VolkovDmitri: doesn't show hand
*** SUMMARY ***
Total pot $2 | Rake $0
Seat 1: VolkovDmitri (big blind) collected ($2)
Seat 5: frgt\10river (button) (small blind) folded before Flop


PokerStars Hand #144853014598:  Hold'em Limit ($3/$6 USD) - 2015/12/05 7:23:00 ET
Table 'Alcinoos' 10-max Seat #5 is the button
Seat 1: VolkovDmitri ($124 in chips)
Seat 5: frgt\10river ($148.78 in chips)
frgt\10river: posts small blind $1
VolkovDmitri: posts big blind $3
*** HOLE CARDS ***
frgt\10river: folds
Uncalled bet ($2) returned to VolkovDmitri
VolkovDmitri collected $2 from pot
VolkovDmitri: doesn't show hand
*** SUMMARY ***
Total pot $2 | Rake $0
Seat 1: VolkovDmitri (big blind) collected ($2)
Seat 5: frgt\10river (button) (small blind) folded before Flop


PokerStars Hand #144853011358:  Hold'em Limit ($3/$6 USD) - 2015/12/05 7:22:54 ET
Table 'Alcinoos' 10-max Seat #1 is the button
Seat 1: VolkovDmitri ($121 in chips)
Seat 5: frgt\10river ($151.78 in chips)
Airbag999 leaves the table
VolkovDmitri: posts small blind $1
frgt\10river: posts big blind $3
*** HOLE CARDS ***
VolkovDmitri: raises $3 to $6
frgt\10river: folds
Uncalled bet ($3) returned to VolkovDmitri
VolkovDmitri collected $6 from pot
VolkovDmitri: doesn't show hand
*** SUMMARY ***
Total pot $6 | Rake $0
Seat 1: VolkovDmitri (button) (small blind) collected ($6)
Seat 5: frgt\10river (big blind) folded before Flop


PokerStars Hand #144853032667:  Hold'em Limit ($3/$6 USD) - 2015/12/05 7:23:33 ET
Table 'Alcinoos' 10-max Seat #5 is the button
Seat 1: VolkovDmitri ($120 in chips)
Seat 5: frgt\10river ($159.30 in chips)
frgt\10river: posts small blind $1
VolkovDmitri: posts big blind $3
*** HOLE CARDS ***
frgt\10river: raises $3 to $6
VolkovDmitri: calls $3
*** FLOP *** [Ad As 8h]
VolkovDmitri: checks
frgt\10river: bets $3
VolkovDmitri: raises $3 to $6
frgt\10river: calls $3
*** TURN *** [Ad As 8h] [2c]
VolkovDmitri: bets $6
frgt\10river: calls $6
*** RIVER *** [Ad As 8h 2c] [Jd]
VolkovDmitri: checks
frgt\10river: bets $6
VolkovDmitri: folds
Uncalled bet ($6) returned to frgt\10river
frgt\10river collected $35.50 from pot
frgt\10river: doesn't show hand
*** SUMMARY ***
Total pot $36 | Rake $0.50
Board [Ad As 8h 2c Jd]
Seat 1: VolkovDmitri (big blind) folded on the River
Seat 5: frgt\10river (button) (small blind) collected ($35.50)


PokerStars Hand #144853017132:  Hold'em Limit ($3/$6 USD) - 2015/12/05 7:23:04 ET
Table 'Alcinoos' 10-max Seat #1 is the button
Seat 1: VolkovDmitri ($125 in chips)
Seat 5: frgt\10river ($147.78 in chips)
VolkovDmitri: posts small blind $1
frgt\10river: posts big blind $3
*** HOLE CARDS ***
VolkovDmitri: raises $3 to $6
frgt\10river: raises $3 to $9
VolkovDmitri: calls $3
*** FLOP *** [Qh 8c 9s]
frgt\10river: bets $3
VolkovDmitri: calls $3
*** TURN *** [Qh 8c 9s] [7h]
frgt\10river: checks
VolkovDmitri: checks
*** RIVER *** [Qh 8c 9s 7h] [7s]
frgt\10river: bets $6
VolkovDmitri: folds
Uncalled bet ($6) returned to frgt\10river
frgt\10river collected $23.52 from pot
frgt\10river: doesn't show hand
*** SUMMARY ***
Total pot $24 | Rake $0.48
Board [Qh 8c 9s 7h 7s]
Seat 1: VolkovDmitri (button) (small blind) folded on the River
Seat 5: frgt\10river (big blind) collected ($23.52)


PokerStars Hand #144853044507:  Hold'em Limit ($3/$6 USD) - 2015/12/05 7:23:54 ET
Table 'Alcinoos' 10-max Seat #1 is the button
Seat 1: VolkovDmitri ($120 in chips)
Seat 5: frgt\10river ($176.80 in chips)
VolkovDmitri: posts small blind $1
frgt\10river: posts big blind $3
*** HOLE CARDS ***
VolkovDmitri: raises $3 to $6
frgt\10river: raises $3 to $9
VolkovDmitri: calls $3
*** FLOP *** [6c 3s Ad]
frgt\10river: checks
VolkovDmitri: bets $3
frgt\10river: calls $3
*** TURN *** [6c 3s Ad] [9c]
frgt\10river: checks
VolkovDmitri: bets $6
frgt\10river: calls $6
*** RIVER *** [6c 3s Ad 9c] [4s]
frgt\10river: checks
VolkovDmitri: checks
*** SHOW DOWN ***
frgt\10river: shows [8d 8h] (a pair of Eights)
VolkovDmitri: mucks hand
frgt\10river collected $35.50 from pot
*** SUMMARY ***
Total pot $36 | Rake $0.50
Board [6c 3s Ad 9c 4s]
Seat 1: VolkovDmitri (button) (small blind) mucked
Seat 5: frgt\10river (big blind) showed [8d 8h] and won ($35.50) with a pair of Eights


PokerStars Hand #144853059119:  Hold'em Limit ($3/$6 USD) - 2015/12/05 7:24:21 ET
Table 'Alcinoos' 10-max Seat #5 is the button
Seat 1: VolkovDmitri ($120 in chips)
Seat 5: frgt\10river ($194.30 in chips)
frgt\10river: posts small blind $1
VolkovDmitri: posts big blind $3
*** HOLE CARDS ***
frgt\10river: calls $2
VolkovDmitri: raises $3 to $6
frgt\10river: calls $3
*** FLOP *** [Jc 9d 6d]
VolkovDmitri: bets $3
frgt\10river: calls $3
*** TURN *** [Jc 9d 6d] [5c]
VolkovDmitri: bets $6
frgt\10river: raises $6 to $12
VolkovDmitri: calls $6
*** RIVER *** [Jc 9d 6d 5c] [2c]
VolkovDmitri: bets $6
frgt\10river: calls $6
*** SHOW DOWN ***
VolkovDmitri: shows [9c Tc] (a flush, Jack high)
frgt\10river: mucks hand
VolkovDmitri collected $53.50 from pot
*** SUMMARY ***
Total pot $54 | Rake $0.50
Board [Jc 9d 6d 5c 2c]
Seat 1: VolkovDmitri (big blind) showed [9c Tc] and won ($53.50) with a flush, Jack high
Seat 5: frgt\10river (button) (small blind) mucked


PokerStars Hand #144853075973:  Hold'em Limit ($3/$6 USD) - 2015/12/05 7:24:52 ET
Table 'Alcinoos' 10-max Seat #1 is the button
Seat 1: VolkovDmitri ($146.50 in chips)
Seat 5: frgt\10river ($167.30 in chips)
VolkovDmitri: posts small blind $1
frgt\10river: posts big blind $3
*** HOLE CARDS ***
VolkovDmitri: raises $3 to $6
frgt\10river: folds
Uncalled bet ($3) returned to VolkovDmitri
VolkovDmitri collected $6 from pot
VolkovDmitri: doesn't show hand
*** SUMMARY ***
Total pot $6 | Rake $0
Seat 1: VolkovDmitri (button) (small blind) collected ($6)
Seat 5: frgt\10river (big blind) folded before Flop


PokerStars Hand #144853081921:  Hold'em Limit ($3/$6 USD) - 2015/12/05 7:25:02 ET
Table 'Alcinoos' 10-max Seat #5 is the button
Seat 1: VolkovDmitri ($149.50 in chips)
Seat 5: frgt\10river ($164.30 in chips)
frgt\10river: posts small blind $1
VolkovDmitri: posts big blind $3
*** HOLE CARDS ***
frgt\10river: folds
Uncalled bet ($2) returned to VolkovDmitri
VolkovDmitri collected $2 from pot
VolkovDmitri: doesn't show hand
*** SUMMARY ***
Total pot $2 | Rake $0
Seat 1: VolkovDmitri (big blind) collected ($2)
Seat 5: frgt\10river (button) (small blind) folded before Flop


PokerStars Hand #144853097395:  Hold'em Limit ($3/$6 USD) - 2015/12/05 7:25:30 ET
Table 'Alcinoos' 10-max Seat #5 is the button
Seat 1: VolkovDmitri ($135.50 in chips)
Seat 5: frgt\10river ($177.80 in chips)
frgt\10river: posts small blind $1
VolkovDmitri: posts big blind $3
*** HOLE CARDS ***
frgt\10river: calls $2
VolkovDmitri: checks
*** FLOP *** [Ks Ac 6c]
VolkovDmitri: bets $3
frgt\10river: calls $3
*** TURN *** [Ks Ac 6c] [2s]
VolkovDmitri: checks
frgt\10river: checks
*** RIVER *** [Ks Ac 6c 2s] [6h]
VolkovDmitri: bets $6
frgt\10river: folds
Uncalled bet ($6) returned to VolkovDmitri
VolkovDmitri collected $11.76 from pot
VolkovDmitri: doesn't show hand
*** SUMMARY ***
Total pot $12 | Rake $0.24
Board [Ks Ac 6c 2s 6h]
Seat 1: VolkovDmitri (big blind) collected ($11.76)
Seat 5: frgt\10river (button) (small blind) folded on the River


PokerStars Hand #144853111310:  Hold'em Limit ($3/$6 USD) - 2015/12/05 7:25:55 ET
Table 'Alcinoos' 10-max Seat #1 is the button
Seat 1: VolkovDmitri ($141.26 in chips)
Seat 5: frgt\10river ($171.80 in chips)
VolkovDmitri: posts small blind $1
frgt\10river: posts big blind $3
*** HOLE CARDS ***
VolkovDmitri: raises $3 to $6
frgt\10river: calls $3
*** FLOP *** [6d 5h 6h]
frgt\10river: checks
VolkovDmitri: bets $3
frgt\10river: folds
Uncalled bet ($3) returned to VolkovDmitri
VolkovDmitri collected $11.76 from pot
VolkovDmitri: doesn't show hand
*** SUMMARY ***
Total pot $12 | Rake $0.24
Board [6d 5h 6h]
Seat 1: VolkovDmitri (button) (small blind) collected ($11.76)
Seat 5: frgt\10river (big blind) folded on the Flop


PokerStars Hand #144853084180:  Hold'em Limit ($3/$6 USD) - 2015/12/05 7:25:06 ET
Table 'Alcinoos' 10-max Seat #1 is the button
Seat 1: VolkovDmitri ($150.50 in chips)
Seat 5: frgt\10river ($163.30 in chips)
VolkovDmitri: posts small blind $1
frgt\10river: posts big blind $3
*** HOLE CARDS ***
VolkovDmitri: raises $3 to $6
frgt\10river: calls $3
*** FLOP *** [Qh 4d 4s]
frgt\10river: checks
VolkovDmitri: bets $3
frgt\10river: calls $3
*** TURN *** [Qh 4d 4s] [Ts]
frgt\10river: checks
VolkovDmitri: checks
*** RIVER *** [Qh 4d 4s Ts] [Kh]
frgt\10river: bets $6
VolkovDmitri: calls $6
*** SHOW DOWN ***
frgt\10river: shows [4c 5h] (three of a kind, Fours)
VolkovDmitri: mucks hand
frgt\10river collected $29.50 from pot
*** SUMMARY ***
Total pot $30 | Rake $0.50
Board [Qh 4d 4s Ts Kh]
Seat 1: VolkovDmitri (button) (small blind) mucked
Seat 5: frgt\10river (big blind) showed [4c 5h] and won ($29.50) with three of a kind, Fours


PokerStars Hand #144853120587:  Hold'em Limit ($3/$6 USD) - 2015/12/05 7:26:12 ET
Table 'Alcinoos' 10-max Seat #5 is the button
Seat 1: VolkovDmitri ($147.02 in chips)
Seat 5: frgt\10river ($165.80 in chips)
frgt\10river: posts small blind $1
VolkovDmitri: posts big blind $3
*** HOLE CARDS ***
frgt\10river: raises $3 to $6
VolkovDmitri: raises $3 to $9
frgt\10river: calls $3
*** FLOP *** [2h 3d Jc]
VolkovDmitri: bets $3
frgt\10river: calls $3
*** TURN *** [2h 3d Jc] [9d]
VolkovDmitri: checks
frgt\10river: bets $6
VolkovDmitri: calls $6
*** RIVER *** [2h 3d Jc 9d] [2c]
VolkovDmitri: checks
frgt\10river: bets $6
VolkovDmitri: calls $6
*** SHOW DOWN ***
frgt\10river: shows [Jh Ts] (two pair, Jacks and Deuces)
VolkovDmitri: mucks hand
frgt\10river collected $47.50 from pot
*** SUMMARY ***
Total pot $48 | Rake $0.50
Board [2h 3d Jc 9d 2c]
Seat 1: VolkovDmitri (big blind) mucked
Seat 5: frgt\10river (button) (small blind) showed [Jh Ts] and won ($47.50) with two pair, Jacks and Deuces


PokerStars Hand #144853159511:  Hold'em Limit ($3/$6 USD) - 2015/12/05 7:27:22 ET
Table 'Alcinoos' 10-max Seat #5 is the button
Seat 1: VolkovDmitri ($122.02 in chips)
Seat 5: frgt\10river ($190.30 in chips)
frgt\10river: posts small blind $1
VolkovDmitri: posts big blind $3
*** HOLE CARDS ***
frgt\10river: folds
Uncalled bet ($2) returned to VolkovDmitri
VolkovDmitri collected $2 from pot
VolkovDmitri: doesn't show hand
*** SUMMARY ***
Total pot $2 | Rake $0
Seat 1: VolkovDmitri (big blind) collected ($2)
Seat 5: frgt\10river (button) (small blind) folded before Flop


PokerStars Hand #144853155689:  Hold'em Limit ($3/$6 USD) - 2015/12/05 7:27:15 ET
Table 'Alcinoos' 10-max Seat #1 is the button
Seat 1: VolkovDmitri ($123.02 in chips)
Seat 5: frgt\10river ($189.30 in chips)
VolkovDmitri: posts small blind $1
frgt\10river: posts big blind $3
*** HOLE CARDS ***
VolkovDmitri: folds
Uncalled bet ($2) returned to frgt\10river
frgt\10river collected $2 from pot
frgt\10river: doesn't show hand
*** SUMMARY ***
Total pot $2 | Rake $0
Seat 1: VolkovDmitri (button) (small blind) folded before Flop
Seat 5: frgt\10river (big blind) collected ($2)


PokerStars Hand #144853190950:  Hold'em Limit ($3/$6 USD) - 2015/12/05 7:28:19 ET
Table 'Alcinoos' 10-max Seat #1 is the button
Seat 1: VolkovDmitri ($138.52 in chips)
Seat 5: frgt\10river ($173.30 in chips)
VolkovDmitri: posts small blind $1
frgt\10river: posts big blind $3
*** HOLE CARDS ***
VolkovDmitri: raises $3 to $6
frgt\10river: folds
Uncalled bet ($3) returned to VolkovDmitri
VolkovDmitri collected $6 from pot
VolkovDmitri: doesn't show hand
*** SUMMARY ***
Total pot $6 | Rake $0
Seat 1: VolkovDmitri (button) (small blind) collected ($6)
Seat 5: frgt\10river (big blind) folded before Flop


PokerStars Hand #144853188578:  Hold'em Limit ($3/$6 USD) - 2015/12/05 7:28:14 ET
Table 'Alcinoos' 10-max Seat #5 is the button
Seat 1: VolkovDmitri ($137.52 in chips)
Seat 5: frgt\10river ($174.30 in chips)
frgt\10river: posts small blind $1
VolkovDmitri: posts big blind $3
*** HOLE CARDS ***
frgt\10river: folds
Uncalled bet ($2) returned to VolkovDmitri
VolkovDmitri collected $2 from pot
VolkovDmitri: doesn't show hand
*** SUMMARY ***
Total pot $2 | Rake $0
Seat 1: VolkovDmitri (big blind) collected ($2)
Seat 5: frgt\10river (button) (small blind) folded before Flop


PokerStars Hand #144853161833:  Hold'em Limit ($3/$6 USD) - 2015/12/05 7:27:26 ET
Table 'Alcinoos' 10-max Seat #1 is the button
Seat 1: VolkovDmitri ($123.02 in chips)
Seat 5: frgt\10river ($189.30 in chips)
VolkovDmitri: posts small blind $1
frgt\10river: posts big blind $3
*** HOLE CARDS ***
VolkovDmitri: raises $3 to $6
frgt\10river: calls $3
*** FLOP *** [4c 2h 7d]
frgt\10river: checks
VolkovDmitri: bets $3
frgt\10river: calls $3
*** TURN *** [4c 2h 7d] [Ac]
frgt\10river: checks
VolkovDmitri: bets $6
frgt\10river: calls $6
*** RIVER *** [4c 2h 7d Ac] [7s]
frgt\10river: checks
VolkovDmitri: bets $6
frgt\10river: folds
Uncalled bet ($6) returned to VolkovDmitri
VolkovDmitri collected $29.50 from pot
VolkovDmitri: doesn't show hand
*** SUMMARY ***
Total pot $30 | Rake $0.50
Board [4c 2h 7d Ac 7s]
Seat 1: VolkovDmitri (button) (small blind) collected ($29.50)
Seat 5: frgt\10river (big blind) folded on the River


PokerStars Hand #144853197024:  Hold'em Limit ($3/$6 USD) - 2015/12/05 7:28:30 ET
Table 'Alcinoos' 10-max Seat #1 is the button
Seat 1: VolkovDmitri ($142.52 in chips)
Seat 5: frgt\10river ($169.30 in chips)
VolkovDmitri: posts small blind $1
frgt\10river: posts big blind $3
*** HOLE CARDS ***
VolkovDmitri: raises $3 to $6
frgt\10river: folds
Uncalled bet ($3) returned to VolkovDmitri
VolkovDmitri collected $6 from pot
VolkovDmitri: doesn't show hand
*** SUMMARY ***
Total pot $6 | Rake $0
Seat 1: VolkovDmitri (button) (small blind) collected ($6)
Seat 5: frgt\10river (big blind) folded before Flop


PokerStars Hand #144853194758:  Hold'em Limit ($3/$6 USD) - 2015/12/05 7:28:25 ET
Table 'Alcinoos' 10-max Seat #5 is the button
Seat 1: VolkovDmitri ($141.52 in chips)
Seat 5: frgt\10river ($170.30 in chips)
frgt\10river: posts small blind $1
VolkovDmitri: posts big blind $3
*** HOLE CARDS ***
frgt\10river: folds
Uncalled bet ($2) returned to VolkovDmitri
VolkovDmitri collected $2 from pot
VolkovDmitri: doesn't show hand
*** SUMMARY ***
Total pot $2 | Rake $0
Seat 1: VolkovDmitri (big blind) collected ($2)
Seat 5: frgt\10river (button) (small blind) folded before Flop


PokerStars Hand #144853201160:  Hold'em Limit ($3/$6 USD) - 2015/12/05 7:28:37 ET
Table 'Alcinoos' 10-max Seat #5 is the button
Seat 1: VolkovDmitri ($145.52 in chips)
Seat 5: frgt\10river ($166.30 in chips)
frgt\10river: posts small blind $1
VolkovDmitri: posts big blind $3
*** HOLE CARDS ***
frgt\10river: raises $3 to $6
VolkovDmitri: calls $3
*** FLOP *** [As 6s 2h]
VolkovDmitri: checks
frgt\10river: bets $3
VolkovDmitri: folds
Uncalled bet ($3) returned to frgt\10river
frgt\10river collected $11.76 from pot
frgt\10river: doesn't show hand
*** SUMMARY ***
Total pot $12 | Rake $0.24
Board [As 6s 2h]
Seat 1: VolkovDmitri (big blind) folded on the Flop
Seat 5: frgt\10river (button) (small blind) collected ($11.76)


PokerStars Hand #144853208427:  Hold'em Limit ($3/$6 USD) - 2015/12/05 7:28:50 ET
Table 'Alcinoos' 10-max Seat #1 is the button
Seat 1: VolkovDmitri ($139.52 in chips)
Seat 5: frgt\10river ($172.06 in chips)
VolkovDmitri: posts small blind $1
frgt\10river: posts big blind $3
*** HOLE CARDS ***
VolkovDmitri: raises $3 to $6
frgt\10river: calls $3
*** FLOP *** [2s Tc 4h]
frgt\10river: checks
VolkovDmitri: bets $3
frgt\10river: raises $3 to $6
VolkovDmitri: calls $3
*** TURN *** [2s Tc 4h] [Qh]
frgt\10river: checks
VolkovDmitri: checks
*** RIVER *** [2s Tc 4h Qh] [2h]
frgt\10river: bets $6
VolkovDmitri: folds
Uncalled bet ($6) returned to frgt\10river
frgt\10river collected $23.52 from pot
frgt\10river: doesn't show hand
*** SUMMARY ***
Total pot $24 | Rake $0.48
Board [2s Tc 4h Qh 2h]
Seat 1: VolkovDmitri (button) (small blind) folded on the River
Seat 5: frgt\10river (big blind) collected ($23.52)


PokerStars Hand #144853229056:  Hold'em Limit ($3/$6 USD) - 2015/12/05 7:29:27 ET
Table 'Alcinoos' 10-max Seat #5 is the button
Seat 1: VolkovDmitri ($127.52 in chips)
Seat 5: frgt\10river ($183.58 in chips)
frgt\10river: posts small blind $1
VolkovDmitri: posts big blind $3
*** HOLE CARDS ***
frgt\10river: folds
Uncalled bet ($2) returned to VolkovDmitri
VolkovDmitri collected $2 from pot
VolkovDmitri: doesn't show hand
*** SUMMARY ***
Total pot $2 | Rake $0
Seat 1: VolkovDmitri (big blind) collected ($2)
Seat 5: frgt\10river (button) (small blind) folded before Flop


PokerStars Hand #144853231665:  Hold'em Limit ($3/$6 USD) - 2015/12/05 7:29:32 ET
Table 'Alcinoos' 10-max Seat #1 is the button
Seat 1: VolkovDmitri ($128.52 in chips)
Seat 5: frgt\10river ($182.58 in chips)
VolkovDmitri: posts small blind $1
frgt\10river: posts big blind $3
*** HOLE CARDS ***
VolkovDmitri: raises $3 to $6
frgt\10river: folds
Uncalled bet ($3) returned to VolkovDmitri
VolkovDmitri collected $6 from pot
VolkovDmitri: doesn't show hand
*** SUMMARY ***
Total pot $6 | Rake $0
Seat 1: VolkovDmitri (button) (small blind) collected ($6)
Seat 5: frgt\10river (big blind) folded before Flop


PokerStars Hand #144853240365:  Hold'em Limit ($3/$6 USD) - 2015/12/05 7:29:48 ET
Table 'Alcinoos' 10-max Seat #5 is the button
Seat 1: VolkovDmitri ($131.52 in chips)
Seat 5: frgt\10river ($179.58 in chips)
frgt\10river: posts small blind $1
VolkovDmitri: posts big blind $3
*** HOLE CARDS ***
frgt\10river: raises $3 to $6
VolkovDmitri: calls $3
*** FLOP *** [Kh Jc 8h]
VolkovDmitri: checks
frgt\10river: checks
*** TURN *** [Kh Jc 8h] [Qd]
VolkovDmitri: checks
frgt\10river: checks
*** RIVER *** [Kh Jc 8h Qd] [4c]
VolkovDmitri: checks
frgt\10river: bets $6
VolkovDmitri: folds
Uncalled bet ($6) returned to frgt\10river
frgt\10river collected $11.76 from pot
frgt\10river: doesn't show hand
*** SUMMARY ***
Total pot $12 | Rake $0.24
Board [Kh Jc 8h Qd 4c]
Seat 1: VolkovDmitri (big blind) folded on the River
Seat 5: frgt\10river (button) (small blind) collected ($11.76)


PokerStars Hand #144853271028:  Hold'em Limit ($3/$6 USD) - 2015/12/05 7:30:42 ET
Table 'Alcinoos' 10-max Seat #1 is the button
Seat 1: VolkovDmitri ($125.52 in chips)
Seat 5: frgt\10river ($185.34 in chips)
VolkovDmitri: posts small blind $1
frgt\10river: posts big blind $3
*** HOLE CARDS ***
VolkovDmitri: raises $3 to $6
frgt\10river: calls $3
*** FLOP *** [7h 5c 8s]
frgt\10river: bets $3
VolkovDmitri: folds
Uncalled bet ($3) returned to frgt\10river
frgt\10river collected $11.76 from pot
frgt\10river: doesn't show hand
perron1712 joins the table at seat #7
*** SUMMARY ***
Total pot $12 | Rake $0.24
Board [7h 5c 8s]
Seat 1: VolkovDmitri (button) (small blind) folded on the Flop
Seat 5: frgt\10river (big blind) collected ($11.76)


PokerStars Hand #144853642733:  Hold'em Limit ($3/$6 USD) - 2015/12/05 7:41:38 ET
Table 'Alcinoos' 10-max Seat #1 is the button
Seat 1: VolkovDmitri ($182.46 in chips)
Seat 9: eurooppa50 ($154.53 in chips)
VolkovDmitri: posts small blind $1
RockKillerTY: is sitting out
eurooppa50: posts big blind $3
*** HOLE CARDS ***
RockKillerTY leaves the table
VolkovDmitri: raises $3 to $6
eurooppa50: calls $3
*** FLOP *** [Qs 6s Ts]
eurooppa50: bets $3
VolkovDmitri: calls $3
*** TURN *** [Qs 6s Ts] [7h]
eurooppa50: bets $6
VolkovDmitri: calls $6
*** RIVER *** [Qs 6s Ts 7h] [3c]
eurooppa50: bets $6
VolkovDmitri: calls $6
*** SHOW DOWN ***
eurooppa50: shows [5s Ks] (a flush, King high)
VolkovDmitri: mucks hand
eurooppa50 collected $41.50 from pot
*** SUMMARY ***
Total pot $42 | Rake $0.50
Board [Qs 6s Ts 7h 3c]
Seat 1: VolkovDmitri (button) (small blind) mucked
Seat 9: eurooppa50 (big blind) showed [5s Ks] and won ($41.50) with a flush, King high


