PokerStars Hand #173524297426:  Hold'em Limit ($3/$6 USD) - 2017/07/26 5:24:11 ET
Table 'Alcor II' 6-max Seat #1 is the button
Seat 1: aremom4e ($120 in chips)
Seat 4: VolkovDmitri ($120 in chips)
aremom4e: posts small blind $1
VolkovDmitri: posts big blind $3
*** HOLE CARDS ***
aremom4e: folds
Uncalled bet ($2) returned to VolkovDmitri
VolkovDmitri collected $2 from pot
VolkovDmitri: doesn't show hand
*** SUMMARY ***
Total pot $2 | Rake $0
Seat 1: aremom4e (button) (small blind) folded before Flop
Seat 4: VolkovDmitri (big blind) collected ($2)


PokerStars Hand #173524318902:  Hold'em Limit ($3/$6 USD) - 2017/07/26 5:25:12 ET
Table 'Alcor II' 6-max Seat #1 is the button
Seat 1: aremom4e ($101 in chips)
Seat 4: VolkovDmitri ($138.50 in chips)
aremom4e: posts small blind $1
VolkovDmitri: posts big blind $3
*** HOLE CARDS ***
aremom4e: raises $3 to $6
VolkovDmitri: calls $3
*** FLOP *** [9h Ks 5h]
VolkovDmitri: checks
aremom4e: bets $3
VolkovDmitri: folds
Uncalled bet ($3) returned to aremom4e
aremom4e collected $11.76 from pot
aremom4e: doesn't show hand
*** SUMMARY ***
Total pot $12 | Rake $0.24
Board [9h Ks 5h]
Seat 1: aremom4e (button) (small blind) collected ($11.76)
Seat 4: VolkovDmitri (big blind) folded on the Flop


PokerStars Hand #173524300588:  Hold'em Limit ($3/$6 USD) - 2017/07/26 5:24:20 ET
Table 'Alcor II' 6-max Seat #4 is the button
Seat 1: aremom4e ($119 in chips)
Seat 4: VolkovDmitri ($121 in chips)
VolkovDmitri: posts small blind $1
aremom4e: posts big blind $3
*** HOLE CARDS ***
VolkovDmitri: raises $3 to $6
aremom4e: calls $3
*** FLOP *** [6s Jh 7s]
aremom4e: checks
VolkovDmitri: checks
*** TURN *** [6s Jh 7s] [Qc]
aremom4e: bets $6
VolkovDmitri: raises $6 to $12
aremom4e: calls $6
*** RIVER *** [6s Jh 7s Qc] [Kd]
aremom4e: checks
VolkovDmitri: bets $6
aremom4e: folds
Uncalled bet ($6) returned to VolkovDmitri
VolkovDmitri collected $35.50 from pot
VolkovDmitri: doesn't show hand
*** SUMMARY ***
Total pot $36 | Rake $0.50
Board [6s Jh 7s Qc Kd]
Seat 1: aremom4e (big blind) folded on the River
Seat 4: VolkovDmitri (button) (small blind) collected ($35.50)


PokerStars Hand #173524326547:  Hold'em Limit ($3/$6 USD) - 2017/07/26 5:25:34 ET
Table 'Alcor II' 6-max Seat #4 is the button
Seat 1: aremom4e ($106.76 in chips)
Seat 4: VolkovDmitri ($132.50 in chips)
VolkovDmitri: posts small blind $1
aremom4e: posts big blind $3
*** HOLE CARDS ***
VolkovDmitri: raises $3 to $6
aremom4e: calls $3
*** FLOP *** [3c 5d 4c]
aremom4e: checks
VolkovDmitri: bets $3
aremom4e: calls $3
*** TURN *** [3c 5d 4c] [Ts]
aremom4e: checks
VolkovDmitri: bets $6
aremom4e: calls $6
*** RIVER *** [3c 5d 4c Ts] [5s]
aremom4e: checks
VolkovDmitri: bets $6
aremom4e: folds
Uncalled bet ($6) returned to VolkovDmitri
VolkovDmitri collected $29.50 from pot
VolkovDmitri: doesn't show hand
*** SUMMARY ***
Total pot $30 | Rake $0.50
Board [3c 5d 4c Ts 5s]
Seat 1: aremom4e (big blind) folded on the River
Seat 4: VolkovDmitri (button) (small blind) collected ($29.50)


PokerStars Hand #173524354973:  Hold'em Limit ($3/$6 USD) - 2017/07/26 5:26:56 ET
Table 'Alcor II' 6-max Seat #4 is the button
Seat 1: aremom4e ($121.26 in chips)
Seat 4: VolkovDmitri ($120 in chips)
VolkovDmitri: posts small blind $1
aremom4e: posts big blind $3
*** HOLE CARDS ***
VolkovDmitri: raises $3 to $6
aremom4e: calls $3
*** FLOP *** [Ad 8d 9h]
aremom4e: checks
VolkovDmitri: bets $3
aremom4e: folds
Uncalled bet ($3) returned to VolkovDmitri
VolkovDmitri collected $11.76 from pot
VolkovDmitri: doesn't show hand
*** SUMMARY ***
Total pot $12 | Rake $0.24
Board [Ad 8d 9h]
Seat 1: aremom4e (big blind) folded on the Flop
Seat 4: VolkovDmitri (button) (small blind) collected ($11.76)


PokerStars Hand #173524340741:  Hold'em Limit ($3/$6 USD) - 2017/07/26 5:26:15 ET
Table 'Alcor II' 6-max Seat #1 is the button
Seat 1: aremom4e ($91.76 in chips)
Seat 4: VolkovDmitri ($147 in chips)
aremom4e: posts small blind $1
VolkovDmitri: posts big blind $3
*** HOLE CARDS ***
B_loJkl joins the table at seat #2
aremom4e: raises $3 to $6
VolkovDmitri: raises $3 to $9
aremom4e: calls $3
*** FLOP *** [2h 6s 3h]
VolkovDmitri: bets $3
aremom4e: calls $3
*** TURN *** [2h 6s 3h] [3s]
VolkovDmitri: bets $6
aremom4e: raises $6 to $12
VolkovDmitri: calls $6
*** RIVER *** [2h 6s 3h 3s] [9h]
VolkovDmitri: checks
aremom4e: bets $6
VolkovDmitri: calls $6
*** SHOW DOWN ***
aremom4e: shows [Ac As] (two pair, Aces and Threes)
VolkovDmitri: mucks hand
aremom4e collected $59.50 from pot
*** SUMMARY ***
Total pot $60 | Rake $0.50
Board [2h 6s 3h 3s 9h]
Seat 1: aremom4e (button) (small blind) showed [Ac As] and won ($59.50) with two pair, Aces and Threes
Seat 4: VolkovDmitri (big blind) mucked


PokerStars Hand #173524821048:  Hold'em Limit ($3/$6 USD) - 2017/07/26 5:48:34 ET
Table 'Alcor II' 6-max Seat #2 is the button
Seat 2: B_loJkl ($46.44 in chips)
Seat 6: scorpio04 ($157.46 in chips)
B_loJkl: posts small blind $1
scorpio04: posts big blind $3
*** HOLE CARDS ***
B_loJkl: raises $3 to $6
scorpio04: calls $3
*** FLOP *** [6s Jc 4d]
scorpio04: checks
B_loJkl: bets $3
scorpio04: folds
Uncalled bet ($3) returned to B_loJkl
B_loJkl collected $11.76 from pot
B_loJkl: doesn't show hand
*** SUMMARY ***
Total pot $12 | Rake $0.24
Board [6s Jc 4d]
Seat 2: B_loJkl (button) (small blind) collected ($11.76)
Seat 6: scorpio04 (big blind) folded on the Flop


