PokerStars Hand #175587066204:  Hold'em Limit ($3/$6 USD) - 2017/09/13 9:26:25 ET
Table 'Alcor' 6-max Seat #2 is the button
Seat 2: sokol-max-PS ($21.59 in chips)
Seat 3: suitedthrash ($43.52 in chips)
Snuffymo will be allowed to play after the button
sokol-max-PS: posts small blind $1
suitedthrash: posts big blind $3
*** HOLE CARDS ***
sokol-max-PS: raises $3 to $6
suitedthrash: calls $3
*** FLOP *** [2d 9d 7s]
suitedthrash: checks
sokol-max-PS: bets $3
suitedthrash: calls $3
*** TURN *** [2d 9d 7s] [Ah]
suitedthrash: checks
sokol-max-PS: checks
*** RIVER *** [2d 9d 7s Ah] [Js]
suitedthrash: bets $6
sokol-max-PS: calls $6
*** SHOW DOWN ***
suitedthrash: shows [As Jd] (two pair, Aces and Jacks)
sokol-max-PS: mucks hand
suitedthrash collected $29.50 from pot
*** SUMMARY ***
Total pot $30 | Rake $0.50
Board [2d 9d 7s Ah Js]
Seat 2: sokol-max-PS (button) (small blind) mucked
Seat 3: suitedthrash (big blind) showed [As Jd] and won ($29.50) with two pair, Aces and Jacks


PokerStars Hand #175587247594:  Hold'em Limit ($3/$6 USD) - 2017/09/13 9:32:10 ET
Table 'Alcor' 6-max Seat #4 is the button
Seat 4: Snuffymo ($77.25 in chips)
Seat 6: muzixibei ($97.86 in chips)
Snuffymo: posts small blind $1
muzixibei: posts big blind $3
*** HOLE CARDS ***
Snuffymo: folds
Uncalled bet ($2) returned to muzixibei
muzixibei collected $2 from pot
muzixibei: doesn't show hand
*** SUMMARY ***
Total pot $2 | Rake $0
Seat 4: Snuffymo (button) (small blind) folded before Flop
Seat 6: muzixibei (big blind) collected ($2)


PokerStars Hand #175587243511:  Hold'em Limit ($3/$6 USD) - 2017/09/13 9:32:03 ET
Table 'Alcor' 6-max Seat #6 is the button
Seat 4: Snuffymo ($80.25 in chips)
Seat 6: muzixibei ($94.86 in chips)
muzixibei: posts small blind $1
Snuffymo: posts big blind $3
*** HOLE CARDS ***
muzixibei: raises $3 to $6
Snuffymo: folds
Uncalled bet ($3) returned to muzixibei
muzixibei collected $6 from pot
muzixibei: doesn't show hand
*** SUMMARY ***
Total pot $6 | Rake $0
Seat 4: Snuffymo (big blind) folded before Flop
Seat 6: muzixibei (button) (small blind) collected ($6)


PokerStars Hand #175587230068:  Hold'em Limit ($3/$6 USD) - 2017/09/13 9:31:37 ET
Table 'Alcor' 6-max Seat #4 is the button
Seat 4: Snuffymo ($107.25 in chips)
Seat 6: muzixibei ($68.36 in chips)
Snuffymo: posts small blind $1
muzixibei: posts big blind $3
*** HOLE CARDS ***
Snuffymo: raises $3 to $6
muzixibei: calls $3
*** FLOP *** [9c 6c 3s]
muzixibei: checks
Snuffymo: bets $3
muzixibei: calls $3
*** TURN *** [9c 6c 3s] [8h]
muzixibei: checks
Snuffymo: bets $6
muzixibei: raises $6 to $12
Snuffymo: calls $6
*** RIVER *** [9c 6c 3s 8h] [4h]
muzixibei: bets $6
Snuffymo: calls $6
*** SHOW DOWN ***
muzixibei: shows [8d 8c] (three of a kind, Eights)
Snuffymo: mucks hand
muzixibei collected $53.50 from pot
*** SUMMARY ***
Total pot $54 | Rake $0.50
Board [9c 6c 3s 8h 4h]
Seat 4: Snuffymo (button) (small blind) mucked
Seat 6: muzixibei (big blind) showed [8d 8c] and won ($53.50) with three of a kind, Eights


PokerStars Hand #175587226031:  Hold'em Limit ($3/$6 USD) - 2017/09/13 9:31:29 ET
Table 'Alcor' 6-max Seat #6 is the button
Seat 4: Snuffymo ($110.25 in chips)
Seat 6: muzixibei ($65.36 in chips)
muzixibei: posts small blind $1
Snuffymo: posts big blind $3
*** HOLE CARDS ***
muzixibei: raises $3 to $6
Snuffymo: folds
Uncalled bet ($3) returned to muzixibei
muzixibei collected $6 from pot
muzixibei: doesn't show hand
*** SUMMARY ***
Total pot $6 | Rake $0
Seat 4: Snuffymo (big blind) folded before Flop
Seat 6: muzixibei (button) (small blind) collected ($6)


PokerStars Hand #175587250438:  Hold'em Limit ($3/$6 USD) - 2017/09/13 9:32:16 ET
Table 'Alcor' 6-max Seat #6 is the button
Seat 4: Snuffymo ($76.25 in chips)
Seat 6: muzixibei ($98.86 in chips)
muzixibei: posts small blind $1
Snuffymo: posts big blind $3
*** HOLE CARDS ***
muzixibei: raises $3 to $6
Snuffymo: raises $3 to $9
muzixibei: calls $3
*** FLOP *** [2s 3h 4d]
Snuffymo: bets $3
muzixibei: calls $3
*** TURN *** [2s 3h 4d] [3c]
Snuffymo: bets $6
muzixibei: calls $6
*** RIVER *** [2s 3h 4d 3c] [Th]
Snuffymo: checks
muzixibei: checks
*** SHOW DOWN ***
Snuffymo: shows [Qh Kd] (a pair of Threes)
muzixibei: mucks hand
Snuffymo collected $35.50 from pot
*** SUMMARY ***
Total pot $36 | Rake $0.50
Board [2s 3h 4d 3c Th]
Seat 4: Snuffymo (big blind) showed [Qh Kd] and won ($35.50) with a pair of Threes
Seat 6: muzixibei (button) (small blind) mucked


PokerStars Hand #175587262309:  Hold'em Limit ($3/$6 USD) - 2017/09/13 9:32:38 ET
Table 'Alcor' 6-max Seat #4 is the button
Seat 4: Snuffymo ($93.75 in chips)
Seat 6: muzixibei ($80.86 in chips)
Snuffymo: posts small blind $1
muzixibei: posts big blind $3
*** HOLE CARDS ***
Snuffymo: folds
Uncalled bet ($2) returned to muzixibei
muzixibei collected $2 from pot
muzixibei: doesn't show hand
*** SUMMARY ***
Total pot $2 | Rake $0
Seat 4: Snuffymo (button) (small blind) folded before Flop
Seat 6: muzixibei (big blind) collected ($2)


PokerStars Hand #175587268641:  Hold'em Limit ($3/$6 USD) - 2017/09/13 9:32:50 ET
Table 'Alcor' 6-max Seat #4 is the button
Seat 4: Snuffymo ($93.75 in chips)
Seat 6: muzixibei ($80.86 in chips)
Snuffymo: posts small blind $1
muzixibei: posts big blind $3
*** HOLE CARDS ***
Snuffymo: raises $3 to $6
muzixibei: folds
Uncalled bet ($3) returned to Snuffymo
Snuffymo collected $6 from pot
*** SUMMARY ***
Total pot $6 | Rake $0
Seat 4: Snuffymo (button) (small blind) collected ($6)
Seat 6: muzixibei (big blind) folded before Flop


PokerStars Hand #175587265612:  Hold'em Limit ($3/$6 USD) - 2017/09/13 9:32:44 ET
Table 'Alcor' 6-max Seat #6 is the button
Seat 4: Snuffymo ($92.75 in chips)
Seat 6: muzixibei ($81.86 in chips)
muzixibei: posts small blind $1
Snuffymo: posts big blind $3
*** HOLE CARDS ***
muzixibei: folds
Uncalled bet ($2) returned to Snuffymo
Snuffymo collected $2 from pot
*** SUMMARY ***
Total pot $2 | Rake $0
Seat 4: Snuffymo (big blind) collected ($2)
Seat 6: muzixibei (button) (small blind) folded before Flop


PokerStars Hand #175587301026:  Hold'em Limit ($3/$6 USD) - 2017/09/13 9:33:51 ET
Table 'Alcor' 6-max Seat #4 is the button
Seat 4: Snuffymo ($123.25 in chips)
Seat 6: muzixibei ($50.86 in chips)
Snuffymo: posts small blind $1
muzixibei: posts big blind $3
*** HOLE CARDS ***
Snuffymo: raises $3 to $6
muzixibei: calls $3
*** FLOP *** [7s 5s Qh]
muzixibei: checks
Snuffymo: bets $3
muzixibei: calls $3
*** TURN *** [7s 5s Qh] [8d]
muzixibei: checks
Snuffymo: bets $6
muzixibei: folds
Uncalled bet ($6) returned to Snuffymo
Snuffymo collected $17.64 from pot
*** SUMMARY ***
Total pot $18 | Rake $0.36
Board [7s 5s Qh 8d]
Seat 4: Snuffymo (button) (small blind) collected ($17.64)
Seat 6: muzixibei (big blind) folded on the Turn


PokerStars Hand #175587272652:  Hold'em Limit ($3/$6 USD) - 2017/09/13 9:32:58 ET
Table 'Alcor' 6-max Seat #6 is the button
Seat 4: Snuffymo ($96.75 in chips)
Seat 6: muzixibei ($77.86 in chips)
muzixibei: posts small blind $1
Snuffymo: posts big blind $3
*** HOLE CARDS ***
muzixibei: raises $3 to $6
Snuffymo: calls $3
*** FLOP *** [3c As 8d]
Snuffymo: checks
muzixibei: bets $3
Snuffymo: calls $3
*** TURN *** [3c As 8d] [Jc]
Snuffymo: checks
muzixibei: bets $6
Snuffymo: calls $6
*** RIVER *** [3c As 8d Jc] [Jd]
Snuffymo: checks
muzixibei: bets $6
Snuffymo: raises $6 to $12
muzixibei: calls $6
*** SHOW DOWN ***
Snuffymo: shows [Js 7s] (three of a kind, Jacks)
muzixibei: mucks hand
Snuffymo collected $53.50 from pot
*** SUMMARY ***
Total pot $54 | Rake $0.50
Board [3c As 8d Jc Jd]
Seat 4: Snuffymo (big blind) showed [Js 7s] and won ($53.50) with three of a kind, Jacks
Seat 6: muzixibei (button) (small blind) mucked


PokerStars Hand #175587293753:  Hold'em Limit ($3/$6 USD) - 2017/09/13 9:33:38 ET
Table 'Alcor' 6-max Seat #4 is the button
Seat 4: Snuffymo ($123.25 in chips)
Seat 6: muzixibei ($50.86 in chips)
Snuffymo: posts small blind $1
muzixibei: posts big blind $3
*** HOLE CARDS ***
Snuffymo: folds
Uncalled bet ($2) returned to muzixibei
muzixibei collected $2 from pot
muzixibei: doesn't show hand
*** SUMMARY ***
Total pot $2 | Rake $0
Seat 4: Snuffymo (button) (small blind) folded before Flop
Seat 6: muzixibei (big blind) collected ($2)


PokerStars Hand #175587297779:  Hold'em Limit ($3/$6 USD) - 2017/09/13 9:33:45 ET
Table 'Alcor' 6-max Seat #6 is the button
Seat 4: Snuffymo ($122.25 in chips)
Seat 6: muzixibei ($51.86 in chips)
muzixibei: posts small blind $1
Snuffymo: posts big blind $3
*** HOLE CARDS ***
muzixibei: folds
Uncalled bet ($2) returned to Snuffymo
Snuffymo collected $2 from pot
*** SUMMARY ***
Total pot $2 | Rake $0
Seat 4: Snuffymo (big blind) collected ($2)
Seat 6: muzixibei (button) (small blind) folded before Flop


PokerStars Hand #175587325413:  Hold'em Limit ($3/$6 USD) - 2017/09/13 9:34:37 ET
Table 'Alcor' 6-max Seat #6 is the button
Seat 4: Snuffymo ($125.89 in chips)
Seat 6: muzixibei ($47.50 in chips)
muzixibei: posts small blind $1
Snuffymo: posts big blind $3
*** HOLE CARDS ***
muzixibei: raises $3 to $6
Snuffymo: calls $3
*** FLOP *** [6c 2d 8s]
Snuffymo: checks
muzixibei: bets $3
Snuffymo: raises $3 to $6
muzixibei: calls $3
*** TURN *** [6c 2d 8s] [3s]
Snuffymo: bets $6
muzixibei: calls $6
*** RIVER *** [6c 2d 8s 3s] [4d]
Snuffymo: bets $6
muzixibei: folds
Uncalled bet ($6) returned to Snuffymo
Snuffymo collected $35.50 from pot
*** SUMMARY ***
Total pot $36 | Rake $0.50
Board [6c 2d 8s 3s 4d]
Seat 4: Snuffymo (big blind) collected ($35.50)
Seat 6: muzixibei (button) (small blind) folded on the River


PokerStars Hand #175587321926:  Hold'em Limit ($3/$6 USD) - 2017/09/13 9:34:31 ET
Table 'Alcor' 6-max Seat #4 is the button
Seat 4: Snuffymo ($122.89 in chips)
Seat 6: muzixibei ($50.50 in chips)
Snuffymo: posts small blind $1
muzixibei: posts big blind $3
*** HOLE CARDS ***
Snuffymo: raises $3 to $6
muzixibei: folds
Uncalled bet ($3) returned to Snuffymo
Snuffymo collected $6 from pot
*** SUMMARY ***
Total pot $6 | Rake $0
Seat 4: Snuffymo (button) (small blind) collected ($6)
Seat 6: muzixibei (big blind) folded before Flop


PokerStars Hand #175587311463:  Hold'em Limit ($3/$6 USD) - 2017/09/13 9:34:11 ET
Table 'Alcor' 6-max Seat #6 is the button
Seat 4: Snuffymo ($131.89 in chips)
Seat 6: muzixibei ($41.86 in chips)
muzixibei: posts small blind $1
Snuffymo: posts big blind $3
*** HOLE CARDS ***
muzixibei: raises $3 to $6
Snuffymo: calls $3
*** FLOP *** [Qs 3c 4s]
Snuffymo: checks
muzixibei: bets $3
Snuffymo: calls $3
*** TURN *** [Qs 3c 4s] [9s]
Snuffymo: checks
muzixibei: bets $6
Snuffymo: folds
Uncalled bet ($6) returned to muzixibei
muzixibei collected $17.64 from pot
muzixibei: doesn't show hand
*** SUMMARY ***
Total pot $18 | Rake $0.36
Board [Qs 3c 4s 9s]
Seat 4: Snuffymo (big blind) folded on the Turn
Seat 6: muzixibei (button) (small blind) collected ($17.64)


PokerStars Hand #175587354630:  Hold'em Limit ($3/$6 USD) - 2017/09/13 9:35:33 ET
Table 'Alcor' 6-max Seat #1 is the button
Seat 1: ABATAPP ($103.55 in chips)
Seat 4: Snuffymo ($172.39 in chips)
ABATAPP: posts small blind $1
Snuffymo: posts big blind $3
*** HOLE CARDS ***
ABATAPP: folds
Uncalled bet ($2) returned to Snuffymo
Snuffymo collected $2 from pot
*** SUMMARY ***
Total pot $2 | Rake $0
Seat 1: ABATAPP (button) (small blind) folded before Flop
Seat 4: Snuffymo (big blind) collected ($2)


PokerStars Hand #175587375049:  Hold'em Limit ($3/$6 USD) - 2017/09/13 9:36:11 ET
Table 'Alcor' 6-max Seat #1 is the button
Seat 1: ABATAPP ($107.19 in chips)
Seat 4: Snuffymo ($168.39 in chips)
ABATAPP: posts small blind $1
Snuffymo: posts big blind $3
*** HOLE CARDS ***
ABATAPP: folds
Uncalled bet ($2) returned to Snuffymo
Snuffymo collected $2 from pot
*** SUMMARY ***
Total pot $2 | Rake $0
Seat 1: ABATAPP (button) (small blind) folded before Flop
Seat 4: Snuffymo (big blind) collected ($2)


PokerStars Hand #175587371199:  Hold'em Limit ($3/$6 USD) - 2017/09/13 9:36:04 ET
Table 'Alcor' 6-max Seat #4 is the button
Seat 1: ABATAPP ($110.19 in chips)
Seat 4: Snuffymo ($165.39 in chips)
Snuffymo: posts small blind $1
ABATAPP: posts big blind $3
*** HOLE CARDS ***
Snuffymo: raises $3 to $6
ABATAPP: folds
Uncalled bet ($3) returned to Snuffymo
Snuffymo collected $6 from pot
*** SUMMARY ***
Total pot $6 | Rake $0
Seat 1: ABATAPP (big blind) folded before Flop
Seat 4: Snuffymo (button) (small blind) collected ($6)


PokerStars Hand #175587337399:  Hold'em Limit ($3/$6 USD) - 2017/09/13 9:35:00 ET
Table 'Alcor' 6-max Seat #4 is the button
Seat 4: Snuffymo ($143.39 in chips)
Seat 6: muzixibei ($29.50 in chips)
Snuffymo: posts small blind $1
muzixibei: posts big blind $3
*** HOLE CARDS ***
Snuffymo: raises $3 to $6
muzixibei: raises $3 to $9
Snuffymo: calls $3
*** FLOP *** [Ac 8h 5d]
muzixibei: bets $3
Snuffymo: calls $3
*** TURN *** [Ac 8h 5d] [8d]
ABATAPP joins the table at seat #1
muzixibei: bets $6
Snuffymo: raises $6 to $12
muzixibei: raises $5.50 to $17.50 and is all-in
Snuffymo: calls $5.50
*** RIVER *** [Ac 8h 5d 8d] [Qs]
*** SHOW DOWN ***
muzixibei: shows [7d 6d] (a pair of Eights)
Snuffymo: shows [Ah 4c] (two pair, Aces and Eights)
Snuffymo collected $58.50 from pot
*** SUMMARY ***
Total pot $59 | Rake $0.50
Board [Ac 8h 5d 8d Qs]
Seat 4: Snuffymo (button) (small blind) showed [Ah 4c] and won ($58.50) with two pair, Aces and Eights
Seat 6: muzixibei (big blind) showed [7d 6d] and lost with a pair of Eights


PokerStars Hand #175587357937:  Hold'em Limit ($3/$6 USD) - 2017/09/13 9:35:39 ET
Table 'Alcor' 6-max Seat #4 is the button
Seat 1: ABATAPP ($102.55 in chips)
Seat 4: Snuffymo ($173.39 in chips)
Snuffymo: posts small blind $1
ABATAPP: posts big blind $3
*** HOLE CARDS ***
Snuffymo: raises $3 to $6
ABATAPP: calls $3
*** FLOP *** [8s 9c Js]
ABATAPP: checks
Snuffymo: bets $3
ABATAPP: calls $3
*** TURN *** [8s 9c Js] [7h]
ABATAPP: checks
Snuffymo: checks
*** RIVER *** [8s 9c Js 7h] [5s]
ABATAPP: bets $6
Snuffymo: folds
Uncalled bet ($6) returned to ABATAPP
ABATAPP collected $17.64 from pot
ABATAPP: doesn't show hand
*** SUMMARY ***
Total pot $18 | Rake $0.36
Board [8s 9c Js 7h 5s]
Seat 1: ABATAPP (big blind) collected ($17.64)
Seat 4: Snuffymo (button) (small blind) folded on the River


PokerStars Hand #175587368430:  Hold'em Limit ($3/$6 USD) - 2017/09/13 9:35:59 ET
Table 'Alcor' 6-max Seat #1 is the button
Seat 1: ABATAPP ($111.19 in chips)
Seat 4: Snuffymo ($164.39 in chips)
ABATAPP: posts small blind $1
Snuffymo: posts big blind $3
*** HOLE CARDS ***
ABATAPP: folds
Uncalled bet ($2) returned to Snuffymo
Snuffymo collected $2 from pot
*** SUMMARY ***
Total pot $2 | Rake $0
Seat 1: ABATAPP (button) (small blind) folded before Flop
Seat 4: Snuffymo (big blind) collected ($2)


PokerStars Hand #175587377675:  Hold'em Limit ($3/$6 USD) - 2017/09/13 9:36:16 ET
Table 'Alcor' 6-max Seat #4 is the button
Seat 1: ABATAPP ($106.19 in chips)
Seat 4: Snuffymo ($169.39 in chips)
Snuffymo: posts small blind $1
ABATAPP: posts big blind $3
*** HOLE CARDS ***
Snuffymo: raises $3 to $6
ABATAPP: calls $3
*** FLOP *** [Ad 2d Td]
ABATAPP: checks
Snuffymo: bets $3
ABATAPP: calls $3
*** TURN *** [Ad 2d Td] [7c]
ABATAPP: checks
Snuffymo: checks
*** RIVER *** [Ad 2d Td 7c] [Ah]
ABATAPP: bets $6
Snuffymo: calls $6
*** SHOW DOWN ***
ABATAPP: shows [9d Jd] (a flush, Ace high)
Snuffymo: mucks hand
ABATAPP collected $29.50 from pot
*** SUMMARY ***
Total pot $30 | Rake $0.50
Board [Ad 2d Td 7c Ah]
Seat 1: ABATAPP (big blind) showed [9d Jd] and won ($29.50) with a flush, Ace high
Seat 4: Snuffymo (button) (small blind) mucked


PokerStars Hand #175587393042:  Hold'em Limit ($3/$6 USD) - 2017/09/13 9:36:45 ET
Table 'Alcor' 6-max Seat #1 is the button
Seat 1: ABATAPP ($120.69 in chips)
Seat 4: Snuffymo ($154.39 in chips)
ABATAPP: posts small blind $1
Snuffymo: posts big blind $3
*** HOLE CARDS ***
ABATAPP: folds
Uncalled bet ($2) returned to Snuffymo
Snuffymo collected $2 from pot
*** SUMMARY ***
Total pot $2 | Rake $0
Seat 1: ABATAPP (button) (small blind) folded before Flop
Seat 4: Snuffymo (big blind) collected ($2)


PokerStars Hand #175587404591:  Hold'em Limit ($3/$6 USD) - 2017/09/13 9:37:07 ET
Table 'Alcor' 6-max Seat #4 is the button
Seat 1: ABATAPP ($119.69 in chips)
Seat 4: Snuffymo ($155.39 in chips)
Snuffymo: posts small blind $1
ABATAPP: posts big blind $3
*** HOLE CARDS ***
Snuffymo: folds
Uncalled bet ($2) returned to ABATAPP
ABATAPP collected $2 from pot
ABATAPP: doesn't show hand
*** SUMMARY ***
Total pot $2 | Rake $0
Seat 1: ABATAPP (big blind) collected ($2)
Seat 4: Snuffymo (button) (small blind) folded before Flop


PokerStars Hand #175587401854:  Hold'em Limit ($3/$6 USD) - 2017/09/13 9:37:01 ET
Table 'Alcor' 6-max Seat #1 is the button
Seat 1: ABATAPP ($120.69 in chips)
Seat 4: Snuffymo ($154.39 in chips)
ABATAPP: posts small blind $1
Snuffymo: posts big blind $3
*** HOLE CARDS ***
ABATAPP: folds
Uncalled bet ($2) returned to Snuffymo
Snuffymo collected $2 from pot
*** SUMMARY ***
Total pot $2 | Rake $0
Seat 1: ABATAPP (button) (small blind) folded before Flop
Seat 4: Snuffymo (big blind) collected ($2)


PokerStars Hand #175587399092:  Hold'em Limit ($3/$6 USD) - 2017/09/13 9:36:56 ET
Table 'Alcor' 6-max Seat #4 is the button
Seat 1: ABATAPP ($119.69 in chips)
Seat 4: Snuffymo ($155.39 in chips)
Snuffymo: posts small blind $1
ABATAPP: posts big blind $3
*** HOLE CARDS ***
Snuffymo: folds
Uncalled bet ($2) returned to ABATAPP
ABATAPP collected $2 from pot
ABATAPP: doesn't show hand
*** SUMMARY ***
Total pot $2 | Rake $0
Seat 1: ABATAPP (big blind) collected ($2)
Seat 4: Snuffymo (button) (small blind) folded before Flop


PokerStars Hand #175587418616:  Hold'em Limit ($3/$6 USD) - 2017/09/13 9:37:33 ET
Table 'Alcor' 6-max Seat #4 is the button
Seat 1: ABATAPP ($111.69 in chips)
Seat 4: Snuffymo ($163.03 in chips)
Snuffymo: posts small blind $1
ABATAPP: posts big blind $3
*** HOLE CARDS ***
Snuffymo: folds
Uncalled bet ($2) returned to ABATAPP
ABATAPP collected $2 from pot
ABATAPP: doesn't show hand
*** SUMMARY ***
Total pot $2 | Rake $0
Seat 1: ABATAPP (big blind) collected ($2)
Seat 4: Snuffymo (button) (small blind) folded before Flop


PokerStars Hand #175587408300:  Hold'em Limit ($3/$6 USD) - 2017/09/13 9:37:14 ET
Table 'Alcor' 6-max Seat #1 is the button
Seat 1: ABATAPP ($120.69 in chips)
Seat 4: Snuffymo ($154.39 in chips)
ABATAPP: posts small blind $1
Snuffymo: posts big blind $3
*** HOLE CARDS ***
ABATAPP: raises $3 to $6
Snuffymo: calls $3
*** FLOP *** [Qc Ad 4c]
Snuffymo: checks
ABATAPP: bets $3
Snuffymo: calls $3
*** TURN *** [Qc Ad 4c] [Kd]
Snuffymo: checks
ABATAPP: checks
*** RIVER *** [Qc Ad 4c Kd] [Ts]
Snuffymo: bets $6
ABATAPP: folds
Uncalled bet ($6) returned to Snuffymo
Snuffymo collected $17.64 from pot
*** SUMMARY ***
Total pot $18 | Rake $0.36
Board [Qc Ad 4c Kd Ts]
Seat 1: ABATAPP (button) (small blind) folded on the River
Seat 4: Snuffymo (big blind) collected ($17.64)


PokerStars Hand #175587421522:  Hold'em Limit ($3/$6 USD) - 2017/09/13 9:37:38 ET
Table 'Alcor' 6-max Seat #1 is the button
Seat 1: ABATAPP ($112.69 in chips)
Seat 4: Snuffymo ($162.03 in chips)
ABATAPP: posts small blind $1
Snuffymo: posts big blind $3
*** HOLE CARDS ***
ABATAPP: folds
Uncalled bet ($2) returned to Snuffymo
Snuffymo collected $2 from pot
*** SUMMARY ***
Total pot $2 | Rake $0
Seat 1: ABATAPP (button) (small blind) folded before Flop
Seat 4: Snuffymo (big blind) collected ($2)


PokerStars Hand #175587424007:  Hold'em Limit ($3/$6 USD) - 2017/09/13 9:37:43 ET
Table 'Alcor' 6-max Seat #4 is the button
Seat 1: ABATAPP ($111.69 in chips)
Seat 4: Snuffymo ($163.03 in chips)
Snuffymo: posts small blind $1
ABATAPP: posts big blind $3
*** HOLE CARDS ***
Snuffymo: raises $3 to $6
ABATAPP: calls $3
*** FLOP *** [4h 4c 6d]
ABATAPP: checks
Snuffymo: bets $3
ABATAPP: calls $3
*** TURN *** [4h 4c 6d] [Ks]
ABATAPP: checks
Snuffymo: checks
*** RIVER *** [4h 4c 6d Ks] [2s]
ABATAPP: checks
Snuffymo: bets $6
ABATAPP: calls $6
*** SHOW DOWN ***
Snuffymo: shows [8s 7s] (a pair of Fours)
ABATAPP: shows [6c Ad] (two pair, Sixes and Fours)
ABATAPP collected $29.50 from pot
*** SUMMARY ***
Total pot $30 | Rake $0.50
Board [4h 4c 6d Ks 2s]
Seat 1: ABATAPP (big blind) showed [6c Ad] and won ($29.50) with two pair, Sixes and Fours
Seat 4: Snuffymo (button) (small blind) showed [8s 7s] and lost with a pair of Fours


PokerStars Hand #175587439365:  Hold'em Limit ($3/$6 USD) - 2017/09/13 9:38:12 ET
Table 'Alcor' 6-max Seat #1 is the button
Seat 1: ABATAPP ($126.19 in chips)
Seat 4: Snuffymo ($148.03 in chips)
ABATAPP: posts small blind $1
Snuffymo: posts big blind $3
*** HOLE CARDS ***
ABATAPP: raises $3 to $6
Snuffymo: raises $3 to $9
ABATAPP: calls $3
*** FLOP *** [8d 4s 7c]
Snuffymo: bets $3
ABATAPP: calls $3
*** TURN *** [8d 4s 7c] [3c]
Snuffymo: bets $6
ABATAPP: calls $6
*** RIVER *** [8d 4s 7c 3c] [5d]
Snuffymo: checks
ABATAPP: bets $6
Snuffymo: calls $6
*** SHOW DOWN ***
ABATAPP: shows [As 8s] (a pair of Eights)
Snuffymo: mucks hand
ABATAPP collected $47.50 from pot
*** SUMMARY ***
Total pot $48 | Rake $0.50
Board [8d 4s 7c 3c 5d]
Seat 1: ABATAPP (button) (small blind) showed [As 8s] and won ($47.50) with a pair of Eights
Seat 4: Snuffymo (big blind) mucked


PokerStars Hand #175587462677:  Hold'em Limit ($3/$6 USD) - 2017/09/13 9:38:56 ET
Table 'Alcor' 6-max Seat #1 is the button
Seat 1: ABATAPP ($137.69 in chips)
Seat 4: Snuffymo ($135.55 in chips)
ABATAPP: posts small blind $1
Snuffymo: posts big blind $3
*** HOLE CARDS ***
ABATAPP: raises $3 to $6
Snuffymo: raises $3 to $9
ABATAPP: calls $3
*** FLOP *** [9d 5d 8d]
Snuffymo: bets $3
ABATAPP: calls $3
*** TURN *** [9d 5d 8d] [8c]
Snuffymo: checks
ABATAPP: bets $6
Snuffymo: folds
Uncalled bet ($6) returned to ABATAPP
ABATAPP collected $23.52 from pot
ABATAPP: doesn't show hand
*** SUMMARY ***
Total pot $24 | Rake $0.48
Board [9d 5d 8d 8c]
Seat 1: ABATAPP (button) (small blind) collected ($23.52)
Seat 4: Snuffymo (big blind) folded on the Turn


PokerStars Hand #175587452416:  Hold'em Limit ($3/$6 USD) - 2017/09/13 9:38:37 ET
Table 'Alcor' 6-max Seat #4 is the button
Seat 1: ABATAPP ($149.69 in chips)
Seat 4: Snuffymo ($124.03 in chips)
Snuffymo: posts small blind $1
ABATAPP: posts big blind $3
*** HOLE CARDS ***
Snuffymo: raises $3 to $6
ABATAPP: calls $3
*** FLOP *** [2d Qs 4s]
ABATAPP: checks
Snuffymo: checks
*** TURN *** [2d Qs 4s] [Js]
ABATAPP: checks
Snuffymo: checks
*** RIVER *** [2d Qs 4s Js] [4h]
ABATAPP: bets $6
Snuffymo: calls $6
*** SHOW DOWN ***
ABATAPP: shows [6c 3c] (a pair of Fours)
Snuffymo: shows [Th Ac] (a pair of Fours - Ace kicker)
Snuffymo collected $23.52 from pot
*** SUMMARY ***
Total pot $24 | Rake $0.48
Board [2d Qs 4s Js 4h]
Seat 1: ABATAPP (big blind) showed [6c 3c] and lost with a pair of Fours
Seat 4: Snuffymo (button) (small blind) showed [Th Ac] and won ($23.52) with a pair of Fours


