PokerStars Hand #151208659118:  Hold'em Limit ($3/$6 USD) - 2016/03/31 7:10:37 ET
Table 'Alcor II' 10-max Seat #5 is the button
Seat 5: malibu0510 ($86.50 in chips)
Seat 6: Agrotait ($72 in chips)
malibu0510: posts small blind $1
Agrotait: posts big blind $3
*** HOLE CARDS ***
malibu0510: raises $3 to $6
Agrotait: calls $3
*** FLOP *** [Jh Qd 9h]
Agrotait: checks
malibu0510: bets $3
Agrotait: folds
Uncalled bet ($3) returned to malibu0510
malibu0510 collected $11.76 from pot
*** SUMMARY ***
Total pot $12 | Rake $0.24
Board [Jh Qd 9h]
Seat 5: malibu0510 (button) (small blind) collected ($11.76)
Seat 6: Agrotait (big blind) folded on the Flop


PokerStars Hand #151208636833:  Hold'em Limit ($3/$6 USD) - 2016/03/31 7:09:52 ET
Table 'Alcor II' 10-max Seat #6 is the button
Seat 5: malibu0510 ($69 in chips)
Seat 6: Agrotait ($69 in chips)
Agrotait: posts small blind $1
malibu0510: posts big blind $3
*** HOLE CARDS ***
Agrotait: raises $3 to $6
malibu0510: raises $3 to $9
Agrotait: calls $3
*** FLOP *** [9d 3d 8h]
malibu0510: bets $3
Agrotait: calls $3
*** TURN *** [9d 3d 8h] [Ad]
malibu0510: checks
Agrotait: checks
*** RIVER *** [9d 3d 8h Ad] [9c]
malibu0510: bets $6
Agrotait: calls $6
*** SHOW DOWN ***
malibu0510: shows [Kd Kh] (two pair, Kings and Nines)
Agrotait: mucks hand
malibu0510 collected $35.50 from pot
*** SUMMARY ***
Total pot $36 | Rake $0.50
Board [9d 3d 8h Ad 9c]
Seat 5: malibu0510 (big blind) showed [Kd Kh] and won ($35.50) with two pair, Kings and Nines
Seat 6: Agrotait (button) (small blind) mucked


PokerStars Hand #151208687738:  Hold'em Limit ($3/$6 USD) - 2016/03/31 7:11:36 ET
Table 'Alcor II' 10-max Seat #5 is the button
Seat 5: malibu0510 ($71.26 in chips)
Seat 6: Agrotait ($86.50 in chips)
malibu0510: posts small blind $1
Agrotait: posts big blind $3
*** HOLE CARDS ***
malibu0510: calls $2
Agrotait: raises $3 to $6
malibu0510: calls $3
*** FLOP *** [Qd 4s 7c]
Agrotait: bets $3
malibu0510: folds
Uncalled bet ($3) returned to Agrotait
Agrotait collected $11.76 from pot
Agrotait: doesn't show hand
*** SUMMARY ***
Total pot $12 | Rake $0.24
Board [Qd 4s 7c]
Seat 5: malibu0510 (button) (small blind) folded on the Flop
Seat 6: Agrotait (big blind) collected ($11.76)


PokerStars Hand #151208695922:  Hold'em Limit ($3/$6 USD) - 2016/03/31 7:11:52 ET
Table 'Alcor II' 10-max Seat #6 is the button
Seat 5: malibu0510 ($65.26 in chips)
Seat 6: Agrotait ($92.26 in chips)
Agrotait: posts small blind $1
malibu0510: posts big blind $3
*** HOLE CARDS ***
Agrotait: raises $3 to $6
malibu0510: calls $3
*** FLOP *** [As 9d 9c]
malibu0510: checks
Agrotait: bets $3
malibu0510: folds
Uncalled bet ($3) returned to Agrotait
Agrotait collected $11.76 from pot
Agrotait: doesn't show hand
*** SUMMARY ***
Total pot $12 | Rake $0.24
Board [As 9d 9c]
Seat 5: malibu0510 (big blind) folded on the Flop
Seat 6: Agrotait (button) (small blind) collected ($11.76)


PokerStars Hand #151208718034:  Hold'em Limit ($3/$6 USD) - 2016/03/31 7:12:37 ET
Table 'Alcor II' 10-max Seat #5 is the button
Seat 5: malibu0510 ($59.26 in chips)
Seat 6: Agrotait ($98.02 in chips)
malibu0510: posts small blind $1
Agrotait: posts big blind $3
*** HOLE CARDS ***
malibu0510: raises $3 to $6
Agrotait: calls $3
*** FLOP *** [5s Ks 8h]
Agrotait: checks
malibu0510: checks
*** TURN *** [5s Ks 8h] [Ac]
Agrotait: bets $6
malibu0510: calls $6
*** RIVER *** [5s Ks 8h Ac] [5h]
Agrotait: checks
malibu0510: checks
*** SHOW DOWN ***
Agrotait: shows [9s 6s] (a pair of Fives)
malibu0510: shows [Qh Ts] (a pair of Fives - Ace+King+Queen kicker)
malibu0510 collected $23.52 from pot
*** SUMMARY ***
Total pot $24 | Rake $0.48
Board [5s Ks 8h Ac 5h]
Seat 5: malibu0510 (button) (small blind) showed [Qh Ts] and won ($23.52) with a pair of Fives
Seat 6: Agrotait (big blind) showed [9s 6s] and lost with a pair of Fives


PokerStars Hand #151208704977:  Hold'em Limit ($3/$6 USD) - 2016/03/31 7:12:11 ET
Table 'Alcor II' 10-max Seat #5 is the button
Seat 5: malibu0510 ($59.26 in chips)
Seat 6: Agrotait ($98.02 in chips)
malibu0510: posts small blind $1
Agrotait: posts big blind $3
*** HOLE CARDS ***
malibu0510: raises $3 to $6
Agrotait: folds
Uncalled bet ($3) returned to malibu0510
malibu0510 collected $6 from pot
*** SUMMARY ***
Total pot $6 | Rake $0
Seat 5: malibu0510 (button) (small blind) collected ($6)
Seat 6: Agrotait (big blind) folded before Flop


PokerStars Hand #151208713501:  Hold'em Limit ($3/$6 USD) - 2016/03/31 7:12:28 ET
Table 'Alcor II' 10-max Seat #6 is the button
Seat 5: malibu0510 ($62.26 in chips)
Seat 6: Agrotait ($95.02 in chips)
Agrotait: posts small blind $1
malibu0510: posts big blind $3
*** HOLE CARDS ***
Agrotait: raises $3 to $6
malibu0510: folds
Uncalled bet ($3) returned to Agrotait
Agrotait collected $6 from pot
Agrotait: doesn't show hand
*** SUMMARY ***
Total pot $6 | Rake $0
Seat 5: malibu0510 (big blind) folded before Flop
Seat 6: Agrotait (button) (small blind) collected ($6)


PokerStars Hand #151208730526:  Hold'em Limit ($3/$6 USD) - 2016/03/31 7:13:03 ET
Table 'Alcor II' 10-max Seat #5 is the button
Seat 5: malibu0510 ($67.78 in chips)
Seat 6: Agrotait ($89.02 in chips)
malibu0510: posts small blind $1
Agrotait: posts big blind $3
*** HOLE CARDS ***
malibu0510: raises $3 to $6
Agrotait: folds
Uncalled bet ($3) returned to malibu0510
malibu0510 collected $6 from pot
*** SUMMARY ***
Total pot $6 | Rake $0
Seat 5: malibu0510 (button) (small blind) collected ($6)
Seat 6: Agrotait (big blind) folded before Flop


PokerStars Hand #151208726435:  Hold'em Limit ($3/$6 USD) - 2016/03/31 7:12:54 ET
Table 'Alcor II' 10-max Seat #6 is the button
Seat 5: malibu0510 ($70.78 in chips)
Seat 6: Agrotait ($86.02 in chips)
Agrotait: posts small blind $1
malibu0510: posts big blind $3
*** HOLE CARDS ***
roxy1362 joins the table at seat #1
Agrotait: raises $3 to $6
malibu0510: folds
Uncalled bet ($3) returned to Agrotait
Agrotait collected $6 from pot
Agrotait: doesn't show hand
*** SUMMARY ***
Total pot $6 | Rake $0
Seat 5: malibu0510 (big blind) folded before Flop
Seat 6: Agrotait (button) (small blind) collected ($6)


PokerStars Hand #151208934111:  Hold'em Limit ($3/$6 USD) - 2016/03/31 7:19:52 ET
Table 'Alcor II' 10-max Seat #6 is the button
Seat 1: roxy1362 ($105.70 in chips)
Seat 6: Agrotait ($78.80 in chips)
Agrotait: posts small blind $1
roxy1362: posts big blind $3
*** HOLE CARDS ***
Agrotait: raises $3 to $6
roxy1362: calls $3
*** FLOP *** [5d 8d 3h]
roxy1362: checks
malibu0510 leaves the table
Agrotait: bets $3
roxy1362: raises $3 to $6
Agrotait: calls $3
*** TURN *** [5d 8d 3h] [9c]
roxy1362: bets $6
Agrotait: calls $6
*** RIVER *** [5d 8d 3h 9c] [Tc]
roxy1362: bets $6
Agrotait: calls $6
*** SHOW DOWN ***
roxy1362: shows [Kh 6s] (high card King)
Agrotait: shows [8c 7h] (a pair of Eights)
Agrotait collected $47.50 from pot
*** SUMMARY ***
Total pot $48 | Rake $0.50
Board [5d 8d 3h 9c Tc]
Seat 1: roxy1362 (big blind) showed [Kh 6s] and lost with high card King
Seat 6: Agrotait (button) (small blind) showed [8c 7h] and won ($47.50) with a pair of Eights


