PokerStars Hand #158567319878:  Hold'em Limit ($3/$6 USD) - 2016/09/13 17:23:26 ET
Table 'Alcor' 6-max Seat #4 is the button
Seat 3: Franciska_86 ($88.68 in chips)
Seat 4: Actionni13 ($152 in chips)
Actionni13: posts small blind $1
Franciska_86: posts big blind $3
*** HOLE CARDS ***
Actionni13: raises $3 to $6
Franciska_86: folds
Uncalled bet ($3) returned to Actionni13
Actionni13 collected $6 from pot
Actionni13: doesn't show hand
*** SUMMARY ***
Total pot $6 | Rake $0
Seat 3: Franciska_86 (big blind) folded before Flop
Seat 4: Actionni13 (button) (small blind) collected ($6)


PokerStars Hand #158567289511:  Hold'em Limit ($3/$6 USD) - 2016/09/13 17:22:56 ET
Table 'Alcor' 6-max Seat #3 is the button
Seat 3: Franciska_86 ($82.92 in chips)
Seat 4: Actionni13 ($158 in chips)
Franciska_86: posts small blind $1
Actionni13: posts big blind $3
*** HOLE CARDS ***
Franciska_86: raises $3 to $6
Actionni13: calls $3
*** FLOP *** [Kd Td 3d]
Actionni13: checks
Franciska_86: bets $3
Actionni13: folds
Uncalled bet ($3) returned to Franciska_86
Franciska_86 collected $11.76 from pot
Franciska_86: doesn't show hand
*** SUMMARY ***
Total pot $12 | Rake $0.24
Board [Kd Td 3d]
Seat 3: Franciska_86 (button) (small blind) collected ($11.76)
Seat 4: Actionni13 (big blind) folded on the Flop


PokerStars Hand #158567401012:  Hold'em Limit ($3/$6 USD) - 2016/09/13 17:24:46 ET
Table 'Alcor' 6-max Seat #3 is the button
Seat 3: Franciska_86 ($34.44 in chips)
Seat 4: Actionni13 ($205 in chips)
Franciska_86: posts small blind $1
Actionni13: posts big blind $3
*** HOLE CARDS ***
Franciska_86: folds
Uncalled bet ($2) returned to Actionni13
Actionni13 collected $2 from pot
Actionni13: doesn't show hand
*** SUMMARY ***
Total pot $2 | Rake $0
Seat 3: Franciska_86 (button) (small blind) folded before Flop
Seat 4: Actionni13 (big blind) collected ($2)


PokerStars Hand #158567376363:  Hold'em Limit ($3/$6 USD) - 2016/09/13 17:24:22 ET
Table 'Alcor' 6-max Seat #4 is the button
Seat 3: Franciska_86 ($64.44 in chips)
Seat 4: Actionni13 ($175.50 in chips)
Actionni13: posts small blind $1
Franciska_86: posts big blind $3
*** HOLE CARDS ***
Actionni13: raises $3 to $6
Franciska_86: raises $3 to $9
Actionni13: calls $3
*** FLOP *** [3h Kh 8d]
Franciska_86: bets $3
Actionni13: calls $3
*** TURN *** [3h Kh 8d] [2d]
Franciska_86: bets $6
Actionni13: calls $6
*** RIVER *** [3h Kh 8d 2d] [4s]
Franciska_86: bets $6
Actionni13: raises $6 to $12
Franciska_86: calls $6
*** SHOW DOWN ***
Actionni13: shows [Ks As] (a pair of Kings)
Franciska_86: mucks hand
Actionni13 collected $59.50 from pot
*** SUMMARY ***
Total pot $60 | Rake $0.50
Board [3h Kh 8d 2d 4s]
Seat 3: Franciska_86 (big blind) mucked
Seat 4: Actionni13 (button) (small blind) showed [Ks As] and won ($59.50) with a pair of Kings


PokerStars Hand #158567356904:  Hold'em Limit ($3/$6 USD) - 2016/09/13 17:24:02 ET
Table 'Alcor' 6-max Seat #3 is the button
Seat 3: Franciska_86 ($58.68 in chips)
Seat 4: Actionni13 ($181.50 in chips)
Franciska_86: posts small blind $1
Actionni13: posts big blind $3
*** HOLE CARDS ***
Franciska_86: raises $3 to $6
Actionni13: calls $3
*** FLOP *** [Ks 7c Qh]
Actionni13: checks
Franciska_86: bets $3
Actionni13: folds
Uncalled bet ($3) returned to Franciska_86
Franciska_86 collected $11.76 from pot
Franciska_86: doesn't show hand
*** SUMMARY ***
Total pot $12 | Rake $0.24
Board [Ks 7c Qh]
Seat 3: Franciska_86 (button) (small blind) collected ($11.76)
Seat 4: Actionni13 (big blind) folded on the Flop


PokerStars Hand #158567349626:  Hold'em Limit ($3/$6 USD) - 2016/09/13 17:23:55 ET
Table 'Alcor' 6-max Seat #4 is the button
Seat 3: Franciska_86 ($61.68 in chips)
Seat 4: Actionni13 ($178.50 in chips)
Actionni13: posts small blind $1
Franciska_86: posts big blind $3
*** HOLE CARDS ***
Actionni13: raises $3 to $6
Franciska_86: folds
Uncalled bet ($3) returned to Actionni13
Actionni13 collected $6 from pot
Actionni13: doesn't show hand
*** SUMMARY ***
Total pot $6 | Rake $0
Seat 3: Franciska_86 (big blind) folded before Flop
Seat 4: Actionni13 (button) (small blind) collected ($6)


PokerStars Hand #158567325232:  Hold'em Limit ($3/$6 USD) - 2016/09/13 17:23:31 ET
Table 'Alcor' 6-max Seat #3 is the button
Seat 3: Franciska_86 ($85.68 in chips)
Seat 4: Actionni13 ($155 in chips)
Franciska_86: posts small blind $1
Actionni13: posts big blind $3
*** HOLE CARDS ***
Franciska_86: raises $3 to $6
Actionni13: raises $3 to $9
Franciska_86: calls $3
*** FLOP *** [4c 2s 4s]
Actionni13: bets $3
Franciska_86: calls $3
*** TURN *** [4c 2s 4s] [9d]
Actionni13: bets $6
Franciska_86: calls $6
*** RIVER *** [4c 2s 4s 9d] [2d]
Actionni13: checks
Franciska_86: bets $6
Actionni13: calls $6
*** SHOW DOWN ***
Franciska_86: shows [Js Ah] (two pair, Fours and Deuces)
Actionni13: shows [6d 6h] (two pair, Sixes and Fours)
Actionni13 collected $47.50 from pot
*** SUMMARY ***
Total pot $48 | Rake $0.50
Board [4c 2s 4s 9d 2d]
Seat 3: Franciska_86 (button) (small blind) showed [Js Ah] and lost with two pair, Fours and Deuces
Seat 4: Actionni13 (big blind) showed [6d 6h] and won ($47.50) with two pair, Sixes and Fours


PokerStars Hand #158567420670:  Hold'em Limit ($3/$6 USD) - 2016/09/13 17:25:06 ET
Table 'Alcor' 6-max Seat #4 is the button
Seat 3: Franciska_86 ($26.44 in chips)
Seat 4: Actionni13 ($212.76 in chips)
Actionni13: posts small blind $1
Franciska_86: posts big blind $3
*** HOLE CARDS ***
Actionni13: raises $3 to $6
Franciska_86: calls $3
*** FLOP *** [Tc 6h 3d]
Franciska_86: checks
Actionni13: bets $3
Franciska_86: folds
Uncalled bet ($3) returned to Actionni13
Actionni13 collected $11.76 from pot
Actionni13: doesn't show hand
*** SUMMARY ***
Total pot $12 | Rake $0.24
Board [Tc 6h 3d]
Seat 3: Franciska_86 (big blind) folded on the Flop
Seat 4: Actionni13 (button) (small blind) collected ($11.76)


PokerStars Hand #158567415652:  Hold'em Limit ($3/$6 USD) - 2016/09/13 17:25:01 ET
Table 'Alcor' 6-max Seat #3 is the button
Seat 3: Franciska_86 ($27.44 in chips)
Seat 4: Actionni13 ($211.76 in chips)
Franciska_86: posts small blind $1
Actionni13: posts big blind $3
*** HOLE CARDS ***
Franciska_86: folds
Uncalled bet ($2) returned to Actionni13
Actionni13 collected $2 from pot
Actionni13: doesn't show hand
*** SUMMARY ***
Total pot $2 | Rake $0
Seat 3: Franciska_86 (button) (small blind) folded before Flop
Seat 4: Actionni13 (big blind) collected ($2)


PokerStars Hand #158567406207:  Hold'em Limit ($3/$6 USD) - 2016/09/13 17:24:51 ET
Table 'Alcor' 6-max Seat #4 is the button
Seat 3: Franciska_86 ($33.44 in chips)
Seat 4: Actionni13 ($206 in chips)
Actionni13: posts small blind $1
Franciska_86: posts big blind $3
*** HOLE CARDS ***
Actionni13: raises $3 to $6
Franciska_86: calls $3
*** FLOP *** [8s Jc As]
Franciska_86: checks
Actionni13: bets $3
Franciska_86: folds
Uncalled bet ($3) returned to Actionni13
Actionni13 collected $11.76 from pot
Actionni13: doesn't show hand
*** SUMMARY ***
Total pot $12 | Rake $0.24
Board [8s Jc As]
Seat 3: Franciska_86 (big blind) folded on the Flop
Seat 4: Actionni13 (button) (small blind) collected ($11.76)


PokerStars Hand #158567430982:  Hold'em Limit ($3/$6 USD) - 2016/09/13 17:25:16 ET
Table 'Alcor' 6-max Seat #3 is the button
Seat 3: Franciska_86 ($20.44 in chips)
Seat 4: Actionni13 ($218.52 in chips)
Franciska_86: posts small blind $1
Actionni13: posts big blind $3
*** HOLE CARDS ***
Franciska_86: folds
Uncalled bet ($2) returned to Actionni13
Actionni13 collected $2 from pot
Actionni13: doesn't show hand
*** SUMMARY ***
Total pot $2 | Rake $0
Seat 3: Franciska_86 (button) (small blind) folded before Flop
Seat 4: Actionni13 (big blind) collected ($2)


PokerStars Hand #158567457067:  Hold'em Limit ($3/$6 USD) - 2016/09/13 17:25:42 ET
Table 'Alcor' 6-max Seat #3 is the button
Seat 3: Franciska_86 ($25.20 in chips)
Seat 4: Actionni13 ($213.52 in chips)
Franciska_86: posts small blind $1
Actionni13: posts big blind $3
*** HOLE CARDS ***
Franciska_86: raises $3 to $6
Actionni13: calls $3
*** FLOP *** [5c Tc Jh]
Actionni13: checks
Franciska_86: bets $3
Actionni13: folds
Uncalled bet ($3) returned to Franciska_86
Franciska_86 collected $11.76 from pot
Franciska_86: doesn't show hand
*** SUMMARY ***
Total pot $12 | Rake $0.24
Board [5c Tc Jh]
Seat 3: Franciska_86 (button) (small blind) collected ($11.76)
Seat 4: Actionni13 (big blind) folded on the Flop


PokerStars Hand #158567435434:  Hold'em Limit ($3/$6 USD) - 2016/09/13 17:25:21 ET
Table 'Alcor' 6-max Seat #4 is the button
Seat 3: Franciska_86 ($19.44 in chips)
Seat 4: Actionni13 ($219.52 in chips)
Actionni13: posts small blind $1
Franciska_86: posts big blind $3
*** HOLE CARDS ***
Actionni13: raises $3 to $6
Franciska_86: calls $3
*** FLOP *** [9c Qh 8h]
Franciska_86: bets $3
Actionni13: folds
Uncalled bet ($3) returned to Franciska_86
Franciska_86 collected $11.76 from pot
Franciska_86: doesn't show hand
*** SUMMARY ***
Total pot $12 | Rake $0.24
Board [9c Qh 8h]
Seat 3: Franciska_86 (big blind) collected ($11.76)
Seat 4: Actionni13 (button) (small blind) folded on the Flop


PokerStars Hand #158567490332:  Hold'em Limit ($3/$6 USD) - 2016/09/13 17:26:17 ET
Table 'Alcor' 6-max Seat #3 is the button
Seat 3: Franciska_86 ($3.96 in chips)
Seat 4: Actionni13 ($234.02 in chips)
Franciska_86: posts small blind $1
Actionni13: posts big blind $3
*** HOLE CARDS ***
Franciska_86: raises $0.96 to $3.96 and is all-in
Actionni13: calls $0.96
*** FLOP *** [Kc 7c 3c]
*** TURN *** [Kc 7c 3c] [Ad]
*** RIVER *** [Kc 7c 3c Ad] [5c]
*** SHOW DOWN ***
Actionni13: shows [9d Kd] (a pair of Kings)
Franciska_86: shows [Td 9h] (high card Ace)
Actionni13 collected $7.76 from pot
*** SUMMARY ***
Total pot $7.92 | Rake $0.16
Board [Kc 7c 3c Ad 5c]
Seat 3: Franciska_86 (button) (small blind) showed [Td 9h] and lost with high card Ace
Seat 4: Actionni13 (big blind) showed [9d Kd] and won ($7.76) with a pair of Kings


PokerStars Hand #158567467956:  Hold'em Limit ($3/$6 USD) - 2016/09/13 17:25:54 ET
Table 'Alcor' 6-max Seat #4 is the button
Seat 3: Franciska_86 ($30.96 in chips)
Seat 4: Actionni13 ($207.52 in chips)
Actionni13: posts small blind $1
Franciska_86: posts big blind $3
*** HOLE CARDS ***
Actionni13: raises $3 to $6
Franciska_86: calls $3
*** FLOP *** [3c Jc 2s]
Franciska_86: bets $3
Actionni13: calls $3
*** TURN *** [3c Jc 2s] [2h]
Franciska_86: bets $6
Actionni13: calls $6
*** RIVER *** [3c Jc 2s 2h] [6c]
Franciska_86: bets $6
Actionni13: raises $6 to $12
Franciska_86: calls $6
*** SHOW DOWN ***
Actionni13: shows [Qc 9c] (a flush, Queen high)
Franciska_86: mucks hand
Actionni13 collected $53.50 from pot
*** SUMMARY ***
Total pot $54 | Rake $0.50
Board [3c Jc 2s 2h 6c]
Seat 3: Franciska_86 (big blind) mucked
Seat 4: Actionni13 (button) (small blind) showed [Qc 9c] and won ($53.50) with a flush, Queen high


