PokerStars Hand #149947596321:  Hold'em Limit ($3/$6 USD) - 2016/03/06 15:43:21 ET
Table 'Alcor IV' 6-max Seat #3 is the button
Seat 3: SmellyToes4u ($64.64 in chips)
Seat 6: Lexposterior ($27.24 in chips)
SmellyToes4u: posts small blind $1
Lexposterior: posts big blind $3
*** HOLE CARDS ***
SmellyToes4u: folds
Uncalled bet ($2) returned to Lexposterior
Lexposterior collected $2 from pot
Lexposterior: doesn't show hand
*** SUMMARY ***
Total pot $2 | Rake $0
Seat 3: SmellyToes4u (button) (small blind) folded before Flop
Seat 6: Lexposterior (big blind) collected ($2)


PokerStars Hand #149947579037:  Hold'em Limit ($3/$6 USD) - 2016/03/06 15:43:06 ET
Table 'Alcor IV' 6-max Seat #6 is the button
Seat 3: SmellyToes4u ($56 in chips)
Seat 6: Lexposterior ($36.24 in chips)
Lexposterior: posts small blind $1
SmellyToes4u: posts big blind $3
*** HOLE CARDS ***
Lexposterior: raises $3 to $6
SmellyToes4u: calls $3
*** FLOP *** [Kc Ks 4c]
SmellyToes4u: checks
Lexposterior: bets $3
SmellyToes4u: calls $3
*** TURN *** [Kc Ks 4c] [Jh]
SmellyToes4u: checks
Lexposterior: checks
*** RIVER *** [Kc Ks 4c Jh] [6h]
SmellyToes4u: bets $6
Lexposterior: folds
Uncalled bet ($6) returned to SmellyToes4u
SmellyToes4u collected $17.64 from pot
SmellyToes4u: doesn't show hand
*** SUMMARY ***
Total pot $18 | Rake $0.36
Board [Kc Ks 4c Jh 6h]
Seat 3: SmellyToes4u (big blind) collected ($17.64)
Seat 6: Lexposterior (button) (small blind) folded on the River


PokerStars Hand #149947612442:  Hold'em Limit ($3/$6 USD) - 2016/03/06 15:43:35 ET
Table 'Alcor IV' 6-max Seat #6 is the button
Seat 3: SmellyToes4u ($63.64 in chips)
Seat 6: Lexposterior ($28.24 in chips)
Lexposterior: posts small blind $1
SmellyToes4u: posts big blind $3
*** HOLE CARDS ***
Lexposterior: raises $3 to $6
SmellyToes4u: calls $3
*** FLOP *** [9d 9s 2h]
SmellyToes4u: checks
Lexposterior: bets $3
SmellyToes4u: raises $3 to $6
Lexposterior: calls $3
*** TURN *** [9d 9s 2h] [Qs]
SmellyToes4u: bets $6
Lexposterior: raises $6 to $12
SmellyToes4u: raises $6 to $18
Lexposterior: calls $4.24 and is all-in
Uncalled bet ($1.76) returned to SmellyToes4u
*** RIVER *** [9d 9s 2h Qs] [5d]
*** SHOW DOWN ***
SmellyToes4u: shows [As Qc] (two pair, Queens and Nines)
Lexposterior: shows [Qd 8d] (two pair, Queens and Nines - lower kicker)
SmellyToes4u collected $55.98 from pot
*** SUMMARY ***
Total pot $56.48 | Rake $0.50
Board [9d 9s 2h Qs 5d]
Seat 3: SmellyToes4u (big blind) showed [As Qc] and won ($55.98) with two pair, Queens and Nines
Seat 6: Lexposterior (button) (small blind) showed [Qd 8d] and lost with two pair, Queens and Nines


PokerStars Hand #149955755961:  Hold'em Limit ($3/$6 USD) - 2016/03/06 17:55:19 ET
Table 'Alcor IV' 6-max Seat #2 is the button
Seat 2: Zubasa07 ($514.52 in chips)
Seat 3: Gander NL ($15 in chips)
Zubasa07: posts small blind $1
Gander NL: posts big blind $3
*** HOLE CARDS ***
Zubasa07: raises $3 to $6
Gander NL: folds
Uncalled bet ($3) returned to Zubasa07
Zubasa07 collected $6 from pot
Zubasa07: doesn't show hand
*** SUMMARY ***
Total pot $6 | Rake $0
Seat 2: Zubasa07 (button) (small blind) collected ($6)
Seat 3: Gander NL (big blind) folded before Flop


PokerStars Hand #149955733357:  Hold'em Limit ($3/$6 USD) - 2016/03/06 17:54:51 ET
Table 'Alcor IV' 6-max Seat #3 is the button
Seat 2: Zubasa07 ($503 in chips)
Seat 3: Gander NL ($27 in chips)
Gander NL: posts small blind $1
Zubasa07: posts big blind $3
*** HOLE CARDS ***
Gander NL: raises $3 to $6
Zubasa07: calls $3
*** FLOP *** [5s Ks 2c]
Zubasa07: checks
Gander NL: checks
*** TURN *** [5s Ks 2c] [4c]
Zubasa07: bets $6
Gander NL: calls $6
*** RIVER *** [5s Ks 2c 4c] [9h]
Zubasa07: bets $6
Gander NL: folds
Uncalled bet ($6) returned to Zubasa07
Zubasa07 collected $23.52 from pot
Zubasa07: doesn't show hand
*** SUMMARY ***
Total pot $24 | Rake $0.48
Board [5s Ks 2c 4c 9h]
Seat 2: Zubasa07 (big blind) collected ($23.52)
Seat 3: Gander NL (button) (small blind) folded on the River


PokerStars Hand #149955759813:  Hold'em Limit ($3/$6 USD) - 2016/03/06 17:55:25 ET
Table 'Alcor IV' 6-max Seat #3 is the button
Seat 2: Zubasa07 ($517.52 in chips)
Seat 3: Gander NL ($12 in chips)
Gander NL: posts small blind $1
Zubasa07: posts big blind $3
*** HOLE CARDS ***
Gander NL: raises $3 to $6
Zubasa07: raises $3 to $9
Gander NL: raises $3 to $12 and is all-in
Betting is capped
Zubasa07: calls $3
*** FLOP *** [3h Ad 5c]
*** TURN *** [3h Ad 5c] [4d]
*** RIVER *** [3h Ad 5c 4d] [3c]
*** SHOW DOWN ***
Zubasa07: shows [As 2h] (a straight, Ace to Five)
Gander NL: shows [Tc Ks] (a pair of Threes)
Zubasa07 collected $23.52 from pot
*** SUMMARY ***
Total pot $24 | Rake $0.48
Board [3h Ad 5c 4d 3c]
Seat 2: Zubasa07 (big blind) showed [As 2h] and won ($23.52) with a straight, Ace to Five
Seat 3: Gander NL (button) (small blind) showed [Tc Ks] and lost with a pair of Threes


PokerStars Hand #149956610787:  Hold'em Limit ($3/$6 USD) - 2016/03/06 18:13:15 ET
Table 'Alcor IV' 6-max Seat #5 is the button
Seat 3: Jeelsy ($70.20 in chips)
Seat 5: JayEm82 ($133.37 in chips)
JayEm82: posts small blind $1
Jeelsy: posts big blind $3
*** HOLE CARDS ***
JayEm82: folds
Uncalled bet ($2) returned to Jeelsy
Jeelsy collected $2 from pot
Jeelsy: doesn't show hand
*** SUMMARY ***
Total pot $2 | Rake $0
Seat 3: Jeelsy (big blind) collected ($2)
Seat 5: JayEm82 (button) (small blind) folded before Flop


PokerStars Hand #149956606011:  Hold'em Limit ($3/$6 USD) - 2016/03/06 18:13:11 ET
Table 'Alcor IV' 6-max Seat #6 is the button
Seat 5: JayEm82 ($132.37 in chips)
Seat 6: Hadart ($101.81 in chips)
Hadart: posts small blind $1
Zubasa07: is sitting out
JayEm82: posts big blind $3
*** HOLE CARDS ***
Hadart: folds
Uncalled bet ($2) returned to JayEm82
Jeelsy joins the table at seat #3
JayEm82 collected $2 from pot
JayEm82: doesn't show hand
Hadart leaves the table
*** SUMMARY ***
Total pot $2 | Rake $0
Seat 5: JayEm82 (big blind) collected ($2)
Seat 6: Hadart (button) (small blind) folded before Flop


PokerStars Hand #149956627391:  Hold'em Limit ($3/$6 USD) - 2016/03/06 18:13:35 ET
Table 'Alcor IV' 6-max Seat #5 is the button
Seat 3: Jeelsy ($74.20 in chips)
Seat 5: JayEm82 ($129.37 in chips)
JayEm82: posts small blind $1
Jeelsy: posts big blind $3
*** HOLE CARDS ***
JayEm82: raises $3 to $6
Jeelsy: calls $3
*** FLOP *** [4c 3d Qh]
Jeelsy: checks
JayEm82: bets $3
Jeelsy: calls $3
*** TURN *** [4c 3d Qh] [2h]
Jeelsy: checks
JayEm82: checks
*** RIVER *** [4c 3d Qh 2h] [7h]
Jeelsy: bets $6
JayEm82: folds
Uncalled bet ($6) returned to Jeelsy
Jeelsy collected $17.64 from pot
Jeelsy: doesn't show hand
*** SUMMARY ***
Total pot $18 | Rake $0.36
Board [4c 3d Qh 2h 7h]
Seat 3: Jeelsy (big blind) collected ($17.64)
Seat 5: JayEm82 (button) (small blind) folded on the River


PokerStars Hand #149956700669:  Hold'em Limit ($3/$6 USD) - 2016/03/06 18:14:57 ET
Table 'Alcor IV' 6-max Seat #5 is the button
Seat 3: Jeelsy ($58.84 in chips)
Seat 5: JayEm82 ($143.87 in chips)
JayEm82: posts small blind $1
Jeelsy: posts big blind $3
*** HOLE CARDS ***
JayEm82: raises $3 to $6
Jeelsy: raises $3 to $9
JayEm82: calls $3
*** FLOP *** [2h 3c 9s]
Jeelsy: bets $3
JayEm82: calls $3
*** TURN *** [2h 3c 9s] [6d]
Jeelsy: bets $6
JayEm82: folds
Uncalled bet ($6) returned to Jeelsy
Jeelsy collected $23.52 from pot
Jeelsy: doesn't show hand
*** SUMMARY ***
Total pot $24 | Rake $0.48
Board [2h 3c 9s 6d]
Seat 3: Jeelsy (big blind) collected ($23.52)
Seat 5: JayEm82 (button) (small blind) folded on the Turn


PokerStars Hand #149956665178:  Hold'em Limit ($3/$6 USD) - 2016/03/06 18:14:17 ET
Table 'Alcor IV' 6-max Seat #3 is the button
Seat 3: Jeelsy ($82.84 in chips)
Seat 5: JayEm82 ($120.37 in chips)
Jeelsy: posts small blind $1
JayEm82: posts big blind $3
*** HOLE CARDS ***
Jeelsy: raises $3 to $6
JayEm82: calls $3
*** FLOP *** [6h 5s 8s]
JayEm82: checks
Jeelsy: bets $3
JayEm82: raises $3 to $6
Jeelsy: calls $3
*** TURN *** [6h 5s 8s] [6c]
JayEm82: bets $6
Jeelsy: calls $6
*** RIVER *** [6h 5s 8s 6c] [9s]
JayEm82: bets $6
Jeelsy: calls $6
*** SHOW DOWN ***
JayEm82: shows [8h 9h] (two pair, Nines and Eights)
Jeelsy: mucks hand
JayEm82 collected $47.50 from pot
*** SUMMARY ***
Total pot $48 | Rake $0.50
Board [6h 5s 8s 6c 9s]
Seat 3: Jeelsy (button) (small blind) mucked
Seat 5: JayEm82 (big blind) showed [8h 9h] and won ($47.50) with two pair, Nines and Eights


PokerStars Hand #149956769416:  Hold'em Limit ($3/$6 USD) - 2016/03/06 18:16:13 ET
Table 'Alcor IV' 6-max Seat #3 is the button
Seat 3: Jeelsy ($26.36 in chips)
Seat 5: JayEm82 ($174.87 in chips)
Jeelsy: posts small blind $1
JayEm82: posts big blind $3
*** HOLE CARDS ***
Jeelsy: folds
Uncalled bet ($2) returned to JayEm82
JayEm82 collected $2 from pot
JayEm82: doesn't show hand
*** SUMMARY ***
Total pot $2 | Rake $0
Seat 3: Jeelsy (button) (small blind) folded before Flop
Seat 5: JayEm82 (big blind) collected ($2)


PokerStars Hand #149956764591:  Hold'em Limit ($3/$6 USD) - 2016/03/06 18:16:08 ET
Table 'Alcor IV' 6-max Seat #5 is the button
Seat 3: Jeelsy ($25.36 in chips)
Seat 5: JayEm82 ($175.87 in chips)
JayEm82: posts small blind $1
Jeelsy: posts big blind $3
*** HOLE CARDS ***
JayEm82: folds
Uncalled bet ($2) returned to Jeelsy
Jeelsy collected $2 from pot
Jeelsy: doesn't show hand
*** SUMMARY ***
Total pot $2 | Rake $0
Seat 3: Jeelsy (big blind) collected ($2)
Seat 5: JayEm82 (button) (small blind) folded before Flop


PokerStars Hand #149956751891:  Hold'em Limit ($3/$6 USD) - 2016/03/06 18:15:54 ET
Table 'Alcor IV' 6-max Seat #3 is the button
Seat 3: Jeelsy ($22.36 in chips)
Seat 5: JayEm82 ($178.87 in chips)
Jeelsy: posts small blind $1
JayEm82: posts big blind $3
*** HOLE CARDS ***
Jeelsy: raises $3 to $6
JayEm82: folds
Uncalled bet ($3) returned to Jeelsy
Jeelsy collected $6 from pot
Jeelsy: doesn't show hand
*** SUMMARY ***
Total pot $6 | Rake $0
Seat 3: Jeelsy (button) (small blind) collected ($6)
Seat 5: JayEm82 (big blind) folded before Flop


PokerStars Hand #149956720335:  Hold'em Limit ($3/$6 USD) - 2016/03/06 18:15:19 ET
Table 'Alcor IV' 6-max Seat #3 is the button
Seat 3: Jeelsy ($70.36 in chips)
Seat 5: JayEm82 ($131.87 in chips)
Jeelsy: posts small blind $1
JayEm82: posts big blind $3
*** HOLE CARDS ***
Jeelsy: raises $3 to $6
JayEm82: raises $3 to $9
Jeelsy: calls $3
*** FLOP *** [Jd Ad 3d]
JayEm82: bets $3
Jeelsy: calls $3
*** TURN *** [Jd Ad 3d] [6d]
JayEm82: checks
Jeelsy: bets $6
JayEm82: raises $6 to $12
Jeelsy: calls $6
*** RIVER *** [Jd Ad 3d 6d] [2d]
JayEm82: bets $6
Jeelsy: calls $6
*** SHOW DOWN ***
JayEm82: shows [Js Qd] (a flush, Ace high)
Jeelsy: mucks hand
JayEm82 collected $59.50 from pot
*** SUMMARY ***
Total pot $60 | Rake $0.50
Board [Jd Ad 3d 6d 2d]
Seat 3: Jeelsy (button) (small blind) mucked
Seat 5: JayEm82 (big blind) showed [Js Qd] and won ($59.50) with a flush, Ace high


PokerStars Hand #149956810819:  Hold'em Limit ($3/$6 USD) - 2016/03/06 18:16:59 ET
Table 'Alcor IV' 6-max Seat #3 is the button
Seat 3: Jeelsy ($43.62 in chips)
Seat 5: JayEm82 ($156.63 in chips)
Jeelsy: posts small blind $1
JayEm82: posts big blind $3
*** HOLE CARDS ***
Jeelsy: raises $3 to $6
JayEm82: calls $3
*** FLOP *** [2c 6d 5h]
JayEm82: checks
Jeelsy: checks
*** TURN *** [2c 6d 5h] [As]
JayEm82: checks
Jeelsy: checks
*** RIVER *** [2c 6d 5h As] [2h]
JayEm82: checks
Jeelsy: checks
*** SHOW DOWN ***
JayEm82: shows [3s Kh] (a pair of Deuces)
Jeelsy: mucks hand
JayEm82 collected $11.76 from pot
*** SUMMARY ***
Total pot $12 | Rake $0.24
Board [2c 6d 5h As 2h]
Seat 3: Jeelsy (button) (small blind) mucked
Seat 5: JayEm82 (big blind) showed [3s Kh] and won ($11.76) with a pair of Deuces


PokerStars Hand #149956802560:  Hold'em Limit ($3/$6 USD) - 2016/03/06 18:16:50 ET
Table 'Alcor IV' 6-max Seat #5 is the button
Seat 3: Jeelsy ($49.62 in chips)
Seat 5: JayEm82 ($150.87 in chips)
JayEm82: posts small blind $1
Jeelsy: posts big blind $3
*** HOLE CARDS ***
JayEm82: raises $3 to $6
Jeelsy: calls $3
*** FLOP *** [As Th 3h]
Jeelsy: checks
JayEm82: bets $3
Jeelsy: folds
Uncalled bet ($3) returned to JayEm82
JayEm82 collected $11.76 from pot
JayEm82: doesn't show hand
*** SUMMARY ***
Total pot $12 | Rake $0.24
Board [As Th 3h]
Seat 3: Jeelsy (big blind) folded on the Flop
Seat 5: JayEm82 (button) (small blind) collected ($11.76)


PokerStars Hand #149956798422:  Hold'em Limit ($3/$6 USD) - 2016/03/06 18:16:45 ET
Table 'Alcor IV' 6-max Seat #3 is the button
Seat 3: Jeelsy ($46.62 in chips)
Seat 5: JayEm82 ($153.87 in chips)
Jeelsy: posts small blind $1
JayEm82: posts big blind $3
*** HOLE CARDS ***
Jeelsy: raises $3 to $6
JayEm82: folds
Uncalled bet ($3) returned to Jeelsy
Jeelsy collected $6 from pot
Jeelsy: doesn't show hand
*** SUMMARY ***
Total pot $6 | Rake $0
Seat 3: Jeelsy (button) (small blind) collected ($6)
Seat 5: JayEm82 (big blind) folded before Flop


PokerStars Hand #149956794679:  Hold'em Limit ($3/$6 USD) - 2016/03/06 18:16:41 ET
Table 'Alcor IV' 6-max Seat #5 is the button
Seat 3: Jeelsy ($45.62 in chips)
Seat 5: JayEm82 ($154.87 in chips)
JayEm82: posts small blind $1
Jeelsy: posts big blind $3
*** HOLE CARDS ***
JayEm82: folds
Uncalled bet ($2) returned to Jeelsy
Jeelsy collected $2 from pot
Jeelsy: doesn't show hand
*** SUMMARY ***
Total pot $2 | Rake $0
Seat 3: Jeelsy (big blind) collected ($2)
Seat 5: JayEm82 (button) (small blind) folded before Flop


PokerStars Hand #149956786776:  Hold'em Limit ($3/$6 USD) - 2016/03/06 18:16:32 ET
Table 'Alcor IV' 6-max Seat #3 is the button
Seat 3: Jeelsy ($39.86 in chips)
Seat 5: JayEm82 ($160.87 in chips)
Jeelsy: posts small blind $1
JayEm82: posts big blind $3
*** HOLE CARDS ***
Jeelsy: raises $3 to $6
JayEm82: calls $3
*** FLOP *** [Tc 6d Qh]
JayEm82: checks
Jeelsy: bets $3
JayEm82: folds
Uncalled bet ($3) returned to Jeelsy
Jeelsy collected $11.76 from pot
Jeelsy: doesn't show hand
*** SUMMARY ***
Total pot $12 | Rake $0.24
Board [Tc 6d Qh]
Seat 3: Jeelsy (button) (small blind) collected ($11.76)
Seat 5: JayEm82 (big blind) folded on the Flop


PokerStars Hand #149956773989:  Hold'em Limit ($3/$6 USD) - 2016/03/06 18:16:18 ET
Table 'Alcor IV' 6-max Seat #5 is the button
Seat 3: Jeelsy ($25.36 in chips)
Seat 5: JayEm82 ($175.87 in chips)
JayEm82: posts small blind $1
Jeelsy: posts big blind $3
*** HOLE CARDS ***
JayEm82: raises $3 to $6
Jeelsy: calls $3
*** FLOP *** [9c 9d 4s]
Jeelsy: checks
JayEm82: bets $3
Jeelsy: calls $3
*** TURN *** [9c 9d 4s] [5h]
Jeelsy: checks
JayEm82: checks
*** RIVER *** [9c 9d 4s 5h] [7s]
Jeelsy: bets $6
JayEm82: calls $6
*** SHOW DOWN ***
Jeelsy: shows [7c Kh] (two pair, Nines and Sevens)
JayEm82: mucks hand
Jeelsy collected $29.50 from pot
*** SUMMARY ***
Total pot $30 | Rake $0.50
Board [9c 9d 4s 5h 7s]
Seat 3: Jeelsy (big blind) showed [7c Kh] and won ($29.50) with two pair, Nines and Sevens
Seat 5: JayEm82 (button) (small blind) mucked


PokerStars Hand #149956847662:  Hold'em Limit ($3/$6 USD) - 2016/03/06 18:17:40 ET
Table 'Alcor IV' 6-max Seat #3 is the button
Seat 3: Jeelsy ($37.44 in chips)
Seat 5: JayEm82 ($162.21 in chips)
Jeelsy: posts small blind $1
JayEm82: posts big blind $3
*** HOLE CARDS ***
Jeelsy: calls $2
JayEm82: checks
*** FLOP *** [Jc 7d 2h]
JayEm82: checks
Jeelsy: checks
*** TURN *** [Jc 7d 2h] [4c]
JayEm82: checks
Jeelsy: bets $6
JayEm82: folds
Uncalled bet ($6) returned to Jeelsy
Jeelsy collected $5.88 from pot
Jeelsy: doesn't show hand
*** SUMMARY ***
Total pot $6 | Rake $0.12
Board [Jc 7d 2h 4c]
Seat 3: Jeelsy (button) (small blind) collected ($5.88)
Seat 5: JayEm82 (big blind) folded on the Turn


PokerStars Hand #149956827499:  Hold'em Limit ($3/$6 USD) - 2016/03/06 18:17:17 ET
Table 'Alcor IV' 6-max Seat #5 is the button
Seat 3: Jeelsy ($37.62 in chips)
Seat 5: JayEm82 ($162.39 in chips)
JayEm82: posts small blind $1
Jeelsy: posts big blind $3
*** HOLE CARDS ***
JayEm82: raises $3 to $6
Jeelsy: calls $3
*** FLOP *** [5d Qh Qs]
Jeelsy: checks
JayEm82: bets $3
Jeelsy: calls $3
*** TURN *** [5d Qh Qs] [Ks]
Jeelsy: checks
JayEm82: checks
*** RIVER *** [5d Qh Qs Ks] [5h]
Jeelsy: checks
JayEm82: checks
*** SHOW DOWN ***
Jeelsy: shows [7d 2d] (two pair, Queens and Fives)
JayEm82: shows [Td 9h] (two pair, Queens and Fives)
Jeelsy collected $8.82 from pot
JayEm82 collected $8.82 from pot
*** SUMMARY ***
Total pot $18 | Rake $0.36
Board [5d Qh Qs Ks 5h]
Seat 3: Jeelsy (big blind) showed [7d 2d] and won ($8.82) with two pair, Queens and Fives
Seat 5: JayEm82 (button) (small blind) showed [Td 9h] and won ($8.82) with two pair, Queens and Fives


PokerStars Hand #149956911333:  Hold'em Limit ($3/$6 USD) - 2016/03/06 18:18:52 ET
Table 'Alcor IV' 6-max Seat #5 is the button
Seat 3: Jeelsy ($18.32 in chips)
Seat 5: JayEm82 ($180.71 in chips)
JayEm82: posts small blind $1
Jeelsy: posts big blind $3
*** HOLE CARDS ***
JayEm82: raises $3 to $6
Jeelsy: calls $3
*** FLOP *** [Ts Jh 3s]
Jeelsy: bets $3
JayEm82: calls $3
*** TURN *** [Ts Jh 3s] [4d]
Jeelsy: bets $6
JayEm82: raises $6 to $12
Jeelsy: calls $3.32 and is all-in
Uncalled bet ($2.68) returned to JayEm82
*** RIVER *** [Ts Jh 3s 4d] [6c]
*** SHOW DOWN ***
Jeelsy: shows [Th 4c] (two pair, Tens and Fours)
JayEm82: shows [Td 6d] (two pair, Tens and Sixes)
JayEm82 collected $36.14 from pot
*** SUMMARY ***
Total pot $36.64 | Rake $0.50
Board [Ts Jh 3s 4d 6c]
Seat 3: Jeelsy (big blind) showed [Th 4c] and lost with two pair, Tens and Fours
Seat 5: JayEm82 (button) (small blind) showed [Td 6d] and won ($36.14) with two pair, Tens and Sixes


PokerStars Hand #149956907175:  Hold'em Limit ($3/$6 USD) - 2016/03/06 18:18:47 ET
Table 'Alcor IV' 6-max Seat #3 is the button
Seat 3: Jeelsy ($19.32 in chips)
Seat 5: JayEm82 ($179.71 in chips)
Jeelsy: posts small blind $1
JayEm82: posts big blind $3
*** HOLE CARDS ***
Jeelsy: folds
Uncalled bet ($2) returned to JayEm82
JayEm82 collected $2 from pot
JayEm82: doesn't show hand
*** SUMMARY ***
Total pot $2 | Rake $0
Seat 3: Jeelsy (button) (small blind) folded before Flop
Seat 5: JayEm82 (big blind) collected ($2)


PokerStars Hand #149956874015:  Hold'em Limit ($3/$6 USD) - 2016/03/06 18:18:09 ET
Table 'Alcor IV' 6-max Seat #5 is the button
Seat 3: Jeelsy ($40.32 in chips)
Seat 5: JayEm82 ($159.21 in chips)
JayEm82: posts small blind $1
Jeelsy: posts big blind $3
*** HOLE CARDS ***
JayEm82: raises $3 to $6
Jeelsy: calls $3
*** FLOP *** [8c 5d 9d]
Jeelsy: checks
JayEm82: bets $3
Jeelsy: calls $3
*** TURN *** [8c 5d 9d] [5h]
Jeelsy: checks
JayEm82: bets $6
Jeelsy: calls $6
*** RIVER *** [8c 5d 9d 5h] [6h]
Jeelsy: checks
JayEm82: bets $6
Jeelsy: calls $6
*** SHOW DOWN ***
JayEm82: shows [5s Js] (three of a kind, Fives)
Jeelsy: mucks hand
JayEm82 collected $41.50 from pot
*** SUMMARY ***
Total pot $42 | Rake $0.50
Board [8c 5d 9d 5h 6h]
Seat 3: Jeelsy (big blind) mucked
Seat 5: JayEm82 (button) (small blind) showed [5s Js] and won ($41.50) with three of a kind, Fives


