PokerStars Hand #147662216248:  Hold'em Limit ($3/$6 USD) - 2016/01/25 13:19:45 ET
Table 'Alcyone II' 2-max Seat #1 is the button
Seat 1: favete lin ($89.50 in chips)
Seat 2: tho2008 ($102 in chips)
favete lin: posts small blind $1
tho2008: posts big blind $3
*** HOLE CARDS ***
favete lin: raises $3 to $6
tho2008: calls $3
*** FLOP *** [3s 9h Qd]
tho2008: checks
favete lin: bets $3
tho2008: calls $3
*** TURN *** [3s 9h Qd] [4s]
tho2008: checks
favete lin: checks
*** RIVER *** [3s 9h Qd 4s] [2s]
tho2008: bets $6
favete lin: calls $6
*** SHOW DOWN ***
tho2008: shows [3c 4c] (two pair, Fours and Threes)
favete lin: mucks hand
tho2008 collected $29.50 from pot
*** SUMMARY ***
Total pot $30 | Rake $0.50
Board [3s 9h Qd 4s 2s]
Seat 1: favete lin (button) (small blind) mucked
Seat 2: tho2008 (big blind) showed [3c 4c] and won ($29.50) with two pair, Fours and Threes


PokerStars Hand #147662238908:  Hold'em Limit ($3/$6 USD) - 2016/01/25 13:20:07 ET
Table 'Alcyone II' 2-max Seat #1 is the button
Seat 1: favete lin ($75.50 in chips)
Seat 2: tho2008 ($115.50 in chips)
favete lin: posts small blind $1
tho2008: posts big blind $3
*** HOLE CARDS ***
favete lin: raises $3 to $6
tho2008: calls $3
*** FLOP *** [3c As 9c]
tho2008: checks
favete lin: bets $3
tho2008: folds
Uncalled bet ($3) returned to favete lin
favete lin collected $11.76 from pot
favete lin: doesn't show hand
*** SUMMARY ***
Total pot $12 | Rake $0.24
Board [3c As 9c]
Seat 1: favete lin (button) (small blind) collected ($11.76)
Seat 2: tho2008 (big blind) folded on the Flop


PokerStars Hand #147662233989:  Hold'em Limit ($3/$6 USD) - 2016/01/25 13:20:02 ET
Table 'Alcyone II' 2-max Seat #2 is the button
Seat 1: favete lin ($74.50 in chips)
Seat 2: tho2008 ($116.50 in chips)
tho2008: posts small blind $1
favete lin: posts big blind $3
*** HOLE CARDS ***
tho2008: folds
Uncalled bet ($2) returned to favete lin
favete lin collected $2 from pot
favete lin: doesn't show hand
*** SUMMARY ***
Total pot $2 | Rake $0
Seat 1: favete lin (big blind) collected ($2)
Seat 2: tho2008 (button) (small blind) folded before Flop


PokerStars Hand #147662249238:  Hold'em Limit ($3/$6 USD) - 2016/01/25 13:20:17 ET
Table 'Alcyone II' 2-max Seat #2 is the button
Seat 1: favete lin ($81.26 in chips)
Seat 2: tho2008 ($109.50 in chips)
tho2008: posts small blind $1
favete lin: posts big blind $3
*** HOLE CARDS ***
tho2008: raises $3 to $6
favete lin: calls $3
*** FLOP *** [8d 2s 9h]
favete lin: checks
tho2008: bets $3
favete lin: folds
Uncalled bet ($3) returned to tho2008
tho2008 collected $11.76 from pot
*** SUMMARY ***
Total pot $12 | Rake $0.24
Board [8d 2s 9h]
Seat 1: favete lin (big blind) folded on the Flop
Seat 2: tho2008 (button) (small blind) collected ($11.76)


PokerStars Hand #147662268695:  Hold'em Limit ($3/$6 USD) - 2016/01/25 13:20:36 ET
Table 'Alcyone II' 2-max Seat #1 is the button
Seat 1: favete lin ($75.26 in chips)
Seat 2: tho2008 ($115.26 in chips)
favete lin: posts small blind $1
tho2008: posts big blind $3
*** HOLE CARDS ***
favete lin: raises $3 to $6
tho2008: folds
Uncalled bet ($3) returned to favete lin
favete lin collected $6 from pot
favete lin: doesn't show hand
*** SUMMARY ***
Total pot $6 | Rake $0
Seat 1: favete lin (button) (small blind) collected ($6)
Seat 2: tho2008 (big blind) folded before Flop


PokerStars Hand #147662280189:  Hold'em Limit ($3/$6 USD) - 2016/01/25 13:20:47 ET
Table 'Alcyone II' 2-max Seat #2 is the button
Seat 1: favete lin ($78.26 in chips)
Seat 2: tho2008 ($112.26 in chips)
tho2008: posts small blind $1
favete lin: posts big blind $3
*** HOLE CARDS ***
tho2008: raises $3 to $6
favete lin: calls $3
*** FLOP *** [9c 5h 3d]
favete lin: checks
tho2008: checks
*** TURN *** [9c 5h 3d] [Qs]
favete lin: checks
tho2008: bets $6
favete lin: raises $6 to $12
tho2008: calls $6
*** RIVER *** [9c 5h 3d Qs] [6s]
favete lin: bets $6
tho2008: calls $6
*** SHOW DOWN ***
favete lin: shows [Qc 8h] (a pair of Queens)
tho2008: shows [Ts Qh] (a pair of Queens - Ten kicker)
tho2008 collected $47.50 from pot
*** SUMMARY ***
Total pot $48 | Rake $0.50
Board [9c 5h 3d Qs 6s]
Seat 1: favete lin (big blind) showed [Qc 8h] and lost with a pair of Queens
Seat 2: tho2008 (button) (small blind) showed [Ts Qh] and won ($47.50) with a pair of Queens


PokerStars Hand #147662298122:  Hold'em Limit ($3/$6 USD) - 2016/01/25 13:21:04 ET
Table 'Alcyone II' 2-max Seat #1 is the button
Seat 1: favete lin ($54.26 in chips)
Seat 2: tho2008 ($135.76 in chips)
favete lin: posts small blind $1
tho2008: posts big blind $3
*** HOLE CARDS ***
favete lin: raises $3 to $6
tho2008: calls $3
*** FLOP *** [9h 4d Jc]
tho2008: checks
favete lin: bets $3
tho2008: calls $3
*** TURN *** [9h 4d Jc] [2s]
tho2008: checks
favete lin: bets $6
tho2008: calls $6
*** RIVER *** [9h 4d Jc 2s] [5s]
tho2008: checks
favete lin: checks
*** SHOW DOWN ***
tho2008: shows [Ac 8c] (high card Ace)
favete lin: shows [Ks Ah] (high card Ace - King kicker)
favete lin collected $29.50 from pot
*** SUMMARY ***
Total pot $30 | Rake $0.50
Board [9h 4d Jc 2s 5s]
Seat 1: favete lin (button) (small blind) showed [Ks Ah] and won ($29.50) with high card Ace
Seat 2: tho2008 (big blind) showed [Ac 8c] and lost with high card Ace


PokerStars Hand #147673871829:  Hold'em Limit ($3/$6 USD) - 2016/01/25 16:22:10 ET
Table 'Alcyone II' 2-max Seat #1 is the button
Seat 1: favete lin ($92.18 in chips)
Seat 2: xcgxcg2005 ($101.64 in chips)
favete lin: posts small blind $1
xcgxcg2005: posts big blind $3
*** HOLE CARDS ***
favete lin: raises $3 to $6
xcgxcg2005: folds
Uncalled bet ($3) returned to favete lin
favete lin collected $6 from pot
favete lin: doesn't show hand
*** SUMMARY ***
Total pot $6 | Rake $0
Seat 1: favete lin (button) (small blind) collected ($6)
Seat 2: xcgxcg2005 (big blind) folded before Flop


PokerStars Hand #147673858821:  Hold'em Limit ($3/$6 USD) - 2016/01/25 16:21:59 ET
Table 'Alcyone II' 2-max Seat #2 is the button
Seat 1: favete lin ($101.18 in chips)
Seat 2: xcgxcg2005 ($93 in chips)
xcgxcg2005: posts small blind $1
favete lin: posts big blind $3
*** HOLE CARDS ***
xcgxcg2005: raises $3 to $6
favete lin: calls $3
*** FLOP *** [Kc Jd 4s]
favete lin: checks
xcgxcg2005: bets $3
favete lin: calls $3
*** TURN *** [Kc Jd 4s] [3s]
favete lin: checks
xcgxcg2005: bets $6
favete lin: folds
Uncalled bet ($6) returned to xcgxcg2005
xcgxcg2005 collected $17.64 from pot
xcgxcg2005: doesn't show hand
*** SUMMARY ***
Total pot $18 | Rake $0.36
Board [Kc Jd 4s 3s]
Seat 1: favete lin (big blind) folded on the Turn
Seat 2: xcgxcg2005 (button) (small blind) collected ($17.64)


PokerStars Hand #147673946813:  Hold'em Limit ($3/$6 USD) - 2016/01/25 16:23:20 ET
Table 'Alcyone II' 2-max Seat #2 is the button
Seat 1: favete lin ($170.70 in chips)
Seat 2: xcgxcg2005 ($21.64 in chips)
xcgxcg2005: posts small blind $1
favete lin: posts big blind $3
*** HOLE CARDS ***
xcgxcg2005: folds
Uncalled bet ($2) returned to favete lin
favete lin collected $2 from pot
favete lin: doesn't show hand
*** SUMMARY ***
Total pot $2 | Rake $0
Seat 1: favete lin (big blind) collected ($2)
Seat 2: xcgxcg2005 (button) (small blind) folded before Flop


PokerStars Hand #147673941798:  Hold'em Limit ($3/$6 USD) - 2016/01/25 16:23:15 ET
Table 'Alcyone II' 2-max Seat #1 is the button
Seat 1: favete lin ($167.70 in chips)
Seat 2: xcgxcg2005 ($24.64 in chips)
favete lin: posts small blind $1
xcgxcg2005: posts big blind $3
*** HOLE CARDS ***
favete lin: raises $3 to $6
xcgxcg2005: folds
Uncalled bet ($3) returned to favete lin
favete lin collected $6 from pot
favete lin: doesn't show hand
*** SUMMARY ***
Total pot $6 | Rake $0
Seat 1: favete lin (button) (small blind) collected ($6)
Seat 2: xcgxcg2005 (big blind) folded before Flop


PokerStars Hand #147673923577:  Hold'em Limit ($3/$6 USD) - 2016/01/25 16:22:58 ET
Table 'Alcyone II' 2-max Seat #2 is the button
Seat 1: favete lin ($141.20 in chips)
Seat 2: xcgxcg2005 ($51.64 in chips)
xcgxcg2005: posts small blind $1
favete lin: posts big blind $3
*** HOLE CARDS ***
xcgxcg2005: raises $3 to $6
favete lin: calls $3
*** FLOP *** [6c Td 4c]
favete lin: checks
xcgxcg2005: bets $3
favete lin: raises $3 to $6
xcgxcg2005: raises $3 to $9
favete lin: calls $3
*** TURN *** [6c Td 4c] [8h]
favete lin: bets $6
xcgxcg2005: calls $6
*** RIVER *** [6c Td 4c 8h] [6d]
favete lin: bets $6
xcgxcg2005: calls $6
*** SHOW DOWN ***
favete lin: shows [7d 5c] (a straight, Four to Eight)
xcgxcg2005: mucks hand
favete lin collected $53.50 from pot
*** SUMMARY ***
Total pot $54 | Rake $0.50
Board [6c Td 4c 8h 6d]
Seat 1: favete lin (big blind) showed [7d 5c] and won ($53.50) with a straight, Four to Eight
Seat 2: xcgxcg2005 (button) (small blind) mucked


PokerStars Hand #147673917904:  Hold'em Limit ($3/$6 USD) - 2016/01/25 16:22:53 ET
Table 'Alcyone II' 2-max Seat #1 is the button
Seat 1: favete lin ($138.20 in chips)
Seat 2: xcgxcg2005 ($54.64 in chips)
favete lin: posts small blind $1
xcgxcg2005: posts big blind $3
*** HOLE CARDS ***
favete lin: raises $3 to $6
xcgxcg2005: folds
Uncalled bet ($3) returned to favete lin
favete lin collected $6 from pot
favete lin: doesn't show hand
*** SUMMARY ***
Total pot $6 | Rake $0
Seat 1: favete lin (button) (small blind) collected ($6)
Seat 2: xcgxcg2005 (big blind) folded before Flop


PokerStars Hand #147673902263:  Hold'em Limit ($3/$6 USD) - 2016/01/25 16:22:38 ET
Table 'Alcyone II' 2-max Seat #2 is the button
Seat 1: favete lin ($126.68 in chips)
Seat 2: xcgxcg2005 ($66.64 in chips)
xcgxcg2005: posts small blind $1
favete lin: posts big blind $3
*** HOLE CARDS ***
xcgxcg2005: raises $3 to $6
favete lin: raises $3 to $9
xcgxcg2005: raises $3 to $12
Betting is capped
favete lin: calls $3
*** FLOP *** [Jd 8h Qs]
favete lin: checks
xcgxcg2005: checks
*** TURN *** [Jd 8h Qs] [Kh]
favete lin: checks
xcgxcg2005: checks
*** RIVER *** [Jd 8h Qs Kh] [6h]
favete lin: checks
xcgxcg2005: checks
*** SHOW DOWN ***
favete lin: shows [3c Ac] (high card Ace)
xcgxcg2005: mucks hand
favete lin collected $23.52 from pot
*** SUMMARY ***
Total pot $24 | Rake $0.48
Board [Jd 8h Qs Kh 6h]
Seat 1: favete lin (big blind) showed [3c Ac] and won ($23.52) with high card Ace
Seat 2: xcgxcg2005 (button) (small blind) mucked


PokerStars Hand #147673897576:  Hold'em Limit ($3/$6 USD) - 2016/01/25 16:22:34 ET
Table 'Alcyone II' 2-max Seat #1 is the button
Seat 1: favete lin ($127.68 in chips)
Seat 2: xcgxcg2005 ($65.64 in chips)
favete lin: posts small blind $1
xcgxcg2005: posts big blind $3
*** HOLE CARDS ***
favete lin: folds
Uncalled bet ($2) returned to xcgxcg2005
xcgxcg2005 collected $2 from pot
xcgxcg2005: doesn't show hand
*** SUMMARY ***
Total pot $2 | Rake $0
Seat 1: favete lin (button) (small blind) folded before Flop
Seat 2: xcgxcg2005 (big blind) collected ($2)


PokerStars Hand #147673877660:  Hold'em Limit ($3/$6 USD) - 2016/01/25 16:22:16 ET
Table 'Alcyone II' 2-max Seat #2 is the button
Seat 1: favete lin ($95.18 in chips)
Seat 2: xcgxcg2005 ($98.64 in chips)
xcgxcg2005: posts small blind $1
favete lin: posts big blind $3
*** HOLE CARDS ***
xcgxcg2005: raises $3 to $6
favete lin: calls $3
*** FLOP *** [4c Td Jc]
favete lin: checks
xcgxcg2005: bets $3
favete lin: calls $3
*** TURN *** [4c Td Jc] [Jh]
favete lin: checks
xcgxcg2005: bets $6
favete lin: raises $6 to $12
xcgxcg2005: raises $6 to $18
favete lin: raises $6 to $24
Betting is capped
xcgxcg2005: calls $6
*** RIVER *** [4c Td Jc Jh] [4s]
favete lin: bets $6
xcgxcg2005: folds
Uncalled bet ($6) returned to favete lin
favete lin collected $65.50 from pot
favete lin: doesn't show hand
*** SUMMARY ***
Total pot $66 | Rake $0.50
Board [4c Td Jc Jh 4s]
Seat 1: favete lin (big blind) collected ($65.50)
Seat 2: xcgxcg2005 (button) (small blind) folded on the River


PokerStars Hand #147673951802:  Hold'em Limit ($3/$6 USD) - 2016/01/25 16:23:24 ET
Table 'Alcyone II' 2-max Seat #1 is the button
Seat 1: favete lin ($171.70 in chips)
Seat 2: xcgxcg2005 ($20.64 in chips)
favete lin: posts small blind $1
xcgxcg2005: posts big blind $3
*** HOLE CARDS ***
favete lin: raises $3 to $6
xcgxcg2005: raises $3 to $9
favete lin: calls $3
*** FLOP *** [5h 8c 7s]
xcgxcg2005: bets $3
favete lin: raises $3 to $6
xcgxcg2005: raises $3 to $9
favete lin: raises $3 to $12
Betting is capped
xcgxcg2005: calls $2.64 and is all-in
Uncalled bet ($0.36) returned to favete lin
*** TURN *** [5h 8c 7s] [6d]
*** RIVER *** [5h 8c 7s 6d] [5c]
*** SHOW DOWN ***
xcgxcg2005: shows [Ts 5s] (three of a kind, Fives)
favete lin: shows [8s Td] (two pair, Eights and Fives)
xcgxcg2005 collected $40.78 from pot
*** SUMMARY ***
Total pot $41.28 | Rake $0.50
Board [5h 8c 7s 6d 5c]
Seat 1: favete lin (button) (small blind) showed [8s Td] and lost with two pair, Eights and Fives
Seat 2: xcgxcg2005 (big blind) showed [Ts 5s] and won ($40.78) with three of a kind, Fives


