PokerStars Hand #162922914365:  Hold'em Limit ($3/$6 USD) - 2016/12/14 6:22:54 ET
Table 'Alcyone II' 6-max Seat #5 is the button
Seat 4: ToDaFelt ($233.51 in chips)
Seat 5: Icecold ($108.57 in chips)
Icecold: posts small blind $1
feilinho: is sitting out
ToDaFelt: posts big blind $3
*** HOLE CARDS ***
Icecold: raises $3 to $6
ToDaFelt: calls $3
*** FLOP *** [Tc Kc 9c]
ToDaFelt: checks
Icecold: checks
*** TURN *** [Tc Kc 9c] [8d]
ToDaFelt: bets $6
Icecold: folds
Uncalled bet ($6) returned to ToDaFelt
Icecold leaves the table
ToDaFelt collected $11.76 from pot
ToDaFelt: doesn't show hand
*** SUMMARY ***
Total pot $12 | Rake $0.24
Board [Tc Kc 9c 8d]
Seat 4: ToDaFelt (big blind) collected ($11.76)
Seat 5: Icecold (button) (small blind) folded on the Turn


PokerStars Hand #162923290608:  Hold'em Limit ($3/$6 USD) - 2016/12/14 6:36:07 ET
Table 'Alcyone II' 6-max Seat #4 is the button
Seat 4: MTails ($120 in chips)
Seat 6: MMM 22666 ($72 in chips)
MTails: posts small blind $1
MMM 22666: posts big blind $3
*** HOLE CARDS ***
MTails: raises $3 to $6
MMM 22666: calls $3
*** FLOP *** [7d 9h Qd]
MMM 22666: checks
MTails: bets $3
MMM 22666: folds
Uncalled bet ($3) returned to MTails
MTails collected $11.76 from pot
*** SUMMARY ***
Total pot $12 | Rake $0.24
Board [7d 9h Qd]
Seat 4: MTails (button) (small blind) collected ($11.76)
Seat 6: MMM 22666 (big blind) folded on the Flop


PokerStars Hand #162923297227:  Hold'em Limit ($3/$6 USD) - 2016/12/14 6:36:20 ET
Table 'Alcyone II' 6-max Seat #6 is the button
Seat 4: MTails ($125.76 in chips)
Seat 6: MMM 22666 ($66 in chips)
MMM 22666: posts small blind $1
MTails: posts big blind $3
*** HOLE CARDS ***
MMM 22666: raises $3 to $6
MTails: calls $3
*** FLOP *** [7s Jh 4d]
MTails: checks
MMM 22666: checks
*** TURN *** [7s Jh 4d] [As]
MTails: bets $6
MMM 22666: calls $6
*** RIVER *** [7s Jh 4d As] [Qs]
MTails: checks
MMM 22666: bets $6
MTails: folds
Uncalled bet ($6) returned to MMM 22666
MMM 22666 collected $23.52 from pot
*** SUMMARY ***
Total pot $24 | Rake $0.48
Board [7s Jh 4d As Qs]
Seat 4: MTails (big blind) folded on the River
Seat 6: MMM 22666 (button) (small blind) collected ($23.52)


PokerStars Hand #162926295976:  Hold'em Limit ($3/$6 USD) - 2016/12/14 8:14:37 ET
Table 'Alcyone II' 6-max Seat #4 is the button
Seat 1: Icecold ($34.76 in chips)
Seat 4: MTails ($134.16 in chips)
MTails: posts small blind $1
Icecold: posts big blind $3
*** HOLE CARDS ***
MTails: raises $3 to $6
Icecold: calls $3
*** FLOP *** [Th As 7h]
Icecold: checks
MTails: checks
*** TURN *** [Th As 7h] [Jh]
Icecold: checks
MTails: bets $6
Icecold: calls $6
*** RIVER *** [Th As 7h Jh] [Ks]
Icecold: checks
MTails: checks
*** SHOW DOWN ***
Icecold: shows [Td 6c] (a pair of Tens)
MTails: mucks hand
Icecold collected $23.52 from pot
*** SUMMARY ***
Total pot $24 | Rake $0.48
Board [Th As 7h Jh Ks]
Seat 1: Icecold (big blind) showed [Td 6c] and won ($23.52) with a pair of Tens
Seat 4: MTails (button) (small blind) mucked


PokerStars Hand #162926285113:  Hold'em Limit ($3/$6 USD) - 2016/12/14 8:14:17 ET
Table 'Alcyone II' 6-max Seat #1 is the button
Seat 1: Icecold ($46.76 in chips)
Seat 4: MTails ($122.64 in chips)
Icecold: posts small blind $1
MTails: posts big blind $3
*** HOLE CARDS ***
Icecold: raises $3 to $6
MTails: raises $3 to $9
Icecold: calls $3
*** FLOP *** [9d Jh Jd]
MTails: bets $3
Icecold: calls $3
*** TURN *** [9d Jh Jd] [4h]
MTails: bets $6
Icecold: folds
Uncalled bet ($6) returned to MTails
MTails collected $23.52 from pot
*** SUMMARY ***
Total pot $24 | Rake $0.48
Board [9d Jh Jd 4h]
Seat 1: Icecold (button) (small blind) folded on the Turn
Seat 4: MTails (big blind) collected ($23.52)


PokerStars Hand #162926276034:  Hold'em Limit ($3/$6 USD) - 2016/12/14 8:14:01 ET
Table 'Alcyone II' 6-max Seat #4 is the button
Seat 1: Icecold ($55.76 in chips)
Seat 4: MTails ($114 in chips)
MTails: posts small blind $1
Icecold: posts big blind $3
*** HOLE CARDS ***
MTails: raises $3 to $6
Icecold: calls $3
*** FLOP *** [Td 6c 9s]
Icecold: checks
MTails: bets $3
Icecold: calls $3
*** TURN *** [Td 6c 9s] [Kh]
Icecold: checks
MTails: checks
*** RIVER *** [Td 6c 9s Kh] [Kc]
Icecold: checks
MTails: checks
*** SHOW DOWN ***
Icecold: shows [4s 7h] (a pair of Kings)
MTails: shows [Ac 2d] (a pair of Kings - Ace kicker)
MTails collected $17.64 from pot
*** SUMMARY ***
Total pot $18 | Rake $0.36
Board [Td 6c 9s Kh Kc]
Seat 1: Icecold (big blind) showed [4s 7h] and lost with a pair of Kings
Seat 4: MTails (button) (small blind) showed [Ac 2d] and won ($17.64) with a pair of Kings


PokerStars Hand #162926322131:  Hold'em Limit ($3/$6 USD) - 2016/12/14 8:15:23 ET
Table 'Alcyone II' 6-max Seat #4 is the button
Seat 1: Icecold ($34.28 in chips)
Seat 4: MTails ($133.68 in chips)
MTails: posts small blind $1
Icecold: posts big blind $3
*** HOLE CARDS ***
MTails: raises $3 to $6
Icecold: calls $3
*** FLOP *** [3d 6c 2c]
Icecold: checks
MTails: bets $3
Icecold: calls $3
*** TURN *** [3d 6c 2c] [5h]
Icecold: checks
MTails: bets $6
Icecold: raises $6 to $12
MTails: calls $6
*** RIVER *** [3d 6c 2c 5h] [Kc]
Icecold: bets $6
MTails: calls $6
*** SHOW DOWN ***
Icecold: shows [4c Th] (a straight, Deuce to Six)
MTails: shows [4s Qd] (a straight, Deuce to Six)
Icecold collected $26.75 from pot
MTails collected $26.75 from pot
*** SUMMARY ***
Total pot $54 | Rake $0.50
Board [3d 6c 2c 5h Kc]
Seat 1: Icecold (big blind) showed [4c Th] and won ($26.75) with a straight, Deuce to Six
Seat 4: MTails (button) (small blind) showed [4s Qd] and won ($26.75) with a straight, Deuce to Six


PokerStars Hand #162926308730:  Hold'em Limit ($3/$6 USD) - 2016/12/14 8:15:00 ET
Table 'Alcyone II' 6-max Seat #1 is the button
Seat 1: Icecold ($46.28 in chips)
Seat 4: MTails ($122.16 in chips)
Icecold: posts small blind $1
MTails: posts big blind $3
*** HOLE CARDS ***
Icecold: raises $3 to $6
MTails: raises $3 to $9
Icecold: calls $3
*** FLOP *** [7d 7h Ad]
MTails: bets $3
Icecold: calls $3
*** TURN *** [7d 7h Ad] [Qd]
MTails: checks
Icecold: checks
*** RIVER *** [7d 7h Ad Qd] [8h]
BuzovaPro joins the table at seat #2
MTails: bets $6
Icecold: folds
Uncalled bet ($6) returned to MTails
MTails collected $23.52 from pot
*** SUMMARY ***
Total pot $24 | Rake $0.48
Board [7d 7h Ad Qd 8h]
Seat 1: Icecold (button) (small blind) folded on the River
Seat 4: MTails (big blind) collected ($23.52)


PokerStars Hand #162926580249:  Hold'em Limit ($3/$6 USD) - 2016/12/14 8:23:00 ET
Table 'Alcyone II' 6-max Seat #3 is the button
Seat 1: Icecold ($55.76 in chips)
Seat 3: ToDaFelt ($106.89 in chips)
ToDaFelt: posts small blind $1
Icecold: posts big blind $3
*** HOLE CARDS ***
ToDaFelt: folds
Uncalled bet ($2) returned to Icecold
Icecold collected $2 from pot
*** SUMMARY ***
Total pot $2 | Rake $0
Seat 1: Icecold (big blind) collected ($2)
Seat 3: ToDaFelt (button) (small blind) folded before Flop


PokerStars Hand #162926562825:  Hold'em Limit ($3/$6 USD) - 2016/12/14 8:22:29 ET
Table 'Alcyone II' 6-max Seat #1 is the button
Seat 1: Icecold ($50 in chips)
Seat 3: ToDaFelt ($112.89 in chips)
Icecold: posts small blind $1
BuzovaPro: is sitting out
ToDaFelt: posts big blind $3
*** HOLE CARDS ***
Icecold: raises $3 to $6
ToDaFelt: calls $3
*** FLOP *** [7s 7c Kd]
BuzovaPro leaves the table
ToDaFelt: checks
Icecold: bets $3
ToDaFelt: folds
Uncalled bet ($3) returned to Icecold
Icecold collected $11.76 from pot
*** SUMMARY ***
Total pot $12 | Rake $0.24
Board [7s 7c Kd]
Seat 1: Icecold (button) (small blind) collected ($11.76)
Seat 3: ToDaFelt (big blind) folded on the Flop


PokerStars Hand #162926607740:  Hold'em Limit ($3/$6 USD) - 2016/12/14 8:23:48 ET
Table 'Alcyone II' 6-max Seat #3 is the button
Seat 1: Icecold ($86.26 in chips)
Seat 3: ToDaFelt ($75.89 in chips)
ToDaFelt: posts small blind $1
Icecold: posts big blind $3
*** HOLE CARDS ***
ToDaFelt: raises $3 to $6
Icecold: calls $3
*** FLOP *** [Jc 5h Js]
Icecold: checks
ToDaFelt: bets $3
Icecold: folds
Uncalled bet ($3) returned to ToDaFelt
Icecold leaves the table
ToDaFelt collected $11.76 from pot
ToDaFelt: doesn't show hand
*** SUMMARY ***
Total pot $12 | Rake $0.24
Board [Jc 5h Js]
Seat 1: Icecold (big blind) folded on the Flop
Seat 3: ToDaFelt (button) (small blind) collected ($11.76)


PokerStars Hand #162926585102:  Hold'em Limit ($3/$6 USD) - 2016/12/14 8:23:09 ET
Table 'Alcyone II' 6-max Seat #1 is the button
Seat 1: Icecold ($56.76 in chips)
Seat 3: ToDaFelt ($105.89 in chips)
Icecold: posts small blind $1
ToDaFelt: posts big blind $3
*** HOLE CARDS ***
Icecold: raises $3 to $6
ToDaFelt: raises $3 to $9
Icecold: calls $3
*** FLOP *** [2s 6h Kc]
ToDaFelt: bets $3
Icecold: calls $3
*** TURN *** [2s 6h Kc] [5h]
ToDaFelt: bets $6
Icecold: raises $6 to $12
ToDaFelt: calls $6
*** RIVER *** [2s 6h Kc 5h] [2d]
ToDaFelt: checks
Icecold: bets $6
ToDaFelt: calls $6
*** SHOW DOWN ***
Icecold: shows [4s Ks] (two pair, Kings and Deuces)
ToDaFelt: mucks hand
Icecold collected $59.50 from pot
*** SUMMARY ***
Total pot $60 | Rake $0.50
Board [2s 6h Kc 5h 2d]
Seat 1: Icecold (button) (small blind) showed [4s Ks] and won ($59.50) with two pair, Kings and Deuces
Seat 3: ToDaFelt (big blind) mucked


