PokerStars Hand #175821682922:  Hold'em Limit ($3/$6 USD) - 2017/09/18 16:41:13 ET
Table 'Alcyone' 6-max Seat #4 is the button
Seat 3: yvy111 ($72 in chips)
Seat 4: Actionni13 ($150.92 in chips)
Actionni13: posts small blind $1
yvy111: posts big blind $3
*** HOLE CARDS ***
vestimokrec joins the table at seat #5
Actionni13: raises $3 to $6
GoliafUa joins the table at seat #6
yvy111: calls $3
*** FLOP *** [6s Js 3s]
yvy111: checks
Actionni13: bets $3
yvy111: calls $3
*** TURN *** [6s Js 3s] [4s]
yvy111: checks
Actionni13: bets $6
yvy111: calls $6
*** RIVER *** [6s Js 3s 4s] [5h]
yvy111: checks
Actionni13: bets $6
yvy111: calls $6
*** SHOW DOWN ***
Actionni13: shows [Qs 8c] (a flush, Queen high)
yvy111: mucks hand
Actionni13 collected $41.50 from pot
*** SUMMARY ***
Total pot $42 | Rake $0.50
Board [6s Js 3s 4s 5h]
Seat 3: yvy111 (big blind) mucked
Seat 4: Actionni13 (button) (small blind) showed [Qs 8c] and won ($41.50) with a flush, Queen high


PokerStars Hand #175821710896:  Hold'em Limit ($3/$6 USD) - 2017/09/18 16:41:46 ET
Table 'Alcyone' 6-max Seat #3 is the button
Seat 3: yvy111 ($51 in chips)
Seat 4: Actionni13 ($171.42 in chips)
yvy111: posts small blind $1
Actionni13: posts big blind $3
*** HOLE CARDS ***
yvy111: calls $2
Actionni13: raises $3 to $6
yvy111: calls $3
*** FLOP *** [3c Jd 7s]
Actionni13: bets $3
yvy111: calls $3
*** TURN *** [3c Jd 7s] [3s]
Actionni13: checks
yvy111: checks
*** RIVER *** [3c Jd 7s 3s] [4s]
Actionni13: bets $6
yvy111: calls $6
*** SHOW DOWN ***
Actionni13: shows [5d 5s] (two pair, Fives and Threes)
yvy111: mucks hand
Actionni13 collected $29.50 from pot
*** SUMMARY ***
Total pot $30 | Rake $0.50
Board [3c Jd 7s 3s 4s]
Seat 3: yvy111 (button) (small blind) mucked
Seat 4: Actionni13 (big blind) showed [5d 5s] and won ($29.50) with two pair, Fives and Threes


PokerStars Hand #175828537192:  Hold'em Limit ($3/$6 USD) - 2017/09/18 19:23:57 ET
Table 'Alcyone' 6-max Seat #6 is the button
Seat 3: favete lin ($83.16 in chips)
Seat 6: rascal_319 ($63.55 in chips)
rascal_319: posts small blind $1
Psynto: is sitting out
favete lin: posts big blind $3
*** HOLE CARDS ***
rascal_319: folds
Uncalled bet ($2) returned to favete lin
favete lin collected $2 from pot
favete lin: doesn't show hand
*** SUMMARY ***
Total pot $2 | Rake $0
Seat 3: favete lin (big blind) collected ($2)
Seat 6: rascal_319 (button) (small blind) folded before Flop


