PokerStars Hand #165310849303:  Hold'em Limit ($3/$6 USD) - 2017/01/28 14:30:17 ET
Table 'Aldebaran II' 6-max Seat #4 is the button
Seat 2: parnishka11 ($5.28 in chips)
Seat 4: sim5sim5 ($102.14 in chips)
sim5sim5: posts small blind $1
parnishka11: posts big blind $3
*** HOLE CARDS ***
sim5sim5: raises $3 to $6
parnishka11: calls $2.28 and is all-in
Uncalled bet ($0.72) returned to sim5sim5
*** FLOP *** [6c 2h 4h]
*** TURN *** [6c 2h 4h] [3h]
*** RIVER *** [6c 2h 4h 3h] [Tc]
*** SHOW DOWN ***
parnishka11: shows [7h 4c] (a pair of Fours)
sim5sim5: shows [Ad 2c] (a pair of Deuces)
parnishka11 collected $10.35 from pot
*** SUMMARY ***
Total pot $10.56 | Rake $0.21
Board [6c 2h 4h 3h Tc]
Seat 2: parnishka11 (big blind) showed [7h 4c] and won ($10.35) with a pair of Fours
Seat 4: sim5sim5 (button) (small blind) showed [Ad 2c] and lost with a pair of Deuces


PokerStars Hand #165310814751:  Hold'em Limit ($3/$6 USD) - 2017/01/28 14:29:41 ET
Table 'Aldebaran II' 6-max Seat #2 is the button
Seat 2: parnishka11 ($26.28 in chips)
Seat 4: sim5sim5 ($81.64 in chips)
parnishka11: posts small blind $1
sim5sim5: posts big blind $3
*** HOLE CARDS ***
parnishka11: raises $3 to $6
sim5sim5: raises $3 to $9
parnishka11: calls $3
*** FLOP *** [Ts Jd 9h]
sim5sim5: bets $3
parnishka11: raises $3 to $6
sim5sim5: calls $3
*** TURN *** [Ts Jd 9h] [Qs]
sim5sim5: checks
parnishka11: bets $6
sim5sim5: raises $6 to $12
parnishka11: folds
Uncalled bet ($6) returned to sim5sim5
sim5sim5 collected $41.50 from pot
sim5sim5: doesn't show hand
*** SUMMARY ***
Total pot $42 | Rake $0.50
Board [Ts Jd 9h Qs]
Seat 2: parnishka11 (button) (small blind) folded on the Turn
Seat 4: sim5sim5 (big blind) collected ($41.50)


PokerStars Hand #165310911485:  Hold'em Limit ($3/$6 USD) - 2017/01/28 14:31:21 ET
Table 'Aldebaran II' 6-max Seat #2 is the button
Seat 2: parnishka11 ($10.35 in chips)
Seat 4: sim5sim5 ($96.86 in chips)
parnishka11: posts small blind $1
sim5sim5: posts big blind $3
*** HOLE CARDS ***
parnishka11: folds
Uncalled bet ($2) returned to sim5sim5
sim5sim5 collected $2 from pot
sim5sim5: doesn't show hand
*** SUMMARY ***
Total pot $2 | Rake $0
Seat 2: parnishka11 (button) (small blind) folded before Flop
Seat 4: sim5sim5 (big blind) collected ($2)


PokerStars Hand #165310905808:  Hold'em Limit ($3/$6 USD) - 2017/01/28 14:31:15 ET
Table 'Aldebaran II' 6-max Seat #4 is the button
Seat 2: parnishka11 ($9.35 in chips)
Seat 4: sim5sim5 ($97.86 in chips)
sim5sim5: posts small blind $1
parnishka11: posts big blind $3
*** HOLE CARDS ***
sim5sim5: folds
Uncalled bet ($2) returned to parnishka11
parnishka11 collected $2 from pot
parnishka11: doesn't show hand
*** SUMMARY ***
Total pot $2 | Rake $0
Seat 2: parnishka11 (big blind) collected ($2)
Seat 4: sim5sim5 (button) (small blind) folded before Flop


PokerStars Hand #165310900528:  Hold'em Limit ($3/$6 USD) - 2017/01/28 14:31:10 ET
Table 'Aldebaran II' 6-max Seat #2 is the button
Seat 2: parnishka11 ($10.35 in chips)
Seat 4: sim5sim5 ($96.86 in chips)
parnishka11: posts small blind $1
sim5sim5: posts big blind $3
*** HOLE CARDS ***
parnishka11: folds
Uncalled bet ($2) returned to sim5sim5
sim5sim5 collected $2 from pot
sim5sim5: doesn't show hand
*** SUMMARY ***
Total pot $2 | Rake $0
Seat 2: parnishka11 (button) (small blind) folded before Flop
Seat 4: sim5sim5 (big blind) collected ($2)


PokerStars Hand #165310895079:  Hold'em Limit ($3/$6 USD) - 2017/01/28 14:31:04 ET
Table 'Aldebaran II' 6-max Seat #4 is the button
Seat 2: parnishka11 ($9.35 in chips)
Seat 4: sim5sim5 ($97.86 in chips)
sim5sim5: posts small blind $1
parnishka11: posts big blind $3
*** HOLE CARDS ***
sim5sim5: folds
Uncalled bet ($2) returned to parnishka11
parnishka11 collected $2 from pot
parnishka11: doesn't show hand
*** SUMMARY ***
Total pot $2 | Rake $0
Seat 2: parnishka11 (big blind) collected ($2)
Seat 4: sim5sim5 (button) (small blind) folded before Flop


PokerStars Hand #165310888020:  Hold'em Limit ($3/$6 USD) - 2017/01/28 14:30:56 ET
Table 'Aldebaran II' 6-max Seat #2 is the button
Seat 2: parnishka11 ($10.35 in chips)
Seat 4: sim5sim5 ($96.86 in chips)
parnishka11: posts small blind $1
sim5sim5: posts big blind $3
*** HOLE CARDS ***
parnishka11: folds
Uncalled bet ($2) returned to sim5sim5
sim5sim5 collected $2 from pot
sim5sim5: doesn't show hand
*** SUMMARY ***
Total pot $2 | Rake $0
Seat 2: parnishka11 (button) (small blind) folded before Flop
Seat 4: sim5sim5 (big blind) collected ($2)


PokerStars Hand #165310881846:  Hold'em Limit ($3/$6 USD) - 2017/01/28 14:30:50 ET
Table 'Aldebaran II' 6-max Seat #4 is the button
Seat 2: parnishka11 ($9.35 in chips)
Seat 4: sim5sim5 ($97.86 in chips)
sim5sim5: posts small blind $1
parnishka11: posts big blind $3
*** HOLE CARDS ***
sim5sim5: folds
Uncalled bet ($2) returned to parnishka11
parnishka11 collected $2 from pot
parnishka11: doesn't show hand
*** SUMMARY ***
Total pot $2 | Rake $0
Seat 2: parnishka11 (big blind) collected ($2)
Seat 4: sim5sim5 (button) (small blind) folded before Flop


PokerStars Hand #165310876271:  Hold'em Limit ($3/$6 USD) - 2017/01/28 14:30:44 ET
Table 'Aldebaran II' 6-max Seat #2 is the button
Seat 2: parnishka11 ($10.35 in chips)
Seat 4: sim5sim5 ($96.86 in chips)
parnishka11: posts small blind $1
sim5sim5: posts big blind $3
*** HOLE CARDS ***
parnishka11: folds
Uncalled bet ($2) returned to sim5sim5
sim5sim5 collected $2 from pot
sim5sim5: doesn't show hand
*** SUMMARY ***
Total pot $2 | Rake $0
Seat 2: parnishka11 (button) (small blind) folded before Flop
Seat 4: sim5sim5 (big blind) collected ($2)


PokerStars Hand #165310870488:  Hold'em Limit ($3/$6 USD) - 2017/01/28 14:30:38 ET
Table 'Aldebaran II' 6-max Seat #4 is the button
Seat 2: parnishka11 ($9.35 in chips)
Seat 4: sim5sim5 ($97.86 in chips)
sim5sim5: posts small blind $1
parnishka11: posts big blind $3
*** HOLE CARDS ***
sim5sim5: folds
Uncalled bet ($2) returned to parnishka11
parnishka11 collected $2 from pot
parnishka11: doesn't show hand
*** SUMMARY ***
Total pot $2 | Rake $0
Seat 2: parnishka11 (big blind) collected ($2)
Seat 4: sim5sim5 (button) (small blind) folded before Flop


PokerStars Hand #165310863455:  Hold'em Limit ($3/$6 USD) - 2017/01/28 14:30:31 ET
Table 'Aldebaran II' 6-max Seat #2 is the button
Seat 2: parnishka11 ($10.35 in chips)
Seat 4: sim5sim5 ($96.86 in chips)
parnishka11: posts small blind $1
sim5sim5: posts big blind $3
*** HOLE CARDS ***
parnishka11: folds
Uncalled bet ($2) returned to sim5sim5
sim5sim5 collected $2 from pot
sim5sim5: doesn't show hand
*** SUMMARY ***
Total pot $2 | Rake $0
Seat 2: parnishka11 (button) (small blind) folded before Flop
Seat 4: sim5sim5 (big blind) collected ($2)


PokerStars Hand #165310950331:  Hold'em Limit ($3/$6 USD) - 2017/01/28 14:32:01 ET
Table 'Aldebaran II' 6-max Seat #2 is the button
Seat 2: parnishka11 ($18.33 in chips)
Seat 4: sim5sim5 ($88.51 in chips)
parnishka11: posts small blind $1
sim5sim5: posts big blind $3
*** HOLE CARDS ***
parnishka11: folds
Uncalled bet ($2) returned to sim5sim5
sim5sim5 collected $2 from pot
sim5sim5: doesn't show hand
*** SUMMARY ***
Total pot $2 | Rake $0
Seat 2: parnishka11 (button) (small blind) folded before Flop
Seat 4: sim5sim5 (big blind) collected ($2)


PokerStars Hand #165310940988:  Hold'em Limit ($3/$6 USD) - 2017/01/28 14:31:51 ET
Table 'Aldebaran II' 6-max Seat #4 is the button
Seat 2: parnishka11 ($17.33 in chips)
Seat 4: sim5sim5 ($89.51 in chips)
sim5sim5: posts small blind $1
parnishka11: posts big blind $3
*** HOLE CARDS ***
sim5sim5: folds
Uncalled bet ($2) returned to parnishka11
parnishka11 collected $2 from pot
parnishka11: doesn't show hand
*** SUMMARY ***
Total pot $2 | Rake $0
Seat 2: parnishka11 (big blind) collected ($2)
Seat 4: sim5sim5 (button) (small blind) folded before Flop


PokerStars Hand #165310935618:  Hold'em Limit ($3/$6 USD) - 2017/01/28 14:31:45 ET
Table 'Aldebaran II' 6-max Seat #2 is the button
Seat 2: parnishka11 ($18.33 in chips)
Seat 4: sim5sim5 ($88.51 in chips)
parnishka11: posts small blind $1
sim5sim5: posts big blind $3
*** HOLE CARDS ***
parnishka11: folds
Uncalled bet ($2) returned to sim5sim5
sim5sim5 collected $2 from pot
sim5sim5: doesn't show hand
*** SUMMARY ***
Total pot $2 | Rake $0
Seat 2: parnishka11 (button) (small blind) folded before Flop
Seat 4: sim5sim5 (big blind) collected ($2)


PokerStars Hand #165310917152:  Hold'em Limit ($3/$6 USD) - 2017/01/28 14:31:27 ET
Table 'Aldebaran II' 6-max Seat #4 is the button
Seat 2: parnishka11 ($9.35 in chips)
Seat 4: sim5sim5 ($97.86 in chips)
sim5sim5: posts small blind $1
parnishka11: posts big blind $3
*** HOLE CARDS ***
sim5sim5: raises $3 to $6
parnishka11: calls $3
*** FLOP *** [6h 8s 2c]
parnishka11: bets $3
sim5sim5: raises $3 to $6
parnishka11: calls $0.35 and is all-in
Uncalled bet ($2.65) returned to sim5sim5
*** TURN *** [6h 8s 2c] [Th]
*** RIVER *** [6h 8s 2c Th] [4h]
*** SHOW DOWN ***
parnishka11: shows [5d 7s] (a straight, Four to Eight)
sim5sim5: shows [9c 6s] (a pair of Sixes)
parnishka11 collected $18.33 from pot
*** SUMMARY ***
Total pot $18.70 | Rake $0.37
Board [6h 8s 2c Th 4h]
Seat 2: parnishka11 (big blind) showed [5d 7s] and won ($18.33) with a straight, Four to Eight
Seat 4: sim5sim5 (button) (small blind) showed [9c 6s] and lost with a pair of Sixes


PokerStars Hand #165311018006:  Hold'em Limit ($3/$6 USD) - 2017/01/28 14:33:11 ET
Table 'Aldebaran II' 6-max Seat #4 is the button
Seat 2: parnishka11 ($40.80 in chips)
Seat 4: sim5sim5 ($73 in chips)
sim5sim5: posts small blind $1
parnishka11: posts big blind $3
*** HOLE CARDS ***
sim5sim5: raises $3 to $6
parnishka11: folds
Uncalled bet ($3) returned to sim5sim5
sim5sim5 collected $6 from pot
sim5sim5: doesn't show hand
*** SUMMARY ***
Total pot $6 | Rake $0
Seat 2: parnishka11 (big blind) folded before Flop
Seat 4: sim5sim5 (button) (small blind) collected ($6)


PokerStars Hand #165311013036:  Hold'em Limit ($3/$6 USD) - 2017/01/28 14:33:05 ET
Table 'Aldebaran II' 6-max Seat #2 is the button
Seat 2: parnishka11 ($41.80 in chips)
Seat 4: sim5sim5 ($72 in chips)
parnishka11: posts small blind $1
sim5sim5: posts big blind $3
*** HOLE CARDS ***
parnishka11: folds
Uncalled bet ($2) returned to sim5sim5
sim5sim5 collected $2 from pot
*** SUMMARY ***
Total pot $2 | Rake $0
Seat 2: parnishka11 (button) (small blind) folded before Flop
Seat 4: sim5sim5 (big blind) collected ($2)


PokerStars Hand #165310989081:  Hold'em Limit ($3/$6 USD) - 2017/01/28 14:32:40 ET
Table 'Aldebaran II' 6-max Seat #4 is the button
Seat 2: parnishka11 ($33.16 in chips)
Seat 4: sim5sim5 ($73.18 in chips)
sim5sim5: posts small blind $1
parnishka11: posts big blind $3
*** HOLE CARDS ***
sim5sim5: raises $3 to $6
parnishka11: calls $3
*** FLOP *** [7d 3c 6s]
parnishka11: checks
sim5sim5: bets $3
parnishka11: calls $3
*** TURN *** [7d 3c 6s] [5d]
parnishka11: bets $6
sim5sim5: folds
Uncalled bet ($6) returned to parnishka11
parnishka11 collected $17.64 from pot
parnishka11: doesn't show hand
*** SUMMARY ***
Total pot $18 | Rake $0.36
Board [7d 3c 6s 5d]
Seat 2: parnishka11 (big blind) collected ($17.64)
Seat 4: sim5sim5 (button) (small blind) folded on the Turn


PokerStars Hand #165310984088:  Hold'em Limit ($3/$6 USD) - 2017/01/28 14:32:35 ET
Table 'Aldebaran II' 6-max Seat #2 is the button
Seat 2: parnishka11 ($34.16 in chips)
Seat 4: sim5sim5 ($72.18 in chips)
parnishka11: posts small blind $1
sim5sim5: posts big blind $3
*** HOLE CARDS ***
parnishka11: folds
Uncalled bet ($2) returned to sim5sim5
sim5sim5 collected $2 from pot
sim5sim5: doesn't show hand
*** SUMMARY ***
Total pot $2 | Rake $0
Seat 2: parnishka11 (button) (small blind) folded before Flop
Seat 4: sim5sim5 (big blind) collected ($2)


PokerStars Hand #165310955775:  Hold'em Limit ($3/$6 USD) - 2017/01/28 14:32:06 ET
Table 'Aldebaran II' 6-max Seat #4 is the button
Seat 2: parnishka11 ($17.33 in chips)
Seat 4: sim5sim5 ($89.51 in chips)
sim5sim5: posts small blind $1
parnishka11: posts big blind $3
*** HOLE CARDS ***
sim5sim5: raises $3 to $6
parnishka11: calls $3
*** FLOP *** [Qd Qh 9d]
parnishka11: checks
sim5sim5: bets $3
parnishka11: raises $3 to $6
sim5sim5: calls $3
*** TURN *** [Qd Qh 9d] [6c]
parnishka11: bets $5.33 and is all-in
sim5sim5: calls $5.33
*** RIVER *** [Qd Qh 9d 6c] [Kc]
*** SHOW DOWN ***
parnishka11: shows [Qc 5h] (three of a kind, Queens)
sim5sim5: shows [8c Ac] (a pair of Queens)
parnishka11 collected $34.16 from pot
*** SUMMARY ***
Total pot $34.66 | Rake $0.50
Board [Qd Qh 9d 6c Kc]
Seat 2: parnishka11 (big blind) showed [Qc 5h] and won ($34.16) with three of a kind, Queens
Seat 4: sim5sim5 (button) (small blind) showed [8c Ac] and lost with a pair of Queens


PokerStars Hand #165311065721:  Hold'em Limit ($3/$6 USD) - 2017/01/28 14:34:01 ET
Table 'Aldebaran II' 6-max Seat #2 is the button
Seat 2: parnishka11 ($30.80 in chips)
Seat 4: sim5sim5 ($82.76 in chips)
parnishka11: posts small blind $1
sim5sim5: posts big blind $3
*** HOLE CARDS ***
parnishka11: raises $3 to $6
sim5sim5: folds
Uncalled bet ($3) returned to parnishka11
parnishka11 collected $6 from pot
parnishka11: doesn't show hand
*** SUMMARY ***
Total pot $6 | Rake $0
Seat 2: parnishka11 (button) (small blind) collected ($6)
Seat 4: sim5sim5 (big blind) folded before Flop


PokerStars Hand #165311058843:  Hold'em Limit ($3/$6 USD) - 2017/01/28 14:33:54 ET
Table 'Aldebaran II' 6-max Seat #4 is the button
Seat 2: parnishka11 ($29.80 in chips)
Seat 4: sim5sim5 ($83.76 in chips)
sim5sim5: posts small blind $1
parnishka11: posts big blind $3
*** HOLE CARDS ***
sim5sim5: folds
Uncalled bet ($2) returned to parnishka11
parnishka11 collected $2 from pot
parnishka11: doesn't show hand
*** SUMMARY ***
Total pot $2 | Rake $0
Seat 2: parnishka11 (big blind) collected ($2)
Seat 4: sim5sim5 (button) (small blind) folded before Flop


PokerStars Hand #165311052825:  Hold'em Limit ($3/$6 USD) - 2017/01/28 14:33:48 ET
Table 'Aldebaran II' 6-max Seat #2 is the button
Seat 2: parnishka11 ($30.80 in chips)
Seat 4: sim5sim5 ($82.76 in chips)
parnishka11: posts small blind $1
sim5sim5: posts big blind $3
*** HOLE CARDS ***
parnishka11: folds
Uncalled bet ($2) returned to sim5sim5
sim5sim5 collected $2 from pot
sim5sim5: doesn't show hand
*** SUMMARY ***
Total pot $2 | Rake $0
Seat 2: parnishka11 (button) (small blind) folded before Flop
Seat 4: sim5sim5 (big blind) collected ($2)


PokerStars Hand #165311038578:  Hold'em Limit ($3/$6 USD) - 2017/01/28 14:33:33 ET
Table 'Aldebaran II' 6-max Seat #4 is the button
Seat 2: parnishka11 ($36.80 in chips)
Seat 4: sim5sim5 ($77 in chips)
sim5sim5: posts small blind $1
parnishka11: posts big blind $3
*** HOLE CARDS ***
sim5sim5: raises $3 to $6
parnishka11: calls $3
*** FLOP *** [9d Kd 3h]
parnishka11: checks
sim5sim5: bets $3
parnishka11: folds
Uncalled bet ($3) returned to sim5sim5
sim5sim5 collected $11.76 from pot
sim5sim5: doesn't show hand
*** SUMMARY ***
Total pot $12 | Rake $0.24
Board [9d Kd 3h]
Seat 2: parnishka11 (big blind) folded on the Flop
Seat 4: sim5sim5 (button) (small blind) collected ($11.76)


PokerStars Hand #165311031872:  Hold'em Limit ($3/$6 USD) - 2017/01/28 14:33:26 ET
Table 'Aldebaran II' 6-max Seat #2 is the button
Seat 2: parnishka11 ($37.80 in chips)
Seat 4: sim5sim5 ($76 in chips)
parnishka11: posts small blind $1
sim5sim5: posts big blind $3
*** HOLE CARDS ***
parnishka11: folds
Uncalled bet ($2) returned to sim5sim5
sim5sim5 collected $2 from pot
sim5sim5: doesn't show hand
*** SUMMARY ***
Total pot $2 | Rake $0
Seat 2: parnishka11 (button) (small blind) folded before Flop
Seat 4: sim5sim5 (big blind) collected ($2)


PokerStars Hand #165311115163:  Hold'em Limit ($3/$6 USD) - 2017/01/28 14:34:51 ET
Table 'Aldebaran II' 6-max Seat #2 is the button
Seat 2: parnishka11 ($51.30 in chips)
Seat 4: sim5sim5 ($72 in chips)
parnishka11: posts small blind $1
sim5sim5: posts big blind $3
*** HOLE CARDS ***
parnishka11: folds
Uncalled bet ($2) returned to sim5sim5
sim5sim5 collected $2 from pot
sim5sim5: doesn't show hand
*** SUMMARY ***
Total pot $2 | Rake $0
Seat 2: parnishka11 (button) (small blind) folded before Flop
Seat 4: sim5sim5 (big blind) collected ($2)


PokerStars Hand #165311076804:  Hold'em Limit ($3/$6 USD) - 2017/01/28 14:34:12 ET
Table 'Aldebaran II' 6-max Seat #4 is the button
Seat 2: parnishka11 ($33.80 in chips)
Seat 4: sim5sim5 ($79.76 in chips)
sim5sim5: posts small blind $1
parnishka11: posts big blind $3
*** HOLE CARDS ***
sim5sim5: raises $3 to $6
parnishka11: raises $3 to $9
sim5sim5: calls $3
*** FLOP *** [7h 2d 4d]
parnishka11: checks
sim5sim5: bets $3
parnishka11: calls $3
*** TURN *** [7h 2d 4d] [7d]
parnishka11: checks
sim5sim5: bets $6
parnishka11: calls $6
*** RIVER *** [7h 2d 4d 7d] [4s]
parnishka11: checks
sim5sim5: checks
*** SHOW DOWN ***
parnishka11: shows [Ac Jd] (two pair, Sevens and Fours)
sim5sim5: mucks hand
parnishka11 collected $35.50 from pot
*** SUMMARY ***
Total pot $36 | Rake $0.50
Board [7h 2d 4d 7d 4s]
Seat 2: parnishka11 (big blind) showed [Ac Jd] and won ($35.50) with two pair, Sevens and Fours
Seat 4: sim5sim5 (button) (small blind) mucked


PokerStars Hand #165311195744:  Hold'em Limit ($3/$6 USD) - 2017/01/28 14:36:10 ET
Table 'Aldebaran II' 6-max Seat #2 is the button
Seat 2: parnishka11 ($22.30 in chips)
Seat 4: sim5sim5 ($100.14 in chips)
parnishka11: posts small blind $1
sim5sim5: posts big blind $3
*** HOLE CARDS ***
parnishka11: folds
Uncalled bet ($2) returned to sim5sim5
winwinner69 joins the table at seat #3
sim5sim5 collected $2 from pot
sim5sim5: doesn't show hand
*** SUMMARY ***
Total pot $2 | Rake $0
Seat 2: parnishka11 (button) (small blind) folded before Flop
Seat 4: sim5sim5 (big blind) collected ($2)


PokerStars Hand #165311166194:  Hold'em Limit ($3/$6 USD) - 2017/01/28 14:35:40 ET
Table 'Aldebaran II' 6-max Seat #4 is the button
Seat 2: parnishka11 ($31.30 in chips)
Seat 4: sim5sim5 ($91.50 in chips)
sim5sim5: posts small blind $1
parnishka11: posts big blind $3
*** HOLE CARDS ***
sim5sim5: raises $3 to $6
parnishka11: calls $3
*** FLOP *** [4h Tc Qd]
parnishka11: checks
sim5sim5: bets $3
parnishka11: calls $3
*** TURN *** [4h Tc Qd] [Js]
parnishka11: checks
sim5sim5: checks
*** RIVER *** [4h Tc Qd Js] [Jc]
parnishka11: checks
sim5sim5: checks
*** SHOW DOWN ***
parnishka11: shows [Ad 2c] (a pair of Jacks)
sim5sim5: shows [8d 4c] (two pair, Jacks and Fours)
sim5sim5 collected $17.64 from pot
*** SUMMARY ***
Total pot $18 | Rake $0.36
Board [4h Tc Qd Js Jc]
Seat 2: parnishka11 (big blind) showed [Ad 2c] and lost with a pair of Jacks
Seat 4: sim5sim5 (button) (small blind) showed [8d 4c] and won ($17.64) with two pair, Jacks and Fours


PokerStars Hand #165311160120:  Hold'em Limit ($3/$6 USD) - 2017/01/28 14:35:33 ET
Table 'Aldebaran II' 6-max Seat #2 is the button
Seat 2: parnishka11 ($32.30 in chips)
Seat 4: sim5sim5 ($90.50 in chips)
parnishka11: posts small blind $1
sim5sim5: posts big blind $3
*** HOLE CARDS ***
parnishka11: folds
Uncalled bet ($2) returned to sim5sim5
sim5sim5 collected $2 from pot
sim5sim5: doesn't show hand
*** SUMMARY ***
Total pot $2 | Rake $0
Seat 2: parnishka11 (button) (small blind) folded before Flop
Seat 4: sim5sim5 (big blind) collected ($2)


PokerStars Hand #165311125711:  Hold'em Limit ($3/$6 USD) - 2017/01/28 14:35:02 ET
Table 'Aldebaran II' 6-max Seat #4 is the button
Seat 2: parnishka11 ($50.30 in chips)
Seat 4: sim5sim5 ($73 in chips)
sim5sim5: posts small blind $1
parnishka11: posts big blind $3
*** HOLE CARDS ***
sim5sim5: raises $3 to $6
parnishka11: calls $3
*** FLOP *** [6c 5s Kc]
parnishka11: checks
sim5sim5: bets $3
parnishka11: raises $3 to $6
sim5sim5: calls $3
*** TURN *** [6c 5s Kc] [8s]
parnishka11: bets $6
sim5sim5: raises $6 to $12
parnishka11: folds
Uncalled bet ($6) returned to sim5sim5
sim5sim5 collected $35.50 from pot
sim5sim5: doesn't show hand
*** SUMMARY ***
Total pot $36 | Rake $0.50
Board [6c 5s Kc 8s]
Seat 2: parnishka11 (big blind) folded on the Turn
Seat 4: sim5sim5 (button) (small blind) collected ($35.50)


PokerStars Hand #165311202165:  Hold'em Limit ($3/$6 USD) - 2017/01/28 14:36:17 ET
Table 'Aldebaran II' 6-max Seat #4 is the button
Seat 2: parnishka11 ($21.30 in chips)
Seat 4: sim5sim5 ($101.14 in chips)
sim5sim5: posts small blind $1
parnishka11: posts big blind $3
*** HOLE CARDS ***
sim5sim5: raises $3 to $6
parnishka11: calls $3
*** FLOP *** [7s Ah 9s]
parnishka11: checks
sim5sim5: bets $3
parnishka11: raises $3 to $6
sim5sim5: folds
Uncalled bet ($3) returned to parnishka11
parnishka11 collected $17.64 from pot
parnishka11: doesn't show hand
*** SUMMARY ***
Total pot $18 | Rake $0.36
Board [7s Ah 9s]
Seat 2: parnishka11 (big blind) collected ($17.64)
Seat 4: sim5sim5 (button) (small blind) folded on the Flop


PokerStars Hand #165311281440:  Hold'em Limit ($3/$6 USD) - 2017/01/28 14:37:39 ET
Table 'Aldebaran II' 6-max Seat #4 is the button
Seat 3: winwinner69 ($85.03 in chips)
Seat 4: sim5sim5 ($89.14 in chips)
sim5sim5: posts small blind $1
winwinner69: posts big blind $3
*** HOLE CARDS ***
parnishka11 leaves the table
sim5sim5: raises $3 to $6
winwinner69: calls $3
*** FLOP *** [3c 8h 3d]
winwinner69: checks
sim5sim5: bets $3
winwinner69: calls $3
*** TURN *** [3c 8h 3d] [5d]
winwinner69: checks
sim5sim5: bets $6
winwinner69: raises $6 to $12
parnishka11 joins the table at seat #2
sim5sim5: folds
Uncalled bet ($6) returned to winwinner69
winwinner69 collected $29.50 from pot
winwinner69: doesn't show hand
*** SUMMARY ***
Total pot $30 | Rake $0.50
Board [3c 8h 3d 5d]
Seat 3: winwinner69 (big blind) collected ($29.50)
Seat 4: sim5sim5 (button) (small blind) folded on the Turn


PokerStars Hand #165311272945:  Hold'em Limit ($3/$6 USD) - 2017/01/28 14:37:30 ET
Table 'Aldebaran II' 6-max Seat #3 is the button
Seat 3: winwinner69 ($82.03 in chips)
Seat 4: sim5sim5 ($92.14 in chips)
winwinner69: posts small blind $1
sim5sim5: posts big blind $3
*** HOLE CARDS ***
winwinner69: raises $3 to $6
sim5sim5: folds
Uncalled bet ($3) returned to winwinner69
winwinner69 collected $6 from pot
winwinner69: doesn't show hand
*** SUMMARY ***
Total pot $6 | Rake $0
Seat 3: winwinner69 (button) (small blind) collected ($6)
Seat 4: sim5sim5 (big blind) folded before Flop


PokerStars Hand #165311329792:  Hold'em Limit ($3/$6 USD) - 2017/01/28 14:38:29 ET
Table 'Aldebaran II' 6-max Seat #3 is the button
Seat 3: winwinner69 ($99.53 in chips)
Seat 4: sim5sim5 ($74.14 in chips)
winwinner69: posts small blind $1
sim5sim5: posts big blind $3
*** HOLE CARDS ***
winwinner69: folds
Uncalled bet ($2) returned to sim5sim5
sim5sim5 collected $2 from pot
sim5sim5: doesn't show hand
*** SUMMARY ***
Total pot $2 | Rake $0
Seat 3: winwinner69 (button) (small blind) folded before Flop
Seat 4: sim5sim5 (big blind) collected ($2)


PokerStars Hand #165316089227:  Hold'em Limit ($3/$6 USD) - 2017/01/28 16:03:22 ET
Table 'Aldebaran II' 6-max Seat #3 is the button
Seat 3: LuckyScal ($133.25 in chips)
Seat 4: killerfurbel ($256.35 in chips)
LuckyScal: posts small blind $1
killerfurbel: posts big blind $3
*** HOLE CARDS ***
LuckyScal: raises $3 to $6
killerfurbel: calls $3
*** FLOP *** [9s Ad 6c]
killerfurbel: checks
LuckyScal: checks
*** TURN *** [9s Ad 6c] [3h]
killerfurbel: checks
LuckyScal: bets $6
killerfurbel: folds
Uncalled bet ($6) returned to LuckyScal
LuckyScal collected $11.76 from pot
LuckyScal: doesn't show hand
*** SUMMARY ***
Total pot $12 | Rake $0.24
Board [9s Ad 6c 3h]
Seat 3: LuckyScal (button) (small blind) collected ($11.76)
Seat 4: killerfurbel (big blind) folded on the Turn


PokerStars Hand #165316084690:  Hold'em Limit ($3/$6 USD) - 2017/01/28 16:03:17 ET
Table 'Aldebaran II' 6-max Seat #4 is the button
Seat 3: LuckyScal ($132.25 in chips)
Seat 4: killerfurbel ($257.35 in chips)
killerfurbel: posts small blind $1
millchar was removed from the table for failing to post
Harry River: is sitting out
LuckyScal: posts big blind $3
*** HOLE CARDS ***
killerfurbel: folds
Uncalled bet ($2) returned to LuckyScal
Harry River leaves the table
LuckyScal collected $2 from pot
LuckyScal: doesn't show hand
*** SUMMARY ***
Total pot $2 | Rake $0
Seat 3: LuckyScal (big blind) collected ($2)
Seat 4: killerfurbel (button) (small blind) folded before Flop


