PokerStars Hand #155363824537:  Hold'em Limit ($3/$6 USD) - 2016/06/29 18:39:47 ET
Table 'Aldebaran' 6-max Seat #3 is the button
Seat 3: wuck249 ($105 in chips)
Seat 4: tomte999 ($89.50 in chips)
wuck249: posts small blind $1
tomte999: posts big blind $3
*** HOLE CARDS ***
wuck249: raises $3 to $6
tomte999: folds
Uncalled bet ($3) returned to wuck249
wuck249 collected $6 from pot
wuck249: doesn't show hand
*** SUMMARY ***
Total pot $6 | Rake $0
Seat 3: wuck249 (button) (small blind) collected ($6)
Seat 4: tomte999 (big blind) folded before Flop


PokerStars Hand #155363787616:  Hold'em Limit ($3/$6 USD) - 2016/06/29 18:38:48 ET
Table 'Aldebaran' 6-max Seat #4 is the button
Seat 3: wuck249 ($123 in chips)
Seat 4: tomte999 ($72 in chips)
tomte999: posts small blind $1
wuck249: posts big blind $3
*** HOLE CARDS ***
tomte999: raises $3 to $6
wuck249: calls $3
*** FLOP *** [5c 2c 4h]
wuck249: checks
tomte999: checks
*** TURN *** [5c 2c 4h] [9s]
wuck249: bets $6
tomte999: calls $6
*** RIVER *** [5c 2c 4h 9s] [9h]
wuck249: checks
tomte999: bets $6
wuck249: calls $6
*** SHOW DOWN ***
tomte999: shows [Qc 2d] (two pair, Nines and Deuces)
wuck249: mucks hand
tomte999 collected $35.50 from pot
*** SUMMARY ***
Total pot $36 | Rake $0.50
Board [5c 2c 4h 9s 9h]
Seat 3: wuck249 (big blind) mucked
Seat 4: tomte999 (button) (small blind) showed [Qc 2d] and won ($35.50) with two pair, Nines and Deuces


PokerStars Hand #155363858250:  Hold'em Limit ($3/$6 USD) - 2016/06/29 18:40:41 ET
Table 'Aldebaran' 6-max Seat #3 is the button
Seat 3: wuck249 ($84 in chips)
Seat 4: tomte999 ($110 in chips)
wuck249: posts small blind $1
tomte999: posts big blind $3
*** HOLE CARDS ***
wuck249: raises $3 to $6
tomte999: calls $3
*** FLOP *** [9c 8c Kh]
tomte999: checks
wuck249: bets $3
tomte999: folds
Uncalled bet ($3) returned to wuck249
wuck249 collected $11.76 from pot
wuck249: doesn't show hand
*** SUMMARY ***
Total pot $12 | Rake $0.24
Board [9c 8c Kh]
Seat 3: wuck249 (button) (small blind) collected ($11.76)
Seat 4: tomte999 (big blind) folded on the Flop


PokerStars Hand #155363830139:  Hold'em Limit ($3/$6 USD) - 2016/06/29 18:39:56 ET
Table 'Aldebaran' 6-max Seat #4 is the button
Seat 3: wuck249 ($108 in chips)
Seat 4: tomte999 ($86.50 in chips)
tomte999: posts small blind $1
wuck249: posts big blind $3
*** HOLE CARDS ***
tomte999: raises $3 to $6
wuck249: raises $3 to $9
tomte999: calls $3
*** FLOP *** [6d 3d Th]
wuck249: bets $3
tomte999: calls $3
*** TURN *** [6d 3d Th] [6c]
wuck249: bets $6
tomte999: calls $6
*** RIVER *** [6d 3d Th 6c] [3h]
wuck249: checks
tomte999: bets $6
wuck249: calls $6
*** SHOW DOWN ***
tomte999: shows [5s 3s] (a full house, Threes full of Sixes)
wuck249: mucks hand
tomte999 collected $47.50 from pot
*** SUMMARY ***
Total pot $48 | Rake $0.50
Board [6d 3d Th 6c 3h]
Seat 3: wuck249 (big blind) mucked
Seat 4: tomte999 (button) (small blind) showed [5s 3s] and won ($47.50) with a full house, Threes full of Sixes


PokerStars Hand #155363916867:  Hold'em Limit ($3/$6 USD) - 2016/06/29 18:42:16 ET
Table 'Aldebaran' 6-max Seat #3 is the button
Seat 3: wuck249 ($56.76 in chips)
Seat 4: tomte999 ($136.50 in chips)
wuck249: posts small blind $1
tomte999: posts big blind $3
*** HOLE CARDS ***
wuck249: folds
Uncalled bet ($2) returned to tomte999
tomte999 collected $2 from pot
tomte999: doesn't show hand
*** SUMMARY ***
Total pot $2 | Rake $0
Seat 3: wuck249 (button) (small blind) folded before Flop
Seat 4: tomte999 (big blind) collected ($2)


PokerStars Hand #155363907395:  Hold'em Limit ($3/$6 USD) - 2016/06/29 18:42:01 ET
Table 'Aldebaran' 6-max Seat #4 is the button
Seat 3: wuck249 ($59.76 in chips)
Seat 4: tomte999 ($133.50 in chips)
tomte999: posts small blind $1
wuck249: posts big blind $3
*** HOLE CARDS ***
tomte999: raises $3 to $6
wuck249: folds
Uncalled bet ($3) returned to tomte999
tomte999 collected $6 from pot
tomte999: doesn't show hand
*** SUMMARY ***
Total pot $6 | Rake $0
Seat 3: wuck249 (big blind) folded before Flop
Seat 4: tomte999 (button) (small blind) collected ($6)


PokerStars Hand #155363902830:  Hold'em Limit ($3/$6 USD) - 2016/06/29 18:41:54 ET
Table 'Aldebaran' 6-max Seat #3 is the button
Seat 3: wuck249 ($56.76 in chips)
Seat 4: tomte999 ($136.50 in chips)
wuck249: posts small blind $1
tomte999: posts big blind $3
*** HOLE CARDS ***
wuck249: raises $3 to $6
tomte999: folds
Uncalled bet ($3) returned to wuck249
wuck249 collected $6 from pot
wuck249: doesn't show hand
*** SUMMARY ***
Total pot $6 | Rake $0
Seat 3: wuck249 (button) (small blind) collected ($6)
Seat 4: tomte999 (big blind) folded before Flop


PokerStars Hand #155363866944:  Hold'em Limit ($3/$6 USD) - 2016/06/29 18:40:55 ET
Table 'Aldebaran' 6-max Seat #4 is the button
Seat 3: wuck249 ($89.76 in chips)
Seat 4: tomte999 ($104 in chips)
tomte999: posts small blind $1
wuck249: posts big blind $3
*** HOLE CARDS ***
tomte999: raises $3 to $6
wuck249: calls $3
*** FLOP *** [5s 3d 6s]
wuck249: checks
tomte999: bets $3
wuck249: calls $3
*** TURN *** [5s 3d 6s] [6c]
wuck249: checks
tomte999: bets $6
wuck249: raises $6 to $12
tomte999: raises $6 to $18
wuck249: calls $6
*** RIVER *** [5s 3d 6s 6c] [5h]
wuck249: bets $6
tomte999: calls $6
*** SHOW DOWN ***
wuck249: shows [4c 8s] (two pair, Sixes and Fives)
tomte999: shows [Qd Qh] (two pair, Queens and Sixes)
tomte999 collected $65.50 from pot
*** SUMMARY ***
Total pot $66 | Rake $0.50
Board [5s 3d 6s 6c 5h]
Seat 3: wuck249 (big blind) showed [4c 8s] and lost with two pair, Sixes and Fives
Seat 4: tomte999 (button) (small blind) showed [Qd Qh] and won ($65.50) with two pair, Queens and Sixes


PokerStars Hand #155363920159:  Hold'em Limit ($3/$6 USD) - 2016/06/29 18:42:22 ET
Table 'Aldebaran' 6-max Seat #4 is the button
Seat 3: wuck249 ($94.27 in chips)
Seat 4: tomte999 ($137.50 in chips)
tomte999: posts small blind $1
wuck249: posts big blind $3
*** HOLE CARDS ***
tomte999: raises $3 to $6
wuck249: calls $3
*** FLOP *** [Ks 3h Jd]
wuck249: checks
tomte999: bets $3
wuck249: calls $3
*** TURN *** [Ks 3h Jd] [8d]
wuck249: checks
tomte999: checks
*** RIVER *** [Ks 3h Jd 8d] [Ah]
wuck249: checks
tomte999: checks
*** SHOW DOWN ***
wuck249: shows [7d Qd] (high card Ace)
tomte999: shows [Qc 9c] (high card Ace - King+Queen+Jack+Nine kicker)
tomte999 collected $17.64 from pot
*** SUMMARY ***
Total pot $18 | Rake $0.36
Board [Ks 3h Jd 8d Ah]
Seat 3: wuck249 (big blind) showed [7d Qd] and lost with high card Ace
Seat 4: tomte999 (button) (small blind) showed [Qc 9c] and won ($17.64) with high card Ace


PokerStars Hand #155363976829:  Hold'em Limit ($3/$6 USD) - 2016/06/29 18:43:54 ET
Table 'Aldebaran' 6-max Seat #3 is the button
Seat 3: wuck249 ($115.77 in chips)
Seat 4: tomte999 ($115.14 in chips)
wuck249: posts small blind $1
tomte999: posts big blind $3
*** HOLE CARDS ***
wuck249: raises $3 to $6
tomte999: calls $3
*** FLOP *** [Jh Kc 2d]
tomte999: checks
wuck249: bets $3
tomte999: calls $3
*** TURN *** [Jh Kc 2d] [Ac]
tomte999: checks
wuck249: checks
*** RIVER *** [Jh Kc 2d Ac] [9h]
tomte999: bets $6
wuck249: raises $6 to $12
tomte999: calls $6
*** SHOW DOWN ***
wuck249: shows [5c Kd] (a pair of Kings)
tomte999: shows [As 3c] (a pair of Aces)
tomte999 collected $41.50 from pot
*** SUMMARY ***
Total pot $42 | Rake $0.50
Board [Jh Kc 2d Ac 9h]
Seat 3: wuck249 (button) (small blind) showed [5c Kd] and lost with a pair of Kings
Seat 4: tomte999 (big blind) showed [As 3c] and won ($41.50) with a pair of Aces


PokerStars Hand #155363970056:  Hold'em Limit ($3/$6 USD) - 2016/06/29 18:43:43 ET
Table 'Aldebaran' 6-max Seat #4 is the button
Seat 3: wuck249 ($114.77 in chips)
Seat 4: tomte999 ($116.14 in chips)
tomte999: posts small blind $1
wuck249: posts big blind $3
*** HOLE CARDS ***
tomte999: folds
Uncalled bet ($2) returned to wuck249
wuck249 collected $2 from pot
wuck249: doesn't show hand
*** SUMMARY ***
Total pot $2 | Rake $0
Seat 3: wuck249 (big blind) collected ($2)
Seat 4: tomte999 (button) (small blind) folded before Flop


PokerStars Hand #155363946183:  Hold'em Limit ($3/$6 USD) - 2016/06/29 18:43:04 ET
Table 'Aldebaran' 6-max Seat #3 is the button
Seat 3: wuck249 ($85.27 in chips)
Seat 4: tomte999 ($146.14 in chips)
wuck249: posts small blind $1
tomte999: posts big blind $3
*** HOLE CARDS ***
wuck249: raises $3 to $6
tomte999: calls $3
*** FLOP *** [5d Kd 8s]
tomte999: checks
wuck249: bets $3
tomte999: raises $3 to $6
wuck249: calls $3
*** TURN *** [5d Kd 8s] [3h]
tomte999: bets $6
wuck249: calls $6
*** RIVER *** [5d Kd 8s 3h] [Qh]
tomte999: bets $6
wuck249: raises $6 to $12
tomte999: calls $6
*** SHOW DOWN ***
wuck249: shows [8h Qs] (two pair, Queens and Eights)
tomte999: mucks hand
wuck249 collected $59.50 from pot
*** SUMMARY ***
Total pot $60 | Rake $0.50
Board [5d Kd 8s 3h Qh]
Seat 3: wuck249 (button) (small blind) showed [8h Qs] and won ($59.50) with two pair, Queens and Eights
Seat 4: tomte999 (big blind) mucked


PokerStars Hand #155364004491:  Hold'em Limit ($3/$6 USD) - 2016/06/29 18:44:39 ET
Table 'Aldebaran' 6-max Seat #4 is the button
Seat 3: wuck249 ($94.77 in chips)
Seat 4: tomte999 ($135.64 in chips)
tomte999: posts small blind $1
wuck249: posts big blind $3
*** HOLE CARDS ***
tomte999: raises $3 to $6
wuck249: calls $3
*** FLOP *** [4h 7h As]
wuck249: checks
tomte999: bets $3
wuck249: folds
Uncalled bet ($3) returned to tomte999
tomte999 collected $11.76 from pot
tomte999: doesn't show hand
*** SUMMARY ***
Total pot $12 | Rake $0.24
Board [4h 7h As]
Seat 3: wuck249 (big blind) folded on the Flop
Seat 4: tomte999 (button) (small blind) collected ($11.76)


PokerStars Hand #155364000843:  Hold'em Limit ($3/$6 USD) - 2016/06/29 18:44:33 ET
Table 'Aldebaran' 6-max Seat #3 is the button
Seat 3: wuck249 ($95.77 in chips)
Seat 4: tomte999 ($134.64 in chips)
wuck249: posts small blind $1
tomte999: posts big blind $3
*** HOLE CARDS ***
wuck249: folds
Uncalled bet ($2) returned to tomte999
tomte999 collected $2 from pot
tomte999: doesn't show hand
*** SUMMARY ***
Total pot $2 | Rake $0
Seat 3: wuck249 (button) (small blind) folded before Flop
Seat 4: tomte999 (big blind) collected ($2)


PokerStars Hand #155363996504:  Hold'em Limit ($3/$6 USD) - 2016/06/29 18:44:26 ET
Table 'Aldebaran' 6-max Seat #4 is the button
Seat 3: wuck249 ($94.77 in chips)
Seat 4: tomte999 ($135.64 in chips)
tomte999: posts small blind $1
wuck249: posts big blind $3
*** HOLE CARDS ***
tomte999: folds
Uncalled bet ($2) returned to wuck249
wuck249 collected $2 from pot
wuck249: doesn't show hand
*** SUMMARY ***
Total pot $2 | Rake $0
Seat 3: wuck249 (big blind) collected ($2)
Seat 4: tomte999 (button) (small blind) folded before Flop


PokerStars Hand #155364035852:  Hold'em Limit ($3/$6 USD) - 2016/06/29 18:45:31 ET
Table 'Aldebaran' 6-max Seat #4 is the button
Seat 3: wuck249 ($52.77 in chips)
Seat 4: tomte999 ($176.90 in chips)
tomte999: posts small blind $1
wuck249: posts big blind $3
*** HOLE CARDS ***
tomte999: raises $3 to $6
wuck249: calls $3
*** FLOP *** [2d Td 7s]
wuck249: checks
tomte999: bets $3
wuck249: raises $3 to $6
tomte999: calls $3
*** TURN *** [2d Td 7s] [As]
wuck249: bets $6
tomte999: raises $6 to $12
wuck249: raises $6 to $18
tomte999: calls $6
*** RIVER *** [2d Td 7s As] [Kd]
wuck249: checks
tomte999: checks
*** SHOW DOWN ***
wuck249: shows [2s 8s] (a pair of Deuces)
tomte999: shows [6d Ac] (a pair of Aces)
tomte999 collected $59.50 from pot
*** SUMMARY ***
Total pot $60 | Rake $0.50
Board [2d Td 7s As Kd]
Seat 3: wuck249 (big blind) showed [2s 8s] and lost with a pair of Deuces
Seat 4: tomte999 (button) (small blind) showed [6d Ac] and won ($59.50) with a pair of Aces


PokerStars Hand #155364017272:  Hold'em Limit ($3/$6 USD) - 2016/06/29 18:45:00 ET
Table 'Aldebaran' 6-max Seat #3 is the button
Seat 3: wuck249 ($88.77 in chips)
Seat 4: tomte999 ($141.40 in chips)
wuck249: posts small blind $1
tomte999: posts big blind $3
*** HOLE CARDS ***
wuck249: raises $3 to $6
tomte999: raises $3 to $9
wuck249: calls $3
*** FLOP *** [Js 8h 8c]
tomte999: bets $3
wuck249: calls $3
*** TURN *** [Js 8h 8c] [3d]
tomte999: bets $6
wuck249: raises $6 to $12
tomte999: raises $6 to $18
wuck249: calls $6
*** RIVER *** [Js 8h 8c 3d] [Ts]
tomte999: bets $6
wuck249: calls $6
*** SHOW DOWN ***
tomte999: shows [8d 6d] (three of a kind, Eights)
wuck249: mucks hand
tomte999 collected $71.50 from pot
*** SUMMARY ***
Total pot $72 | Rake $0.50
Board [Js 8h 8c 3d Ts]
Seat 3: wuck249 (button) (small blind) mucked
Seat 4: tomte999 (big blind) showed [8d 6d] and won ($71.50) with three of a kind, Eights


PokerStars Hand #155364085497:  Hold'em Limit ($3/$6 USD) - 2016/06/29 18:46:53 ET
Table 'Aldebaran' 6-max Seat #4 is the button
Seat 3: wuck249 ($7.77 in chips)
Seat 4: tomte999 ($220.90 in chips)
tomte999: posts small blind $1
wuck249: posts big blind $3
*** HOLE CARDS ***
tomte999: raises $3 to $6
wuck249: raises $1.77 to $7.77 and is all-in
tomte999: calls $1.77
*** FLOP *** [5d 2s As]
*** TURN *** [5d 2s As] [6s]
*** RIVER *** [5d 2s As 6s] [Kc]
*** SHOW DOWN ***
wuck249: shows [4h 9d] (high card Ace)
tomte999: shows [8c 7d] (high card Ace - lower kicker)
wuck249 collected $15.23 from pot
*** SUMMARY ***
Total pot $15.54 | Rake $0.31
Board [5d 2s As 6s Kc]
Seat 3: wuck249 (big blind) showed [4h 9d] and won ($15.23) with high card Ace
Seat 4: tomte999 (button) (small blind) showed [8c 7d] and lost with high card Ace


PokerStars Hand #155364066271:  Hold'em Limit ($3/$6 USD) - 2016/06/29 18:46:21 ET
Table 'Aldebaran' 6-max Seat #3 is the button
Seat 3: wuck249 ($22.77 in chips)
Seat 4: tomte999 ($206.40 in chips)
wuck249: posts small blind $1
tomte999: posts big blind $3
*** HOLE CARDS ***
wuck249: raises $3 to $6
tomte999: calls $3
*** FLOP *** [5d 7h 6h]
tomte999: checks
wuck249: bets $3
tomte999: calls $3
*** TURN *** [5d 7h 6h] [3c]
tomte999: checks
wuck249: bets $6
tomte999: calls $6
*** RIVER *** [5d 7h 6h 3c] [3h]
tomte999: checks
wuck249: checks
*** SHOW DOWN ***
tomte999: shows [2c As] (a pair of Threes)
wuck249: mucks hand
tomte999 collected $29.50 from pot
*** SUMMARY ***
Total pot $30 | Rake $0.50
Board [5d 7h 6h 3c 3h]
Seat 3: wuck249 (button) (small blind) mucked
Seat 4: tomte999 (big blind) showed [2c As] and won ($29.50) with a pair of Threes


PokerStars Hand #155364095398:  Hold'em Limit ($3/$6 USD) - 2016/06/29 18:47:09 ET
Table 'Aldebaran' 6-max Seat #3 is the button
Seat 3: wuck249 ($15.23 in chips)
Seat 4: tomte999 ($213.13 in chips)
wuck249: posts small blind $1
tomte999: posts big blind $3
*** HOLE CARDS ***
wuck249: raises $3 to $6
tomte999: calls $3
*** FLOP *** [2c Jc Qc]
tomte999: checks
wuck249: bets $3
tomte999: raises $3 to $6
wuck249: raises $3 to $9
tomte999: raises $3 to $12
Betting is capped
wuck249: calls $0.23 and is all-in
Uncalled bet ($2.77) returned to tomte999
*** TURN *** [2c Jc Qc] [7c]
*** RIVER *** [2c Jc Qc 7c] [Jd]
*** SHOW DOWN ***
tomte999: shows [9d 8c] (a flush, Queen high)
wuck249: shows [5h Ah] (a pair of Jacks)
tomte999 collected $29.96 from pot
*** SUMMARY ***
Total pot $30.46 | Rake $0.50
Board [2c Jc Qc 7c Jd]
Seat 3: wuck249 (button) (small blind) showed [5h Ah] and lost with a pair of Jacks
Seat 4: tomte999 (big blind) showed [9d 8c] and won ($29.96) with a flush, Queen high


