PokerStars Hand #144381699754:  Hold'em Limit ($3/$6 USD) - 2015/11/25 16:48:58 ET
Table 'Aldebaran' 6-max Seat #4 is the button
Seat 4: Karpik09 ($90 in chips)
Seat 6: trucker7475 ($107.19 in chips)
Karpik09: posts small blind $1
trucker7475: posts big blind $3
*** HOLE CARDS ***
Karpik09: folds
Uncalled bet ($2) returned to trucker7475
Chessnok joins the table at seat #2
trucker7475 collected $2 from pot
trucker7475: doesn't show hand
*** SUMMARY ***
Total pot $2 | Rake $0
Seat 4: Karpik09 (button) (small blind) folded before Flop
Seat 6: trucker7475 (big blind) collected ($2)


PokerStars Hand #144381685347:  Hold'em Limit ($3/$6 USD) - 2015/11/25 16:48:42 ET
Table 'Aldebaran' 6-max Seat #6 is the button
Seat 4: Karpik09 ($93 in chips)
Seat 6: trucker7475 ($104.31 in chips)
trucker7475: posts small blind $1
Karpik09: posts big blind $3
*** HOLE CARDS ***
trucker7475: calls $2
Karpik09: checks
*** FLOP *** [Qc 5s Js]
Karpik09: checks
trucker7475: bets $3
Karpik09: folds
Uncalled bet ($3) returned to trucker7475
trucker7475 collected $5.88 from pot
trucker7475: doesn't show hand
*** SUMMARY ***
Total pot $6 | Rake $0.12
Board [Qc 5s Js]
Seat 4: Karpik09 (big blind) folded on the Flop
Seat 6: trucker7475 (button) (small blind) collected ($5.88)


PokerStars Hand #144386573988:  Hold'em Limit ($3/$6 USD) - 2015/11/25 18:29:29 ET
Table 'Aldebaran' 6-max Seat #5 is the button
Seat 4: xxxGLKxxx ($195 in chips)
Seat 5: scorpio04 ($72 in chips)
scorpio04: posts small blind $1
vestimokrec: is sitting out
xxxGLKxxx: posts big blind $3
*** HOLE CARDS ***
scorpio04: raises $3 to $6
xxxGLKxxx: raises $3 to $9
scorpio04: calls $3
*** FLOP *** [2s 4h Jd]
xxxGLKxxx: bets $3
scorpio04: calls $3
*** TURN *** [2s 4h Jd] [9s]
xxxGLKxxx: bets $6
scorpio04: calls $6
*** RIVER *** [2s 4h Jd 9s] [3s]
TinaTurner72 joins the table at seat #6
xxxGLKxxx: bets $6
scorpio04: calls $6
*** SHOW DOWN ***
xxxGLKxxx: shows [8h 8c] (a pair of Eights)
scorpio04: mucks hand
xxxGLKxxx collected $47.50 from pot
TinaTurner72 leaves the table
*** SUMMARY ***
Total pot $48 | Rake $0.50
Board [2s 4h Jd 9s 3s]
Seat 4: xxxGLKxxx (big blind) showed [8h 8c] and won ($47.50) with a pair of Eights
Seat 5: scorpio04 (button) (small blind) mucked


PokerStars Hand #144386594275:  Hold'em Limit ($3/$6 USD) - 2015/11/25 18:29:58 ET
Table 'Aldebaran' 6-max Seat #4 is the button
Seat 4: xxxGLKxxx ($218.50 in chips)
Seat 5: scorpio04 ($72 in chips)
xxxGLKxxx: posts small blind $1
scorpio04: posts big blind $3
*** HOLE CARDS ***
xxxGLKxxx: raises $3 to $6
scorpio04: calls $3
*** FLOP *** [4d Td 2c]
scorpio04: checks
xxxGLKxxx: bets $3
scorpio04: raises $3 to $6
xxxGLKxxx: folds
Uncalled bet ($3) returned to scorpio04
scorpio04 collected $17.64 from pot
scorpio04: doesn't show hand
*** SUMMARY ***
Total pot $18 | Rake $0.36
Board [4d Td 2c]
Seat 4: xxxGLKxxx (button) (small blind) folded on the Flop
Seat 5: scorpio04 (big blind) collected ($17.64)


