PokerStars Hand #150560007113:  Hold'em Limit ($3/$6 USD) - 2016/03/18 17:37:03 ET
Table 'Aldebaran' 6-max Seat #4 is the button
Seat 2: TinaTurner72 ($130.35 in chips)
Seat 4: belik555 ($72 in chips)
belik555: posts small blind $1
TinaTurner72: posts big blind $3
*** HOLE CARDS ***
belik555: raises $3 to $6
TinaTurner72: folds
Uncalled bet ($3) returned to belik555
belik555 collected $6 from pot
belik555: doesn't show hand
*** SUMMARY ***
Total pot $6 | Rake $0
Seat 2: TinaTurner72 (big blind) folded before Flop
Seat 4: belik555 (button) (small blind) collected ($6)


PokerStars Hand #150562718519:  Hold'em Limit ($3/$6 USD) - 2016/03/18 18:26:26 ET
Table 'Aldebaran' 6-max Seat #2 is the button
Seat 2: 7moneymaster ($243 in chips)
Seat 6: JayEm82 ($281.99 in chips)
7moneymaster: posts small blind $1
JayEm82: posts big blind $3
*** HOLE CARDS ***
7moneymaster: raises $3 to $6
JayEm82: calls $3
*** FLOP *** [Js 6h 3s]
JayEm82: checks
xxpiperxx leaves the table
7moneymaster: bets $3
JayEm82: raises $3 to $6
7moneymaster: calls $3
*** TURN *** [Js 6h 3s] [9h]
JayEm82: bets $6
7moneymaster: calls $6
*** RIVER *** [Js 6h 3s 9h] [3d]
JayEm82: bets $6
7moneymaster: calls $6
*** SHOW DOWN ***
JayEm82: shows [Jd 8s] (two pair, Jacks and Threes)
7moneymaster: mucks hand
JayEm82 collected $47.50 from pot
*** SUMMARY ***
Total pot $48 | Rake $0.50
Board [Js 6h 3s 9h 3d]
Seat 2: 7moneymaster (button) (small blind) mucked
Seat 6: JayEm82 (big blind) showed [Jd 8s] and won ($47.50) with two pair, Jacks and Threes


