PokerStars Hand #145674786251:  Hold'em Limit ($3/$6 USD) - 2015/12/21 2:46:43 ET
Table 'Alderamin II' 2-max Seat #2 is the button
Seat 1: aremom4e ($113 in chips)
Seat 2: VolkovDmitri ($126.76 in chips)
VolkovDmitri: posts small blind $1
aremom4e: posts big blind $3
*** HOLE CARDS ***
VolkovDmitri: raises $3 to $6
aremom4e: calls $3
*** FLOP *** [9c 7s 6h]
aremom4e: checks
VolkovDmitri: checks
*** TURN *** [9c 7s 6h] [As]
aremom4e: bets $6
VolkovDmitri: calls $6
*** RIVER *** [9c 7s 6h As] [Ad]
aremom4e: checks
VolkovDmitri: checks
*** SHOW DOWN ***
aremom4e: shows [2h Jd] (a pair of Aces)
VolkovDmitri: shows [8c Qs] (a pair of Aces - Queen kicker)
VolkovDmitri collected $23.52 from pot
*** SUMMARY ***
Total pot $24 | Rake $0.48
Board [9c 7s 6h As Ad]
Seat 1: aremom4e (big blind) showed [2h Jd] and lost with a pair of Aces
Seat 2: VolkovDmitri (button) (small blind) showed [8c Qs] and won ($23.52) with a pair of Aces


PokerStars Hand #145674784819:  Hold'em Limit ($3/$6 USD) - 2015/12/21 2:46:38 ET
Table 'Alderamin II' 2-max Seat #1 is the button
Seat 1: aremom4e ($114 in chips)
Seat 2: VolkovDmitri ($125.76 in chips)
aremom4e: posts small blind $1
VolkovDmitri: posts big blind $3
*** HOLE CARDS ***
aremom4e: folds
Uncalled bet ($2) returned to VolkovDmitri
VolkovDmitri collected $2 from pot
VolkovDmitri: doesn't show hand
*** SUMMARY ***
Total pot $2 | Rake $0
Seat 1: aremom4e (button) (small blind) folded before Flop
Seat 2: VolkovDmitri (big blind) collected ($2)


PokerStars Hand #145674776413:  Hold'em Limit ($3/$6 USD) - 2015/12/21 2:46:08 ET
Table 'Alderamin II' 2-max Seat #2 is the button
Seat 1: aremom4e ($120 in chips)
Seat 2: VolkovDmitri ($120 in chips)
VolkovDmitri: posts small blind $1
aremom4e: posts big blind $3
*** HOLE CARDS ***
VolkovDmitri: raises $3 to $6
aremom4e: calls $3
*** FLOP *** [7h Ad 2h]
aremom4e: checks
VolkovDmitri: bets $3
aremom4e: folds
Uncalled bet ($3) returned to VolkovDmitri
VolkovDmitri collected $11.76 from pot
VolkovDmitri: doesn't show hand
*** SUMMARY ***
Total pot $12 | Rake $0.24
Board [7h Ad 2h]
Seat 1: aremom4e (big blind) folded on the Flop
Seat 2: VolkovDmitri (button) (small blind) collected ($11.76)


PokerStars Hand #145674813096:  Hold'em Limit ($3/$6 USD) - 2015/12/21 2:48:19 ET
Table 'Alderamin II' 2-max Seat #1 is the button
Seat 1: aremom4e ($93 in chips)
Seat 2: VolkovDmitri ($145.92 in chips)
aremom4e: posts small blind $1
VolkovDmitri: posts big blind $3
*** HOLE CARDS ***
aremom4e: folds
Uncalled bet ($2) returned to VolkovDmitri
VolkovDmitri collected $2 from pot
VolkovDmitri: doesn't show hand
*** SUMMARY ***
Total pot $2 | Rake $0
Seat 1: aremom4e (button) (small blind) folded before Flop
Seat 2: VolkovDmitri (big blind) collected ($2)


PokerStars Hand #145674807567:  Hold'em Limit ($3/$6 USD) - 2015/12/21 2:47:59 ET
Table 'Alderamin II' 2-max Seat #2 is the button
Seat 1: aremom4e ($92 in chips)
Seat 2: VolkovDmitri ($146.92 in chips)
VolkovDmitri: posts small blind $1
aremom4e: posts big blind $3
*** HOLE CARDS ***
VolkovDmitri: folds
Uncalled bet ($2) returned to aremom4e
aremom4e collected $2 from pot
aremom4e: doesn't show hand
*** SUMMARY ***
Total pot $2 | Rake $0
Seat 1: aremom4e (big blind) collected ($2)
Seat 2: VolkovDmitri (button) (small blind) folded before Flop


PokerStars Hand #145674798363:  Hold'em Limit ($3/$6 USD) - 2015/12/21 2:47:26 ET
Table 'Alderamin II' 2-max Seat #1 is the button
Seat 1: aremom4e ($101 in chips)
Seat 2: VolkovDmitri ($138.28 in chips)
aremom4e: posts small blind $1
VolkovDmitri: posts big blind $3
*** HOLE CARDS ***
aremom4e: raises $3 to $6
VolkovDmitri: raises $3 to $9
aremom4e: calls $3
*** FLOP *** [Th Qc 6d]
VolkovDmitri: bets $3
aremom4e: folds
Uncalled bet ($3) returned to VolkovDmitri
VolkovDmitri collected $17.64 from pot
VolkovDmitri: doesn't show hand
*** SUMMARY ***
Total pot $18 | Rake $0.36
Board [Th Qc 6d]
Seat 1: aremom4e (button) (small blind) folded on the Flop
Seat 2: VolkovDmitri (big blind) collected ($17.64)


PokerStars Hand #145674821396:  Hold'em Limit ($3/$6 USD) - 2015/12/21 2:48:49 ET
Table 'Alderamin II' 2-max Seat #1 is the button
Seat 1: aremom4e ($100.64 in chips)
Seat 2: VolkovDmitri ($137.92 in chips)
aremom4e: posts small blind $1
VolkovDmitri: posts big blind $3
*** HOLE CARDS ***
aremom4e: raises $3 to $6
VolkovDmitri: calls $3
*** FLOP *** [4c 6s 2c]
VolkovDmitri: bets $3
aremom4e: calls $3
*** TURN *** [4c 6s 2c] [5c]
VolkovDmitri: checks
aremom4e: bets $6
VolkovDmitri: calls $6
*** RIVER *** [4c 6s 2c 5c] [6h]
VolkovDmitri: checks
aremom4e: checks
*** SHOW DOWN ***
VolkovDmitri: shows [Qc 2h] (two pair, Sixes and Deuces)
aremom4e: mucks hand
VolkovDmitri collected $29.50 from pot
*** SUMMARY ***
Total pot $30 | Rake $0.50
Board [4c 6s 2c 5c 6h]
Seat 1: aremom4e (button) (small blind) mucked
Seat 2: VolkovDmitri (big blind) showed [Qc 2h] and won ($29.50) with two pair, Sixes and Deuces


PokerStars Hand #145674814619:  Hold'em Limit ($3/$6 USD) - 2015/12/21 2:48:24 ET
Table 'Alderamin II' 2-max Seat #2 is the button
Seat 1: aremom4e ($92 in chips)
Seat 2: VolkovDmitri ($146.92 in chips)
VolkovDmitri: posts small blind $1
aremom4e: posts big blind $3
*** HOLE CARDS ***
VolkovDmitri: raises $3 to $6
aremom4e: raises $3 to $9
VolkovDmitri: calls $3
*** FLOP *** [Ac Jc 6c]
aremom4e: bets $3
VolkovDmitri: folds
Uncalled bet ($3) returned to aremom4e
aremom4e collected $17.64 from pot
aremom4e: doesn't show hand
*** SUMMARY ***
Total pot $18 | Rake $0.36
Board [Ac Jc 6c]
Seat 1: aremom4e (big blind) collected ($17.64)
Seat 2: VolkovDmitri (button) (small blind) folded on the Flop


PokerStars Hand #145674844324:  Hold'em Limit ($3/$6 USD) - 2015/12/21 2:50:11 ET
Table 'Alderamin II' 2-max Seat #1 is the button
Seat 1: aremom4e ($94.28 in chips)
Seat 2: VolkovDmitri ($143.42 in chips)
aremom4e: posts small blind $1
VolkovDmitri: posts big blind $3
*** HOLE CARDS ***
aremom4e: calls $2
VolkovDmitri: checks
*** FLOP *** [3s 8s Tc]
VolkovDmitri: checks
aremom4e: bets $3
VolkovDmitri: folds
Uncalled bet ($3) returned to aremom4e
aremom4e collected $5.88 from pot
aremom4e: doesn't show hand
*** SUMMARY ***
Total pot $6 | Rake $0.12
Board [3s 8s Tc]
Seat 1: aremom4e (button) (small blind) collected ($5.88)
Seat 2: VolkovDmitri (big blind) folded on the Flop


PokerStars Hand #145674833006:  Hold'em Limit ($3/$6 USD) - 2015/12/21 2:49:30 ET
Table 'Alderamin II' 2-max Seat #2 is the button
Seat 1: aremom4e ($85.64 in chips)
Seat 2: VolkovDmitri ($152.42 in chips)
VolkovDmitri: posts small blind $1
aremom4e: posts big blind $3
*** HOLE CARDS ***
VolkovDmitri: raises $3 to $6
aremom4e: calls $3
*** FLOP *** [8d 2c 7s]
aremom4e: checks
VolkovDmitri: bets $3
aremom4e: calls $3
*** TURN *** [8d 2c 7s] [As]
aremom4e: checks
VolkovDmitri: checks
*** RIVER *** [8d 2c 7s As] [4c]
aremom4e: bets $6
VolkovDmitri: folds
Uncalled bet ($6) returned to aremom4e
aremom4e collected $17.64 from pot
aremom4e: doesn't show hand
*** SUMMARY ***
Total pot $18 | Rake $0.36
Board [8d 2c 7s As 4c]
Seat 1: aremom4e (big blind) collected ($17.64)
Seat 2: VolkovDmitri (button) (small blind) folded on the River


PokerStars Hand #145674850143:  Hold'em Limit ($3/$6 USD) - 2015/12/21 2:50:32 ET
Table 'Alderamin II' 2-max Seat #2 is the button
Seat 1: aremom4e ($97.16 in chips)
Seat 2: VolkovDmitri ($140.42 in chips)
VolkovDmitri: posts small blind $1
aremom4e: posts big blind $3
*** HOLE CARDS ***
VolkovDmitri: raises $3 to $6
aremom4e: calls $3
*** FLOP *** [6h 7h 3h]
aremom4e: checks
VolkovDmitri: bets $3
aremom4e: calls $3
*** TURN *** [6h 7h 3h] [Jc]
aremom4e: checks
VolkovDmitri: checks
*** RIVER *** [6h 7h 3h Jc] [4s]
aremom4e: bets $6
VolkovDmitri: calls $6
*** SHOW DOWN ***
aremom4e: shows [8d 5c] (a straight, Four to Eight)
VolkovDmitri: mucks hand
aremom4e collected $29.50 from pot
*** SUMMARY ***
Total pot $30 | Rake $0.50
Board [6h 7h 3h Jc 4s]
Seat 1: aremom4e (big blind) showed [8d 5c] and won ($29.50) with a straight, Four to Eight
Seat 2: VolkovDmitri (button) (small blind) mucked


PokerStars Hand #145674860038:  Hold'em Limit ($3/$6 USD) - 2015/12/21 2:51:07 ET
Table 'Alderamin II' 2-max Seat #2 is the button
Seat 1: aremom4e ($102.66 in chips)
Seat 2: VolkovDmitri ($134.06 in chips)
VolkovDmitri: posts small blind $1
aremom4e: posts big blind $3
*** HOLE CARDS ***
VolkovDmitri: raises $3 to $6
aremom4e: calls $3
*** FLOP *** [9d Qc 3c]
aremom4e: checks
VolkovDmitri: bets $3
aremom4e: folds
Uncalled bet ($3) returned to VolkovDmitri
VolkovDmitri collected $11.76 from pot
VolkovDmitri: doesn't show hand
*** SUMMARY ***
Total pot $12 | Rake $0.24
Board [9d Qc 3c]
Seat 1: aremom4e (big blind) folded on the Flop
Seat 2: VolkovDmitri (button) (small blind) collected ($11.76)


PokerStars Hand #145674856723:  Hold'em Limit ($3/$6 USD) - 2015/12/21 2:50:55 ET
Table 'Alderamin II' 2-max Seat #1 is the button
Seat 1: aremom4e ($111.66 in chips)
Seat 2: VolkovDmitri ($125.42 in chips)
aremom4e: posts small blind $1
VolkovDmitri: posts big blind $3
*** HOLE CARDS ***
aremom4e: raises $3 to $6
VolkovDmitri: calls $3
*** FLOP *** [3s 7s 6c]
VolkovDmitri: bets $3
aremom4e: calls $3
*** TURN *** [3s 7s 6c] [6s]
VolkovDmitri: bets $6
aremom4e: folds
Uncalled bet ($6) returned to VolkovDmitri
VolkovDmitri collected $17.64 from pot
VolkovDmitri: doesn't show hand
*** SUMMARY ***
Total pot $18 | Rake $0.36
Board [3s 7s 6c 6s]
Seat 1: aremom4e (button) (small blind) folded on the Turn
Seat 2: VolkovDmitri (big blind) collected ($17.64)


PokerStars Hand #145674863469:  Hold'em Limit ($3/$6 USD) - 2015/12/21 2:51:19 ET
Table 'Alderamin II' 2-max Seat #1 is the button
Seat 1: aremom4e ($96.66 in chips)
Seat 2: VolkovDmitri ($139.82 in chips)
aremom4e: posts small blind $1
VolkovDmitri: posts big blind $3
*** HOLE CARDS ***
aremom4e: raises $3 to $6
VolkovDmitri: calls $3
*** FLOP *** [Ad Ac 2c]
VolkovDmitri: checks
aremom4e: bets $3
VolkovDmitri: calls $3
*** TURN *** [Ad Ac 2c] [7s]
VolkovDmitri: checks
aremom4e: bets $6
VolkovDmitri: folds
Uncalled bet ($6) returned to aremom4e
aremom4e collected $17.64 from pot
aremom4e: doesn't show hand
*** SUMMARY ***
Total pot $18 | Rake $0.36
Board [Ad Ac 2c 7s]
Seat 1: aremom4e (button) (small blind) collected ($17.64)
Seat 2: VolkovDmitri (big blind) folded on the Turn


PokerStars Hand #145674873036:  Hold'em Limit ($3/$6 USD) - 2015/12/21 2:51:54 ET
Table 'Alderamin II' 2-max Seat #2 is the button
Seat 1: aremom4e ($105.30 in chips)
Seat 2: VolkovDmitri ($130.82 in chips)
VolkovDmitri: posts small blind $1
aremom4e: posts big blind $3
*** HOLE CARDS ***
VolkovDmitri: raises $3 to $6
aremom4e: calls $3
*** FLOP *** [6s Ts 2h]
aremom4e: checks
VolkovDmitri: bets $3
aremom4e: raises $3 to $6
VolkovDmitri: calls $3
*** TURN *** [6s Ts 2h] [9d]
aremom4e: bets $6
VolkovDmitri: calls $6
*** RIVER *** [6s Ts 2h 9d] [6h]
aremom4e: checks
VolkovDmitri: bets $6
aremom4e: calls $6
*** SHOW DOWN ***
VolkovDmitri: shows [5h 6c] (three of a kind, Sixes)
aremom4e: mucks hand
VolkovDmitri collected $47.50 from pot
*** SUMMARY ***
Total pot $48 | Rake $0.50
Board [6s Ts 2h 9d 6h]
Seat 1: aremom4e (big blind) mucked
Seat 2: VolkovDmitri (button) (small blind) showed [5h 6c] and won ($47.50) with three of a kind, Sixes


PokerStars Hand #145674889827:  Hold'em Limit ($3/$6 USD) - 2015/12/21 2:52:54 ET
Table 'Alderamin II' 2-max Seat #2 is the button
Seat 1: aremom4e ($66.30 in chips)
Seat 2: VolkovDmitri ($168.82 in chips)
VolkovDmitri: posts small blind $1
aremom4e: posts big blind $3
*** HOLE CARDS ***
VolkovDmitri: raises $3 to $6
aremom4e: calls $3
*** FLOP *** [Th Ks 2s]
aremom4e: checks
VolkovDmitri: bets $3
aremom4e: folds
Uncalled bet ($3) returned to VolkovDmitri
VolkovDmitri collected $11.76 from pot
VolkovDmitri: doesn't show hand
*** SUMMARY ***
Total pot $12 | Rake $0.24
Board [Th Ks 2s]
Seat 1: aremom4e (big blind) folded on the Flop
Seat 2: VolkovDmitri (button) (small blind) collected ($11.76)


PokerStars Hand #145674883949:  Hold'em Limit ($3/$6 USD) - 2015/12/21 2:52:33 ET
Table 'Alderamin II' 2-max Seat #1 is the button
Seat 1: aremom4e ($81.30 in chips)
Seat 2: VolkovDmitri ($154.32 in chips)
aremom4e: posts small blind $1
VolkovDmitri: posts big blind $3
*** HOLE CARDS ***
aremom4e: raises $3 to $6
VolkovDmitri: calls $3
*** FLOP *** [6h 8s 4c]
VolkovDmitri: bets $3
aremom4e: calls $3
*** TURN *** [6h 8s 4c] [2s]
VolkovDmitri: bets $6
aremom4e: calls $6
*** RIVER *** [6h 8s 4c 2s] [4s]
VolkovDmitri: bets $6
aremom4e: folds
Uncalled bet ($6) returned to VolkovDmitri
VolkovDmitri collected $29.50 from pot
VolkovDmitri: doesn't show hand
*** SUMMARY ***
Total pot $30 | Rake $0.50
Board [6h 8s 4c 2s 4s]
Seat 1: aremom4e (button) (small blind) folded on the River
Seat 2: VolkovDmitri (big blind) collected ($29.50)


PokerStars Hand #145674893640:  Hold'em Limit ($3/$6 USD) - 2015/12/21 2:53:08 ET
Table 'Alderamin II' 2-max Seat #1 is the button
Seat 1: aremom4e ($60.30 in chips)
Seat 2: VolkovDmitri ($174.58 in chips)
aremom4e: posts small blind $1
VolkovDmitri: posts big blind $3
*** HOLE CARDS ***
aremom4e: raises $3 to $6
VolkovDmitri: raises $3 to $9
aremom4e: calls $3
*** FLOP *** [Qh 4d 5c]
VolkovDmitri: bets $3
aremom4e: calls $3
*** TURN *** [Qh 4d 5c] [6c]
VolkovDmitri: bets $6
aremom4e: folds
Uncalled bet ($6) returned to VolkovDmitri
VolkovDmitri collected $23.52 from pot
VolkovDmitri: doesn't show hand
*** SUMMARY ***
Total pot $24 | Rake $0.48
Board [Qh 4d 5c 6c]
Seat 1: aremom4e (button) (small blind) folded on the Turn
Seat 2: VolkovDmitri (big blind) collected ($23.52)


PokerStars Hand #145674897773:  Hold'em Limit ($3/$6 USD) - 2015/12/21 2:53:23 ET
Table 'Alderamin II' 2-max Seat #2 is the button
Seat 1: aremom4e ($48.30 in chips)
Seat 2: VolkovDmitri ($186.10 in chips)
VolkovDmitri: posts small blind $1
aremom4e: posts big blind $3
*** HOLE CARDS ***
VolkovDmitri: raises $3 to $6
aremom4e: folds
Uncalled bet ($3) returned to VolkovDmitri
VolkovDmitri collected $6 from pot
VolkovDmitri: doesn't show hand
*** SUMMARY ***
Total pot $6 | Rake $0
Seat 1: aremom4e (big blind) folded before Flop
Seat 2: VolkovDmitri (button) (small blind) collected ($6)


PokerStars Hand #145674902739:  Hold'em Limit ($3/$6 USD) - 2015/12/21 2:53:41 ET
Table 'Alderamin II' 2-max Seat #2 is the button
Seat 1: aremom4e ($36.30 in chips)
Seat 2: VolkovDmitri ($197.74 in chips)
VolkovDmitri: posts small blind $1
aremom4e: posts big blind $3
*** HOLE CARDS ***
VolkovDmitri: raises $3 to $6
aremom4e: calls $3
*** FLOP *** [5d Qd Tc]
aremom4e: checks
VolkovDmitri: bets $3
aremom4e: raises $3 to $6
VolkovDmitri: calls $3
*** TURN *** [5d Qd Tc] [2s]
aremom4e: bets $6
VolkovDmitri: calls $6
*** RIVER *** [5d Qd Tc 2s] [4c]
aremom4e: checks
VolkovDmitri: bets $6
aremom4e: folds
Uncalled bet ($6) returned to VolkovDmitri
VolkovDmitri collected $35.50 from pot
VolkovDmitri: doesn't show hand
*** SUMMARY ***
Total pot $36 | Rake $0.50
Board [5d Qd Tc 2s 4c]
Seat 1: aremom4e (big blind) folded on the River
Seat 2: VolkovDmitri (button) (small blind) collected ($35.50)


PokerStars Hand #145674899270:  Hold'em Limit ($3/$6 USD) - 2015/12/21 2:53:28 ET
Table 'Alderamin II' 2-max Seat #1 is the button
Seat 1: aremom4e ($45.30 in chips)
Seat 2: VolkovDmitri ($189.10 in chips)
aremom4e: posts small blind $1
VolkovDmitri: posts big blind $3
*** HOLE CARDS ***
aremom4e: raises $3 to $6
VolkovDmitri: raises $3 to $9
aremom4e: calls $3
*** FLOP *** [9d 4h 5s]
VolkovDmitri: bets $3
aremom4e: folds
Uncalled bet ($3) returned to VolkovDmitri
VolkovDmitri collected $17.64 from pot
VolkovDmitri: doesn't show hand
*** SUMMARY ***
Total pot $18 | Rake $0.36
Board [9d 4h 5s]
Seat 1: aremom4e (button) (small blind) folded on the Flop
Seat 2: VolkovDmitri (big blind) collected ($17.64)


PokerStars Hand #145674919781:  Hold'em Limit ($3/$6 USD) - 2015/12/21 2:54:42 ET
Table 'Alderamin II' 2-max Seat #2 is the button
Seat 1: aremom4e ($72.30 in chips)
Seat 2: VolkovDmitri ($221 in chips)
VolkovDmitri: posts small blind $1
aremom4e: posts big blind $3
*** HOLE CARDS ***
VolkovDmitri: raises $3 to $6
aremom4e: folds
Uncalled bet ($3) returned to VolkovDmitri
VolkovDmitri collected $6 from pot
VolkovDmitri: doesn't show hand
*** SUMMARY ***
Total pot $6 | Rake $0
Seat 1: aremom4e (big blind) folded before Flop
Seat 2: VolkovDmitri (button) (small blind) collected ($6)


PokerStars Hand #145674922480:  Hold'em Limit ($3/$6 USD) - 2015/12/21 2:54:51 ET
Table 'Alderamin II' 2-max Seat #1 is the button
Seat 1: aremom4e ($69.30 in chips)
Seat 2: VolkovDmitri ($224 in chips)
aremom4e: posts small blind $1
VolkovDmitri: posts big blind $3
*** HOLE CARDS ***
aremom4e: raises $3 to $6
VolkovDmitri: calls $3
*** FLOP *** [Ad 9d 8s]
VolkovDmitri: checks
aremom4e: bets $3
VolkovDmitri: calls $3
*** TURN *** [Ad 9d 8s] [9c]
VolkovDmitri: checks
aremom4e: bets $6
VolkovDmitri: folds
Uncalled bet ($6) returned to aremom4e
aremom4e collected $17.64 from pot
aremom4e: doesn't show hand
*** SUMMARY ***
Total pot $18 | Rake $0.36
Board [Ad 9d 8s 9c]
Seat 1: aremom4e (button) (small blind) collected ($17.64)
Seat 2: VolkovDmitri (big blind) folded on the Turn


PokerStars Hand #145674911755:  Hold'em Limit ($3/$6 USD) - 2015/12/21 2:54:13 ET
Table 'Alderamin II' 2-max Seat #1 is the button
Seat 1: aremom4e ($18.30 in chips)
Seat 2: VolkovDmitri ($215.24 in chips)
aremom4e: posts small blind $1
VolkovDmitri: posts big blind $3
*** HOLE CARDS ***
aremom4e: calls $2
VolkovDmitri: raises $3 to $6
aremom4e: calls $3
*** FLOP *** [Kh Kd Jh]
VolkovDmitri: checks
aremom4e: checks
*** TURN *** [Kh Kd Jh] [4d]
VolkovDmitri: bets $6
aremom4e: folds
Uncalled bet ($6) returned to VolkovDmitri
VolkovDmitri collected $11.76 from pot
VolkovDmitri: doesn't show hand
*** SUMMARY ***
Total pot $12 | Rake $0.24
Board [Kh Kd Jh 4d]
Seat 1: aremom4e (button) (small blind) folded on the Turn
Seat 2: VolkovDmitri (big blind) collected ($11.76)


PokerStars Hand #145674931393:  Hold'em Limit ($3/$6 USD) - 2015/12/21 2:55:27 ET
Table 'Alderamin II' 2-max Seat #2 is the button
Seat 1: aremom4e ($77.94 in chips)
Seat 2: VolkovDmitri ($215 in chips)
VolkovDmitri: posts small blind $1
aremom4e: posts big blind $3
*** HOLE CARDS ***
VolkovDmitri: raises $3 to $6
aremom4e: calls $3
*** FLOP *** [Tc 5s 3c]
aremom4e: checks
VolkovDmitri: bets $3
aremom4e: calls $3
*** TURN *** [Tc 5s 3c] [7d]
aremom4e: checks
VolkovDmitri: checks
*** RIVER *** [Tc 5s 3c 7d] [6d]
aremom4e: bets $6
VolkovDmitri: folds
Uncalled bet ($6) returned to aremom4e
aremom4e collected $17.64 from pot
aremom4e: doesn't show hand
*** SUMMARY ***
Total pot $18 | Rake $0.36
Board [Tc 5s 3c 7d 6d]
Seat 1: aremom4e (big blind) collected ($17.64)
Seat 2: VolkovDmitri (button) (small blind) folded on the River


PokerStars Hand #145674935513:  Hold'em Limit ($3/$6 USD) - 2015/12/21 2:55:45 ET
Table 'Alderamin II' 2-max Seat #1 is the button
Seat 1: aremom4e ($86.58 in chips)
Seat 2: VolkovDmitri ($206 in chips)
aremom4e: posts small blind $1
VolkovDmitri: posts big blind $3
*** HOLE CARDS ***
aremom4e: raises $3 to $6
VolkovDmitri: raises $3 to $9
aremom4e: calls $3
*** FLOP *** [6h 9c Ah]
VolkovDmitri: bets $3
aremom4e: calls $3
*** TURN *** [6h 9c Ah] [Th]
VolkovDmitri: checks
aremom4e: checks
*** RIVER *** [6h 9c Ah Th] [8h]
VolkovDmitri: checks
aremom4e: checks
*** SHOW DOWN ***
VolkovDmitri: shows [Kd Jd] (high card Ace)
aremom4e: shows [9d Js] (a pair of Nines)
aremom4e collected $23.52 from pot
*** SUMMARY ***
Total pot $24 | Rake $0.48
Board [6h 9c Ah Th 8h]
Seat 1: aremom4e (button) (small blind) showed [9d Js] and won ($23.52) with a pair of Nines
Seat 2: VolkovDmitri (big blind) showed [Kd Jd] and lost with high card Ace


PokerStars Hand #145674940851:  Hold'em Limit ($3/$6 USD) - 2015/12/21 2:56:07 ET
Table 'Alderamin II' 2-max Seat #2 is the button
Seat 1: aremom4e ($98.10 in chips)
Seat 2: VolkovDmitri ($194 in chips)
VolkovDmitri: posts small blind $1
aremom4e: posts big blind $3
*** HOLE CARDS ***
VolkovDmitri: raises $3 to $6
aremom4e: calls $3
*** FLOP *** [Th 9c 3c]
aremom4e: checks
VolkovDmitri: bets $3
aremom4e: calls $3
*** TURN *** [Th 9c 3c] [Kd]
aremom4e: checks
VolkovDmitri: checks
*** RIVER *** [Th 9c 3c Kd] [6c]
aremom4e: checks
VolkovDmitri: bets $6
aremom4e: folds
Uncalled bet ($6) returned to VolkovDmitri
VolkovDmitri collected $17.64 from pot
VolkovDmitri: doesn't show hand
*** SUMMARY ***
Total pot $18 | Rake $0.36
Board [Th 9c 3c Kd 6c]
Seat 1: aremom4e (big blind) folded on the River
Seat 2: VolkovDmitri (button) (small blind) collected ($17.64)


