PokerStars Hand #144847384709:  Hold'em Limit ($3/$6 USD) - 2015/12/05 3:58:56 ET
Table 'Aldhanab' 6-max Seat #1 is the button
Seat 1: ChawkDee ($120 in chips)
Seat 4: Agrotait ($72 in chips)
ChawkDee: posts small blind $1
Agrotait: posts big blind $3
*** HOLE CARDS ***
ChawkDee: raises $3 to $6
Agrotait: calls $3
*** FLOP *** [Qh 5s 3c]
Agrotait: checks
ChawkDee: bets $3
Agrotait: folds
Uncalled bet ($3) returned to ChawkDee
ChawkDee collected $11.76 from pot
ChawkDee: doesn't show hand
*** SUMMARY ***
Total pot $12 | Rake $0.24
Board [Qh 5s 3c]
Seat 1: ChawkDee (button) (small blind) collected ($11.76)
Seat 4: Agrotait (big blind) folded on the Flop


PokerStars Hand #144847398161:  Hold'em Limit ($3/$6 USD) - 2015/12/05 3:59:40 ET
Table 'Aldhanab' 6-max Seat #4 is the button
Seat 1: ChawkDee ($125.76 in chips)
Seat 4: Agrotait ($66 in chips)
Agrotait: posts small blind $1
ChawkDee: posts big blind $3
*** HOLE CARDS ***
Agrotait: raises $3 to $6
ChawkDee: folds
Uncalled bet ($3) returned to Agrotait
Agrotait collected $6 from pot
Agrotait: doesn't show hand
*** SUMMARY ***
Total pot $6 | Rake $0
Seat 1: ChawkDee (big blind) folded before Flop
Seat 4: Agrotait (button) (small blind) collected ($6)


PokerStars Hand #144847417711:  Hold'em Limit ($3/$6 USD) - 2015/12/05 4:00:39 ET
Table 'Aldhanab' 6-max Seat #4 is the button
Seat 1: ChawkDee ($113.76 in chips)
Seat 4: Agrotait ($77.64 in chips)
Agrotait: posts small blind $1
ChawkDee: posts big blind $3
*** HOLE CARDS ***
Agrotait: raises $3 to $6
ChawkDee: folds
Uncalled bet ($3) returned to Agrotait
Agrotait collected $6 from pot
Agrotait: doesn't show hand
*** SUMMARY ***
Total pot $6 | Rake $0
Seat 1: ChawkDee (big blind) folded before Flop
Seat 4: Agrotait (button) (small blind) collected ($6)


PokerStars Hand #144847421198:  Hold'em Limit ($3/$6 USD) - 2015/12/05 4:00:50 ET
Table 'Aldhanab' 6-max Seat #1 is the button
Seat 1: ChawkDee ($110.76 in chips)
Seat 4: Agrotait ($80.64 in chips)
ChawkDee: posts small blind $1
Agrotait: posts big blind $3
*** HOLE CARDS ***
ChawkDee: folds
Uncalled bet ($2) returned to Agrotait
Agrotait collected $2 from pot
Agrotait: doesn't show hand
*** SUMMARY ***
Total pot $2 | Rake $0
Seat 1: ChawkDee (button) (small blind) folded before Flop
Seat 4: Agrotait (big blind) collected ($2)


PokerStars Hand #144847423039:  Hold'em Limit ($3/$6 USD) - 2015/12/05 4:00:55 ET
Table 'Aldhanab' 6-max Seat #4 is the button
Seat 1: ChawkDee ($109.76 in chips)
Seat 4: Agrotait ($81.64 in chips)
Agrotait: posts small blind $1
ChawkDee: posts big blind $3
*** HOLE CARDS ***
Agrotait: raises $3 to $6
ChawkDee: raises $3 to $9
Agrotait: calls $3
*** FLOP *** [Kd 2h Td]
ChawkDee: bets $3
Agrotait: calls $3
*** TURN *** [Kd 2h Td] [6h]
ChawkDee: bets $6
Agrotait: calls $6
*** RIVER *** [Kd 2h Td 6h] [8s]
ChawkDee: bets $6
Agrotait: folds
Uncalled bet ($6) returned to ChawkDee
ChawkDee collected $35.50 from pot
ChawkDee: doesn't show hand
*** SUMMARY ***
Total pot $36 | Rake $0.50
Board [Kd 2h Td 6h 8s]
Seat 1: ChawkDee (big blind) collected ($35.50)
Seat 4: Agrotait (button) (small blind) folded on the River


PokerStars Hand #144847432684:  Hold'em Limit ($3/$6 USD) - 2015/12/05 4:01:23 ET
Table 'Aldhanab' 6-max Seat #1 is the button
Seat 1: ChawkDee ($127.26 in chips)
Seat 4: Agrotait ($63.64 in chips)
ChawkDee: posts small blind $1
Agrotait: posts big blind $3
*** HOLE CARDS ***
ChawkDee: folds
Uncalled bet ($2) returned to Agrotait
Agrotait collected $2 from pot
Agrotait: doesn't show hand
*** SUMMARY ***
Total pot $2 | Rake $0
Seat 1: ChawkDee (button) (small blind) folded before Flop
Seat 4: Agrotait (big blind) collected ($2)


PokerStars Hand #144847435074:  Hold'em Limit ($3/$6 USD) - 2015/12/05 4:01:30 ET
Table 'Aldhanab' 6-max Seat #4 is the button
Seat 1: ChawkDee ($126.26 in chips)
Seat 4: Agrotait ($64.64 in chips)
Agrotait: posts small blind $1
ChawkDee: posts big blind $3
*** HOLE CARDS ***
Agrotait: raises $3 to $6
ChawkDee: calls $3
*** FLOP *** [Jd 8c Qc]
ChawkDee: checks
Agrotait: bets $3
ChawkDee: raises $3 to $6
Agrotait: calls $3
*** TURN *** [Jd 8c Qc] [9d]
ChawkDee: checks
Agrotait: checks
*** RIVER *** [Jd 8c Qc 9d] [Th]
ChawkDee: checks
Agrotait: checks
*** SHOW DOWN ***
ChawkDee: shows [4c 6c] (a straight, Eight to Queen)
Agrotait: shows [9h 8h] (a straight, Eight to Queen)
ChawkDee collected $11.76 from pot
Agrotait collected $11.76 from pot
*** SUMMARY ***
Total pot $24 | Rake $0.48
Board [Jd 8c Qc 9d Th]
Seat 1: ChawkDee (big blind) showed [4c 6c] and won ($11.76) with a straight, Eight to Queen
Seat 4: Agrotait (button) (small blind) showed [9h 8h] and won ($11.76) with a straight, Eight to Queen


PokerStars Hand #144847476320:  Hold'em Limit ($3/$6 USD) - 2015/12/05 4:03:23 ET
Table 'Aldhanab' 6-max Seat #4 is the button
Seat 1: ChawkDee ($152.52 in chips)
Seat 4: Agrotait ($72 in chips)
Agrotait: posts small blind $1
ChawkDee: posts big blind $3
*** HOLE CARDS ***
Agrotait: raises $3 to $6
ChawkDee: folds
Uncalled bet ($3) returned to Agrotait
Agrotait collected $6 from pot
Agrotait: doesn't show hand
*** SUMMARY ***
Total pot $6 | Rake $0
Seat 1: ChawkDee (big blind) folded before Flop
Seat 4: Agrotait (button) (small blind) collected ($6)


PokerStars Hand #144847489812:  Hold'em Limit ($3/$6 USD) - 2015/12/05 4:04:00 ET
Table 'Aldhanab' 6-max Seat #1 is the button
Seat 1: ChawkDee ($160.04 in chips)
Seat 4: Agrotait ($64 in chips)
ChawkDee: posts small blind $1
Agrotait: posts big blind $3
*** HOLE CARDS ***
ChawkDee: folds
Uncalled bet ($2) returned to Agrotait
Agrotait collected $2 from pot
Agrotait: doesn't show hand
*** SUMMARY ***
Total pot $2 | Rake $0
Seat 1: ChawkDee (button) (small blind) folded before Flop
Seat 4: Agrotait (big blind) collected ($2)


PokerStars Hand #144847482962:  Hold'em Limit ($3/$6 USD) - 2015/12/05 4:03:41 ET
Table 'Aldhanab' 6-max Seat #4 is the button
Seat 1: ChawkDee ($148.52 in chips)
Seat 4: Agrotait ($76 in chips)
Agrotait: posts small blind $1
ChawkDee: posts big blind $3
*** HOLE CARDS ***
Agrotait: raises $3 to $6
ChawkDee: calls $3
*** FLOP *** [Ah Kc Th]
ChawkDee: checks
Agrotait: checks
*** TURN *** [Ah Kc Th] [6h]
ChawkDee: bets $6
Agrotait: calls $6
*** RIVER *** [Ah Kc Th 6h] [8h]
ChawkDee: checks
Agrotait: checks
*** SHOW DOWN ***
ChawkDee: shows [2s Kh] (a flush, Ace high)
Agrotait: mucks hand
ChawkDee collected $23.52 from pot
*** SUMMARY ***
Total pot $24 | Rake $0.48
Board [Ah Kc Th 6h 8h]
Seat 1: ChawkDee (big blind) showed [2s Kh] and won ($23.52) with a flush, Ace high
Seat 4: Agrotait (button) (small blind) mucked


PokerStars Hand #144847479816:  Hold'em Limit ($3/$6 USD) - 2015/12/05 4:03:33 ET
Table 'Aldhanab' 6-max Seat #1 is the button
Seat 1: ChawkDee ($149.52 in chips)
Seat 4: Agrotait ($75 in chips)
ChawkDee: posts small blind $1
Agrotait: posts big blind $3
*** HOLE CARDS ***
ChawkDee: folds
Uncalled bet ($2) returned to Agrotait
Agrotait collected $2 from pot
Agrotait: doesn't show hand
*** SUMMARY ***
Total pot $2 | Rake $0
Seat 1: ChawkDee (button) (small blind) folded before Flop
Seat 4: Agrotait (big blind) collected ($2)


PokerStars Hand #144847503817:  Hold'em Limit ($3/$6 USD) - 2015/12/05 4:04:37 ET
Table 'Aldhanab' 6-max Seat #1 is the button
Seat 1: ChawkDee ($138.04 in chips)
Seat 4: Agrotait ($85.50 in chips)
ChawkDee: posts small blind $1
Agrotait: posts big blind $3
*** HOLE CARDS ***
ChawkDee: raises $3 to $6
Agrotait: calls $3
*** FLOP *** [6s 8d 3d]
Agrotait: checks
ChawkDee: checks
*** TURN *** [6s 8d 3d] [Td]
Agrotait: bets $6
ChawkDee: calls $6
*** RIVER *** [6s 8d 3d Td] [Qd]
Agrotait: checks
ChawkDee: checks
*** SHOW DOWN ***
Agrotait: shows [8h 3h] (two pair, Eights and Threes)
ChawkDee: mucks hand
Agrotait collected $23.52 from pot
*** SUMMARY ***
Total pot $24 | Rake $0.48
Board [6s 8d 3d Td Qd]
Seat 1: ChawkDee (button) (small blind) mucked
Seat 4: Agrotait (big blind) showed [8h 3h] and won ($23.52) with two pair, Eights and Threes


PokerStars Hand #144847491864:  Hold'em Limit ($3/$6 USD) - 2015/12/05 4:04:05 ET
Table 'Aldhanab' 6-max Seat #4 is the button
Seat 1: ChawkDee ($159.04 in chips)
Seat 4: Agrotait ($65 in chips)
Agrotait: posts small blind $1
ChawkDee: posts big blind $3
*** HOLE CARDS ***
Agrotait: raises $3 to $6
ChawkDee: calls $3
*** FLOP *** [Ah Jd 6d]
ChawkDee: checks
Agrotait: bets $3
ChawkDee: calls $3
*** TURN *** [Ah Jd 6d] [3s]
ChawkDee: checks
Agrotait: bets $6
ChawkDee: calls $6
*** RIVER *** [Ah Jd 6d 3s] [4h]
ChawkDee: checks
Agrotait: bets $6
ChawkDee: calls $6
*** SHOW DOWN ***
Agrotait: shows [Ac 6c] (two pair, Aces and Sixes)
ChawkDee: mucks hand
Agrotait collected $41.50 from pot
*** SUMMARY ***
Total pot $42 | Rake $0.50
Board [Ah Jd 6d 3s 4h]
Seat 1: ChawkDee (big blind) mucked
Seat 4: Agrotait (button) (small blind) showed [Ac 6c] and won ($41.50) with two pair, Aces and Sixes


PokerStars Hand #144847515801:  Hold'em Limit ($3/$6 USD) - 2015/12/05 4:05:10 ET
Table 'Aldhanab' 6-max Seat #4 is the button
Seat 1: ChawkDee ($126.04 in chips)
Seat 4: Agrotait ($97.02 in chips)
Agrotait: posts small blind $1
ChawkDee: posts big blind $3
*** HOLE CARDS ***
Agrotait: raises $3 to $6
ChawkDee said, "lol"
ChawkDee said, "fkn fish"
ChawkDee: calls $3
*** FLOP *** [Td 6s 2c]
ChawkDee: checks
Agrotait: bets $3
ChawkDee: folds
Uncalled bet ($3) returned to Agrotait
Agrotait collected $11.76 from pot
Agrotait: doesn't show hand
*** SUMMARY ***
Total pot $12 | Rake $0.24
Board [Td 6s 2c]
Seat 1: ChawkDee (big blind) folded on the Flop
Seat 4: Agrotait (button) (small blind) collected ($11.76)


PokerStars Hand #144847529374:  Hold'em Limit ($3/$6 USD) - 2015/12/05 4:05:47 ET
Table 'Aldhanab' 6-max Seat #4 is the button
Seat 1: ChawkDee ($111.04 in chips)
Seat 4: Agrotait ($111.42 in chips)
Agrotait: posts small blind $1
ChawkDee: posts big blind $3
*** HOLE CARDS ***
Agrotait: raises $3 to $6
ChawkDee: folds
Uncalled bet ($3) returned to Agrotait
Agrotait collected $6 from pot
Agrotait: doesn't show hand
*** SUMMARY ***
Total pot $6 | Rake $0
Seat 1: ChawkDee (big blind) folded before Flop
Seat 4: Agrotait (button) (small blind) collected ($6)


PokerStars Hand #144847522779:  Hold'em Limit ($3/$6 USD) - 2015/12/05 4:05:29 ET
Table 'Aldhanab' 6-max Seat #1 is the button
Seat 1: ChawkDee ($120.04 in chips)
Seat 4: Agrotait ($102.78 in chips)
ChawkDee: posts small blind $1
Agrotait: posts big blind $3
*** HOLE CARDS ***
ChawkDee: raises $3 to $6
Agrotait: raises $3 to $9
ChawkDee: calls $3
*** FLOP *** [Qd 8c 3c]
Agrotait: bets $3
ChawkDee: folds
Uncalled bet ($3) returned to Agrotait
Agrotait collected $17.64 from pot
Agrotait: doesn't show hand
*** SUMMARY ***
Total pot $18 | Rake $0.36
Board [Qd 8c 3c]
Seat 1: ChawkDee (button) (small blind) folded on the Flop
Seat 4: Agrotait (big blind) collected ($17.64)


PokerStars Hand #144847553192:  Hold'em Limit ($3/$6 USD) - 2015/12/05 4:06:50 ET
Table 'Aldhanab' 6-max Seat #4 is the button
Seat 1: ChawkDee ($103.68 in chips)
Seat 4: Agrotait ($117.94 in chips)
Agrotait: posts small blind $1
ChawkDee: posts big blind $3
*** HOLE CARDS ***
Agrotait: raises $3 to $6
ChawkDee: folds
Uncalled bet ($3) returned to Agrotait
Agrotait collected $6 from pot
Agrotait: doesn't show hand
*** SUMMARY ***
Total pot $6 | Rake $0
Seat 1: ChawkDee (big blind) folded before Flop
Seat 4: Agrotait (button) (small blind) collected ($6)


PokerStars Hand #144847549661:  Hold'em Limit ($3/$6 USD) - 2015/12/05 4:06:41 ET
Table 'Aldhanab' 6-max Seat #1 is the button
Seat 1: ChawkDee ($104.68 in chips)
Seat 4: Agrotait ($116.94 in chips)
ChawkDee: posts small blind $1
Agrotait: posts big blind $3
*** HOLE CARDS ***
ChawkDee: folds
Uncalled bet ($2) returned to Agrotait
Agrotait collected $2 from pot
Agrotait: doesn't show hand
*** SUMMARY ***
Total pot $2 | Rake $0
Seat 1: ChawkDee (button) (small blind) folded before Flop
Seat 4: Agrotait (big blind) collected ($2)


