PokerStars Hand #145265564106:  Hold'em Limit ($3/$6 USD) - 2015/12/13 4:18:35 ET
Table 'Aldhafera II' 6-max Seat #6 is the button
Seat 1: linkin0909 ($124.76 in chips)
Seat 6: scorpio04 ($73 in chips)
scorpio04: posts small blind $1
linkin0909: posts big blind $3
*** HOLE CARDS ***
scorpio04: folds
Uncalled bet ($2) returned to linkin0909
linkin0909 collected $2 from pot
linkin0909: doesn't show hand
*** SUMMARY ***
Total pot $2 | Rake $0
Seat 1: linkin0909 (big blind) collected ($2)
Seat 6: scorpio04 (button) (small blind) folded before Flop


PokerStars Hand #145265562005:  Hold'em Limit ($3/$6 USD) - 2015/12/13 4:18:29 ET
Table 'Aldhafera II' 6-max Seat #1 is the button
Seat 1: linkin0909 ($125.76 in chips)
Seat 6: scorpio04 ($72 in chips)
linkin0909: posts small blind $1
scorpio04: posts big blind $3
*** HOLE CARDS ***
linkin0909: folds
Uncalled bet ($2) returned to scorpio04
scorpio04 collected $2 from pot
scorpio04: doesn't show hand
*** SUMMARY ***
Total pot $2 | Rake $0
Seat 1: linkin0909 (button) (small blind) folded before Flop
Seat 6: scorpio04 (big blind) collected ($2)


PokerStars Hand #145265555348:  Hold'em Limit ($3/$6 USD) - 2015/12/13 4:18:13 ET
Table 'Aldhafera II' 6-max Seat #1 is the button
Seat 1: linkin0909 ($121 in chips)
Seat 6: scorpio04 ($72 in chips)
linkin0909: posts small blind $1
scorpio04: posts big blind $3
*** HOLE CARDS ***
linkin0909: folds
Uncalled bet ($2) returned to scorpio04
scorpio04 collected $2 from pot
scorpio04: doesn't show hand
*** SUMMARY ***
Total pot $2 | Rake $0
Seat 1: linkin0909 (button) (small blind) folded before Flop
Seat 6: scorpio04 (big blind) collected ($2)


PokerStars Hand #145265551784:  Hold'em Limit ($3/$6 USD) - 2015/12/13 4:18:04 ET
Table 'Aldhafera II' 6-max Seat #6 is the button
Seat 1: linkin0909 ($120 in chips)
Seat 6: scorpio04 ($72 in chips)
scorpio04: posts small blind $1
linkin0909: posts big blind $3
*** HOLE CARDS ***
scorpio04: folds
Uncalled bet ($2) returned to linkin0909
linkin0909 collected $2 from pot
linkin0909: doesn't show hand
*** SUMMARY ***
Total pot $2 | Rake $0
Seat 1: linkin0909 (big blind) collected ($2)
Seat 6: scorpio04 (button) (small blind) folded before Flop


PokerStars Hand #145265586978:  Hold'em Limit ($3/$6 USD) - 2015/12/13 4:19:32 ET
Table 'Aldhafera II' 6-max Seat #1 is the button
Seat 1: linkin0909 ($102.76 in chips)
Seat 6: scorpio04 ($97.50 in chips)
linkin0909: posts small blind $1
scorpio04: posts big blind $3
*** HOLE CARDS ***
linkin0909: raises $3 to $6
scorpio04: calls $3
*** FLOP *** [Kh 8h 6c]
scorpio04: checks
linkin0909: bets $3
scorpio04: folds
Uncalled bet ($3) returned to linkin0909
linkin0909 collected $11.76 from pot
linkin0909: doesn't show hand
*** SUMMARY ***
Total pot $12 | Rake $0.24
Board [Kh 8h 6c]
Seat 1: linkin0909 (button) (small blind) collected ($11.76)
Seat 6: scorpio04 (big blind) folded on the Flop


PokerStars Hand #145265584636:  Hold'em Limit ($3/$6 USD) - 2015/12/13 4:19:26 ET
Table 'Aldhafera II' 6-max Seat #6 is the button
Seat 1: linkin0909 ($101.76 in chips)
Seat 6: scorpio04 ($98.50 in chips)
scorpio04: posts small blind $1
linkin0909: posts big blind $3
*** HOLE CARDS ***
scorpio04: folds
Uncalled bet ($2) returned to linkin0909
linkin0909 collected $2 from pot
linkin0909: doesn't show hand
*** SUMMARY ***
Total pot $2 | Rake $0
Seat 1: linkin0909 (big blind) collected ($2)
Seat 6: scorpio04 (button) (small blind) folded before Flop


PokerStars Hand #145265577585:  Hold'em Limit ($3/$6 USD) - 2015/12/13 4:19:08 ET
Table 'Aldhafera II' 6-max Seat #1 is the button
Seat 1: linkin0909 ($125.76 in chips)
Seat 6: scorpio04 ($75 in chips)
linkin0909: posts small blind $1
scorpio04: posts big blind $3
*** HOLE CARDS ***
linkin0909: raises $3 to $6
scorpio04: raises $3 to $9
linkin0909: calls $3
*** FLOP *** [3d 6c 4s]
scorpio04: bets $3
linkin0909: calls $3
*** TURN *** [3d 6c 4s] [7c]
scorpio04: bets $6
linkin0909: calls $6
*** RIVER *** [3d 6c 4s 7c] [Tc]
scorpio04: bets $6
linkin0909: calls $6
*** SHOW DOWN ***
scorpio04: shows [7d Td] (two pair, Tens and Sevens)
linkin0909: mucks hand
scorpio04 collected $47.50 from pot
*** SUMMARY ***
Total pot $48 | Rake $0.50
Board [3d 6c 4s 7c Tc]
Seat 1: linkin0909 (button) (small blind) mucked
Seat 6: scorpio04 (big blind) showed [7d Td] and won ($47.50) with two pair, Tens and Sevens


PokerStars Hand #145265574865:  Hold'em Limit ($3/$6 USD) - 2015/12/13 4:19:02 ET
Table 'Aldhafera II' 6-max Seat #6 is the button
Seat 1: linkin0909 ($124.76 in chips)
Seat 6: scorpio04 ($76 in chips)
scorpio04: posts small blind $1
linkin0909: posts big blind $3
*** HOLE CARDS ***
scorpio04: folds
Uncalled bet ($2) returned to linkin0909
linkin0909 collected $2 from pot
linkin0909: doesn't show hand
*** SUMMARY ***
Total pot $2 | Rake $0
Seat 1: linkin0909 (big blind) collected ($2)
Seat 6: scorpio04 (button) (small blind) folded before Flop


PokerStars Hand #145265572308:  Hold'em Limit ($3/$6 USD) - 2015/12/13 4:18:55 ET
Table 'Aldhafera II' 6-max Seat #1 is the button
Seat 1: linkin0909 ($125.76 in chips)
Seat 6: scorpio04 ($75 in chips)
linkin0909: posts small blind $1
scorpio04: posts big blind $3
*** HOLE CARDS ***
linkin0909: folds
Uncalled bet ($2) returned to scorpio04
scorpio04 collected $2 from pot
scorpio04: doesn't show hand
*** SUMMARY ***
Total pot $2 | Rake $0
Seat 1: linkin0909 (button) (small blind) folded before Flop
Seat 6: scorpio04 (big blind) collected ($2)


PokerStars Hand #145265569686:  Hold'em Limit ($3/$6 USD) - 2015/12/13 4:18:49 ET
Table 'Aldhafera II' 6-max Seat #6 is the button
Seat 1: linkin0909 ($128.76 in chips)
Seat 6: scorpio04 ($72 in chips)
scorpio04: posts small blind $1
linkin0909: posts big blind $3
*** HOLE CARDS ***
scorpio04: raises $3 to $6
linkin0909: folds
Uncalled bet ($3) returned to scorpio04
scorpio04 collected $6 from pot
scorpio04: doesn't show hand
*** SUMMARY ***
Total pot $6 | Rake $0
Seat 1: linkin0909 (big blind) folded before Flop
Seat 6: scorpio04 (button) (small blind) collected ($6)


PokerStars Hand #145265566443:  Hold'em Limit ($3/$6 USD) - 2015/12/13 4:18:40 ET
Table 'Aldhafera II' 6-max Seat #1 is the button
Seat 1: linkin0909 ($125.76 in chips)
Seat 6: scorpio04 ($72 in chips)
linkin0909: posts small blind $1
scorpio04: posts big blind $3
*** HOLE CARDS ***
linkin0909: raises $3 to $6
scorpio04: folds
Uncalled bet ($3) returned to linkin0909
linkin0909 collected $6 from pot
linkin0909: doesn't show hand
*** SUMMARY ***
Total pot $6 | Rake $0
Seat 1: linkin0909 (button) (small blind) collected ($6)
Seat 6: scorpio04 (big blind) folded before Flop


PokerStars Hand #145265607570:  Hold'em Limit ($3/$6 USD) - 2015/12/13 4:20:24 ET
Table 'Aldhafera II' 6-max Seat #6 is the button
Seat 1: linkin0909 ($106.28 in chips)
Seat 6: scorpio04 ($93.26 in chips)
scorpio04: posts small blind $1
linkin0909: posts big blind $3
*** HOLE CARDS ***
scorpio04: raises $3 to $6
linkin0909: folds
Uncalled bet ($3) returned to scorpio04
scorpio04 collected $6 from pot
scorpio04: doesn't show hand
*** SUMMARY ***
Total pot $6 | Rake $0
Seat 1: linkin0909 (big blind) folded before Flop
Seat 6: scorpio04 (button) (small blind) collected ($6)


PokerStars Hand #145265602030:  Hold'em Limit ($3/$6 USD) - 2015/12/13 4:20:10 ET
Table 'Aldhafera II' 6-max Seat #1 is the button
Seat 1: linkin0909 ($100.52 in chips)
Seat 6: scorpio04 ($99.26 in chips)
linkin0909: posts small blind $1
scorpio04: posts big blind $3
*** HOLE CARDS ***
linkin0909: raises $3 to $6
scorpio04: calls $3
*** FLOP *** [8h 2d Jc]
scorpio04: checks
linkin0909: bets $3
scorpio04: folds
Uncalled bet ($3) returned to linkin0909
linkin0909 collected $11.76 from pot
linkin0909: doesn't show hand
*** SUMMARY ***
Total pot $12 | Rake $0.24
Board [8h 2d Jc]
Seat 1: linkin0909 (button) (small blind) collected ($11.76)
Seat 6: scorpio04 (big blind) folded on the Flop


PokerStars Hand #145265599626:  Hold'em Limit ($3/$6 USD) - 2015/12/13 4:20:04 ET
Table 'Aldhafera II' 6-max Seat #6 is the button
Seat 1: linkin0909 ($103.52 in chips)
Seat 6: scorpio04 ($96.26 in chips)
scorpio04: posts small blind $1
linkin0909: posts big blind $3
*** HOLE CARDS ***
scorpio04: raises $3 to $6
linkin0909: folds
Uncalled bet ($3) returned to scorpio04
scorpio04 collected $6 from pot
scorpio04: doesn't show hand
*** SUMMARY ***
Total pot $6 | Rake $0
Seat 1: linkin0909 (big blind) folded before Flop
Seat 6: scorpio04 (button) (small blind) collected ($6)


PokerStars Hand #145265592960:  Hold'em Limit ($3/$6 USD) - 2015/12/13 4:19:47 ET
Table 'Aldhafera II' 6-max Seat #1 is the button
Seat 1: linkin0909 ($109.52 in chips)
Seat 6: scorpio04 ($90.50 in chips)
linkin0909: posts small blind $1
scorpio04: posts big blind $3
*** HOLE CARDS ***
linkin0909: raises $3 to $6
scorpio04: calls $3
*** FLOP *** [7c 4s 5c]
scorpio04: checks
linkin0909: checks
*** TURN *** [7c 4s 5c] [3c]
scorpio04: bets $6
linkin0909: folds
Uncalled bet ($6) returned to scorpio04
scorpio04 collected $11.76 from pot
scorpio04: doesn't show hand
*** SUMMARY ***
Total pot $12 | Rake $0.24
Board [7c 4s 5c 3c]
Seat 1: linkin0909 (button) (small blind) folded on the Turn
Seat 6: scorpio04 (big blind) collected ($11.76)


PokerStars Hand #145265610399:  Hold'em Limit ($3/$6 USD) - 2015/12/13 4:20:31 ET
Table 'Aldhafera II' 6-max Seat #1 is the button
Seat 1: linkin0909 ($103.28 in chips)
Seat 6: scorpio04 ($96.26 in chips)
linkin0909: posts small blind $1
scorpio04: posts big blind $3
*** HOLE CARDS ***
linkin0909: raises $3 to $6
scorpio04: calls $3
*** FLOP *** [Th 7s 4d]
scorpio04: checks
linkin0909: bets $3
scorpio04: calls $3
*** TURN *** [Th 7s 4d] [8h]
scorpio04: checks
linkin0909: bets $6
scorpio04: calls $6
*** RIVER *** [Th 7s 4d 8h] [6d]
scorpio04: checks
linkin0909: bets $6
scorpio04: calls $6
*** SHOW DOWN ***
linkin0909: shows [3h Ks] (high card King)
scorpio04: shows [8c Qh] (a pair of Eights)
scorpio04 collected $41.50 from pot
*** SUMMARY ***
Total pot $42 | Rake $0.50
Board [Th 7s 4d 8h 6d]
Seat 1: linkin0909 (button) (small blind) showed [3h Ks] and lost with high card King
Seat 6: scorpio04 (big blind) showed [8c Qh] and won ($41.50) with a pair of Eights


PokerStars Hand #145265654750:  Hold'em Limit ($3/$6 USD) - 2015/12/13 4:22:23 ET
Table 'Aldhafera II' 6-max Seat #1 is the button
Seat 1: linkin0909 ($94.54 in chips)
Seat 6: scorpio04 ($103.52 in chips)
linkin0909: posts small blind $1
scorpio04: posts big blind $3
*** HOLE CARDS ***
linkin0909: raises $3 to $6
scorpio04: raises $3 to $9
linkin0909: calls $3
*** FLOP *** [6h 4c 8s]
scorpio04: bets $3
linkin0909: folds
Uncalled bet ($3) returned to scorpio04
scorpio04 collected $17.64 from pot
scorpio04: doesn't show hand
*** SUMMARY ***
Total pot $18 | Rake $0.36
Board [6h 4c 8s]
Seat 1: linkin0909 (button) (small blind) folded on the Flop
Seat 6: scorpio04 (big blind) collected ($17.64)


PokerStars Hand #145265652465:  Hold'em Limit ($3/$6 USD) - 2015/12/13 4:22:18 ET
Table 'Aldhafera II' 6-max Seat #6 is the button
Seat 1: linkin0909 ($97.54 in chips)
Seat 6: scorpio04 ($100.52 in chips)
scorpio04: posts small blind $1
linkin0909: posts big blind $3
*** HOLE CARDS ***
scorpio04: raises $3 to $6
linkin0909: folds
Uncalled bet ($3) returned to scorpio04
scorpio04 collected $6 from pot
scorpio04: doesn't show hand
*** SUMMARY ***
Total pot $6 | Rake $0
Seat 1: linkin0909 (big blind) folded before Flop
Seat 6: scorpio04 (button) (small blind) collected ($6)


PokerStars Hand #145265648543:  Hold'em Limit ($3/$6 USD) - 2015/12/13 4:22:08 ET
Table 'Aldhafera II' 6-max Seat #1 is the button
Seat 1: linkin0909 ($91.78 in chips)
Seat 6: scorpio04 ($106.52 in chips)
linkin0909: posts small blind $1
scorpio04: posts big blind $3
*** HOLE CARDS ***
linkin0909: raises $3 to $6
scorpio04: calls $3
*** FLOP *** [Jd 6d Jh]
scorpio04: checks
linkin0909: bets $3
scorpio04: folds
Uncalled bet ($3) returned to linkin0909
linkin0909 collected $11.76 from pot
linkin0909: doesn't show hand
*** SUMMARY ***
Total pot $12 | Rake $0.24
Board [Jd 6d Jh]
Seat 1: linkin0909 (button) (small blind) collected ($11.76)
Seat 6: scorpio04 (big blind) folded on the Flop


PokerStars Hand #145265646942:  Hold'em Limit ($3/$6 USD) - 2015/12/13 4:22:04 ET
Table 'Aldhafera II' 6-max Seat #6 is the button
Seat 1: linkin0909 ($90.78 in chips)
Seat 6: scorpio04 ($107.52 in chips)
scorpio04: posts small blind $1
linkin0909: posts big blind $3
*** HOLE CARDS ***
scorpio04: folds
Uncalled bet ($2) returned to linkin0909
linkin0909 collected $2 from pot
linkin0909: doesn't show hand
*** SUMMARY ***
Total pot $2 | Rake $0
Seat 1: linkin0909 (big blind) collected ($2)
Seat 6: scorpio04 (button) (small blind) folded before Flop


PokerStars Hand #145265641218:  Hold'em Limit ($3/$6 USD) - 2015/12/13 4:21:49 ET
Table 'Aldhafera II' 6-max Seat #1 is the button
Seat 1: linkin0909 ($96.78 in chips)
Seat 6: scorpio04 ($101.76 in chips)
linkin0909: posts small blind $1
scorpio04: posts big blind $3
*** HOLE CARDS ***
linkin0909: raises $3 to $6
scorpio04: calls $3
*** FLOP *** [3d Ts Qs]
scorpio04: checks
linkin0909: checks
*** TURN *** [3d Ts Qs] [8s]
scorpio04: bets $6
linkin0909: folds
Uncalled bet ($6) returned to scorpio04
scorpio04 collected $11.76 from pot
scorpio04: doesn't show hand
*** SUMMARY ***
Total pot $12 | Rake $0.24
Board [3d Ts Qs 8s]
Seat 1: linkin0909 (button) (small blind) folded on the Turn
Seat 6: scorpio04 (big blind) collected ($11.76)


PokerStars Hand #145265630963:  Hold'em Limit ($3/$6 USD) - 2015/12/13 4:21:23 ET
Table 'Aldhafera II' 6-max Seat #6 is the button
Seat 1: linkin0909 ($82.28 in chips)
Seat 6: scorpio04 ($116.76 in chips)
scorpio04: posts small blind $1
linkin0909: posts big blind $3
*** HOLE CARDS ***
scorpio04: raises $3 to $6
linkin0909: calls $3
*** FLOP *** [4d 9d Ad]
linkin0909: checks
scorpio04: bets $3
linkin0909: calls $3
*** TURN *** [4d 9d Ad] [Td]
linkin0909: checks
scorpio04: bets $6
linkin0909: raises $6 to $12
scorpio04: folds
Uncalled bet ($6) returned to linkin0909
linkin0909 collected $29.50 from pot
linkin0909: doesn't show hand
*** SUMMARY ***
Total pot $30 | Rake $0.50
Board [4d 9d Ad Td]
Seat 1: linkin0909 (big blind) collected ($29.50)
Seat 6: scorpio04 (button) (small blind) folded on the Turn


PokerStars Hand #145265665351:  Hold'em Limit ($3/$6 USD) - 2015/12/13 4:22:49 ET
Table 'Aldhafera II' 6-max Seat #1 is the button
Seat 1: linkin0909 ($109.04 in chips)
Seat 6: scorpio04 ($88.16 in chips)
linkin0909: posts small blind $1
scorpio04: posts big blind $3
*** HOLE CARDS ***
linkin0909: folds
Uncalled bet ($2) returned to scorpio04
scorpio04 collected $2 from pot
scorpio04: doesn't show hand
*** SUMMARY ***
Total pot $2 | Rake $0
Seat 1: linkin0909 (button) (small blind) folded before Flop
Seat 6: scorpio04 (big blind) collected ($2)


PokerStars Hand #145265658490:  Hold'em Limit ($3/$6 USD) - 2015/12/13 4:22:32 ET
Table 'Aldhafera II' 6-max Seat #6 is the button
Seat 1: linkin0909 ($85.54 in chips)
Seat 6: scorpio04 ($112.16 in chips)
scorpio04: posts small blind $1
linkin0909: posts big blind $3
*** HOLE CARDS ***
scorpio04: raises $3 to $6
linkin0909: raises $3 to $9
scorpio04: calls $3
*** FLOP *** [3d 6h Ks]
linkin0909: bets $3
scorpio04: calls $3
*** TURN *** [3d 6h Ks] [3c]
linkin0909: bets $6
scorpio04: raises $6 to $12
linkin0909: calls $6
*** RIVER *** [3d 6h Ks 3c] [9s]
linkin0909: checks
scorpio04: checks
*** SHOW DOWN ***
linkin0909: shows [Td As] (a pair of Threes)
scorpio04: mucks hand
linkin0909 collected $47.50 from pot
*** SUMMARY ***
Total pot $48 | Rake $0.50
Board [3d 6h Ks 3c 9s]
Seat 1: linkin0909 (big blind) showed [Td As] and won ($47.50) with a pair of Threes
Seat 6: scorpio04 (button) (small blind) mucked


PokerStars Hand #145265676531:  Hold'em Limit ($3/$6 USD) - 2015/12/13 4:23:17 ET
Table 'Aldhafera II' 6-max Seat #1 is the button
Seat 1: linkin0909 ($93.04 in chips)
Seat 6: scorpio04 ($103.66 in chips)
linkin0909: posts small blind $1
scorpio04: posts big blind $3
*** HOLE CARDS ***
linkin0909: folds
Uncalled bet ($2) returned to scorpio04
scorpio04 collected $2 from pot
scorpio04: doesn't show hand
*** SUMMARY ***
Total pot $2 | Rake $0
Seat 1: linkin0909 (button) (small blind) folded before Flop
Seat 6: scorpio04 (big blind) collected ($2)


PokerStars Hand #145265667056:  Hold'em Limit ($3/$6 USD) - 2015/12/13 4:22:54 ET
Table 'Aldhafera II' 6-max Seat #6 is the button
Seat 1: linkin0909 ($108.04 in chips)
Seat 6: scorpio04 ($89.16 in chips)
scorpio04: posts small blind $1
linkin0909: posts big blind $3
*** HOLE CARDS ***
scorpio04: raises $3 to $6
linkin0909: calls $3
*** FLOP *** [2c Td 3c]
linkin0909: checks
scorpio04: bets $3
linkin0909: calls $3
*** TURN *** [2c Td 3c] [9d]
linkin0909: checks
scorpio04: bets $6
linkin0909: calls $6
*** RIVER *** [2c Td 3c 9d] [Qs]
linkin0909: checks
scorpio04: bets $6
linkin0909: folds
Uncalled bet ($6) returned to scorpio04
scorpio04 collected $29.50 from pot
scorpio04: doesn't show hand
*** SUMMARY ***
Total pot $30 | Rake $0.50
Board [2c Td 3c 9d Qs]
Seat 1: linkin0909 (big blind) folded on the River
Seat 6: scorpio04 (button) (small blind) collected ($29.50)


PokerStars Hand #145265699799:  Hold'em Limit ($3/$6 USD) - 2015/12/13 4:24:15 ET
Table 'Aldhafera II' 6-max Seat #6 is the button
Seat 1: linkin0909 ($105.54 in chips)
Seat 6: scorpio04 ($90.66 in chips)
scorpio04: posts small blind $1
linkin0909: posts big blind $3
*** HOLE CARDS ***
scorpio04: raises $3 to $6
linkin0909: folds
Uncalled bet ($3) returned to scorpio04
scorpio04 collected $6 from pot
scorpio04: doesn't show hand
*** SUMMARY ***
Total pot $6 | Rake $0
Seat 1: linkin0909 (big blind) folded before Flop
Seat 6: scorpio04 (button) (small blind) collected ($6)


PokerStars Hand #145265707883:  Hold'em Limit ($3/$6 USD) - 2015/12/13 4:24:36 ET
Table 'Aldhafera II' 6-max Seat #6 is the button
Seat 1: linkin0909 ($101.54 in chips)
Seat 6: scorpio04 ($94.66 in chips)
scorpio04: posts small blind $1
linkin0909: posts big blind $3
*** HOLE CARDS ***
scorpio04: folds
Uncalled bet ($2) returned to linkin0909
linkin0909 collected $2 from pot
linkin0909: doesn't show hand
*** SUMMARY ***
Total pot $2 | Rake $0
Seat 1: linkin0909 (big blind) collected ($2)
Seat 6: scorpio04 (button) (small blind) folded before Flop


PokerStars Hand #145265705212:  Hold'em Limit ($3/$6 USD) - 2015/12/13 4:24:29 ET
Table 'Aldhafera II' 6-max Seat #1 is the button
Seat 1: linkin0909 ($102.54 in chips)
Seat 6: scorpio04 ($93.66 in chips)
linkin0909: posts small blind $1
scorpio04: posts big blind $3
*** HOLE CARDS ***
linkin0909: folds
Uncalled bet ($2) returned to scorpio04
scorpio04 collected $2 from pot
scorpio04: doesn't show hand
*** SUMMARY ***
Total pot $2 | Rake $0
Seat 1: linkin0909 (button) (small blind) folded before Flop
Seat 6: scorpio04 (big blind) collected ($2)


PokerStars Hand #145265678272:  Hold'em Limit ($3/$6 USD) - 2015/12/13 4:23:22 ET
Table 'Aldhafera II' 6-max Seat #6 is the button
Seat 1: linkin0909 ($92.04 in chips)
Seat 6: scorpio04 ($104.66 in chips)
scorpio04: posts small blind $1
linkin0909: posts big blind $3
*** HOLE CARDS ***
scorpio04: raises $3 to $6
linkin0909: calls $3
*** FLOP *** [Qh 7h Qd]
linkin0909: checks
scorpio04: bets $3
linkin0909: calls $3
*** TURN *** [Qh 7h Qd] [Kc]
linkin0909: checks
scorpio04: checks
*** RIVER *** [Qh 7h Qd Kc] [Ks]
linkin0909: bets $6
scorpio04: calls $6
*** SHOW DOWN ***
linkin0909: shows [6d Kd] (a full house, Kings full of Queens)
scorpio04: mucks hand
linkin0909 collected $29.50 from pot
*** SUMMARY ***
Total pot $30 | Rake $0.50
Board [Qh 7h Qd Kc Ks]
Seat 1: linkin0909 (big blind) showed [6d Kd] and won ($29.50) with a full house, Kings full of Queens
Seat 6: scorpio04 (button) (small blind) mucked


PokerStars Hand #145265733101:  Hold'em Limit ($3/$6 USD) - 2015/12/13 4:25:38 ET
Table 'Aldhafera II' 6-max Seat #1 is the button
Seat 1: linkin0909 ($92.30 in chips)
Seat 6: scorpio04 ($103.06 in chips)
linkin0909: posts small blind $1
scorpio04: posts big blind $3
*** HOLE CARDS ***
linkin0909: raises $3 to $6
scorpio04: folds
Uncalled bet ($3) returned to linkin0909
linkin0909 collected $6 from pot
linkin0909: doesn't show hand
*** SUMMARY ***
Total pot $6 | Rake $0
Seat 1: linkin0909 (button) (small blind) collected ($6)
Seat 6: scorpio04 (big blind) folded before Flop


PokerStars Hand #145265730342:  Hold'em Limit ($3/$6 USD) - 2015/12/13 4:25:31 ET
Table 'Aldhafera II' 6-max Seat #6 is the button
Seat 1: linkin0909 ($91.30 in chips)
Seat 6: scorpio04 ($104.06 in chips)
scorpio04: posts small blind $1
linkin0909: posts big blind $3
*** HOLE CARDS ***
scorpio04: folds
Uncalled bet ($2) returned to linkin0909
linkin0909 collected $2 from pot
linkin0909: doesn't show hand
*** SUMMARY ***
Total pot $2 | Rake $0
Seat 1: linkin0909 (big blind) collected ($2)
Seat 6: scorpio04 (button) (small blind) folded before Flop


PokerStars Hand #145265723751:  Hold'em Limit ($3/$6 USD) - 2015/12/13 4:25:15 ET
Table 'Aldhafera II' 6-max Seat #6 is the button
Seat 1: linkin0909 ($98.30 in chips)
Seat 6: scorpio04 ($97.30 in chips)
scorpio04: posts small blind $1
linkin0909: posts big blind $3
*** HOLE CARDS ***
scorpio04: raises $3 to $6
linkin0909: calls $3
*** FLOP *** [9c Ks 2h]
linkin0909: checks
scorpio04: bets $3
linkin0909: folds
Uncalled bet ($3) returned to scorpio04
scorpio04 collected $11.76 from pot
scorpio04: doesn't show hand
*** SUMMARY ***
Total pot $12 | Rake $0.24
Board [9c Ks 2h]
Seat 1: linkin0909 (big blind) folded on the Flop
Seat 6: scorpio04 (button) (small blind) collected ($11.76)


PokerStars Hand #145265716704:  Hold'em Limit ($3/$6 USD) - 2015/12/13 4:24:58 ET
Table 'Aldhafera II' 6-max Seat #6 is the button
Seat 1: linkin0909 ($108.30 in chips)
Seat 6: scorpio04 ($87.66 in chips)
scorpio04: posts small blind $1
linkin0909: posts big blind $3
*** HOLE CARDS ***
scorpio04: raises $3 to $6
linkin0909: calls $3
*** FLOP *** [2c 6h 4s]
linkin0909: checks
scorpio04: bets $3
linkin0909: calls $3
*** TURN *** [2c 6h 4s] [Kh]
linkin0909: checks
scorpio04: bets $6
linkin0909: folds
Uncalled bet ($6) returned to scorpio04
scorpio04 collected $17.64 from pot
scorpio04: doesn't show hand
*** SUMMARY ***
Total pot $18 | Rake $0.36
Board [2c 6h 4s Kh]
Seat 1: linkin0909 (big blind) folded on the Turn
Seat 6: scorpio04 (button) (small blind) collected ($17.64)


PokerStars Hand #145265711416:  Hold'em Limit ($3/$6 USD) - 2015/12/13 4:24:45 ET
Table 'Aldhafera II' 6-max Seat #1 is the button
Seat 1: linkin0909 ($102.54 in chips)
Seat 6: scorpio04 ($93.66 in chips)
linkin0909: posts small blind $1
scorpio04: posts big blind $3
*** HOLE CARDS ***
linkin0909: raises $3 to $6
scorpio04: calls $3
*** FLOP *** [Jh Td 5c]
scorpio04: checks
linkin0909: bets $3
scorpio04: folds
Uncalled bet ($3) returned to linkin0909
linkin0909 collected $11.76 from pot
linkin0909: doesn't show hand
*** SUMMARY ***
Total pot $12 | Rake $0.24
Board [Jh Td 5c]
Seat 1: linkin0909 (button) (small blind) collected ($11.76)
Seat 6: scorpio04 (big blind) folded on the Flop


PokerStars Hand #145265735131:  Hold'em Limit ($3/$6 USD) - 2015/12/13 4:25:43 ET
Table 'Aldhafera II' 6-max Seat #6 is the button
Seat 1: linkin0909 ($95.30 in chips)
Seat 6: scorpio04 ($100.06 in chips)
scorpio04: posts small blind $1
linkin0909: posts big blind $3
*** HOLE CARDS ***
scorpio04: raises $3 to $6
linkin0909: calls $3
*** FLOP *** [Jc Js 4s]
linkin0909: checks
scorpio04: bets $3
linkin0909: calls $3
*** TURN *** [Jc Js 4s] [Ah]
linkin0909: checks
scorpio04: checks
*** RIVER *** [Jc Js 4s Ah] [8h]
linkin0909: bets $6
scorpio04: calls $6
*** SHOW DOWN ***
linkin0909: shows [6s 8s] (two pair, Jacks and Eights)
scorpio04: shows [Ad 3c] (two pair, Aces and Jacks)
scorpio04 collected $29.50 from pot
*** SUMMARY ***
Total pot $30 | Rake $0.50
Board [Jc Js 4s Ah 8h]
Seat 1: linkin0909 (big blind) showed [6s 8s] and lost with two pair, Jacks and Eights
Seat 6: scorpio04 (button) (small blind) showed [Ad 3c] and won ($29.50) with two pair, Aces and Jacks


PokerStars Hand #145265742988:  Hold'em Limit ($3/$6 USD) - 2015/12/13 4:26:02 ET
Table 'Aldhafera II' 6-max Seat #1 is the button
Seat 1: linkin0909 ($80.30 in chips)
Seat 6: scorpio04 ($114.56 in chips)
linkin0909: posts small blind $1
scorpio04: posts big blind $3
*** HOLE CARDS ***
linkin0909: folds
Uncalled bet ($2) returned to scorpio04
scorpio04 collected $2 from pot
scorpio04: doesn't show hand
*** SUMMARY ***
Total pot $2 | Rake $0
Seat 1: linkin0909 (button) (small blind) folded before Flop
Seat 6: scorpio04 (big blind) collected ($2)


PokerStars Hand #145265744837:  Hold'em Limit ($3/$6 USD) - 2015/12/13 4:26:07 ET
Table 'Aldhafera II' 6-max Seat #6 is the button
Seat 1: linkin0909 ($79.30 in chips)
Seat 6: scorpio04 ($115.56 in chips)
scorpio04: posts small blind $1
linkin0909: posts big blind $3
*** HOLE CARDS ***
scorpio04: raises $3 to $6
linkin0909: calls $3
*** FLOP *** [4d 5d 7c]
linkin0909: bets $3
scorpio04: calls $3
*** TURN *** [4d 5d 7c] [Qh]
linkin0909: bets $6
scorpio04: calls $6
*** RIVER *** [4d 5d 7c Qh] [5s]
linkin0909: bets $6
scorpio04: calls $6
*** SHOW DOWN ***
linkin0909: shows [7d Ks] (two pair, Sevens and Fives)
scorpio04: mucks hand
linkin0909 collected $41.50 from pot
*** SUMMARY ***
Total pot $42 | Rake $0.50
Board [4d 5d 7c Qh 5s]
Seat 1: linkin0909 (big blind) showed [7d Ks] and won ($41.50) with two pair, Sevens and Fives
Seat 6: scorpio04 (button) (small blind) mucked


PokerStars Hand #145265758060:  Hold'em Limit ($3/$6 USD) - 2015/12/13 4:26:39 ET
Table 'Aldhafera II' 6-max Seat #6 is the button
Seat 1: linkin0909 ($98.80 in chips)
Seat 6: scorpio04 ($95.56 in chips)
scorpio04: posts small blind $1
linkin0909: posts big blind $3
*** HOLE CARDS ***
scorpio04: raises $3 to $6
linkin0909: calls $3
*** FLOP *** [Td 8c 3c]
linkin0909: checks
scorpio04: bets $3
linkin0909: calls $3
*** TURN *** [Td 8c 3c] [Kd]
linkin0909: checks
scorpio04: bets $6
linkin0909: calls $6
*** RIVER *** [Td 8c 3c Kd] [9c]
linkin0909: checks
scorpio04: bets $6
linkin0909: calls $6
*** SHOW DOWN ***
scorpio04: shows [Jd 4s] (high card King)
linkin0909: shows [5s 5c] (a pair of Fives)
linkin0909 collected $41.50 from pot
*** SUMMARY ***
Total pot $42 | Rake $0.50
Board [Td 8c 3c Kd 9c]
Seat 1: linkin0909 (big blind) showed [5s 5c] and won ($41.50) with a pair of Fives
Seat 6: scorpio04 (button) (small blind) showed [Jd 4s] and lost with high card King


PokerStars Hand #145265775195:  Hold'em Limit ($3/$6 USD) - 2015/12/13 4:27:21 ET
Table 'Aldhafera II' 6-max Seat #6 is the button
Seat 1: linkin0909 ($118.30 in chips)
Seat 6: scorpio04 ($75.56 in chips)
scorpio04: posts small blind $1
linkin0909: posts big blind $3
*** HOLE CARDS ***
scorpio04: raises $3 to $6
linkin0909: calls $3
*** FLOP *** [8c 6d 4s]
linkin0909: checks
scorpio04: bets $3
linkin0909: calls $3
*** TURN *** [8c 6d 4s] [Kc]
linkin0909: checks
scorpio04: bets $6
linkin0909: folds
Uncalled bet ($6) returned to scorpio04
scorpio04 collected $17.64 from pot
scorpio04: doesn't show hand
*** SUMMARY ***
Total pot $18 | Rake $0.36
Board [8c 6d 4s Kc]
Seat 1: linkin0909 (big blind) folded on the Turn
Seat 6: scorpio04 (button) (small blind) collected ($17.64)


PokerStars Hand #145265781190:  Hold'em Limit ($3/$6 USD) - 2015/12/13 4:27:36 ET
Table 'Aldhafera II' 6-max Seat #1 is the button
Seat 1: linkin0909 ($109.30 in chips)
Seat 6: scorpio04 ($84.20 in chips)
linkin0909: posts small blind $1
scorpio04: posts big blind $3
*** HOLE CARDS ***
linkin0909: folds
Uncalled bet ($2) returned to scorpio04
scorpio04 collected $2 from pot
scorpio04: doesn't show hand
*** SUMMARY ***
Total pot $2 | Rake $0
Seat 1: linkin0909 (button) (small blind) folded before Flop
Seat 6: scorpio04 (big blind) collected ($2)


PokerStars Hand #145265784746:  Hold'em Limit ($3/$6 USD) - 2015/12/13 4:27:44 ET
Table 'Aldhafera II' 6-max Seat #1 is the button
Seat 1: linkin0909 ($109.30 in chips)
Seat 6: scorpio04 ($84.20 in chips)
linkin0909: posts small blind $1
scorpio04: posts big blind $3
*** HOLE CARDS ***
linkin0909: raises $3 to $6
scorpio04: raises $3 to $9
linkin0909: calls $3
*** FLOP *** [Ac 7d 6d]
scorpio04: bets $3
linkin0909: folds
Uncalled bet ($3) returned to scorpio04
scorpio04 collected $17.64 from pot
scorpio04: doesn't show hand
*** SUMMARY ***
Total pot $18 | Rake $0.36
Board [Ac 7d 6d]
Seat 1: linkin0909 (button) (small blind) folded on the Flop
Seat 6: scorpio04 (big blind) collected ($17.64)


PokerStars Hand #145265788929:  Hold'em Limit ($3/$6 USD) - 2015/12/13 4:27:55 ET
Table 'Aldhafera II' 6-max Seat #6 is the button
Seat 1: linkin0909 ($100.30 in chips)
Seat 6: scorpio04 ($92.84 in chips)
scorpio04: posts small blind $1
linkin0909: posts big blind $3
*** HOLE CARDS ***
scorpio04: raises $3 to $6
linkin0909: calls $3
*** FLOP *** [2h Js 4c]
linkin0909: checks
scorpio04: bets $3
linkin0909: calls $3
*** TURN *** [2h Js 4c] [Ts]
linkin0909: checks
scorpio04: bets $6
linkin0909: calls $6
*** RIVER *** [2h Js 4c Ts] [7c]
linkin0909: checks
scorpio04: bets $6
linkin0909: folds
Uncalled bet ($6) returned to scorpio04
scorpio04 collected $29.50 from pot
scorpio04: doesn't show hand
*** SUMMARY ***
Total pot $30 | Rake $0.50
Board [2h Js 4c Ts 7c]
Seat 1: linkin0909 (big blind) folded on the River
Seat 6: scorpio04 (button) (small blind) collected ($29.50)


PokerStars Hand #145265796707:  Hold'em Limit ($3/$6 USD) - 2015/12/13 4:28:14 ET
Table 'Aldhafera II' 6-max Seat #1 is the button
Seat 1: linkin0909 ($85.30 in chips)
Seat 6: scorpio04 ($107.34 in chips)
linkin0909: posts small blind $1
scorpio04: posts big blind $3
*** HOLE CARDS ***
linkin0909: raises $3 to $6
scorpio04: raises $3 to $9
linkin0909: calls $3
*** FLOP *** [Kd 9h Tc]
scorpio04: bets $3
linkin0909: calls $3
*** TURN *** [Kd 9h Tc] [7c]
Hi Im Alexey joins the table at seat #2
scorpio04: bets $6
linkin0909: calls $6
*** RIVER *** [Kd 9h Tc 7c] [7d]
scorpio04: bets $6
linkin0909: raises $6 to $12
scorpio04: raises $6 to $18
linkin0909: raises $6 to $24
Betting is capped
scorpio04: calls $6
*** SHOW DOWN ***
linkin0909: shows [7s Jc] (three of a kind, Sevens)
scorpio04: shows [6h 8h] (a straight, Six to Ten)
scorpio04 collected $83.50 from pot
*** SUMMARY ***
Total pot $84 | Rake $0.50
Board [Kd 9h Tc 7c 7d]
Seat 1: linkin0909 (button) (small blind) showed [7s Jc] and lost with three of a kind, Sevens
Seat 6: scorpio04 (big blind) showed [6h 8h] and won ($83.50) with a straight, Six to Ten


PokerStars Hand #145265858219:  Hold'em Limit ($3/$6 USD) - 2015/12/13 4:30:43 ET
Table 'Aldhafera II' 6-max Seat #1 is the button
Seat 1: linkin0909 ($23.86 in chips)
Seat 6: scorpio04 ($170.96 in chips)
linkin0909: posts small blind $1
Hi Im Alexey: is sitting out
scorpio04: posts big blind $3
*** HOLE CARDS ***
linkin0909: raises $3 to $6
scorpio04: calls $3
*** FLOP *** [7c 4s 4h]
scorpio04: checks
linkin0909: bets $3
scorpio04: calls $3
*** TURN *** [7c 4s 4h] [7d]
scorpio04: checks
linkin0909: bets $6
scorpio04: folds
Uncalled bet ($6) returned to linkin0909
linkin0909 collected $17.64 from pot
linkin0909: doesn't show hand
*** SUMMARY ***
Total pot $18 | Rake $0.36
Board [7c 4s 4h 7d]
Seat 1: linkin0909 (button) (small blind) collected ($17.64)
Seat 6: scorpio04 (big blind) folded on the Turn


PokerStars Hand #145265885115:  Hold'em Limit ($3/$6 USD) - 2015/12/13 4:31:48 ET
Table 'Aldhafera II' 6-max Seat #6 is the button
Seat 1: linkin0909 ($32.50 in chips)
Seat 6: scorpio04 ($161.96 in chips)
scorpio04: posts small blind $1
linkin0909: posts big blind $3
*** HOLE CARDS ***
scorpio04: raises $3 to $6
linkin0909: calls $3
*** FLOP *** [Ac Ah 7d]
linkin0909: checks
scorpio04: bets $3
linkin0909: raises $3 to $6
scorpio04: calls $3
*** TURN *** [Ac Ah 7d] [Jc]
linkin0909: bets $6
scorpio04: raises $6 to $12
linkin0909: folds
Uncalled bet ($6) returned to scorpio04
scorpio04 collected $35.50 from pot
scorpio04: doesn't show hand
*** SUMMARY ***
Total pot $36 | Rake $0.50
Board [Ac Ah 7d Jc]
Seat 1: linkin0909 (big blind) folded on the Turn
Seat 6: scorpio04 (button) (small blind) collected ($35.50)


PokerStars Hand #145270133268:  Hold'em Limit ($3/$6 USD) - 2015/12/13 6:58:18 ET
Table 'Aldhafera II' 6-max Seat #4 is the button
Seat 1: rascal_319 ($90.81 in chips)
Seat 4: pixifloss ($137.68 in chips)
pixifloss: posts small blind $1
rascal_319: posts big blind $3
*** HOLE CARDS ***
pixifloss: raises $3 to $6
rascal_319: raises $3 to $9
pixifloss: calls $3
*** FLOP *** [4s Qc 3d]
rascal_319: bets $3
pixifloss: calls $3
*** TURN *** [4s Qc 3d] [6s]
rascal_319: bets $6
pixifloss: raises $6 to $12
rascal_319: folds
Uncalled bet ($6) returned to pixifloss
pixifloss collected $35.50 from pot
*** SUMMARY ***
Total pot $36 | Rake $0.50
Board [4s Qc 3d 6s]
Seat 1: rascal_319 (big blind) folded on the Turn
Seat 4: pixifloss (button) (small blind) collected ($35.50)


PokerStars Hand #145270147976:  Hold'em Limit ($3/$6 USD) - 2015/12/13 6:58:49 ET
Table 'Aldhafera II' 6-max Seat #4 is the button
Seat 1: rascal_319 ($71.81 in chips)
Seat 4: pixifloss ($156.18 in chips)
pixifloss: posts small blind $1
rascal_319: posts big blind $3
*** HOLE CARDS ***
pixifloss: raises $3 to $6
rascal_319: folds
Uncalled bet ($3) returned to pixifloss
pixifloss collected $6 from pot
*** SUMMARY ***
Total pot $6 | Rake $0
Seat 1: rascal_319 (big blind) folded before Flop
Seat 4: pixifloss (button) (small blind) collected ($6)


PokerStars Hand #145270145874:  Hold'em Limit ($3/$6 USD) - 2015/12/13 6:58:45 ET
Table 'Aldhafera II' 6-max Seat #1 is the button
Seat 1: rascal_319 ($72.81 in chips)
Seat 4: pixifloss ($155.18 in chips)
rascal_319: posts small blind $1
pixifloss: posts big blind $3
*** HOLE CARDS ***
rascal_319: folds
Uncalled bet ($2) returned to pixifloss
pixifloss collected $2 from pot
*** SUMMARY ***
Total pot $2 | Rake $0
Seat 1: rascal_319 (button) (small blind) folded before Flop
Seat 4: pixifloss (big blind) collected ($2)


PokerStars Hand #145270150848:  Hold'em Limit ($3/$6 USD) - 2015/12/13 6:58:55 ET
Table 'Aldhafera II' 6-max Seat #1 is the button
Seat 1: rascal_319 ($68.81 in chips)
Seat 4: pixifloss ($159.18 in chips)
rascal_319: posts small blind $1
pixifloss: posts big blind $3
*** HOLE CARDS ***
rascal_319: folds
Uncalled bet ($2) returned to pixifloss
pixifloss collected $2 from pot
*** SUMMARY ***
Total pot $2 | Rake $0
Seat 1: rascal_319 (button) (small blind) folded before Flop
Seat 4: pixifloss (big blind) collected ($2)


PokerStars Hand #145270130892:  Hold'em Limit ($3/$6 USD) - 2015/12/13 6:58:13 ET
Table 'Aldhafera II' 6-max Seat #1 is the button
Seat 1: rascal_319 ($91.81 in chips)
Seat 4: pixifloss ($136.68 in chips)
rascal_319: posts small blind $1
pixifloss: posts big blind $3
*** HOLE CARDS ***
rascal_319: folds
Uncalled bet ($2) returned to pixifloss
pixifloss collected $2 from pot
*** SUMMARY ***
Total pot $2 | Rake $0
Seat 1: rascal_319 (button) (small blind) folded before Flop
Seat 4: pixifloss (big blind) collected ($2)


PokerStars Hand #145270127932:  Hold'em Limit ($3/$6 USD) - 2015/12/13 6:58:07 ET
Table 'Aldhafera II' 6-max Seat #4 is the button
Seat 1: rascal_319 ($90.81 in chips)
Seat 4: pixifloss ($137.68 in chips)
pixifloss: posts small blind $1
rascal_319: posts big blind $3
*** HOLE CARDS ***
pixifloss: folds
Uncalled bet ($2) returned to rascal_319
rascal_319 collected $2 from pot
rascal_319: doesn't show hand
*** SUMMARY ***
Total pot $2 | Rake $0
Seat 1: rascal_319 (big blind) collected ($2)
Seat 4: pixifloss (button) (small blind) folded before Flop


PokerStars Hand #145270125368:  Hold'em Limit ($3/$6 USD) - 2015/12/13 6:58:01 ET
Table 'Aldhafera II' 6-max Seat #1 is the button
Seat 1: rascal_319 ($91.81 in chips)
Seat 4: pixifloss ($136.68 in chips)
rascal_319: posts small blind $1
Kajind: is sitting out
pixifloss: posts big blind $3
*** HOLE CARDS ***
Kajind leaves the table
rascal_319: folds
Uncalled bet ($2) returned to pixifloss
pixifloss collected $2 from pot
*** SUMMARY ***
Total pot $2 | Rake $0
Seat 1: rascal_319 (button) (small blind) folded before Flop
Seat 4: pixifloss (big blind) collected ($2)


PokerStars Hand #145270172542:  Hold'em Limit ($3/$6 USD) - 2015/12/13 6:59:41 ET
Table 'Aldhafera II' 6-max Seat #1 is the button
Seat 1: rascal_319 ($36.81 in chips)
Seat 4: pixifloss ($190.68 in chips)
rascal_319: posts small blind $1
pixifloss: posts big blind $3
*** HOLE CARDS ***
rascal_319: folds
Uncalled bet ($2) returned to pixifloss
pixifloss collected $2 from pot
*** SUMMARY ***
Total pot $2 | Rake $0
Seat 1: rascal_319 (button) (small blind) folded before Flop
Seat 4: pixifloss (big blind) collected ($2)


PokerStars Hand #145270162138:  Hold'em Limit ($3/$6 USD) - 2015/12/13 6:59:19 ET
Table 'Aldhafera II' 6-max Seat #1 is the button
Seat 1: rascal_319 ($40.81 in chips)
Seat 4: pixifloss ($186.68 in chips)
rascal_319: posts small blind $1
pixifloss: posts big blind $3
*** HOLE CARDS ***
rascal_319: folds
Uncalled bet ($2) returned to pixifloss
pixifloss collected $2 from pot
*** SUMMARY ***
Total pot $2 | Rake $0
Seat 1: rascal_319 (button) (small blind) folded before Flop
Seat 4: pixifloss (big blind) collected ($2)


PokerStars Hand #145270152841:  Hold'em Limit ($3/$6 USD) - 2015/12/13 6:58:59 ET
Table 'Aldhafera II' 6-max Seat #4 is the button
Seat 1: rascal_319 ($67.81 in chips)
Seat 4: pixifloss ($160.18 in chips)
pixifloss: posts small blind $1
rascal_319: posts big blind $3
*** HOLE CARDS ***
pixifloss: raises $3 to $6
rascal_319: calls $3
*** FLOP *** [Ad 8s Jd]
rascal_319: bets $3
pixifloss: calls $3
*** TURN *** [Ad 8s Jd] [3s]
rascal_319: bets $6
pixifloss: raises $6 to $12
rascal_319: calls $6
*** RIVER *** [Ad 8s Jd 3s] [5h]
rascal_319: checks
pixifloss: bets $6
rascal_319: calls $6
*** SHOW DOWN ***
pixifloss: shows [8h Js] (two pair, Jacks and Eights)
rascal_319: mucks hand
pixifloss collected $53.50 from pot
*** SUMMARY ***
Total pot $54 | Rake $0.50
Board [Ad 8s Jd 3s 5h]
Seat 1: rascal_319 (big blind) mucked
Seat 4: pixifloss (button) (small blind) showed [8h Js] and won ($53.50) with two pair, Jacks and Eights


PokerStars Hand #145270167642:  Hold'em Limit ($3/$6 USD) - 2015/12/13 6:59:30 ET
Table 'Aldhafera II' 6-max Seat #1 is the button
Seat 1: rascal_319 ($36.81 in chips)
Seat 4: pixifloss ($190.68 in chips)
rascal_319: posts small blind $1
pixifloss: posts big blind $3
*** HOLE CARDS ***
rascal_319: folds
Uncalled bet ($2) returned to pixifloss
pixifloss collected $2 from pot
*** SUMMARY ***
Total pot $2 | Rake $0
Seat 1: rascal_319 (button) (small blind) folded before Flop
Seat 4: pixifloss (big blind) collected ($2)


PokerStars Hand #145270164258:  Hold'em Limit ($3/$6 USD) - 2015/12/13 6:59:23 ET
Table 'Aldhafera II' 6-max Seat #4 is the button
Seat 1: rascal_319 ($39.81 in chips)
Seat 4: pixifloss ($187.68 in chips)
pixifloss: posts small blind $1
rascal_319: posts big blind $3
*** HOLE CARDS ***
pixifloss: raises $3 to $6
rascal_319: folds
Uncalled bet ($3) returned to pixifloss
pixifloss collected $6 from pot
*** SUMMARY ***
Total pot $6 | Rake $0
Seat 1: rascal_319 (big blind) folded before Flop
Seat 4: pixifloss (button) (small blind) collected ($6)


PokerStars Hand #145270169758:  Hold'em Limit ($3/$6 USD) - 2015/12/13 6:59:35 ET
Table 'Aldhafera II' 6-max Seat #4 is the button
Seat 1: rascal_319 ($35.81 in chips)
Seat 4: pixifloss ($191.68 in chips)
pixifloss: posts small blind $1
rascal_319: posts big blind $3
*** HOLE CARDS ***
pixifloss: folds
Uncalled bet ($2) returned to rascal_319
rascal_319 collected $2 from pot
rascal_319: doesn't show hand
*** SUMMARY ***
Total pot $2 | Rake $0
Seat 1: rascal_319 (big blind) collected ($2)
Seat 4: pixifloss (button) (small blind) folded before Flop


PokerStars Hand #145270185429:  Hold'em Limit ($3/$6 USD) - 2015/12/13 7:00:08 ET
Table 'Aldhafera II' 6-max Seat #1 is the button
Seat 1: rascal_319 ($32.81 in chips)
Seat 4: pixifloss ($194.68 in chips)
rascal_319: posts small blind $1
pixifloss: posts big blind $3
*** HOLE CARDS ***
rascal_319: folds
Uncalled bet ($2) returned to pixifloss
pixifloss collected $2 from pot
*** SUMMARY ***
Total pot $2 | Rake $0
Seat 1: rascal_319 (button) (small blind) folded before Flop
Seat 4: pixifloss (big blind) collected ($2)


PokerStars Hand #145270181538:  Hold'em Limit ($3/$6 USD) - 2015/12/13 7:00:00 ET
Table 'Aldhafera II' 6-max Seat #4 is the button
Seat 1: rascal_319 ($35.81 in chips)
Seat 4: pixifloss ($191.68 in chips)
pixifloss: posts small blind $1
rascal_319: posts big blind $3
*** HOLE CARDS ***
pixifloss: raises $3 to $6
rascal_319: folds
Uncalled bet ($3) returned to pixifloss
pixifloss collected $6 from pot
*** SUMMARY ***
Total pot $6 | Rake $0
Seat 1: rascal_319 (big blind) folded before Flop
Seat 4: pixifloss (button) (small blind) collected ($6)


PokerStars Hand #145270187629:  Hold'em Limit ($3/$6 USD) - 2015/12/13 7:00:13 ET
Table 'Aldhafera II' 6-max Seat #4 is the button
Seat 1: rascal_319 ($31.81 in chips)
Seat 4: pixifloss ($195.68 in chips)
pixifloss: posts small blind $1
rascal_319: posts big blind $3
*** HOLE CARDS ***
pixifloss: raises $3 to $6
rascal_319: raises $3 to $9
pixifloss: calls $3
*** FLOP *** [Ah 5d Jd]
rascal_319: bets $3
pixifloss: calls $3
*** TURN *** [Ah 5d Jd] [Jh]
rascal_319: bets $6
pixifloss: raises $6 to $12
rascal_319: calls $6
*** RIVER *** [Ah 5d Jd Jh] [3s]
rascal_319: checks
pixifloss: bets $6
rascal_319: calls $6
*** SHOW DOWN ***
pixifloss: shows [Js 6d] (three of a kind, Jacks)
rascal_319: mucks hand
pixifloss collected $59.50 from pot
*** SUMMARY ***
Total pot $60 | Rake $0.50
Board [Ah 5d Jd Jh 3s]
Seat 1: rascal_319 (big blind) mucked
Seat 4: pixifloss (button) (small blind) showed [Js 6d] and won ($59.50) with three of a kind, Jacks


