PokerStars Hand #152265508795:  Hold'em Limit ($3/$6 USD) - 2016/04/22 0:24:06 ET
Table 'Aldhanab II' 6-max Seat #3 is the button
Seat 3: LifeisagameX ($60 in chips)
Seat 5: ajbooomX ($83.58 in chips)
LifeisagameX: posts small blind $1
ajbooomX: posts big blind $3
*** HOLE CARDS ***
LifeisagameX: raises $3 to $6
ajbooomX: raises $3 to $9
LifeisagameX: calls $3
*** FLOP *** [4h Th Qh]
ajbooomX: bets $3
LifeisagameX: calls $3
*** TURN *** [4h Th Qh] [5d]
ajbooomX: bets $6
LifeisagameX: raises $6 to $12
ajbooomX: raises $6 to $18
LifeisagameX: calls $6
*** RIVER *** [4h Th Qh 5d] [2h]
ajbooomX: bets $6
LifeisagameX: raises $6 to $12
ajbooomX: raises $6 to $18
LifeisagameX: raises $6 to $24
Betting is capped
ajbooomX: calls $6
*** SHOW DOWN ***
LifeisagameX: shows [Ah 4c] (a flush, Ace high)
ajbooomX: mucks hand
LifeisagameX collected $107.50 from pot
*** SUMMARY ***
Total pot $108 | Rake $0.50
Board [4h Th Qh 5d 2h]
Seat 3: LifeisagameX (button) (small blind) showed [Ah 4c] and won ($107.50) with a flush, Ace high
Seat 5: ajbooomX (big blind) mucked


PokerStars Hand #152265523673:  Hold'em Limit ($3/$6 USD) - 2016/04/22 0:25:05 ET
Table 'Aldhanab II' 6-max Seat #5 is the button
Seat 3: LifeisagameX ($113.50 in chips)
Seat 5: ajbooomX ($29.58 in chips)
ajbooomX: posts small blind $1
LifeisagameX: posts big blind $3
*** HOLE CARDS ***
ajbooomX: raises $3 to $6
LifeisagameX: calls $3
*** FLOP *** [7s As Qd]
LifeisagameX: checks
ajbooomX: bets $3
LifeisagameX: calls $3
*** TURN *** [7s As Qd] [Qc]
LifeisagameX: checks
ajbooomX: bets $6
LifeisagameX: calls $6
*** RIVER *** [7s As Qd Qc] [5h]
LifeisagameX: bets $6
ajbooomX: raises $6 to $12
LifeisagameX: calls $6
*** SHOW DOWN ***
ajbooomX: shows [8c 7h] (two pair, Queens and Sevens)
LifeisagameX: mucks hand
ajbooomX collected $53.50 from pot
*** SUMMARY ***
Total pot $54 | Rake $0.50
Board [7s As Qd Qc 5h]
Seat 3: LifeisagameX (big blind) mucked
Seat 5: ajbooomX (button) (small blind) showed [8c 7h] and won ($53.50) with two pair, Queens and Sevens


PokerStars Hand #152265539713:  Hold'em Limit ($3/$6 USD) - 2016/04/22 0:26:08 ET
Table 'Aldhanab II' 6-max Seat #3 is the button
Seat 3: LifeisagameX ($86.50 in chips)
Seat 5: ajbooomX ($56.08 in chips)
LifeisagameX: posts small blind $1
ajbooomX: posts big blind $3
*** HOLE CARDS ***
LifeisagameX: raises $3 to $6
ajbooomX: raises $3 to $9
LifeisagameX: calls $3
*** FLOP *** [Ah Jc Jd]
ajbooomX: bets $3
LifeisagameX: folds
Uncalled bet ($3) returned to ajbooomX
ajbooomX collected $17.64 from pot
ajbooomX: doesn't show hand
*** SUMMARY ***
Total pot $18 | Rake $0.36
Board [Ah Jc Jd]
Seat 3: LifeisagameX (button) (small blind) folded on the Flop
Seat 5: ajbooomX (big blind) collected ($17.64)


PokerStars Hand #152265546630:  Hold'em Limit ($3/$6 USD) - 2016/04/22 0:26:36 ET
Table 'Aldhanab II' 6-max Seat #5 is the button
Seat 3: LifeisagameX ($77.50 in chips)
Seat 5: ajbooomX ($64.72 in chips)
ajbooomX: posts small blind $1
LifeisagameX: posts big blind $3
*** HOLE CARDS ***
ajbooomX: calls $2
LifeisagameX: raises $3 to $6
ajbooomX: raises $3 to $9
LifeisagameX: calls $3
*** FLOP *** [Js 8c 3d]
LifeisagameX: checks
ajbooomX: checks
*** TURN *** [Js 8c 3d] [Ks]
LifeisagameX: checks
ajbooomX: checks
*** RIVER *** [Js 8c 3d Ks] [2h]
LifeisagameX: bets $6
ajbooomX: folds
Uncalled bet ($6) returned to LifeisagameX
LifeisagameX collected $17.64 from pot
LifeisagameX: doesn't show hand
*** SUMMARY ***
Total pot $18 | Rake $0.36
Board [Js 8c 3d Ks 2h]
Seat 3: LifeisagameX (big blind) collected ($17.64)
Seat 5: ajbooomX (button) (small blind) folded on the River


PokerStars Hand #152265563492:  Hold'em Limit ($3/$6 USD) - 2016/04/22 0:27:41 ET
Table 'Aldhanab II' 6-max Seat #3 is the button
Seat 3: LifeisagameX ($86.14 in chips)
Seat 5: ajbooomX ($55.72 in chips)
LifeisagameX: posts small blind $1
ajbooomX: posts big blind $3
*** HOLE CARDS ***
LifeisagameX: raises $3 to $6
ajbooomX: raises $3 to $9
LifeisagameX: calls $3
*** FLOP *** [2d 9d 6d]
ajbooomX: bets $3
LifeisagameX: calls $3
*** TURN *** [2d 9d 6d] [9h]
ajbooomX: bets $6
LifeisagameX: calls $6
*** RIVER *** [2d 9d 6d 9h] [9c]
ajbooomX: bets $6
LifeisagameX: calls $6
*** SHOW DOWN ***
ajbooomX: shows [3h 5d] (three of a kind, Nines)
LifeisagameX: shows [Kc Jd] (three of a kind, Nines - King kicker)
LifeisagameX collected $47.50 from pot
*** SUMMARY ***
Total pot $48 | Rake $0.50
Board [2d 9d 6d 9h 9c]
Seat 3: LifeisagameX (button) (small blind) showed [Kc Jd] and won ($47.50) with three of a kind, Nines
Seat 5: ajbooomX (big blind) showed [3h 5d] and lost with three of a kind, Nines


PokerStars Hand #152265576976:  Hold'em Limit ($3/$6 USD) - 2016/04/22 0:28:35 ET
Table 'Aldhanab II' 6-max Seat #5 is the button
Seat 3: LifeisagameX ($109.64 in chips)
Seat 5: ajbooomX ($31.72 in chips)
ajbooomX: posts small blind $1
LifeisagameX: posts big blind $3
*** HOLE CARDS ***
ajbooomX: raises $3 to $6
LifeisagameX: calls $3
*** FLOP *** [Qs Jc Th]
LifeisagameX: checks
ajbooomX: bets $3
LifeisagameX: calls $3
*** TURN *** [Qs Jc Th] [7d]
LifeisagameX: checks
ajbooomX: bets $6
LifeisagameX: folds
Uncalled bet ($6) returned to ajbooomX
ajbooomX collected $17.64 from pot
ajbooomX: doesn't show hand
*** SUMMARY ***
Total pot $18 | Rake $0.36
Board [Qs Jc Th 7d]
Seat 3: LifeisagameX (big blind) folded on the Turn
Seat 5: ajbooomX (button) (small blind) collected ($17.64)


PokerStars Hand #152265589012:  Hold'em Limit ($3/$6 USD) - 2016/04/22 0:29:22 ET
Table 'Aldhanab II' 6-max Seat #3 is the button
Seat 3: LifeisagameX ($100.64 in chips)
Seat 5: ajbooomX ($40.36 in chips)
LifeisagameX: posts small blind $1
ajbooomX: posts big blind $3
*** HOLE CARDS ***
LifeisagameX: raises $3 to $6
ajbooomX: raises $3 to $9
LifeisagameX: calls $3
*** FLOP *** [Kd 3c 6d]
ajbooomX: bets $3
LifeisagameX: calls $3
*** TURN *** [Kd 3c 6d] [2s]
ajbooomX: checks
LifeisagameX: bets $6
ajbooomX: calls $6
*** RIVER *** [Kd 3c 6d 2s] [9s]
ajbooomX: checks
LifeisagameX: bets $6
ajbooomX: calls $6
*** SHOW DOWN ***
LifeisagameX: shows [Kh Td] (a pair of Kings)
ajbooomX: mucks hand
LifeisagameX collected $47.50 from pot
*** SUMMARY ***
Total pot $48 | Rake $0.50
Board [Kd 3c 6d 2s 9s]
Seat 3: LifeisagameX (button) (small blind) showed [Kh Td] and won ($47.50) with a pair of Kings
Seat 5: ajbooomX (big blind) mucked


PokerStars Hand #152265606140:  Hold'em Limit ($3/$6 USD) - 2016/04/22 0:30:29 ET
Table 'Aldhanab II' 6-max Seat #3 is the button
Seat 3: LifeisagameX ($107.78 in chips)
Seat 5: ajbooomX ($32.22 in chips)
LifeisagameX: posts small blind $1
ajbooomX: posts big blind $3
*** HOLE CARDS ***
VolkovDmitri leaves the table
LifeisagameX: raises $3 to $6
ajbooomX: calls $3
*** FLOP *** [9c Qs 2h]
VolkovDmitri joins the table at seat #6
ajbooomX: checks
LifeisagameX: bets $3
ajbooomX: calls $3
*** TURN *** [9c Qs 2h] [3d]
ajbooomX: checks
LifeisagameX: bets $6
ajbooomX: folds
Uncalled bet ($6) returned to LifeisagameX
LifeisagameX collected $17.64 from pot
LifeisagameX: doesn't show hand
*** SUMMARY ***
Total pot $18 | Rake $0.36
Board [9c Qs 2h 3d]
Seat 3: LifeisagameX (button) (small blind) collected ($17.64)
Seat 5: ajbooomX (big blind) folded on the Turn


PokerStars Hand #152265595029:  Hold'em Limit ($3/$6 USD) - 2016/04/22 0:29:46 ET
Table 'Aldhanab II' 6-max Seat #5 is the button
Seat 3: LifeisagameX ($124.14 in chips)
Seat 5: ajbooomX ($16.36 in chips)
ajbooomX: posts small blind $1
LifeisagameX: posts big blind $3
*** HOLE CARDS ***
ajbooomX: raises $3 to $6
LifeisagameX: raises $3 to $9
ajbooomX: raises $3 to $12
Betting is capped
LifeisagameX: calls $3
*** FLOP *** [4c 8s 6h]
LifeisagameX: checks
ajbooomX: bets $3
LifeisagameX: calls $3
*** TURN *** [4c 8s 6h] [2s]
LifeisagameX: checks
ajbooomX: bets $1.36 and is all-in
LifeisagameX: calls $1.36
*** RIVER *** [4c 8s 6h 2s] [Qh]
*** SHOW DOWN ***
LifeisagameX: shows [As 9c] (high card Ace)
ajbooomX: shows [6d 2c] (two pair, Sixes and Deuces)
ajbooomX collected $32.22 from pot
*** SUMMARY ***
Total pot $32.72 | Rake $0.50
Board [4c 8s 6h 2s Qh]
Seat 3: LifeisagameX (big blind) showed [As 9c] and lost with high card Ace
Seat 5: ajbooomX (button) (small blind) showed [6d 2c] and won ($32.22) with two pair, Sixes and Deuces


PokerStars Hand #152265622968:  Hold'em Limit ($3/$6 USD) - 2016/04/22 0:31:34 ET
Table 'Aldhanab II' 6-max Seat #3 is the button
Seat 3: LifeisagameX ($141.16 in chips)
Seat 6: VolkovDmitri ($120 in chips)
Bassie830 will be allowed to play after the button
LifeisagameX: posts small blind $1
VolkovDmitri: posts big blind $3
*** HOLE CARDS ***
LifeisagameX: raises $3 to $6
VolkovDmitri: calls $3
*** FLOP *** [2d Tc 3d]
ajbooomX leaves the table
VolkovDmitri: checks
LifeisagameX: bets $3
VolkovDmitri: calls $3
*** TURN *** [2d Tc 3d] [3c]
VolkovDmitri: checks
LifeisagameX: checks
*** RIVER *** [2d Tc 3d 3c] [Ts]
VolkovDmitri: checks
LifeisagameX: bets $6
VolkovDmitri: folds
Uncalled bet ($6) returned to LifeisagameX
LifeisagameX collected $17.64 from pot
LifeisagameX: doesn't show hand
*** SUMMARY ***
Total pot $18 | Rake $0.36
Board [2d Tc 3d 3c Ts]
Seat 3: LifeisagameX (button) (small blind) collected ($17.64)
Seat 6: VolkovDmitri (big blind) folded on the River


PokerStars Hand #152266701742:  Hold'em Limit ($3/$6 USD) - 2016/04/22 1:42:43 ET
Table 'Aldhanab II' 6-max Seat #1 is the button
Seat 1: aloven ($261.15 in chips)
Seat 6: RaisemyNut$ ($222.62 in chips)
aloven: posts small blind $1
VolkovDmitri: is sitting out
Velbor107: is sitting out
RaisemyNut$: posts big blind $3
*** HOLE CARDS ***
aloven: folds
Uncalled bet ($2) returned to RaisemyNut$
VolkovDmitri leaves the table
RaisemyNut$ collected $2 from pot
RaisemyNut$: doesn't show hand
*** SUMMARY ***
Total pot $2 | Rake $0
Seat 1: aloven (button) (small blind) folded before Flop
Seat 6: RaisemyNut$ (big blind) collected ($2)


PokerStars Hand #152266703508:  Hold'em Limit ($3/$6 USD) - 2016/04/22 1:42:50 ET
Table 'Aldhanab II' 6-max Seat #6 is the button
Seat 1: aloven ($260.15 in chips)
Seat 6: RaisemyNut$ ($223.62 in chips)
RaisemyNut$: posts small blind $1
aloven: posts big blind $3
*** HOLE CARDS ***
RaisemyNut$: raises $3 to $6
aloven: calls $3
*** FLOP *** [Ac 6s 8d]
aloven: checks
RaisemyNut$: bets $3
aloven: raises $3 to $6
RaisemyNut$: calls $3
*** TURN *** [Ac 6s 8d] [Th]
aloven: bets $6
RaisemyNut$: raises $6 to $12
aloven: folds
Uncalled bet ($6) returned to RaisemyNut$
RaisemyNut$ collected $35.50 from pot
RaisemyNut$: doesn't show hand
*** SUMMARY ***
Total pot $36 | Rake $0.50
Board [Ac 6s 8d Th]
Seat 1: aloven (big blind) folded on the Turn
Seat 6: RaisemyNut$ (button) (small blind) collected ($35.50)


PokerStars Hand #152268242303:  Hold'em Limit ($3/$6 USD) - 2016/04/22 3:18:45 ET
Table 'Aldhanab II' 6-max Seat #3 is the button
Seat 1: aloven ($427.61 in chips)
Seat 3: MissEKAmouse ($153.64 in chips)
MissEKAmouse: posts small blind $1
Velbor107: is sitting out
aloven: posts big blind $3
*** HOLE CARDS ***
MissEKAmouse: raises $3 to $6
aloven: folds
Uncalled bet ($3) returned to MissEKAmouse
Velbor107 leaves the table
MissEKAmouse collected $6 from pot
MissEKAmouse: doesn't show hand
*** SUMMARY ***
Total pot $6 | Rake $0
Seat 1: aloven (big blind) folded before Flop
Seat 3: MissEKAmouse (button) (small blind) collected ($6)


