PokerStars Hand #148417216674:  Hold'em Limit ($3/$6 USD) - 2016/02/07 17:03:07 ET
Table 'Aldhibah' 10-max Seat #4 is the button
Seat 4: Pandakey ($173.32 in chips)
Seat 9: Chefred ($83.65 in chips)
Pandakey: posts small blind $1
Chefred: posts big blind $3
*** HOLE CARDS ***
Pandakey: raises $3 to $6
Chefred: calls $3
*** FLOP *** [Jc 8s Kc]
Chefred: checks
Pandakey: checks
*** TURN *** [Jc 8s Kc] [Ts]
Chefred: bets $6
Pandakey: calls $6
*** RIVER *** [Jc 8s Kc Ts] [3c]
Chefred: bets $6
Pandakey: calls $6
*** SHOW DOWN ***
Chefred: shows [8d 8h] (three of a kind, Eights)
Pandakey: mucks hand
Chefred collected $35.50 from pot
*** SUMMARY ***
Total pot $36 | Rake $0.50
Board [Jc 8s Kc Ts 3c]
Seat 4: Pandakey (button) (small blind) mucked
Seat 9: Chefred (big blind) showed [8d 8h] and won ($35.50) with three of a kind, Eights


PokerStars Hand #148417211187:  Hold'em Limit ($3/$6 USD) - 2016/02/07 17:03:02 ET
Table 'Aldhibah' 10-max Seat #9 is the button
Seat 4: Pandakey ($172.32 in chips)
Seat 9: Chefred ($84.65 in chips)
Chefred: posts small blind $1
Pandakey: posts big blind $3
*** HOLE CARDS ***
Chefred: folds
Uncalled bet ($2) returned to Pandakey
Pandakey collected $2 from pot
Pandakey: doesn't show hand
*** SUMMARY ***
Total pot $2 | Rake $0
Seat 4: Pandakey (big blind) collected ($2)
Seat 9: Chefred (button) (small blind) folded before Flop


PokerStars Hand #148417200563:  Hold'em Limit ($3/$6 USD) - 2016/02/07 17:02:52 ET
Table 'Aldhibah' 10-max Seat #4 is the button
Seat 4: Pandakey ($169.32 in chips)
Seat 9: Chefred ($87.65 in chips)
Pandakey: posts small blind $1
BelSv: is sitting out
Chefred: posts big blind $3
*** HOLE CARDS ***
Pandakey: raises $3 to $6
BelSv leaves the table
Chefred: folds
Uncalled bet ($3) returned to Pandakey
Pandakey collected $6 from pot
Pandakey: doesn't show hand
*** SUMMARY ***
Total pot $6 | Rake $0
Seat 4: Pandakey (button) (small blind) collected ($6)
Seat 9: Chefred (big blind) folded before Flop


PokerStars Hand #148417298597:  Hold'em Limit ($3/$6 USD) - 2016/02/07 17:04:21 ET
Table 'Aldhibah' 10-max Seat #9 is the button
Seat 4: Pandakey ($169.82 in chips)
Seat 9: Chefred ($85.79 in chips)
Chefred: posts small blind $1
Pandakey: posts big blind $3
*** HOLE CARDS ***
Chefred: raises $3 to $6
Pandakey: raises $3 to $9
Chefred: calls $3
*** FLOP *** [2c Jh 3c]
Pandakey: bets $3
Chefred: calls $3
*** TURN *** [2c Jh 3c] [4d]
Pandakey: checks
Chefred: checks
*** RIVER *** [2c Jh 3c 4d] [8s]
Pandakey: checks
Chefred: checks
*** SHOW DOWN ***
Pandakey: shows [Ac 9s] (high card Ace)
Chefred: mucks hand
Pandakey collected $23.52 from pot
*** SUMMARY ***
Total pot $24 | Rake $0.48
Board [2c Jh 3c 4d 8s]
Seat 4: Pandakey (big blind) showed [Ac 9s] and won ($23.52) with high card Ace
Seat 9: Chefred (button) (small blind) mucked


PokerStars Hand #148417282240:  Hold'em Limit ($3/$6 USD) - 2016/02/07 17:04:07 ET
Table 'Aldhibah' 10-max Seat #4 is the button
Seat 4: Pandakey ($178.82 in chips)
Seat 9: Chefred ($77.15 in chips)
Pandakey: posts small blind $1
Chefred: posts big blind $3
*** HOLE CARDS ***
Pandakey: raises $3 to $6
Chefred: calls $3
*** FLOP *** [Qs 4c 9c]
Chefred: checks
Pandakey: bets $3
Chefred: raises $3 to $6
Pandakey: folds
Uncalled bet ($3) returned to Chefred
Chefred collected $17.64 from pot
Chefred: doesn't show hand
*** SUMMARY ***
Total pot $18 | Rake $0.36
Board [Qs 4c 9c]
Seat 4: Pandakey (button) (small blind) folded on the Flop
Seat 9: Chefred (big blind) collected ($17.64)


PokerStars Hand #148417240084:  Hold'em Limit ($3/$6 USD) - 2016/02/07 17:03:29 ET
Table 'Aldhibah' 10-max Seat #9 is the button
Seat 4: Pandakey ($155.32 in chips)
Seat 9: Chefred ($101.15 in chips)
Chefred: posts small blind $1
Pandakey: posts big blind $3
*** HOLE CARDS ***
Chefred: raises $3 to $6
Pandakey: raises $3 to $9
Chefred: calls $3
*** FLOP *** [Ad 2d 6c]
Pandakey: bets $3
Chefred: calls $3
*** TURN *** [Ad 2d 6c] [4s]
Pandakey: bets $6
Chefred: calls $6
*** RIVER *** [Ad 2d 6c 4s] [2c]
Pandakey: bets $6
Chefred: calls $6
*** SHOW DOWN ***
Pandakey: shows [Ac Ks] (two pair, Aces and Deuces)
Chefred: mucks hand
Pandakey collected $47.50 from pot
*** SUMMARY ***
Total pot $48 | Rake $0.50
Board [Ad 2d 6c 4s 2c]
Seat 4: Pandakey (big blind) showed [Ac Ks] and won ($47.50) with two pair, Aces and Deuces
Seat 9: Chefred (button) (small blind) mucked


PokerStars Hand #148417389013:  Hold'em Limit ($3/$6 USD) - 2016/02/07 17:05:42 ET
Table 'Aldhibah' 10-max Seat #4 is the button
Seat 4: Pandakey ($191.84 in chips)
Seat 9: Chefred ($62.43 in chips)
Pandakey: posts small blind $1
Chefred: posts big blind $3
*** HOLE CARDS ***
Pandakey: raises $3 to $6
Chefred: raises $3 to $9
Pandakey: calls $3
*** FLOP *** [7d Ac Td]
Chefred: bets $3
Pandakey: folds
Uncalled bet ($3) returned to Chefred
Chefred collected $17.64 from pot
Chefred: doesn't show hand
*** SUMMARY ***
Total pot $18 | Rake $0.36
Board [7d Ac Td]
Seat 4: Pandakey (button) (small blind) folded on the Flop
Seat 9: Chefred (big blind) collected ($17.64)


PokerStars Hand #148417383548:  Hold'em Limit ($3/$6 USD) - 2016/02/07 17:05:37 ET
Table 'Aldhibah' 10-max Seat #9 is the button
Seat 4: Pandakey ($190.84 in chips)
Seat 9: Chefred ($63.43 in chips)
Chefred: posts small blind $1
Pandakey: posts big blind $3
*** HOLE CARDS ***
Chefred: folds
Uncalled bet ($2) returned to Pandakey
Pandakey collected $2 from pot
Pandakey: doesn't show hand
*** SUMMARY ***
Total pot $2 | Rake $0
Seat 4: Pandakey (big blind) collected ($2)
Seat 9: Chefred (button) (small blind) folded before Flop


PokerStars Hand #148417367670:  Hold'em Limit ($3/$6 USD) - 2016/02/07 17:05:23 ET
Table 'Aldhibah' 10-max Seat #4 is the button
Seat 4: Pandakey ($199.84 in chips)
Seat 9: Chefred ($54.79 in chips)
Pandakey: posts small blind $1
Chefred: posts big blind $3
*** HOLE CARDS ***
Pandakey: raises $3 to $6
Chefred: raises $3 to $9
Pandakey: calls $3
*** FLOP *** [Tc Th Kh]
Chefred: bets $3
Pandakey: folds
Uncalled bet ($3) returned to Chefred
Chefred collected $17.64 from pot
Chefred: doesn't show hand
*** SUMMARY ***
Total pot $18 | Rake $0.36
Board [Tc Th Kh]
Seat 4: Pandakey (button) (small blind) folded on the Flop
Seat 9: Chefred (big blind) collected ($17.64)


PokerStars Hand #148417362407:  Hold'em Limit ($3/$6 USD) - 2016/02/07 17:05:18 ET
Table 'Aldhibah' 10-max Seat #9 is the button
Seat 4: Pandakey ($198.84 in chips)
Seat 9: Chefred ($55.79 in chips)
Chefred: posts small blind $1
Pandakey: posts big blind $3
*** HOLE CARDS ***
Chefred: folds
Uncalled bet ($2) returned to Pandakey
Pandakey collected $2 from pot
Pandakey: doesn't show hand
*** SUMMARY ***
Total pot $2 | Rake $0
Seat 4: Pandakey (big blind) collected ($2)
Seat 9: Chefred (button) (small blind) folded before Flop


PokerStars Hand #148417328077:  Hold'em Limit ($3/$6 USD) - 2016/02/07 17:04:48 ET
Table 'Aldhibah' 10-max Seat #4 is the button
Seat 4: Pandakey ($181.34 in chips)
Seat 9: Chefred ($73.79 in chips)
Pandakey: posts small blind $1
Chefred: posts big blind $3
*** HOLE CARDS ***
Pandakey: raises $3 to $6
Chefred: raises $3 to $9
Pandakey: calls $3
*** FLOP *** [8c Jh 5h]
Chefred: bets $3
Pandakey: calls $3
*** TURN *** [8c Jh 5h] [6h]
Chefred: checks
Pandakey: bets $6
Chefred: calls $6
*** RIVER *** [8c Jh 5h 6h] [3d]
Chefred: checks
Pandakey: bets $6
Chefred: folds
Uncalled bet ($6) returned to Pandakey
Pandakey collected $35.50 from pot
Pandakey: doesn't show hand
*** SUMMARY ***
Total pot $36 | Rake $0.50
Board [8c Jh 5h 6h 3d]
Seat 4: Pandakey (button) (small blind) collected ($35.50)
Seat 9: Chefred (big blind) folded on the River


PokerStars Hand #148417402635:  Hold'em Limit ($3/$6 USD) - 2016/02/07 17:05:55 ET
Table 'Aldhibah' 10-max Seat #9 is the button
Seat 4: Pandakey ($182.84 in chips)
Seat 9: Chefred ($71.07 in chips)
Chefred: posts small blind $1
Pandakey: posts big blind $3
*** HOLE CARDS ***
Chefred: raises $3 to $6
Pandakey: calls $3
*** FLOP *** [5c 7h Js]
Pandakey: checks
Chefred: checks
*** TURN *** [5c 7h Js] [9s]
Pandakey: checks
Chefred: checks
*** RIVER *** [5c 7h Js 9s] [Qs]
Pandakey: bets $6
Chefred: folds
Uncalled bet ($6) returned to Pandakey
Pandakey collected $11.76 from pot
Pandakey: doesn't show hand
*** SUMMARY ***
Total pot $12 | Rake $0.24
Board [5c 7h Js 9s Qs]
Seat 4: Pandakey (big blind) collected ($11.76)
Seat 9: Chefred (button) (small blind) folded on the River


PokerStars Hand #148417526234:  Hold'em Limit ($3/$6 USD) - 2016/02/07 17:07:47 ET
Table 'Aldhibah' 10-max Seat #4 is the button
Seat 4: Pandakey ($188.10 in chips)
Seat 9: Chefred ($64.57 in chips)
Pandakey: posts small blind $1
Chefred: posts big blind $3
*** HOLE CARDS ***
Pandakey: raises $3 to $6
Chefred: folds
Uncalled bet ($3) returned to Pandakey
Pandakey collected $6 from pot
Pandakey: doesn't show hand
*** SUMMARY ***
Total pot $6 | Rake $0
Seat 4: Pandakey (button) (small blind) collected ($6)
Seat 9: Chefred (big blind) folded before Flop


PokerStars Hand #148417482991:  Hold'em Limit ($3/$6 USD) - 2016/02/07 17:07:08 ET
Table 'Aldhibah' 10-max Seat #9 is the button
Seat 4: Pandakey ($164.60 in chips)
Seat 9: Chefred ($88.57 in chips)
Chefred: posts small blind $1
Pandakey: posts big blind $3
*** HOLE CARDS ***
Chefred: raises $3 to $6
Pandakey: calls $3
*** FLOP *** [9c 7d Th]
Pandakey: checks
Chefred: bets $3
Pandakey: raises $3 to $6
Chefred: calls $3
*** TURN *** [9c 7d Th] [Ac]
Pandakey: bets $6
Chefred: calls $6
*** RIVER *** [9c 7d Th Ac] [2h]
Pandakey: bets $6
Chefred: calls $6
*** SHOW DOWN ***
Pandakey: shows [Tc 8d] (a pair of Tens)
Chefred: mucks hand
Pandakey collected $47.50 from pot
*** SUMMARY ***
Total pot $48 | Rake $0.50
Board [9c 7d Th Ac 2h]
Seat 4: Pandakey (big blind) showed [Tc 8d] and won ($47.50) with a pair of Tens
Seat 9: Chefred (button) (small blind) mucked


PokerStars Hand #148417442526:  Hold'em Limit ($3/$6 USD) - 2016/02/07 17:06:31 ET
Table 'Aldhibah' 10-max Seat #4 is the button
Seat 4: Pandakey ($188.60 in chips)
Seat 9: Chefred ($65.07 in chips)
Pandakey: posts small blind $1
Chefred: posts big blind $3
*** HOLE CARDS ***
Pandakey: raises $3 to $6
Chefred: raises $3 to $9
Pandakey: calls $3
*** FLOP *** [Kh Kd Ks]
Chefred: bets $3
Pandakey: calls $3
*** TURN *** [Kh Kd Ks] [5c]
Chefred: bets $6
Pandakey: calls $6
*** RIVER *** [Kh Kd Ks 5c] [Qc]
Chefred: bets $6
Pandakey: calls $6
*** SHOW DOWN ***
Chefred: shows [Jd Jc] (a full house, Kings full of Jacks)
Pandakey: mucks hand
Chefred collected $47.50 from pot
*** SUMMARY ***
Total pot $48 | Rake $0.50
Board [Kh Kd Ks 5c Qc]
Seat 4: Pandakey (button) (small blind) mucked
Seat 9: Chefred (big blind) showed [Jd Jc] and won ($47.50) with a full house, Kings full of Jacks


PokerStars Hand #148417561920:  Hold'em Limit ($3/$6 USD) - 2016/02/07 17:08:20 ET
Table 'Aldhibah' 10-max Seat #9 is the button
Seat 4: Pandakey ($187.10 in chips)
Seat 9: Chefred ($65.57 in chips)
Chefred: posts small blind $1
Pandakey: posts big blind $3
*** HOLE CARDS ***
Chefred: raises $3 to $6
Pandakey: folds
Uncalled bet ($3) returned to Chefred
Chefred collected $6 from pot
Chefred: doesn't show hand
*** SUMMARY ***
Total pot $6 | Rake $0
Seat 4: Pandakey (big blind) folded before Flop
Seat 9: Chefred (button) (small blind) collected ($6)


PokerStars Hand #148417556631:  Hold'em Limit ($3/$6 USD) - 2016/02/07 17:08:15 ET
Table 'Aldhibah' 10-max Seat #4 is the button
Seat 4: Pandakey ($188.10 in chips)
Seat 9: Chefred ($64.57 in chips)
Pandakey: posts small blind $1
Chefred: posts big blind $3
*** HOLE CARDS ***
Pandakey: folds
Uncalled bet ($2) returned to Chefred
Chefred collected $2 from pot
Chefred: doesn't show hand
*** SUMMARY ***
Total pot $2 | Rake $0
Seat 4: Pandakey (button) (small blind) folded before Flop
Seat 9: Chefred (big blind) collected ($2)


PokerStars Hand #148417537529:  Hold'em Limit ($3/$6 USD) - 2016/02/07 17:07:57 ET
Table 'Aldhibah' 10-max Seat #9 is the button
Seat 4: Pandakey ($191.10 in chips)
Seat 9: Chefred ($61.57 in chips)
Chefred: posts small blind $1
Pandakey: posts big blind $3
*** HOLE CARDS ***
Chefred: raises $3 to $6
Pandakey: folds
Uncalled bet ($3) returned to Chefred
Chefred collected $6 from pot
Chefred: doesn't show hand
*** SUMMARY ***
Total pot $6 | Rake $0
Seat 4: Pandakey (big blind) folded before Flop
Seat 9: Chefred (button) (small blind) collected ($6)


PokerStars Hand #148417652411:  Hold'em Limit ($3/$6 USD) - 2016/02/07 17:09:43 ET
Table 'Aldhibah' 10-max Seat #9 is the button
Seat 4: Pandakey ($190.60 in chips)
Seat 9: Chefred ($61.09 in chips)
Chefred: posts small blind $1
Pandakey: posts big blind $3
*** HOLE CARDS ***
Chefred: folds
Uncalled bet ($2) returned to Pandakey
Pandakey collected $2 from pot
Pandakey: doesn't show hand
*** SUMMARY ***
Total pot $2 | Rake $0
Seat 4: Pandakey (big blind) collected ($2)
Seat 9: Chefred (button) (small blind) folded before Flop


PokerStars Hand #148417629205:  Hold'em Limit ($3/$6 USD) - 2016/02/07 17:09:22 ET
Table 'Aldhibah' 10-max Seat #4 is the button
Seat 4: Pandakey ($202.60 in chips)
Seat 9: Chefred ($49.57 in chips)
Pandakey: posts small blind $1
Chefred: posts big blind $3
*** HOLE CARDS ***
Pandakey: raises $3 to $6
Chefred: calls $3
*** FLOP *** [Kh 8s 5h]
Chefred: checks
Pandakey: checks
*** TURN *** [Kh 8s 5h] [Td]
Chefred: checks
Pandakey: checks
*** RIVER *** [Kh 8s 5h Td] [4h]
Chefred: bets $6
Pandakey: calls $6
*** SHOW DOWN ***
Chefred: shows [Kc 2s] (a pair of Kings)
Pandakey: mucks hand
Chefred collected $23.52 from pot
*** SUMMARY ***
Total pot $24 | Rake $0.48
Board [Kh 8s 5h Td 4h]
Seat 4: Pandakey (button) (small blind) mucked
Seat 9: Chefred (big blind) showed [Kc 2s] and won ($23.52) with a pair of Kings


PokerStars Hand #148417624157:  Hold'em Limit ($3/$6 USD) - 2016/02/07 17:09:17 ET
Table 'Aldhibah' 10-max Seat #9 is the button
Seat 4: Pandakey ($201.60 in chips)
Seat 9: Chefred ($50.57 in chips)
Chefred: posts small blind $1
Pandakey: posts big blind $3
*** HOLE CARDS ***
Chefred: folds
Uncalled bet ($2) returned to Pandakey
Pandakey collected $2 from pot
Pandakey: doesn't show hand
*** SUMMARY ***
Total pot $2 | Rake $0
Seat 4: Pandakey (big blind) collected ($2)
Seat 9: Chefred (button) (small blind) folded before Flop


PokerStars Hand #148417582381:  Hold'em Limit ($3/$6 USD) - 2016/02/07 17:08:38 ET
Table 'Aldhibah' 10-max Seat #4 is the button
Seat 4: Pandakey ($184.10 in chips)
Seat 9: Chefred ($68.57 in chips)
Pandakey: posts small blind $1
Chefred: posts big blind $3
*** HOLE CARDS ***
Pandakey: raises $3 to $6
Chefred: calls $3
*** FLOP *** [5s Qh Tc]
Chefred: checks
Pandakey: bets $3
Chefred: raises $3 to $6
Pandakey: calls $3
*** TURN *** [5s Qh Tc] [5c]
Chefred: bets $6
Pandakey: calls $6
*** RIVER *** [5s Qh Tc 5c] [2d]
Chefred: checks
Pandakey: bets $6
Chefred: folds
Uncalled bet ($6) returned to Pandakey
Pandakey collected $35.50 from pot
Pandakey: doesn't show hand
*** SUMMARY ***
Total pot $36 | Rake $0.50
Board [5s Qh Tc 5c 2d]
Seat 4: Pandakey (button) (small blind) collected ($35.50)
Seat 9: Chefred (big blind) folded on the River


PokerStars Hand #148417664648:  Hold'em Limit ($3/$6 USD) - 2016/02/07 17:09:55 ET
Table 'Aldhibah' 10-max Seat #4 is the button
Seat 4: Pandakey ($191.60 in chips)
Seat 9: Chefred ($60.09 in chips)
Pandakey: posts small blind $1
Chefred: posts big blind $3
*** HOLE CARDS ***
Pandakey: raises $3 to $6
Chefred: calls $3
*** FLOP *** [3d Ks 3c]
Chefred: bets $3
Pandakey: folds
Uncalled bet ($3) returned to Chefred
Chefred collected $11.76 from pot
Chefred: doesn't show hand
*** SUMMARY ***
Total pot $12 | Rake $0.24
Board [3d Ks 3c]
Seat 4: Pandakey (button) (small blind) folded on the Flop
Seat 9: Chefred (big blind) collected ($11.76)


PokerStars Hand #148417709014:  Hold'em Limit ($3/$6 USD) - 2016/02/07 17:10:36 ET
Table 'Aldhibah' 10-max Seat #9 is the button
Seat 4: Pandakey ($198.12 in chips)
Seat 9: Chefred ($52.85 in chips)
Chefred: posts small blind $1
Pandakey: posts big blind $3
*** HOLE CARDS ***
Chefred: raises $3 to $6
Pandakey: calls $3
*** FLOP *** [5s 6h 3h]
Pandakey: bets $3
Chefred: calls $3
*** TURN *** [5s 6h 3h] [2s]
Pandakey: bets $6
Chefred: folds
Uncalled bet ($6) returned to Pandakey
Pandakey collected $17.64 from pot
Pandakey: doesn't show hand
*** SUMMARY ***
Total pot $18 | Rake $0.36
Board [5s 6h 3h 2s]
Seat 4: Pandakey (big blind) collected ($17.64)
Seat 9: Chefred (button) (small blind) folded on the Turn


PokerStars Hand #148417686131:  Hold'em Limit ($3/$6 USD) - 2016/02/07 17:10:15 ET
Table 'Aldhibah' 10-max Seat #4 is the button
Seat 4: Pandakey ($186.60 in chips)
Seat 9: Chefred ($64.85 in chips)
Pandakey: posts small blind $1
Chefred: posts big blind $3
*** HOLE CARDS ***
Pandakey: raises $3 to $6
Chefred: calls $3
*** FLOP *** [6d 2h 4s]
Chefred: checks
Pandakey: checks
*** TURN *** [6d 2h 4s] [9h]
Chefred: bets $6
Pandakey: raises $6 to $12
Chefred: folds
Uncalled bet ($6) returned to Pandakey
Pandakey collected $23.52 from pot
Pandakey: doesn't show hand
*** SUMMARY ***
Total pot $24 | Rake $0.48
Board [6d 2h 4s 9h]
Seat 4: Pandakey (button) (small blind) collected ($23.52)
Seat 9: Chefred (big blind) folded on the Turn


PokerStars Hand #148417680089:  Hold'em Limit ($3/$6 USD) - 2016/02/07 17:10:09 ET
Table 'Aldhibah' 10-max Seat #9 is the button
Seat 4: Pandakey ($185.60 in chips)
Seat 9: Chefred ($65.85 in chips)
Chefred: posts small blind $1
Pandakey: posts big blind $3
*** HOLE CARDS ***
Chefred: folds
Uncalled bet ($2) returned to Pandakey
Pandakey collected $2 from pot
Pandakey: doesn't show hand
*** SUMMARY ***
Total pot $2 | Rake $0
Seat 4: Pandakey (big blind) collected ($2)
Seat 9: Chefred (button) (small blind) folded before Flop


PokerStars Hand #148417725798:  Hold'em Limit ($3/$6 USD) - 2016/02/07 17:10:52 ET
Table 'Aldhibah' 10-max Seat #4 is the button
Seat 4: Pandakey ($206.76 in chips)
Seat 9: Chefred ($43.85 in chips)
Pandakey: posts small blind $1
Chefred: posts big blind $3
*** HOLE CARDS ***
Pandakey: raises $3 to $6
Chefred: raises $3 to $9
Pandakey: calls $3
*** FLOP *** [5h 3h Ad]
Chefred: bets $3
Pandakey: folds
Uncalled bet ($3) returned to Chefred
Chefred collected $17.64 from pot
Chefred: doesn't show hand
*** SUMMARY ***
Total pot $18 | Rake $0.36
Board [5h 3h Ad]
Seat 4: Pandakey (button) (small blind) folded on the Flop
Seat 9: Chefred (big blind) collected ($17.64)


PokerStars Hand #148417741972:  Hold'em Limit ($3/$6 USD) - 2016/02/07 17:11:07 ET
Table 'Aldhibah' 10-max Seat #9 is the button
Seat 4: Pandakey ($197.76 in chips)
Seat 9: Chefred ($52.49 in chips)
Chefred: posts small blind $1
Pandakey: posts big blind $3
*** HOLE CARDS ***
Chefred: raises $3 to $6
Pandakey: raises $3 to $9
Chefred: calls $3
*** FLOP *** [Kc Qd 2h]
Pandakey: bets $3
Chefred: calls $3
*** TURN *** [Kc Qd 2h] [8h]
Pandakey: bets $6
Chefred: calls $6
*** RIVER *** [Kc Qd 2h 8h] [5c]
Pandakey: bets $6
Chefred: calls $6
*** SHOW DOWN ***
Pandakey: shows [Qs Jd] (a pair of Queens)
Chefred: mucks hand
Pandakey collected $47.50 from pot
*** SUMMARY ***
Total pot $48 | Rake $0.50
Board [Kc Qd 2h 8h 5c]
Seat 4: Pandakey (big blind) showed [Qs Jd] and won ($47.50) with a pair of Queens
Seat 9: Chefred (button) (small blind) mucked


PokerStars Hand #148417805420:  Hold'em Limit ($3/$6 USD) - 2016/02/07 17:12:07 ET
Table 'Aldhibah' 10-max Seat #9 is the button
Seat 4: Pandakey ($232.78 in chips)
Seat 9: Chefred ($16.49 in chips)
Chefred: posts small blind $1
Pandakey: posts big blind $3
*** HOLE CARDS ***
Chefred: raises $3 to $6
Pandakey: raises $3 to $9
Chefred: calls $3
*** FLOP *** [5h Kd 3h]
Pandakey: bets $3
Chefred: calls $3
*** TURN *** [5h Kd 3h] [8s]
Pandakey: bets $6
Chefred: calls $4.49 and is all-in
Uncalled bet ($1.51) returned to Pandakey
*** RIVER *** [5h Kd 3h 8s] [8c]
*** SHOW DOWN ***
Pandakey: shows [5s 5c] (a full house, Fives full of Eights)
Chefred: shows [7c Jd] (a pair of Eights)
Pandakey collected $32.48 from pot
*** SUMMARY ***
Total pot $32.98 | Rake $0.50
Board [5h Kd 3h 8s 8c]
Seat 4: Pandakey (big blind) showed [5s 5c] and won ($32.48) with a full house, Fives full of Eights
Seat 9: Chefred (button) (small blind) showed [7c Jd] and lost with a pair of Eights


PokerStars Hand #148417766097:  Hold'em Limit ($3/$6 USD) - 2016/02/07 17:11:30 ET
Table 'Aldhibah' 10-max Seat #4 is the button
Seat 4: Pandakey ($221.26 in chips)
Seat 9: Chefred ($28.49 in chips)
Pandakey: posts small blind $1
Chefred: posts big blind $3
*** HOLE CARDS ***
Pandakey: raises $3 to $6
Chefred: calls $3
*** FLOP *** [Kc Qd Td]
Chefred: checks
Pandakey: checks
*** TURN *** [Kc Qd Td] [Kd]
Chefred: bets $6
Pandakey: calls $6
*** RIVER *** [Kc Qd Td Kd] [Js]
Chefred: checks
Pandakey: bets $6
Chefred: folds
Uncalled bet ($6) returned to Pandakey
Pandakey collected $23.52 from pot
Pandakey: doesn't show hand
*** SUMMARY ***
Total pot $24 | Rake $0.48
Board [Kc Qd Td Kd Js]
Seat 4: Pandakey (button) (small blind) collected ($23.52)
Seat 9: Chefred (big blind) folded on the River


PokerStars Hand #148417866605:  Hold'em Limit ($3/$6 USD) - 2016/02/07 17:13:05 ET
Table 'Aldhibah' 10-max Seat #9 is the button
Seat 4: Pandakey ($247.77 in chips)
Seat 9: Chefred ($35 in chips)
Chefred: posts small blind $1
Pandakey: posts big blind $3
*** HOLE CARDS ***
Chefred: raises $3 to $6
Pandakey: raises $3 to $9
Chefred: calls $3
*** FLOP *** [8h 7d 9h]
Pandakey: bets $3
Chefred: calls $3
*** TURN *** [8h 7d 9h] [Js]
Pandakey: checks
Chefred: bets $6
Pandakey: calls $6
*** RIVER *** [8h 7d 9h Js] [5h]
Pandakey: checks
Chefred: bets $6
Pandakey: folds
Uncalled bet ($6) returned to Chefred
Chefred collected $35.50 from pot
Chefred: doesn't show hand
*** SUMMARY ***
Total pot $36 | Rake $0.50
Board [8h 7d 9h Js 5h]
Seat 4: Pandakey (big blind) folded on the River
Seat 9: Chefred (button) (small blind) collected ($35.50)


PokerStars Hand #148417861753:  Hold'em Limit ($3/$6 USD) - 2016/02/07 17:13:00 ET
Table 'Aldhibah' 10-max Seat #4 is the button
Seat 4: Pandakey ($248.77 in chips)
Seat 9: Chefred ($34 in chips)
Pandakey: posts small blind $1
Chefred: posts big blind $3
*** HOLE CARDS ***
Pandakey: folds
Uncalled bet ($2) returned to Chefred
Chefred collected $2 from pot
Chefred: doesn't show hand
*** SUMMARY ***
Total pot $2 | Rake $0
Seat 4: Pandakey (button) (small blind) folded before Flop
Seat 9: Chefred (big blind) collected ($2)


PokerStars Hand #148417896256:  Hold'em Limit ($3/$6 USD) - 2016/02/07 17:13:33 ET
Table 'Aldhibah' 10-max Seat #4 is the button
Seat 4: Pandakey ($229.77 in chips)
Seat 9: Chefred ($52.50 in chips)
Pandakey: posts small blind $1
Chefred: posts big blind $3
*** HOLE CARDS ***
Pandakey: folds
Uncalled bet ($2) returned to Chefred
Chefred collected $2 from pot
Chefred: doesn't show hand
*** SUMMARY ***
Total pot $2 | Rake $0
Seat 4: Pandakey (button) (small blind) folded before Flop
Seat 9: Chefred (big blind) collected ($2)


PokerStars Hand #148417900913:  Hold'em Limit ($3/$6 USD) - 2016/02/07 17:13:38 ET
Table 'Aldhibah' 10-max Seat #9 is the button
Seat 4: Pandakey ($228.77 in chips)
Seat 9: Chefred ($53.50 in chips)
Chefred: posts small blind $1
Pandakey: posts big blind $3
*** HOLE CARDS ***
Chefred: raises $3 to $6
Pandakey: calls $3
*** FLOP *** [6s Jd Ks]
Pandakey: checks
semsimilia29 joins the table at seat #6
Chefred: bets $3
Pandakey: raises $3 to $6
Chefred: calls $3
*** TURN *** [6s Jd Ks] [Td]
Pandakey: bets $6
Chefred: calls $6
*** RIVER *** [6s Jd Ks Td] [4h]
Pandakey: bets $6
Chefred: raises $6 to $12
Pandakey: calls $6
*** SHOW DOWN ***
Chefred: shows [Qs Ac] (a straight, Ten to Ace)
Pandakey: mucks hand
Chefred collected $59.50 from pot
*** SUMMARY ***
Total pot $60 | Rake $0.50
Board [6s Jd Ks Td 4h]
Seat 4: Pandakey (big blind) mucked
Seat 9: Chefred (button) (small blind) showed [Qs Ac] and won ($59.50) with a straight, Ten to Ace


PokerStars Hand #148418083399:  Hold'em Limit ($3/$6 USD) - 2016/02/07 17:16:31 ET
Table 'Aldhibah' 10-max Seat #4 is the button
Seat 4: Pandakey ($206.33 in chips)
Seat 9: Chefred ($114.11 in chips)
Pandakey: posts small blind $1
Chefred: posts big blind $3
*** HOLE CARDS ***
Pandakey: raises $3 to $6
Chefred: calls $3
*** FLOP *** [Qs 9s 7s]
Chefred: checks
Pandakey: checks
*** TURN *** [Qs 9s 7s] [8c]
Chefred: checks
Pandakey: bets $6
Chefred: calls $6
*** RIVER *** [Qs 9s 7s 8c] [5d]
Chefred: checks
Pandakey: bets $6
Chefred: folds
Uncalled bet ($6) returned to Pandakey
Pandakey collected $23.52 from pot
Pandakey: doesn't show hand
*** SUMMARY ***
Total pot $24 | Rake $0.48
Board [Qs 9s 7s 8c 5d]
Seat 4: Pandakey (button) (small blind) collected ($23.52)
Seat 9: Chefred (big blind) folded on the River


PokerStars Hand #148418133320:  Hold'em Limit ($3/$6 USD) - 2016/02/07 17:17:19 ET
Table 'Aldhibah' 10-max Seat #9 is the button
Seat 4: Pandakey ($217.85 in chips)
Seat 9: Chefred ($102.11 in chips)
Chefred: posts small blind $1
Pandakey: posts big blind $3
*** HOLE CARDS ***
Chefred: raises $3 to $6
Pandakey: folds
Uncalled bet ($3) returned to Chefred
Chefred collected $6 from pot
Chefred: doesn't show hand
*** SUMMARY ***
Total pot $6 | Rake $0
Seat 4: Pandakey (big blind) folded before Flop
Seat 9: Chefred (button) (small blind) collected ($6)


PokerStars Hand #148418144711:  Hold'em Limit ($3/$6 USD) - 2016/02/07 17:17:30 ET
Table 'Aldhibah' 10-max Seat #4 is the button
Seat 4: Pandakey ($214.85 in chips)
Seat 9: Chefred ($105.11 in chips)
Pandakey: posts small blind $1
Chefred: posts big blind $3
*** HOLE CARDS ***
Pandakey: folds
Uncalled bet ($2) returned to Chefred
Chefred collected $2 from pot
Chefred: doesn't show hand
*** SUMMARY ***
Total pot $2 | Rake $0
Seat 4: Pandakey (button) (small blind) folded before Flop
Seat 9: Chefred (big blind) collected ($2)


PokerStars Hand #148418149964:  Hold'em Limit ($3/$6 USD) - 2016/02/07 17:17:35 ET
Table 'Aldhibah' 10-max Seat #9 is the button
Seat 4: Pandakey ($213.85 in chips)
Seat 9: Chefred ($106.11 in chips)
Chefred: posts small blind $1
Pandakey: posts big blind $3
*** HOLE CARDS ***
Chefred: raises $3 to $6
Pandakey: calls $3
*** FLOP *** [4d 5s 5h]
Pandakey: checks
Chefred: bets $3
Pandakey: calls $3
*** TURN *** [4d 5s 5h] [Kc]
Pandakey: checks
Chefred: checks
*** RIVER *** [4d 5s 5h Kc] [4s]
Pandakey: bets $6
Chefred: folds
Uncalled bet ($6) returned to Pandakey
Pandakey collected $17.64 from pot
Pandakey: doesn't show hand
*** SUMMARY ***
Total pot $18 | Rake $0.36
Board [4d 5s 5h Kc 4s]
Seat 4: Pandakey (big blind) collected ($17.64)
Seat 9: Chefred (button) (small blind) folded on the River


PokerStars Hand #148418173675:  Hold'em Limit ($3/$6 USD) - 2016/02/07 17:17:58 ET
Table 'Aldhibah' 10-max Seat #4 is the button
Seat 4: Pandakey ($222.49 in chips)
Seat 9: Chefred ($97.11 in chips)
Pandakey: posts small blind $1
Chefred: posts big blind $3
*** HOLE CARDS ***
Pandakey: raises $3 to $6
Chefred: folds
Uncalled bet ($3) returned to Pandakey
Pandakey collected $6 from pot
Pandakey: doesn't show hand
*** SUMMARY ***
Total pot $6 | Rake $0
Seat 4: Pandakey (button) (small blind) collected ($6)
Seat 9: Chefred (big blind) folded before Flop


PokerStars Hand #148418181689:  Hold'em Limit ($3/$6 USD) - 2016/02/07 17:18:06 ET
Table 'Aldhibah' 10-max Seat #9 is the button
Seat 4: Pandakey ($225.49 in chips)
Seat 9: Chefred ($94.11 in chips)
Chefred: posts small blind $1
Pandakey: posts big blind $3
*** HOLE CARDS ***
Chefred: raises $3 to $6
Pandakey: calls $3
*** FLOP *** [7d 8d Ah]
Pandakey: checks
Chefred: bets $3
Pandakey: raises $3 to $6
Chefred: folds
Uncalled bet ($3) returned to Pandakey
Pandakey collected $17.64 from pot
Pandakey: doesn't show hand
*** SUMMARY ***
Total pot $18 | Rake $0.36
Board [7d 8d Ah]
Seat 4: Pandakey (big blind) collected ($17.64)
Seat 9: Chefred (button) (small blind) folded on the Flop


PokerStars Hand #148418195152:  Hold'em Limit ($3/$6 USD) - 2016/02/07 17:18:19 ET
Table 'Aldhibah' 10-max Seat #4 is the button
Seat 4: Pandakey ($234.13 in chips)
Seat 9: Chefred ($85.11 in chips)
Pandakey: posts small blind $1
Chefred: posts big blind $3
*** HOLE CARDS ***
Pandakey: raises $3 to $6
Chefred: calls $3
*** FLOP *** [2c 6s Jd]
Chefred: checks
Pandakey: bets $3
Chefred: raises $3 to $6
Pandakey: folds
Uncalled bet ($3) returned to Chefred
Chefred collected $17.64 from pot
Chefred: doesn't show hand
*** SUMMARY ***
Total pot $18 | Rake $0.36
Board [2c 6s Jd]
Seat 4: Pandakey (button) (small blind) folded on the Flop
Seat 9: Chefred (big blind) collected ($17.64)


PokerStars Hand #148418209572:  Hold'em Limit ($3/$6 USD) - 2016/02/07 17:18:33 ET
Table 'Aldhibah' 10-max Seat #9 is the button
Seat 4: Pandakey ($225.13 in chips)
Seat 9: Chefred ($93.75 in chips)
Chefred: posts small blind $1
Pandakey: posts big blind $3
*** HOLE CARDS ***
Chefred: folds
Uncalled bet ($2) returned to Pandakey
Pandakey collected $2 from pot
Pandakey: doesn't show hand
*** SUMMARY ***
Total pot $2 | Rake $0
Seat 4: Pandakey (big blind) collected ($2)
Seat 9: Chefred (button) (small blind) folded before Flop


PokerStars Hand #148418214540:  Hold'em Limit ($3/$6 USD) - 2016/02/07 17:18:37 ET
Table 'Aldhibah' 10-max Seat #4 is the button
Seat 4: Pandakey ($226.13 in chips)
Seat 9: Chefred ($92.75 in chips)
Pandakey: posts small blind $1
Chefred: posts big blind $3
*** HOLE CARDS ***
Pandakey: raises $3 to $6
Chefred: calls $3
*** FLOP *** [3d Ts 8h]
Chefred: checks
Pandakey: bets $3
Chefred: calls $3
*** TURN *** [3d Ts 8h] [Td]
Chefred: checks
Pandakey: checks
*** RIVER *** [3d Ts 8h Td] [2h]
Chefred: checks
Pandakey: checks
*** SHOW DOWN ***
Chefred: shows [4h Kh] (a pair of Tens)
Pandakey: shows [6c Kd] (a pair of Tens - King+Eight+Six kicker)
Pandakey collected $17.64 from pot
*** SUMMARY ***
Total pot $18 | Rake $0.36
Board [3d Ts 8h Td 2h]
Seat 4: Pandakey (button) (small blind) showed [6c Kd] and won ($17.64) with a pair of Tens
Seat 9: Chefred (big blind) showed [4h Kh] and lost with a pair of Tens


PokerStars Hand #148418238610:  Hold'em Limit ($3/$6 USD) - 2016/02/07 17:19:00 ET
Table 'Aldhibah' 10-max Seat #9 is the button
Seat 4: Pandakey ($234.77 in chips)
Seat 9: Chefred ($83.75 in chips)
Chefred: posts small blind $1
Pandakey: posts big blind $3
*** HOLE CARDS ***
Chefred: raises $3 to $6
Pandakey: calls $3
*** FLOP *** [Ks Ts 9h]
Pandakey: checks
Chefred: bets $3
Pandakey: calls $3
*** TURN *** [Ks Ts 9h] [Ad]
Pandakey: checks
Chefred: bets $6
Pandakey: calls $6
*** RIVER *** [Ks Ts 9h Ad] [Qh]
Pandakey: checks
Chefred: checks
*** SHOW DOWN ***
Pandakey: shows [Tc 4c] (a pair of Tens)
Chefred: shows [6d Ac] (a pair of Aces)
Chefred collected $29.50 from pot
*** SUMMARY ***
Total pot $30 | Rake $0.50
Board [Ks Ts 9h Ad Qh]
Seat 4: Pandakey (big blind) showed [Tc 4c] and lost with a pair of Tens
Seat 9: Chefred (button) (small blind) showed [6d Ac] and won ($29.50) with a pair of Aces


PokerStars Hand #148418272270:  Hold'em Limit ($3/$6 USD) - 2016/02/07 17:19:33 ET
Table 'Aldhibah' 10-max Seat #4 is the button
Seat 4: Pandakey ($219.77 in chips)
Seat 9: Chefred ($98.25 in chips)
Pandakey: posts small blind $1
Chefred: posts big blind $3
*** HOLE CARDS ***
Pandakey: folds
Uncalled bet ($2) returned to Chefred
Chefred collected $2 from pot
Chefred: doesn't show hand
*** SUMMARY ***
Total pot $2 | Rake $0
Seat 4: Pandakey (button) (small blind) folded before Flop
Seat 9: Chefred (big blind) collected ($2)


PokerStars Hand #148418279460:  Hold'em Limit ($3/$6 USD) - 2016/02/07 17:19:40 ET
Table 'Aldhibah' 10-max Seat #9 is the button
Seat 4: Pandakey ($218.77 in chips)
Seat 9: Chefred ($99.25 in chips)
Chefred: posts small blind $1
Pandakey: posts big blind $3
*** HOLE CARDS ***
Chefred: folds
Uncalled bet ($2) returned to Pandakey
Pandakey collected $2 from pot
Pandakey: doesn't show hand
*** SUMMARY ***
Total pot $2 | Rake $0
Seat 4: Pandakey (big blind) collected ($2)
Seat 9: Chefred (button) (small blind) folded before Flop


PokerStars Hand #148418285204:  Hold'em Limit ($3/$6 USD) - 2016/02/07 17:19:46 ET
Table 'Aldhibah' 10-max Seat #4 is the button
Seat 4: Pandakey ($219.77 in chips)
Seat 9: Chefred ($98.25 in chips)
Pandakey: posts small blind $1
Chefred: posts big blind $3
*** HOLE CARDS ***
Pandakey: raises $3 to $6
Chefred: calls $3
*** FLOP *** [2h 9d 2c]
Chefred: checks
Pandakey: bets $3
Chefred: calls $3
*** TURN *** [2h 9d 2c] [3d]
Chefred: checks
Pandakey: checks
*** RIVER *** [2h 9d 2c 3d] [8h]
Chefred: checks
Pandakey: checks
*** SHOW DOWN ***
Chefred: shows [Qd 6d] (a pair of Deuces)
Pandakey: shows [Ad 4h] (a pair of Deuces - Ace kicker)
Pandakey collected $17.64 from pot
*** SUMMARY ***
Total pot $18 | Rake $0.36
Board [2h 9d 2c 3d 8h]
Seat 4: Pandakey (button) (small blind) showed [Ad 4h] and won ($17.64) with a pair of Deuces
Seat 9: Chefred (big blind) showed [Qd 6d] and lost with a pair of Deuces


PokerStars Hand #148418306645:  Hold'em Limit ($3/$6 USD) - 2016/02/07 17:20:06 ET
Table 'Aldhibah' 10-max Seat #9 is the button
Seat 4: Pandakey ($228.41 in chips)
Seat 9: Chefred ($89.25 in chips)
Chefred: posts small blind $1
Pandakey: posts big blind $3
*** HOLE CARDS ***
Chefred: raises $3 to $6
Pandakey: calls $3
*** FLOP *** [Qs 4d Th]
Pandakey: checks
Chefred: bets $3
Pandakey: folds
Uncalled bet ($3) returned to Chefred
Chefred collected $11.76 from pot
Chefred: doesn't show hand
*** SUMMARY ***
Total pot $12 | Rake $0.24
Board [Qs 4d Th]
Seat 4: Pandakey (big blind) folded on the Flop
Seat 9: Chefred (button) (small blind) collected ($11.76)


PokerStars Hand #148418316855:  Hold'em Limit ($3/$6 USD) - 2016/02/07 17:20:16 ET
Table 'Aldhibah' 10-max Seat #4 is the button
Seat 4: Pandakey ($222.41 in chips)
Seat 9: Chefred ($95.01 in chips)
Pandakey: posts small blind $1
Chefred: posts big blind $3
*** HOLE CARDS ***
Pandakey: raises $3 to $6
Chefred: folds
Uncalled bet ($3) returned to Pandakey
Pandakey collected $6 from pot
Pandakey: doesn't show hand
*** SUMMARY ***
Total pot $6 | Rake $0
Seat 4: Pandakey (button) (small blind) collected ($6)
Seat 9: Chefred (big blind) folded before Flop


PokerStars Hand #148418341427:  Hold'em Limit ($3/$6 USD) - 2016/02/07 17:20:40 ET
Table 'Aldhibah' 10-max Seat #9 is the button
Seat 4: Pandakey ($225.41 in chips)
Seat 9: Chefred ($92.01 in chips)
Chefred: posts small blind $1
Pandakey: posts big blind $3
*** HOLE CARDS ***
Chefred: raises $3 to $6
Pandakey: folds
Uncalled bet ($3) returned to Chefred
Chefred collected $6 from pot
Chefred: doesn't show hand
*** SUMMARY ***
Total pot $6 | Rake $0
Seat 4: Pandakey (big blind) folded before Flop
Seat 9: Chefred (button) (small blind) collected ($6)


PokerStars Hand #148418348494:  Hold'em Limit ($3/$6 USD) - 2016/02/07 17:20:47 ET
Table 'Aldhibah' 10-max Seat #4 is the button
Seat 4: Pandakey ($222.41 in chips)
Seat 9: Chefred ($95.01 in chips)
Pandakey: posts small blind $1
Chefred: posts big blind $3
*** HOLE CARDS ***
Pandakey: raises $3 to $6
Chefred: folds
Uncalled bet ($3) returned to Pandakey
Pandakey collected $6 from pot
Pandakey: doesn't show hand
*** SUMMARY ***
Total pot $6 | Rake $0
Seat 4: Pandakey (button) (small blind) collected ($6)
Seat 9: Chefred (big blind) folded before Flop


PokerStars Hand #148418363452:  Hold'em Limit ($3/$6 USD) - 2016/02/07 17:21:01 ET
Table 'Aldhibah' 10-max Seat #9 is the button
Seat 4: Pandakey ($225.41 in chips)
Seat 9: Chefred ($92.01 in chips)
Chefred: posts small blind $1
Pandakey: posts big blind $3
*** HOLE CARDS ***
Chefred: raises $3 to $6
Pandakey: calls $3
*** FLOP *** [2s Kh Qh]
Pandakey: checks
Chefred: bets $3
Pandakey: raises $3 to $6
Chefred: folds
Uncalled bet ($3) returned to Pandakey
Pandakey collected $17.64 from pot
Pandakey: doesn't show hand
*** SUMMARY ***
Total pot $18 | Rake $0.36
Board [2s Kh Qh]
Seat 4: Pandakey (big blind) collected ($17.64)
Seat 9: Chefred (button) (small blind) folded on the Flop


PokerStars Hand #148418402152:  Hold'em Limit ($3/$6 USD) - 2016/02/07 17:21:39 ET
Table 'Aldhibah' 10-max Seat #9 is the button
Seat 4: Pandakey ($237.05 in chips)
Seat 9: Chefred ($80.01 in chips)
Chefred: posts small blind $1
Pandakey: posts big blind $3
*** HOLE CARDS ***
Chefred: folds
Uncalled bet ($2) returned to Pandakey
Pandakey collected $2 from pot
Pandakey: doesn't show hand
*** SUMMARY ***
Total pot $2 | Rake $0
Seat 4: Pandakey (big blind) collected ($2)
Seat 9: Chefred (button) (small blind) folded before Flop


PokerStars Hand #148418383314:  Hold'em Limit ($3/$6 USD) - 2016/02/07 17:21:21 ET
Table 'Aldhibah' 10-max Seat #4 is the button
Seat 4: Pandakey ($234.05 in chips)
Seat 9: Chefred ($83.01 in chips)
Pandakey: posts small blind $1
Chefred: posts big blind $3
*** HOLE CARDS ***
Pandakey: raises $3 to $6
Chefred: folds
Uncalled bet ($3) returned to Pandakey
Pandakey collected $6 from pot
Pandakey: doesn't show hand
*** SUMMARY ***
Total pot $6 | Rake $0
Seat 4: Pandakey (button) (small blind) collected ($6)
Seat 9: Chefred (big blind) folded before Flop


PokerStars Hand #148418406651:  Hold'em Limit ($3/$6 USD) - 2016/02/07 17:21:44 ET
Table 'Aldhibah' 10-max Seat #4 is the button
Seat 4: Pandakey ($238.05 in chips)
Seat 9: Chefred ($79.01 in chips)
Pandakey: posts small blind $1
Chefred: posts big blind $3
*** HOLE CARDS ***
Pandakey: raises $3 to $6
Chefred: calls $3
*** FLOP *** [5s 8d 7h]
Chefred: checks
Pandakey: bets $3
Chefred: calls $3
*** TURN *** [5s 8d 7h] [Jh]
Chefred: checks
Pandakey: bets $6
Chefred: raises $6 to $12
Pandakey: calls $6
*** RIVER *** [5s 8d 7h Jh] [5d]
Chefred: bets $6
Pandakey: folds
Uncalled bet ($6) returned to Chefred
Chefred collected $41.50 from pot
Chefred: doesn't show hand
*** SUMMARY ***
Total pot $42 | Rake $0.50
Board [5s 8d 7h Jh 5d]
Seat 4: Pandakey (button) (small blind) folded on the River
Seat 9: Chefred (big blind) collected ($41.50)


PokerStars Hand #148418448730:  Hold'em Limit ($3/$6 USD) - 2016/02/07 17:22:25 ET
Table 'Aldhibah' 10-max Seat #9 is the button
Seat 4: Pandakey ($217.05 in chips)
Seat 9: Chefred ($99.51 in chips)
Chefred: posts small blind $1
Pandakey: posts big blind $3
*** HOLE CARDS ***
Chefred: folds
Uncalled bet ($2) returned to Pandakey
Pandakey collected $2 from pot
Pandakey: doesn't show hand
*** SUMMARY ***
Total pot $2 | Rake $0
Seat 4: Pandakey (big blind) collected ($2)
Seat 9: Chefred (button) (small blind) folded before Flop


PokerStars Hand #148418455543:  Hold'em Limit ($3/$6 USD) - 2016/02/07 17:22:31 ET
Table 'Aldhibah' 10-max Seat #4 is the button
Seat 4: Pandakey ($218.05 in chips)
Seat 9: Chefred ($98.51 in chips)
Pandakey: posts small blind $1
Chefred: posts big blind $3
*** HOLE CARDS ***
Pandakey: folds
Uncalled bet ($2) returned to Chefred
Chefred collected $2 from pot
Chefred: doesn't show hand
*** SUMMARY ***
Total pot $2 | Rake $0
Seat 4: Pandakey (button) (small blind) folded before Flop
Seat 9: Chefred (big blind) collected ($2)


PokerStars Hand #148418494514:  Hold'em Limit ($3/$6 USD) - 2016/02/07 17:23:10 ET
Table 'Aldhibah' 10-max Seat #4 is the button
Seat 4: Pandakey ($202.05 in chips)
Seat 9: Chefred ($114.01 in chips)
Pandakey: posts small blind $1
Chefred: posts big blind $3
*** HOLE CARDS ***
Pandakey: folds
Uncalled bet ($2) returned to Chefred
Chefred collected $2 from pot
Chefred: doesn't show hand
*** SUMMARY ***
Total pot $2 | Rake $0
Seat 4: Pandakey (button) (small blind) folded before Flop
Seat 9: Chefred (big blind) collected ($2)


PokerStars Hand #148418461293:  Hold'em Limit ($3/$6 USD) - 2016/02/07 17:22:37 ET
Table 'Aldhibah' 10-max Seat #9 is the button
Seat 4: Pandakey ($217.05 in chips)
Seat 9: Chefred ($99.51 in chips)
Chefred: posts small blind $1
Pandakey: posts big blind $3
*** HOLE CARDS ***
Chefred: raises $3 to $6
Pandakey: calls $3
*** FLOP *** [5d 4s 2c]
Pandakey: checks
Chefred: bets $3
Pandakey: calls $3
*** TURN *** [5d 4s 2c] [Td]
Pandakey: checks
Chefred: checks
*** RIVER *** [5d 4s 2c Td] [6c]
Pandakey: bets $6
Chefred: calls $6
*** SHOW DOWN ***
Pandakey: shows [Qc 7s] (high card Queen)
Chefred: shows [Qh Ah] (high card Ace)
Chefred collected $29.50 from pot
*** SUMMARY ***
Total pot $30 | Rake $0.50
Board [5d 4s 2c Td 6c]
Seat 4: Pandakey (big blind) showed [Qc 7s] and lost with high card Queen
Seat 9: Chefred (button) (small blind) showed [Qh Ah] and won ($29.50) with high card Ace


PokerStars Hand #148418499449:  Hold'em Limit ($3/$6 USD) - 2016/02/07 17:23:15 ET
Table 'Aldhibah' 10-max Seat #9 is the button
Seat 4: Pandakey ($201.05 in chips)
Seat 9: Chefred ($115.01 in chips)
Chefred: posts small blind $1
Pandakey: posts big blind $3
*** HOLE CARDS ***
Chefred: raises $3 to $6
Pandakey: raises $3 to $9
Chefred: calls $3
*** FLOP *** [Ah 6c 2c]
Pandakey: bets $3
Chefred: raises $3 to $6
Pandakey: calls $3
*** TURN *** [Ah 6c 2c] [3s]
Pandakey: checks
Chefred: bets $6
Pandakey: folds
Uncalled bet ($6) returned to Chefred
Chefred collected $29.50 from pot
Chefred: doesn't show hand
*** SUMMARY ***
Total pot $30 | Rake $0.50
Board [Ah 6c 2c 3s]
Seat 4: Pandakey (big blind) folded on the Turn
Seat 9: Chefred (button) (small blind) collected ($29.50)


PokerStars Hand #148418520869:  Hold'em Limit ($3/$6 USD) - 2016/02/07 17:23:36 ET
Table 'Aldhibah' 10-max Seat #4 is the button
Seat 4: Pandakey ($186.05 in chips)
Seat 9: Chefred ($129.51 in chips)
Pandakey: posts small blind $1
Chefred: posts big blind $3
*** HOLE CARDS ***
Pandakey: raises $3 to $6
Chefred: calls $3
*** FLOP *** [4h 6h Ad]
Chefred: checks
Pandakey: bets $3
Chefred: calls $3
*** TURN *** [4h 6h Ad] [Qs]
Chefred: checks
Pandakey: bets $6
Chefred: folds
Uncalled bet ($6) returned to Pandakey
Pandakey collected $17.64 from pot
Pandakey: doesn't show hand
*** SUMMARY ***
Total pot $18 | Rake $0.36
Board [4h 6h Ad Qs]
Seat 4: Pandakey (button) (small blind) collected ($17.64)
Seat 9: Chefred (big blind) folded on the Turn


PokerStars Hand #148418586331:  Hold'em Limit ($3/$6 USD) - 2016/02/07 17:24:40 ET
Table 'Aldhibah' 10-max Seat #4 is the button
Seat 4: Pandakey ($173.69 in chips)
Seat 9: Chefred ($141.01 in chips)
Pandakey: posts small blind $1
Chefred: posts big blind $3
*** HOLE CARDS ***
Pandakey: folds
Uncalled bet ($2) returned to Chefred
Chefred collected $2 from pot
Chefred: doesn't show hand
*** SUMMARY ***
Total pot $2 | Rake $0
Seat 4: Pandakey (button) (small blind) folded before Flop
Seat 9: Chefred (big blind) collected ($2)


PokerStars Hand #148418547449:  Hold'em Limit ($3/$6 USD) - 2016/02/07 17:24:02 ET
Table 'Aldhibah' 10-max Seat #9 is the button
Seat 4: Pandakey ($194.69 in chips)
Seat 9: Chefred ($120.51 in chips)
Chefred: posts small blind $1
Pandakey: posts big blind $3
*** HOLE CARDS ***
Chefred: raises $3 to $6
Pandakey: calls $3
*** FLOP *** [7d 4h 5s]
Pandakey: checks
Chefred: bets $3
Pandakey: calls $3
*** TURN *** [7d 4h 5s] [9s]
Pandakey: bets $6
Chefred: calls $6
*** RIVER *** [7d 4h 5s 9s] [9h]
Pandakey: bets $6
Chefred: calls $6
*** SHOW DOWN ***
Pandakey: shows [Ts 3s] (a pair of Nines)
Chefred: shows [7c Jh] (two pair, Nines and Sevens)
Chefred collected $41.50 from pot
*** SUMMARY ***
Total pot $42 | Rake $0.50
Board [7d 4h 5s 9s 9h]
Seat 4: Pandakey (big blind) showed [Ts 3s] and lost with a pair of Nines
Seat 9: Chefred (button) (small blind) showed [7c Jh] and won ($41.50) with two pair, Nines and Sevens


PokerStars Hand #148418590741:  Hold'em Limit ($3/$6 USD) - 2016/02/07 17:24:45 ET
Table 'Aldhibah' 10-max Seat #9 is the button
Seat 4: Pandakey ($172.69 in chips)
Seat 9: Chefred ($142.01 in chips)
Chefred: posts small blind $1
Pandakey: posts big blind $3
*** HOLE CARDS ***
Chefred: raises $3 to $6
Pandakey: raises $3 to $9
Chefred: calls $3
*** FLOP *** [Jc Kh 5d]
Pandakey: bets $3
Chefred: calls $3
*** TURN *** [Jc Kh 5d] [4d]
Pandakey: bets $6
Chefred: calls $6
*** RIVER *** [Jc Kh 5d 4d] [6c]
Pandakey: checks
Chefred: bets $6
Pandakey: folds
Uncalled bet ($6) returned to Chefred
Chefred collected $35.50 from pot
Chefred: doesn't show hand
*** SUMMARY ***
Total pot $36 | Rake $0.50
Board [Jc Kh 5d 4d 6c]
Seat 4: Pandakey (big blind) folded on the River
Seat 9: Chefred (button) (small blind) collected ($35.50)


PokerStars Hand #148418614805:  Hold'em Limit ($3/$6 USD) - 2016/02/07 17:25:08 ET
Table 'Aldhibah' 10-max Seat #4 is the button
Seat 4: Pandakey ($154.69 in chips)
Seat 9: Chefred ($159.51 in chips)
Pandakey: posts small blind $1
Chefred: posts big blind $3
*** HOLE CARDS ***
Pandakey: raises $3 to $6
Chefred: folds
Uncalled bet ($3) returned to Pandakey
Pandakey collected $6 from pot
Pandakey: doesn't show hand
*** SUMMARY ***
Total pot $6 | Rake $0
Seat 4: Pandakey (button) (small blind) collected ($6)
Seat 9: Chefred (big blind) folded before Flop


PokerStars Hand #148418623455:  Hold'em Limit ($3/$6 USD) - 2016/02/07 17:25:17 ET
Table 'Aldhibah' 10-max Seat #9 is the button
Seat 4: Pandakey ($157.69 in chips)
Seat 9: Chefred ($156.51 in chips)
Chefred: posts small blind $1
Pandakey: posts big blind $3
*** HOLE CARDS ***
Chefred: raises $3 to $6
Pandakey: calls $3
*** FLOP *** [Qd Qh 6d]
Pandakey: checks
Chefred: checks
*** TURN *** [Qd Qh 6d] [Ad]
Pandakey: checks
Chefred: bets $6
Pandakey: calls $6
*** RIVER *** [Qd Qh 6d Ad] [Kd]
Pandakey: checks
Chefred: bets $6
Pandakey: folds
Uncalled bet ($6) returned to Chefred
Chefred collected $23.52 from pot
Chefred: doesn't show hand
*** SUMMARY ***
Total pot $24 | Rake $0.48
Board [Qd Qh 6d Ad Kd]
Seat 4: Pandakey (big blind) folded on the River
Seat 9: Chefred (button) (small blind) collected ($23.52)


PokerStars Hand #148418704402:  Hold'em Limit ($3/$6 USD) - 2016/02/07 17:26:37 ET
Table 'Aldhibah' 10-max Seat #9 is the button
Seat 4: Pandakey ($139.69 in chips)
Seat 9: Chefred ($173.79 in chips)
Chefred: posts small blind $1
Pandakey: posts big blind $3
*** HOLE CARDS ***
Chefred: raises $3 to $6
Pandakey: calls $3
*** FLOP *** [9h Js 4d]
Pandakey: checks
Chefred: bets $3
Pandakey: folds
Uncalled bet ($3) returned to Chefred
Chefred collected $11.76 from pot
Chefred: doesn't show hand
*** SUMMARY ***
Total pot $12 | Rake $0.24
Board [9h Js 4d]
Seat 4: Pandakey (big blind) folded on the Flop
Seat 9: Chefred (button) (small blind) collected ($11.76)


PokerStars Hand #148418658818:  Hold'em Limit ($3/$6 USD) - 2016/02/07 17:25:52 ET
Table 'Aldhibah' 10-max Seat #4 is the button
Seat 4: Pandakey ($145.69 in chips)
Seat 9: Chefred ($168.03 in chips)
Pandakey: posts small blind $1
Chefred: posts big blind $3
*** HOLE CARDS ***
Pandakey: raises $3 to $6
Chefred: calls $3
*** FLOP *** [8h 4d 5s]
Chefred: checks
Pandakey: checks
*** TURN *** [8h 4d 5s] [6h]
Chefred: checks
Pandakey: checks
*** RIVER *** [8h 4d 5s 6h] [Ks]
Chefred: bets $6
Pandakey: folds
Uncalled bet ($6) returned to Chefred
Chefred collected $11.76 from pot
Chefred: doesn't show hand
*** SUMMARY ***
Total pot $12 | Rake $0.24
Board [8h 4d 5s 6h Ks]
Seat 4: Pandakey (button) (small blind) folded on the River
Seat 9: Chefred (big blind) collected ($11.76)


PokerStars Hand #148418727614:  Hold'em Limit ($3/$6 USD) - 2016/02/07 17:27:00 ET
Table 'Aldhibah' 10-max Seat #4 is the button
Seat 4: Pandakey ($133.69 in chips)
Seat 9: Chefred ($179.55 in chips)
Pandakey: posts small blind $1
Chefred: posts big blind $3
*** HOLE CARDS ***
Pandakey: raises $3 to $6
Chefred: folds
Uncalled bet ($3) returned to Pandakey
Pandakey collected $6 from pot
Pandakey: doesn't show hand
*** SUMMARY ***
Total pot $6 | Rake $0
Seat 4: Pandakey (button) (small blind) collected ($6)
Seat 9: Chefred (big blind) folded before Flop


PokerStars Hand #148418736436:  Hold'em Limit ($3/$6 USD) - 2016/02/07 17:27:09 ET
Table 'Aldhibah' 10-max Seat #9 is the button
Seat 4: Pandakey ($136.69 in chips)
Seat 9: Chefred ($176.55 in chips)
Chefred: posts small blind $1
Pandakey: posts big blind $3
*** HOLE CARDS ***
Chefred: raises $3 to $6
Pandakey: calls $3
*** FLOP *** [7d Qd Qs]
Pandakey: checks
Chefred: bets $3
Pandakey: calls $3
*** TURN *** [7d Qd Qs] [4c]
Pandakey: checks
Chefred: bets $6
Pandakey: folds
Uncalled bet ($6) returned to Chefred
Chefred collected $17.64 from pot
Chefred: doesn't show hand
*** SUMMARY ***
Total pot $18 | Rake $0.36
Board [7d Qd Qs 4c]
Seat 4: Pandakey (big blind) folded on the Turn
Seat 9: Chefred (button) (small blind) collected ($17.64)


PokerStars Hand #148418823742:  Hold'em Limit ($3/$6 USD) - 2016/02/07 17:28:35 ET
Table 'Aldhibah' 10-max Seat #4 is the button
Seat 4: Pandakey ($91.69 in chips)
Seat 9: Chefred ($220.21 in chips)
Pandakey: posts small blind $1
Chefred: posts big blind $3
*** HOLE CARDS ***
Pandakey: raises $3 to $6
Chefred: folds
Uncalled bet ($3) returned to Pandakey
Pandakey collected $6 from pot
Pandakey: doesn't show hand
*** SUMMARY ***
Total pot $6 | Rake $0
Seat 4: Pandakey (button) (small blind) collected ($6)
Seat 9: Chefred (big blind) folded before Flop


PokerStars Hand #148418831865:  Hold'em Limit ($3/$6 USD) - 2016/02/07 17:28:43 ET
Table 'Aldhibah' 10-max Seat #9 is the button
Seat 4: Pandakey ($94.69 in chips)
Seat 9: Chefred ($217.21 in chips)
Chefred: posts small blind $1
Pandakey: posts big blind $3
*** HOLE CARDS ***
Chefred: raises $3 to $6
Pandakey: calls $3
*** FLOP *** [3s Th Qh]
Pandakey: checks
Chefred: bets $3
Pandakey: folds
Uncalled bet ($3) returned to Chefred
Chefred collected $11.76 from pot
Chefred: doesn't show hand
*** SUMMARY ***
Total pot $12 | Rake $0.24
Board [3s Th Qh]
Seat 4: Pandakey (big blind) folded on the Flop
Seat 9: Chefred (button) (small blind) collected ($11.76)


PokerStars Hand #148418803633:  Hold'em Limit ($3/$6 USD) - 2016/02/07 17:28:15 ET
Table 'Aldhibah' 10-max Seat #9 is the button
Seat 4: Pandakey ($103.69 in chips)
Seat 9: Chefred ($208.69 in chips)
Chefred: posts small blind $1
Pandakey: posts big blind $3
*** HOLE CARDS ***
Chefred: raises $3 to $6
Pandakey: calls $3
*** FLOP *** [5h 2c Jd]
Pandakey: checks
Chefred: checks
*** TURN *** [5h 2c Jd] [5d]
Pandakey: bets $6
Chefred: calls $6
*** RIVER *** [5h 2c Jd 5d] [Ac]
Pandakey: checks
Chefred: checks
*** SHOW DOWN ***
Pandakey: shows [Qc 7s] (a pair of Fives)
Chefred: shows [Td Kc] (a pair of Fives - Ace+King kicker)
Chefred collected $23.52 from pot
*** SUMMARY ***
Total pot $24 | Rake $0.48
Board [5h 2c Jd 5d Ac]
Seat 4: Pandakey (big blind) showed [Qc 7s] and lost with a pair of Fives
Seat 9: Chefred (button) (small blind) showed [Td Kc] and won ($23.52) with a pair of Fives


PokerStars Hand #148418763679:  Hold'em Limit ($3/$6 USD) - 2016/02/07 17:27:36 ET
Table 'Aldhibah' 10-max Seat #4 is the button
Seat 4: Pandakey ($127.69 in chips)
Seat 9: Chefred ($185.19 in chips)
Pandakey: posts small blind $1
Chefred: posts big blind $3
*** HOLE CARDS ***
Pandakey: raises $3 to $6
Chefred: calls $3
*** FLOP *** [5d 3s 8s]
Chefred: checks
Pandakey: checks
*** TURN *** [5d 3s 8s] [7h]
Chefred: checks
Pandakey: bets $6
Chefred: calls $6
*** RIVER *** [5d 3s 8s 7h] [7c]
Chefred: checks
Pandakey: bets $6
Chefred: raises $6 to $12
Pandakey: calls $6
*** SHOW DOWN ***
Chefred: shows [Ad 7s] (three of a kind, Sevens)
Pandakey: mucks hand
Chefred collected $47.50 from pot
*** SUMMARY ***
Total pot $48 | Rake $0.50
Board [5d 3s 8s 7h 7c]
Seat 4: Pandakey (button) (small blind) mucked
Seat 9: Chefred (big blind) showed [Ad 7s] and won ($47.50) with three of a kind, Sevens


PokerStars Hand #148418880024:  Hold'em Limit ($3/$6 USD) - 2016/02/07 17:29:32 ET
Table 'Aldhibah' 10-max Seat #9 is the button
Seat 4: Pandakey ($101.21 in chips)
Seat 9: Chefred ($209.97 in chips)
Chefred: posts small blind $1
Pandakey: posts big blind $3
*** HOLE CARDS ***
Chefred: raises $3 to $6
Pandakey: folds
Uncalled bet ($3) returned to Chefred
Chefred collected $6 from pot
Chefred: doesn't show hand
*** SUMMARY ***
Total pot $6 | Rake $0
Seat 4: Pandakey (big blind) folded before Flop
Seat 9: Chefred (button) (small blind) collected ($6)


PokerStars Hand #148418864408:  Hold'em Limit ($3/$6 USD) - 2016/02/07 17:29:16 ET
Table 'Aldhibah' 10-max Seat #4 is the button
Seat 4: Pandakey ($95.45 in chips)
Seat 9: Chefred ($215.97 in chips)
Pandakey: posts small blind $1
Chefred: posts big blind $3
*** HOLE CARDS ***
Pandakey: raises $3 to $6
Chefred: calls $3
*** FLOP *** [6c 5s Kc]
Chefred: checks
Pandakey: bets $3
Chefred: folds
Uncalled bet ($3) returned to Pandakey
Pandakey collected $11.76 from pot
Pandakey: doesn't show hand
*** SUMMARY ***
Total pot $12 | Rake $0.24
Board [6c 5s Kc]
Seat 4: Pandakey (button) (small blind) collected ($11.76)
Seat 9: Chefred (big blind) folded on the Flop


PokerStars Hand #148418859297:  Hold'em Limit ($3/$6 USD) - 2016/02/07 17:29:11 ET
Table 'Aldhibah' 10-max Seat #9 is the button
Seat 4: Pandakey ($94.45 in chips)
Seat 9: Chefred ($216.97 in chips)
Chefred: posts small blind $1
Pandakey: posts big blind $3
*** HOLE CARDS ***
Chefred: folds
Uncalled bet ($2) returned to Pandakey
Pandakey collected $2 from pot
Pandakey: doesn't show hand
*** SUMMARY ***
Total pot $2 | Rake $0
Seat 4: Pandakey (big blind) collected ($2)
Seat 9: Chefred (button) (small blind) folded before Flop


PokerStars Hand #148418846207:  Hold'em Limit ($3/$6 USD) - 2016/02/07 17:28:58 ET
Table 'Aldhibah' 10-max Seat #4 is the button
Seat 4: Pandakey ($88.69 in chips)
Seat 9: Chefred ($222.97 in chips)
Pandakey: posts small blind $1
Chefred: posts big blind $3
*** HOLE CARDS ***
Pandakey: raises $3 to $6
Chefred: calls $3
*** FLOP *** [4s Kh 2c]
Chefred: checks
Pandakey: bets $3
Chefred: folds
Uncalled bet ($3) returned to Pandakey
Pandakey collected $11.76 from pot
Pandakey: doesn't show hand
*** SUMMARY ***
Total pot $12 | Rake $0.24
Board [4s Kh 2c]
Seat 4: Pandakey (button) (small blind) collected ($11.76)
Seat 9: Chefred (big blind) folded on the Flop


PokerStars Hand #148418907677:  Hold'em Limit ($3/$6 USD) - 2016/02/07 17:30:00 ET
Table 'Aldhibah' 10-max Seat #9 is the button
Seat 4: Pandakey ($106.85 in chips)
Seat 9: Chefred ($203.97 in chips)
Chefred: posts small blind $1
Pandakey: posts big blind $3
*** HOLE CARDS ***
Chefred: folds
Uncalled bet ($2) returned to Pandakey
Pandakey collected $2 from pot
Pandakey: doesn't show hand
*** SUMMARY ***
Total pot $2 | Rake $0
Seat 4: Pandakey (big blind) collected ($2)
Seat 9: Chefred (button) (small blind) folded before Flop


PokerStars Hand #148418885910:  Hold'em Limit ($3/$6 USD) - 2016/02/07 17:29:38 ET
Table 'Aldhibah' 10-max Seat #4 is the button
Seat 4: Pandakey ($98.21 in chips)
Seat 9: Chefred ($212.97 in chips)
Pandakey: posts small blind $1
Chefred: posts big blind $3
*** HOLE CARDS ***
Pandakey: raises $3 to $6
Chefred: calls $3
*** FLOP *** [Qc 2c 3c]
Chefred: bets $3
Pandakey: calls $3
*** TURN *** [Qc 2c 3c] [5d]
Chefred: checks
Pandakey: bets $6
Chefred: folds
Uncalled bet ($6) returned to Pandakey
Pandakey collected $17.64 from pot
Pandakey: doesn't show hand
*** SUMMARY ***
Total pot $18 | Rake $0.36
Board [Qc 2c 3c 5d]
Seat 4: Pandakey (button) (small blind) collected ($17.64)
Seat 9: Chefred (big blind) folded on the Turn


PokerStars Hand #148418930900:  Hold'em Limit ($3/$6 USD) - 2016/02/07 17:30:23 ET
Table 'Aldhibah' 10-max Seat #9 is the button
Seat 4: Pandakey ($116.49 in chips)
Seat 9: Chefred ($193.97 in chips)
Chefred: posts small blind $1
Pandakey: posts big blind $3
*** HOLE CARDS ***
Chefred: raises $3 to $6
Pandakey: calls $3
*** FLOP *** [3h Jh 3c]
Pandakey: checks
Chefred: checks
*** TURN *** [3h Jh 3c] [8d]
Pandakey: checks
Chefred: bets $6
Pandakey: folds
Uncalled bet ($6) returned to Chefred
Chefred collected $11.76 from pot
Chefred: doesn't show hand
*** SUMMARY ***
Total pot $12 | Rake $0.24
Board [3h Jh 3c 8d]
Seat 4: Pandakey (big blind) folded on the Turn
Seat 9: Chefred (button) (small blind) collected ($11.76)


PokerStars Hand #148418912953:  Hold'em Limit ($3/$6 USD) - 2016/02/07 17:30:05 ET
Table 'Aldhibah' 10-max Seat #4 is the button
Seat 4: Pandakey ($107.85 in chips)
Seat 9: Chefred ($202.97 in chips)
Pandakey: posts small blind $1
Chefred: posts big blind $3
*** HOLE CARDS ***
Pandakey: raises $3 to $6
Chefred: calls $3
*** FLOP *** [8s 9s Ac]
Chefred: bets $3
Pandakey: calls $3
*** TURN *** [8s 9s Ac] [Jd]
Chefred: checks
Pandakey: bets $6
Chefred: folds
Uncalled bet ($6) returned to Pandakey
Pandakey collected $17.64 from pot
Pandakey: doesn't show hand
*** SUMMARY ***
Total pot $18 | Rake $0.36
Board [8s 9s Ac Jd]
Seat 4: Pandakey (button) (small blind) collected ($17.64)
Seat 9: Chefred (big blind) folded on the Turn


PokerStars Hand #148418951525:  Hold'em Limit ($3/$6 USD) - 2016/02/07 17:30:44 ET
Table 'Aldhibah' 10-max Seat #4 is the button
Seat 4: Pandakey ($110.49 in chips)
Seat 9: Chefred ($199.73 in chips)
Pandakey: posts small blind $1
Chefred: posts big blind $3
*** HOLE CARDS ***
Pandakey: raises $3 to $6
Chefred: calls $3
*** FLOP *** [8c 8d 2d]
Chefred: checks
Pandakey: checks
*** TURN *** [8c 8d 2d] [2h]
Chefred: checks
Pandakey: bets $6
Chefred: folds
Uncalled bet ($6) returned to Pandakey
Pandakey collected $11.76 from pot
Pandakey: doesn't show hand
*** SUMMARY ***
Total pot $12 | Rake $0.24
Board [8c 8d 2d 2h]
Seat 4: Pandakey (button) (small blind) collected ($11.76)
Seat 9: Chefred (big blind) folded on the Turn


PokerStars Hand #148418987097:  Hold'em Limit ($3/$6 USD) - 2016/02/07 17:31:20 ET
Table 'Aldhibah' 10-max Seat #4 is the button
Seat 4: Pandakey ($127.77 in chips)
Seat 9: Chefred ($181.73 in chips)
Pandakey: posts small blind $1
Chefred: posts big blind $3
*** HOLE CARDS ***
Pandakey: raises $3 to $6
Chefred: calls $3
*** FLOP *** [2s 5d Jc]
Chefred: bets $3
Pandakey: calls $3
*** TURN *** [2s 5d Jc] [5c]
Chefred: bets $6
Pandakey: calls $6
*** RIVER *** [2s 5d Jc 5c] [Qd]
Chefred: bets $6
Pandakey: calls $6
*** SHOW DOWN ***
Chefred: shows [Th 9s] (a pair of Fives)
Pandakey: shows [Js Tc] (two pair, Jacks and Fives)
Pandakey collected $41.50 from pot
*** SUMMARY ***
Total pot $42 | Rake $0.50
Board [2s 5d Jc 5c Qd]
Seat 4: Pandakey (button) (small blind) showed [Js Tc] and won ($41.50) with two pair, Jacks and Fives
Seat 9: Chefred (big blind) showed [Th 9s] and lost with a pair of Fives


PokerStars Hand #148418969223:  Hold'em Limit ($3/$6 USD) - 2016/02/07 17:31:02 ET
Table 'Aldhibah' 10-max Seat #9 is the button
Seat 4: Pandakey ($116.25 in chips)
Seat 9: Chefred ($193.73 in chips)
Chefred: posts small blind $1
Pandakey: posts big blind $3
*** HOLE CARDS ***
Chefred: raises $3 to $6
Pandakey: raises $3 to $9
Chefred: calls $3
*** FLOP *** [Jh 8s 5h]
Pandakey: bets $3
Chefred: calls $3
*** TURN *** [Jh 8s 5h] [8c]
Pandakey: bets $6
Chefred: folds
Uncalled bet ($6) returned to Pandakey
Pandakey collected $23.52 from pot
Pandakey: doesn't show hand
*** SUMMARY ***
Total pot $24 | Rake $0.48
Board [Jh 8s 5h 8c]
Seat 4: Pandakey (big blind) collected ($23.52)
Seat 9: Chefred (button) (small blind) folded on the Turn


PokerStars Hand #148419083212:  Hold'em Limit ($3/$6 USD) - 2016/02/07 17:32:58 ET
Table 'Aldhibah' 10-max Seat #9 is the button
Seat 4: Pandakey ($139.02 in chips)
Seat 9: Chefred ($169.12 in chips)
Chefred: posts small blind $1
Pandakey: posts big blind $3
*** HOLE CARDS ***
Chefred: folds
Uncalled bet ($2) returned to Pandakey
Pandakey collected $2 from pot
Pandakey: doesn't show hand
*** SUMMARY ***
Total pot $2 | Rake $0
Seat 4: Pandakey (big blind) collected ($2)
Seat 9: Chefred (button) (small blind) folded before Flop


PokerStars Hand #148419079084:  Hold'em Limit ($3/$6 USD) - 2016/02/07 17:32:53 ET
Table 'Aldhibah' 10-max Seat #4 is the button
Seat 4: Pandakey ($140.02 in chips)
Seat 9: Chefred ($168.12 in chips)
Pandakey: posts small blind $1
Chefred: posts big blind $3
*** HOLE CARDS ***
Pandakey: folds
Uncalled bet ($2) returned to Chefred
Chefred collected $2 from pot
Chefred: doesn't show hand
*** SUMMARY ***
Total pot $2 | Rake $0
Seat 4: Pandakey (button) (small blind) folded before Flop
Seat 9: Chefred (big blind) collected ($2)


PokerStars Hand #148419074500:  Hold'em Limit ($3/$6 USD) - 2016/02/07 17:32:49 ET
Table 'Aldhibah' 10-max Seat #9 is the button
Seat 4: Pandakey ($139.02 in chips)
Seat 9: Chefred ($169.12 in chips)
Chefred: posts small blind $1
Pandakey: posts big blind $3
*** HOLE CARDS ***
Chefred: folds
Uncalled bet ($2) returned to Pandakey
Pandakey collected $2 from pot
Pandakey: doesn't show hand
*** SUMMARY ***
Total pot $2 | Rake $0
Seat 4: Pandakey (big blind) collected ($2)
Seat 9: Chefred (button) (small blind) folded before Flop


PokerStars Hand #148419061920:  Hold'em Limit ($3/$6 USD) - 2016/02/07 17:32:36 ET
Table 'Aldhibah' 10-max Seat #4 is the button
Seat 4: Pandakey ($148.02 in chips)
Seat 9: Chefred ($160.48 in chips)
Pandakey: posts small blind $1
Chefred: posts big blind $3
*** HOLE CARDS ***
Pandakey: raises $3 to $6
Chefred: calls $3
*** FLOP *** [4h 8c As]
Chefred: checks
Pandakey: bets $3
Chefred: raises $3 to $6
Pandakey: folds
Uncalled bet ($3) returned to Chefred
Chefred collected $17.64 from pot
Chefred: doesn't show hand
*** SUMMARY ***
Total pot $18 | Rake $0.36
Board [4h 8c As]
Seat 4: Pandakey (button) (small blind) folded on the Flop
Seat 9: Chefred (big blind) collected ($17.64)


PokerStars Hand #148419007956:  Hold'em Limit ($3/$6 USD) - 2016/02/07 17:31:41 ET
Table 'Aldhibah' 10-max Seat #9 is the button
Seat 4: Pandakey ($148.27 in chips)
Seat 9: Chefred ($160.73 in chips)
Chefred: posts small blind $1
Pandakey: posts big blind $3
*** HOLE CARDS ***
Chefred: raises $3 to $6
Pandakey: calls $3
*** FLOP *** [4s 5c 7c]
Pandakey: checks
Chefred: bets $3
Pandakey: calls $3
*** TURN *** [4s 5c 7c] [Ad]
Pandakey: checks
Chefred: bets $6
Pandakey: raises $6 to $12
Chefred: calls $6
*** RIVER *** [4s 5c 7c Ad] [7h]
Pandakey: checks
Chefred: bets $6
Pandakey: calls $6
*** SHOW DOWN ***
Chefred: shows [4d As] (two pair, Aces and Sevens)
Pandakey: shows [Ah 4c] (two pair, Aces and Sevens)
Pandakey collected $26.75 from pot
Chefred collected $26.75 from pot
*** SUMMARY ***
Total pot $54 | Rake $0.50
Board [4s 5c 7c Ad 7h]
Seat 4: Pandakey (big blind) showed [Ah 4c] and won ($26.75) with two pair, Aces and Sevens
Seat 9: Chefred (button) (small blind) showed [4d As] and won ($26.75) with two pair, Aces and Sevens


PokerStars Hand #148419145121:  Hold'em Limit ($3/$6 USD) - 2016/02/07 17:33:59 ET
Table 'Aldhibah' 10-max Seat #9 is the button
Seat 4: Pandakey ($163.04 in chips)
Seat 9: Chefred ($144.12 in chips)
Chefred: posts small blind $1
Pandakey: posts big blind $3
*** HOLE CARDS ***
Chefred: folds
Uncalled bet ($2) returned to Pandakey
Pandakey collected $2 from pot
Pandakey: doesn't show hand
*** SUMMARY ***
Total pot $2 | Rake $0
Seat 4: Pandakey (big blind) collected ($2)
Seat 9: Chefred (button) (small blind) folded before Flop


PokerStars Hand #148419139627:  Hold'em Limit ($3/$6 USD) - 2016/02/07 17:33:54 ET
Table 'Aldhibah' 10-max Seat #4 is the button
Seat 4: Pandakey ($164.04 in chips)
Seat 9: Chefred ($143.12 in chips)
Pandakey: posts small blind $1
Chefred: posts big blind $3
*** HOLE CARDS ***
Pandakey: folds
Uncalled bet ($2) returned to Chefred
Chefred collected $2 from pot
Chefred: doesn't show hand
*** SUMMARY ***
Total pot $2 | Rake $0
Seat 4: Pandakey (button) (small blind) folded before Flop
Seat 9: Chefred (big blind) collected ($2)


PokerStars Hand #148419123977:  Hold'em Limit ($3/$6 USD) - 2016/02/07 17:33:39 ET
Table 'Aldhibah' 10-max Seat #9 is the button
Seat 4: Pandakey ($152.52 in chips)
Seat 9: Chefred ($155.12 in chips)
Chefred: posts small blind $1
Pandakey: posts big blind $3
*** HOLE CARDS ***
Chefred: raises $3 to $6
Pandakey: raises $3 to $9
Chefred: calls $3
*** FLOP *** [Ad 7s 9c]
Pandakey: bets $3
Chefred: calls $3
*** TURN *** [Ad 7s 9c] [3h]
Pandakey: bets $6
Chefred: folds
Uncalled bet ($6) returned to Pandakey
Pandakey collected $23.52 from pot
Pandakey: doesn't show hand
*** SUMMARY ***
Total pot $24 | Rake $0.48
Board [Ad 7s 9c 3h]
Seat 4: Pandakey (big blind) collected ($23.52)
Seat 9: Chefred (button) (small blind) folded on the Turn


PokerStars Hand #148419119488:  Hold'em Limit ($3/$6 USD) - 2016/02/07 17:33:35 ET
Table 'Aldhibah' 10-max Seat #4 is the button
Seat 4: Pandakey ($153.52 in chips)
Seat 9: Chefred ($154.12 in chips)
Pandakey: posts small blind $1
Chefred: posts big blind $3
*** HOLE CARDS ***
Pandakey: folds
Uncalled bet ($2) returned to Chefred
Chefred collected $2 from pot
Chefred: doesn't show hand
*** SUMMARY ***
Total pot $2 | Rake $0
Seat 4: Pandakey (button) (small blind) folded before Flop
Seat 9: Chefred (big blind) collected ($2)


PokerStars Hand #148419097527:  Hold'em Limit ($3/$6 USD) - 2016/02/07 17:33:12 ET
Table 'Aldhibah' 10-max Seat #9 is the button
Seat 4: Pandakey ($139.02 in chips)
Seat 9: Chefred ($169.12 in chips)
Chefred: posts small blind $1
Pandakey: posts big blind $3
*** HOLE CARDS ***
Chefred: raises $3 to $6
Pandakey: raises $3 to $9
Chefred: calls $3
*** FLOP *** [3c 3h As]
Pandakey: bets $3
Chefred: raises $3 to $6
Pandakey: calls $3
*** TURN *** [3c 3h As] [Ad]
Pandakey: checks
Chefred: checks
*** RIVER *** [3c 3h As Ad] [2d]
Pandakey: checks
Chefred: checks
*** SHOW DOWN ***
Pandakey: shows [9h Kc] (two pair, Aces and Threes)
Chefred: mucks hand
Pandakey collected $29.50 from pot
*** SUMMARY ***
Total pot $30 | Rake $0.50
Board [3c 3h As Ad 2d]
Seat 4: Pandakey (big blind) showed [9h Kc] and won ($29.50) with two pair, Aces and Threes
Seat 9: Chefred (button) (small blind) mucked


PokerStars Hand #148419088625:  Hold'em Limit ($3/$6 USD) - 2016/02/07 17:33:03 ET
Table 'Aldhibah' 10-max Seat #4 is the button
Seat 4: Pandakey ($140.02 in chips)
Seat 9: Chefred ($168.12 in chips)
Pandakey: posts small blind $1
Chefred: posts big blind $3
*** HOLE CARDS ***
Pandakey: folds
Uncalled bet ($2) returned to Chefred
Chefred collected $2 from pot
Chefred: doesn't show hand
*** SUMMARY ***
Total pot $2 | Rake $0
Seat 4: Pandakey (button) (small blind) folded before Flop
Seat 9: Chefred (big blind) collected ($2)


PokerStars Hand #148419179486:  Hold'em Limit ($3/$6 USD) - 2016/02/07 17:34:30 ET
Table 'Aldhibah' 10-max Seat #4 is the button
Seat 4: Pandakey ($171.68 in chips)
Seat 9: Chefred ($135.12 in chips)
Pandakey: posts small blind $1
Chefred: posts big blind $3
*** HOLE CARDS ***
Pandakey: raises $3 to $6
Chefred: calls $3
*** FLOP *** [Qh 4h Qc]
Chefred: checks
Pandakey: bets $3
Chefred: calls $3
*** TURN *** [Qh 4h Qc] [8s]
Chefred: checks
Pandakey: bets $6
Chefred: raises $6 to $12
Pandakey: folds
Uncalled bet ($6) returned to Chefred
Chefred collected $29.50 from pot
Chefred: doesn't show hand
*** SUMMARY ***
Total pot $30 | Rake $0.50
Board [Qh 4h Qc 8s]
Seat 4: Pandakey (button) (small blind) folded on the Turn
Seat 9: Chefred (big blind) collected ($29.50)


PokerStars Hand #148419161112:  Hold'em Limit ($3/$6 USD) - 2016/02/07 17:34:14 ET
Table 'Aldhibah' 10-max Seat #9 is the button
Seat 4: Pandakey ($163.04 in chips)
Seat 9: Chefred ($144.12 in chips)
Chefred: posts small blind $1
Pandakey: posts big blind $3
*** HOLE CARDS ***
Chefred: raises $3 to $6
Pandakey: calls $3
*** FLOP *** [3h 5d Ks]
Pandakey: checks
Chefred: bets $3
Pandakey: raises $3 to $6
Chefred: folds
Uncalled bet ($3) returned to Pandakey
Pandakey collected $17.64 from pot
Pandakey: doesn't show hand
*** SUMMARY ***
Total pot $18 | Rake $0.36
Board [3h 5d Ks]
Seat 4: Pandakey (big blind) collected ($17.64)
Seat 9: Chefred (button) (small blind) folded on the Flop


PokerStars Hand #148419150539:  Hold'em Limit ($3/$6 USD) - 2016/02/07 17:34:04 ET
Table 'Aldhibah' 10-max Seat #4 is the button
Seat 4: Pandakey ($164.04 in chips)
Seat 9: Chefred ($143.12 in chips)
Pandakey: posts small blind $1
Chefred: posts big blind $3
*** HOLE CARDS ***
Pandakey: folds
Uncalled bet ($2) returned to Chefred
Chefred collected $2 from pot
Chefred: doesn't show hand
*** SUMMARY ***
Total pot $2 | Rake $0
Seat 4: Pandakey (button) (small blind) folded before Flop
Seat 9: Chefred (big blind) collected ($2)


PokerStars Hand #148419249394:  Hold'em Limit ($3/$6 USD) - 2016/02/07 17:35:31 ET
Table 'Aldhibah' 10-max Seat #9 is the button
Seat 4: Pandakey ($183.18 in chips)
Seat 9: Chefred ($122.62 in chips)
Chefred: posts small blind $1
Pandakey: posts big blind $3
*** HOLE CARDS ***
Chefred: raises $3 to $6
Pandakey: raises $3 to $9
Chefred: calls $3
*** FLOP *** [5s 3c 8h]
Pandakey: bets $3
Chefred: raises $3 to $6
Pandakey: calls $3
*** TURN *** [5s 3c 8h] [Ts]
Pandakey: checks
Chefred: checks
*** RIVER *** [5s 3c 8h Ts] [4s]
Pandakey: checks
Chefred: checks
*** SHOW DOWN ***
Pandakey: shows [Ac Qc] (high card Ace)
Chefred: mucks hand
Pandakey collected $29.50 from pot
*** SUMMARY ***
Total pot $30 | Rake $0.50
Board [5s 3c 8h Ts 4s]
Seat 4: Pandakey (big blind) showed [Ac Qc] and won ($29.50) with high card Ace
Seat 9: Chefred (button) (small blind) mucked


PokerStars Hand #148419242854:  Hold'em Limit ($3/$6 USD) - 2016/02/07 17:35:25 ET
Table 'Aldhibah' 10-max Seat #4 is the button
Seat 4: Pandakey ($180.18 in chips)
Seat 9: Chefred ($125.62 in chips)
Pandakey: posts small blind $1
Chefred: posts big blind $3
*** HOLE CARDS ***
Pandakey: raises $3 to $6
Chefred: folds
Uncalled bet ($3) returned to Pandakey
Pandakey collected $6 from pot
Pandakey: doesn't show hand
*** SUMMARY ***
Total pot $6 | Rake $0
Seat 4: Pandakey (button) (small blind) collected ($6)
Seat 9: Chefred (big blind) folded before Flop


PokerStars Hand #148419218486:  Hold'em Limit ($3/$6 USD) - 2016/02/07 17:35:05 ET
Table 'Aldhibah' 10-max Seat #9 is the button
Seat 4: Pandakey ($156.68 in chips)
Seat 9: Chefred ($149.62 in chips)
Chefred: posts small blind $1
Pandakey: posts big blind $3
*** HOLE CARDS ***
Chefred: raises $3 to $6
Pandakey: raises $3 to $9
Chefred: calls $3
*** FLOP *** [2s Js 7h]
Pandakey: bets $3
Chefred: calls $3
*** TURN *** [2s Js 7h] [5c]
Pandakey: bets $6
Chefred: calls $6
*** RIVER *** [2s Js 7h 5c] [Ks]
Pandakey: bets $6
Chefred: calls $6
*** SHOW DOWN ***
Pandakey: shows [9s 7s] (a flush, King high)
Chefred: mucks hand
Pandakey collected $47.50 from pot
*** SUMMARY ***
Total pot $48 | Rake $0.50
Board [2s Js 7h 5c Ks]
Seat 4: Pandakey (big blind) showed [9s 7s] and won ($47.50) with a flush, King high
Seat 9: Chefred (button) (small blind) mucked


PokerStars Hand #148419346929:  Hold'em Limit ($3/$6 USD) - 2016/02/07 17:36:55 ET
Table 'Aldhibah' 10-max Seat #9 is the button
Seat 4: Pandakey ($218.18 in chips)
Seat 9: Chefred ($86.02 in chips)
Chefred: posts small blind $1
Pandakey: posts big blind $3
*** HOLE CARDS ***
Chefred: raises $3 to $6
Pandakey: calls $3
*** FLOP *** [9c 2h 5s]
Pandakey: checks
Chefred: checks
*** TURN *** [9c 2h 5s] [9s]
Pandakey: bets $6
Chefred: folds
Uncalled bet ($6) returned to Pandakey
Pandakey collected $11.76 from pot
Pandakey: doesn't show hand
*** SUMMARY ***
Total pot $12 | Rake $0.24
Board [9c 2h 5s 9s]
Seat 4: Pandakey (big blind) collected ($11.76)
Seat 9: Chefred (button) (small blind) folded on the Turn


PokerStars Hand #148419323132:  Hold'em Limit ($3/$6 USD) - 2016/02/07 17:36:34 ET
Table 'Aldhibah' 10-max Seat #4 is the button
Seat 4: Pandakey ($227.18 in chips)
Seat 9: Chefred ($77.38 in chips)
Pandakey: posts small blind $1
Chefred: posts big blind $3
*** HOLE CARDS ***
Pandakey: raises $3 to $6
Chefred: calls $3
*** FLOP *** [Qd Qc 6c]
Chefred: checks
Pandakey: bets $3
Chefred: calls $3
*** TURN *** [Qd Qc 6c] [Qh]
Chefred: checks
Pandakey: checks
*** RIVER *** [Qd Qc 6c Qh] [8d]
Chefred: bets $6
Pandakey: folds
Uncalled bet ($6) returned to Chefred
Chefred collected $17.64 from pot
Chefred: doesn't show hand
*** SUMMARY ***
Total pot $18 | Rake $0.36
Board [Qd Qc 6c Qh 8d]
Seat 4: Pandakey (button) (small blind) folded on the River
Seat 9: Chefred (big blind) collected ($17.64)


PokerStars Hand #148419313063:  Hold'em Limit ($3/$6 USD) - 2016/02/07 17:36:26 ET
Table 'Aldhibah' 10-max Seat #9 is the button
Seat 4: Pandakey ($233.18 in chips)
Seat 9: Chefred ($71.62 in chips)
Chefred: posts small blind $1
Pandakey: posts big blind $3
*** HOLE CARDS ***
Chefred: raises $3 to $6
Pandakey: calls $3
*** FLOP *** [9d Tc Th]
Pandakey: checks
Chefred: bets $3
Pandakey: folds
Uncalled bet ($3) returned to Chefred
Chefred collected $11.76 from pot
Chefred: doesn't show hand
*** SUMMARY ***
Total pot $12 | Rake $0.24
Board [9d Tc Th]
Seat 4: Pandakey (big blind) folded on the Flop
Seat 9: Chefred (button) (small blind) collected ($11.76)


PokerStars Hand #148419282425:  Hold'em Limit ($3/$6 USD) - 2016/02/07 17:35:59 ET
Table 'Aldhibah' 10-max Seat #4 is the button
Seat 4: Pandakey ($197.68 in chips)
Seat 9: Chefred ($107.62 in chips)
Pandakey: posts small blind $1
Chefred: posts big blind $3
*** HOLE CARDS ***
Pandakey: raises $3 to $6
Chefred: raises $3 to $9
Pandakey: calls $3
*** FLOP *** [4d 5s 4s]
Chefred: bets $3
Pandakey: calls $3
*** TURN *** [4d 5s 4s] [Ts]
Chefred: bets $6
Pandakey: raises $6 to $12
Chefred: calls $6
*** RIVER *** [4d 5s 4s Ts] [7c]
Chefred: checks
Pandakey: bets $6
Chefred: raises $6 to $12
Pandakey: calls $6
*** SHOW DOWN ***
Chefred: shows [Ah Ad] (two pair, Aces and Fours)
Pandakey: shows [4c Qd] (three of a kind, Fours)
Pandakey collected $71.50 from pot
*** SUMMARY ***
Total pot $72 | Rake $0.50
Board [4d 5s 4s Ts 7c]
Seat 4: Pandakey (button) (small blind) showed [4c Qd] and won ($71.50) with three of a kind, Fours
Seat 9: Chefred (big blind) showed [Ah Ad] and lost with two pair, Aces and Fours


PokerStars Hand #148419427943:  Hold'em Limit ($3/$6 USD) - 2016/02/07 17:38:05 ET
Table 'Aldhibah' 10-max Seat #4 is the button
Seat 4: Pandakey ($197.94 in chips)
Seat 9: Chefred ($105.06 in chips)
Pandakey: posts small blind $1
Chefred: posts big blind $3
*** HOLE CARDS ***
Pandakey: folds
Uncalled bet ($2) returned to Chefred
Chefred collected $2 from pot
Chefred: doesn't show hand
*** SUMMARY ***
Total pot $2 | Rake $0
Seat 4: Pandakey (button) (small blind) folded before Flop
Seat 9: Chefred (big blind) collected ($2)


PokerStars Hand #148419422496:  Hold'em Limit ($3/$6 USD) - 2016/02/07 17:38:01 ET
Table 'Aldhibah' 10-max Seat #9 is the button
Seat 4: Pandakey ($196.94 in chips)
Seat 9: Chefred ($106.06 in chips)
Chefred: posts small blind $1
Pandakey: posts big blind $3
*** HOLE CARDS ***
Chefred: folds
Uncalled bet ($2) returned to Pandakey
Pandakey collected $2 from pot
Pandakey: doesn't show hand
*** SUMMARY ***
Total pot $2 | Rake $0
Seat 4: Pandakey (big blind) collected ($2)
Seat 9: Chefred (button) (small blind) folded before Flop


PokerStars Hand #148419414722:  Hold'em Limit ($3/$6 USD) - 2016/02/07 17:37:54 ET
Table 'Aldhibah' 10-max Seat #4 is the button
Seat 4: Pandakey ($193.94 in chips)
Seat 9: Chefred ($109.06 in chips)
Pandakey: posts small blind $1
Chefred: posts big blind $3
*** HOLE CARDS ***
Pandakey: raises $3 to $6
Chefred: folds
Uncalled bet ($3) returned to Pandakey
Pandakey collected $6 from pot
Pandakey: doesn't show hand
*** SUMMARY ***
Total pot $6 | Rake $0
Seat 4: Pandakey (button) (small blind) collected ($6)
Seat 9: Chefred (big blind) folded before Flop


PokerStars Hand #148419408528:  Hold'em Limit ($3/$6 USD) - 2016/02/07 17:37:48 ET
Table 'Aldhibah' 10-max Seat #9 is the button
Seat 4: Pandakey ($196.94 in chips)
Seat 9: Chefred ($106.06 in chips)
Chefred: posts small blind $1
Pandakey: posts big blind $3
*** HOLE CARDS ***
Chefred: raises $3 to $6
Pandakey: folds
Uncalled bet ($3) returned to Chefred
Chefred collected $6 from pot
Chefred: doesn't show hand
*** SUMMARY ***
Total pot $6 | Rake $0
Seat 4: Pandakey (big blind) folded before Flop
Seat 9: Chefred (button) (small blind) collected ($6)


PokerStars Hand #148419392055:  Hold'em Limit ($3/$6 USD) - 2016/02/07 17:37:34 ET
Table 'Aldhibah' 10-max Seat #4 is the button
Seat 4: Pandakey ($208.94 in chips)
Seat 9: Chefred ($94.54 in chips)
Pandakey: posts small blind $1
Chefred: posts big blind $3
*** HOLE CARDS ***
Pandakey: raises $3 to $6
Chefred: raises $3 to $9
Pandakey: calls $3
*** FLOP *** [2s 5c 9c]
Chefred: bets $3
Pandakey: calls $3
*** TURN *** [2s 5c 9c] [Ah]
Chefred: bets $6
Pandakey: folds
Uncalled bet ($6) returned to Chefred
Chefred collected $23.52 from pot
Chefred: doesn't show hand
*** SUMMARY ***
Total pot $24 | Rake $0.48
Board [2s 5c 9c Ah]
Seat 4: Pandakey (button) (small blind) folded on the Turn
Seat 9: Chefred (big blind) collected ($23.52)


PokerStars Hand #148419385869:  Hold'em Limit ($3/$6 USD) - 2016/02/07 17:37:29 ET
Table 'Aldhibah' 10-max Seat #9 is the button
Seat 4: Pandakey ($211.94 in chips)
Seat 9: Chefred ($91.54 in chips)
Chefred: posts small blind $1
Pandakey: posts big blind $3
*** HOLE CARDS ***
Chefred: raises $3 to $6
Pandakey: folds
Uncalled bet ($3) returned to Chefred
Chefred collected $6 from pot
Chefred: doesn't show hand
*** SUMMARY ***
Total pot $6 | Rake $0
Seat 4: Pandakey (big blind) folded before Flop
Seat 9: Chefred (button) (small blind) collected ($6)


PokerStars Hand #148419359551:  Hold'em Limit ($3/$6 USD) - 2016/02/07 17:37:06 ET
Table 'Aldhibah' 10-max Seat #4 is the button
Seat 4: Pandakey ($223.94 in chips)
Seat 9: Chefred ($80.02 in chips)
Pandakey: posts small blind $1
Chefred: posts big blind $3
*** HOLE CARDS ***
Pandakey: raises $3 to $6
Chefred: raises $3 to $9
Pandakey: calls $3
*** FLOP *** [Ah 6d 9d]
Chefred: bets $3
Pandakey: calls $3
*** TURN *** [Ah 6d 9d] [Qd]
Chefred: checks
Pandakey: checks
*** RIVER *** [Ah 6d 9d Qd] [Qc]
Chefred: bets $6
Pandakey: folds
Uncalled bet ($6) returned to Chefred
Chefred collected $23.52 from pot
Chefred: doesn't show hand
*** SUMMARY ***
Total pot $24 | Rake $0.48
Board [Ah 6d 9d Qd Qc]
Seat 4: Pandakey (button) (small blind) folded on the River
Seat 9: Chefred (big blind) collected ($23.52)


PokerStars Hand #148419481109:  Hold'em Limit ($3/$6 USD) - 2016/02/07 17:38:52 ET
Table 'Aldhibah' 10-max Seat #4 is the button
Seat 4: Pandakey ($213.96 in chips)
Seat 9: Chefred ($87.70 in chips)
Pandakey: posts small blind $1
Chefred: posts big blind $3
*** HOLE CARDS ***
Pandakey: raises $3 to $6
Chefred: folds
Uncalled bet ($3) returned to Pandakey
Pandakey collected $6 from pot
Pandakey: doesn't show hand
*** SUMMARY ***
Total pot $6 | Rake $0
Seat 4: Pandakey (button) (small blind) collected ($6)
Seat 9: Chefred (big blind) folded before Flop


PokerStars Hand #148419464919:  Hold'em Limit ($3/$6 USD) - 2016/02/07 17:38:38 ET
Table 'Aldhibah' 10-max Seat #9 is the button
Seat 4: Pandakey ($199.46 in chips)
Seat 9: Chefred ($102.70 in chips)
Chefred: posts small blind $1
Pandakey: posts big blind $3
*** HOLE CARDS ***
Chefred: raises $3 to $6
Pandakey: raises $3 to $9
Chefred: calls $3
*** FLOP *** [Qd 4c Th]
Pandakey: bets $3
Chefred: raises $3 to $6
Pandakey: raises $3 to $9
Chefred: folds
Uncalled bet ($3) returned to Pandakey
Pandakey collected $29.50 from pot
Pandakey: doesn't show hand
*** SUMMARY ***
Total pot $30 | Rake $0.50
Board [Qd 4c Th]
Seat 4: Pandakey (big blind) collected ($29.50)
Seat 9: Chefred (button) (small blind) folded on the Flop


PokerStars Hand #148419452185:  Hold'em Limit ($3/$6 USD) - 2016/02/07 17:38:27 ET
Table 'Aldhibah' 10-max Seat #4 is the button
Seat 4: Pandakey ($208.46 in chips)
Seat 9: Chefred ($94.06 in chips)
Pandakey: posts small blind $1
Chefred: posts big blind $3
*** HOLE CARDS ***
Pandakey: raises $3 to $6
Chefred: raises $3 to $9
Pandakey: calls $3
*** FLOP *** [7c 5c 5d]
Chefred: bets $3
Pandakey: folds
Uncalled bet ($3) returned to Chefred
Chefred collected $17.64 from pot
Chefred: doesn't show hand
*** SUMMARY ***
Total pot $18 | Rake $0.36
Board [7c 5c 5d]
Seat 4: Pandakey (button) (small blind) folded on the Flop
Seat 9: Chefred (big blind) collected ($17.64)


PokerStars Hand #148419432959:  Hold'em Limit ($3/$6 USD) - 2016/02/07 17:38:10 ET
Table 'Aldhibah' 10-max Seat #9 is the button
Seat 4: Pandakey ($196.94 in chips)
Seat 9: Chefred ($106.06 in chips)
Chefred: posts small blind $1
Pandakey: posts big blind $3
*** HOLE CARDS ***
Chefred: raises $3 to $6
Pandakey: raises $3 to $9
Chefred: calls $3
*** FLOP *** [8h Js Jh]
Pandakey: bets $3
Chefred: calls $3
*** TURN *** [8h Js Jh] [9s]
Pandakey: checks
Chefred: checks
*** RIVER *** [8h Js Jh 9s] [8c]
Pandakey: checks
Chefred: checks
*** SHOW DOWN ***
Pandakey: shows [7c Ah] (two pair, Jacks and Eights)
Chefred: mucks hand
Pandakey collected $23.52 from pot
*** SUMMARY ***
Total pot $24 | Rake $0.48
Board [8h Js Jh 9s 8c]
Seat 4: Pandakey (big blind) showed [7c Ah] and won ($23.52) with two pair, Jacks and Eights
Seat 9: Chefred (button) (small blind) mucked


PokerStars Hand #148419556916:  Hold'em Limit ($3/$6 USD) - 2016/02/07 17:40:00 ET
Table 'Aldhibah' 10-max Seat #9 is the button
Seat 4: Pandakey ($195.48 in chips)
Seat 9: Chefred ($104.48 in chips)
Chefred: posts small blind $1
Pandakey: posts big blind $3
*** HOLE CARDS ***
Chefred: folds
Uncalled bet ($2) returned to Pandakey
Pandakey collected $2 from pot
Pandakey: doesn't show hand
*** SUMMARY ***
Total pot $2 | Rake $0
Seat 4: Pandakey (big blind) collected ($2)
Seat 9: Chefred (button) (small blind) folded before Flop


PokerStars Hand #148419545495:  Hold'em Limit ($3/$6 USD) - 2016/02/07 17:39:50 ET
Table 'Aldhibah' 10-max Seat #4 is the button
Seat 4: Pandakey ($204.48 in chips)
Seat 9: Chefred ($95.84 in chips)
Pandakey: posts small blind $1
Chefred: posts big blind $3
*** HOLE CARDS ***
Pandakey: raises $3 to $6
Chefred: raises $3 to $9
Pandakey: calls $3
*** FLOP *** [9c 5d 5c]
Chefred: bets $3
Pandakey: folds
Uncalled bet ($3) returned to Chefred
Chefred collected $17.64 from pot
Chefred: doesn't show hand
*** SUMMARY ***
Total pot $18 | Rake $0.36
Board [9c 5d 5c]
Seat 4: Pandakey (button) (small blind) folded on the Flop
Seat 9: Chefred (big blind) collected ($17.64)


PokerStars Hand #148419527368:  Hold'em Limit ($3/$6 USD) - 2016/02/07 17:39:34 ET
Table 'Aldhibah' 10-max Seat #9 is the button
Seat 4: Pandakey ($219.48 in chips)
Seat 9: Chefred ($81.34 in chips)
Chefred: posts small blind $1
Pandakey: posts big blind $3
*** HOLE CARDS ***
Chefred: raises $3 to $6
Pandakey: raises $3 to $9
Chefred: raises $3 to $12
Betting is capped
Pandakey: calls $3
*** FLOP *** [Qd 8d 9d]
Pandakey: checks
Chefred: bets $3
Pandakey: calls $3
*** TURN *** [Qd 8d 9d] [4s]
Pandakey: checks
Chefred: bets $6
Pandakey: folds
Uncalled bet ($6) returned to Chefred
Chefred collected $29.50 from pot
Chefred: doesn't show hand
*** SUMMARY ***
Total pot $30 | Rake $0.50
Board [Qd 8d 9d 4s]
Seat 4: Pandakey (big blind) folded on the Turn
Seat 9: Chefred (button) (small blind) collected ($29.50)


PokerStars Hand #148419510634:  Hold'em Limit ($3/$6 USD) - 2016/02/07 17:39:19 ET
Table 'Aldhibah' 10-max Seat #4 is the button
Seat 4: Pandakey ($228.48 in chips)
Seat 9: Chefred ($72.70 in chips)
Pandakey: posts small blind $1
Chefred: posts big blind $3
*** HOLE CARDS ***
Pandakey: raises $3 to $6
Chefred: raises $3 to $9
Pandakey: calls $3
*** FLOP *** [2d 6c As]
Chefred: bets $3
Pandakey: folds
Uncalled bet ($3) returned to Chefred
Chefred collected $17.64 from pot
Chefred: doesn't show hand
*** SUMMARY ***
Total pot $18 | Rake $0.36
Board [2d 6c As]
Seat 4: Pandakey (button) (small blind) folded on the Flop
Seat 9: Chefred (big blind) collected ($17.64)


PokerStars Hand #148419485906:  Hold'em Limit ($3/$6 USD) - 2016/02/07 17:38:57 ET
Table 'Aldhibah' 10-max Seat #9 is the button
Seat 4: Pandakey ($216.96 in chips)
Seat 9: Chefred ($84.70 in chips)
Chefred: posts small blind $1
Pandakey: posts big blind $3
*** HOLE CARDS ***
Chefred: raises $3 to $6
Pandakey: calls $3
*** FLOP *** [6d 5h Kd]
Pandakey: checks
Chefred: bets $3
Pandakey: raises $3 to $6
Chefred: calls $3
*** TURN *** [6d 5h Kd] [8d]
Pandakey: checks
Chefred: checks
*** RIVER *** [6d 5h Kd 8d] [8h]
Pandakey: bets $6
Chefred: folds
Uncalled bet ($6) returned to Pandakey
Pandakey collected $23.52 from pot
Pandakey: doesn't show hand
*** SUMMARY ***
Total pot $24 | Rake $0.48
Board [6d 5h Kd 8d 8h]
Seat 4: Pandakey (big blind) collected ($23.52)
Seat 9: Chefred (button) (small blind) folded on the River


PokerStars Hand #148419586696:  Hold'em Limit ($3/$6 USD) - 2016/02/07 17:40:27 ET
Table 'Aldhibah' 10-max Seat #9 is the button
Seat 4: Pandakey ($187.48 in chips)
Seat 9: Chefred ($112.12 in chips)
Chefred: posts small blind $1
Pandakey: posts big blind $3
*** HOLE CARDS ***
Chefred: folds
Uncalled bet ($2) returned to Pandakey
perten joins the table at seat #8
Pandakey collected $2 from pot
Pandakey: doesn't show hand
*** SUMMARY ***
Total pot $2 | Rake $0
Seat 4: Pandakey (big blind) collected ($2)
Seat 9: Chefred (button) (small blind) folded before Flop


PokerStars Hand #148419562210:  Hold'em Limit ($3/$6 USD) - 2016/02/07 17:40:05 ET
Table 'Aldhibah' 10-max Seat #4 is the button
Seat 4: Pandakey ($196.48 in chips)
Seat 9: Chefred ($103.48 in chips)
Pandakey: posts small blind $1
Chefred: posts big blind $3
*** HOLE CARDS ***
Pandakey: raises $3 to $6
Chefred: calls $3
*** FLOP *** [Kc 7h Ts]
Chefred: checks
Pandakey: bets $3
Chefred: calls $3
*** TURN *** [Kc 7h Ts] [9d]
Chefred: checks
Pandakey: checks
*** RIVER *** [Kc 7h Ts 9d] [As]
Chefred: checks
Pandakey: checks
*** SHOW DOWN ***
Chefred: shows [Ad 5c] (a pair of Aces)
Pandakey: mucks hand
Chefred collected $17.64 from pot
*** SUMMARY ***
Total pot $18 | Rake $0.36
Board [Kc 7h Ts 9d As]
Seat 4: Pandakey (button) (small blind) mucked
Seat 9: Chefred (big blind) showed [Ad 5c] and won ($17.64) with a pair of Aces


PokerStars Hand #148420248056:  Hold'em Limit ($3/$6 USD) - 2016/02/07 17:51:44 ET
Table 'Aldhibah' 10-max Seat #4 is the button
Seat 4: Pandakey ($76.45 in chips)
Seat 9: Chefred ($138.95 in chips)
Pandakey: posts small blind $1
perten: is sitting out
Chefred: posts big blind $3
*** HOLE CARDS ***
Pandakey: raises $3 to $6
Chefred: calls $3
*** FLOP *** [7h Js 2h]
Chefred: checks
Pandakey: bets $3
Chefred: calls $3
*** TURN *** [7h Js 2h] [6d]
Chefred: checks
Pandakey: bets $6
Chefred: calls $6
*** RIVER *** [7h Js 2h 6d] [3c]
verde7 joins the table at seat #5
Chefred: checks
Pandakey: checks
*** SHOW DOWN ***
Chefred: shows [7d 9h] (a pair of Sevens)
Pandakey: mucks hand
Chefred collected $29.50 from pot
*** SUMMARY ***
Total pot $30 | Rake $0.50
Board [7h Js 2h 6d 3c]
Seat 4: Pandakey (button) (small blind) mucked
Seat 9: Chefred (big blind) showed [7d 9h] and won ($29.50) with a pair of Sevens


PokerStars Hand #148420272093:  Hold'em Limit ($3/$6 USD) - 2016/02/07 17:52:10 ET
Table 'Aldhibah' 10-max Seat #9 is the button
Seat 4: Pandakey ($61.45 in chips)
Seat 9: Chefred ($153.45 in chips)
Chefred: posts small blind $1
Pandakey: posts big blind $3
*** HOLE CARDS ***
Chefred: raises $3 to $6
Pandakey: calls $3
*** FLOP *** [9d 2s 6s]
Pandakey: checks
Chefred: bets $3
Pandakey: folds
Uncalled bet ($3) returned to Chefred
Chefred collected $11.76 from pot
Chefred: doesn't show hand
*** SUMMARY ***
Total pot $12 | Rake $0.24
Board [9d 2s 6s]
Seat 4: Pandakey (big blind) folded on the Flop
Seat 9: Chefred (button) (small blind) collected ($11.76)


PokerStars Hand #148423267787:  Hold'em Limit ($3/$6 USD) - 2016/02/07 18:53:11 ET
Table 'Aldhibah' 10-max Seat #7 is the button
Seat 5: db49 ($231.17 in chips)
Seat 7: alexslep ($174.19 in chips)
alexslep: posts small blind $1
hsnew2012: is sitting out
Punkyfee: is sitting out
db49: posts big blind $3
*** HOLE CARDS ***
hsnew2012 leaves the table
alexslep: raises $3 to $6
db49: raises $3 to $9
alexslep: calls $3
*** FLOP *** [Js Ac 5c]
db49: bets $3
alexslep: calls $3
*** TURN *** [Js Ac 5c] [Th]
db49: bets $6
alexslep: calls $6
*** RIVER *** [Js Ac 5c Th] [7c]
db49: checks
alexslep: bets $6
db49: raises $6 to $12
alexslep: calls $6
*** SHOW DOWN ***
db49: shows [Tc Ks] (a pair of Tens)
alexslep: shows [2c Ad] (a pair of Aces)
alexslep collected $59.50 from pot
*** SUMMARY ***
Total pot $60 | Rake $0.50
Board [Js Ac 5c Th 7c]
Seat 5: db49 (big blind) showed [Tc Ks] and lost with a pair of Tens
Seat 7: alexslep (button) (small blind) showed [2c Ad] and won ($59.50) with a pair of Aces


