PokerStars Hand #145553117800:  Hold'em Limit ($3/$6 USD) - 2015/12/18 17:38:08 ET
Table 'Aldhanab II' 6-max Seat #1 is the button
Seat 1: Velbor107 ($289.55 in chips)
Seat 6: k1rp4v3nsk3 ($51.43 in chips)
Velbor107: posts small blind $1
AzureCaper: is sitting out
alexslep: is sitting out
k1rp4v3nsk3: posts big blind $3
*** HOLE CARDS ***
AzureCaper leaves the table
alexslep leaves the table
Velbor107: raises $3 to $6
k1rp4v3nsk3: folds
Uncalled bet ($3) returned to Velbor107
Velbor107 collected $6 from pot
*** SUMMARY ***
Total pot $6 | Rake $0
Seat 1: Velbor107 (button) (small blind) collected ($6)
Seat 6: k1rp4v3nsk3 (big blind) folded before Flop


PokerStars Hand #145553128724:  Hold'em Limit ($3/$6 USD) - 2015/12/18 17:38:21 ET
Table 'Aldhanab II' 6-max Seat #6 is the button
Seat 1: Velbor107 ($292.55 in chips)
Seat 6: k1rp4v3nsk3 ($48.43 in chips)
k1rp4v3nsk3: posts small blind $1
Velbor107: posts big blind $3
*** HOLE CARDS ***
k1rp4v3nsk3: raises $3 to $6
Velbor107: folds
Uncalled bet ($3) returned to k1rp4v3nsk3
k1rp4v3nsk3 collected $6 from pot
k1rp4v3nsk3: doesn't show hand
*** SUMMARY ***
Total pot $6 | Rake $0
Seat 1: Velbor107 (big blind) folded before Flop
Seat 6: k1rp4v3nsk3 (button) (small blind) collected ($6)


