PokerStars Hand #144300275592:  Hold'em Limit ($3/$6 USD) - 2015/11/24 3:06:25 ET
Table 'Aldhafera' 2-max Seat #1 is the button
Seat 1: kaputnikoff ($61 in chips)
Seat 2: Kosova1968 ($72 in chips)
kaputnikoff: posts small blind $1
Kosova1968: posts big blind $3
*** HOLE CARDS ***
kaputnikoff: folds
Uncalled bet ($2) returned to Kosova1968
Kosova1968 collected $2 from pot
*** SUMMARY ***
Total pot $2 | Rake $0
Seat 1: kaputnikoff (button) (small blind) folded before Flop
Seat 2: Kosova1968 (big blind) collected ($2)


PokerStars Hand #144300282525:  Hold'em Limit ($3/$6 USD) - 2015/11/24 3:06:49 ET
Table 'Aldhafera' 2-max Seat #2 is the button
Seat 1: kaputnikoff ($60 in chips)
Seat 2: Kosova1968 ($73 in chips)
Kosova1968: posts small blind $1
kaputnikoff: posts big blind $3
*** HOLE CARDS ***
Kosova1968: calls $2
kaputnikoff: raises $3 to $6
Kosova1968: raises $3 to $9
kaputnikoff: calls $3
*** FLOP *** [3d 8s 9h]
kaputnikoff: checks
Kosova1968: bets $3
kaputnikoff: raises $3 to $6
Kosova1968: raises $3 to $9
kaputnikoff: calls $3
*** TURN *** [3d 8s 9h] [4s]
kaputnikoff: checks
Kosova1968: bets $6
kaputnikoff: calls $6
*** RIVER *** [3d 8s 9h 4s] [5s]
kaputnikoff: checks
Kosova1968: bets $6
kaputnikoff: calls $6
*** SHOW DOWN ***
Kosova1968: shows [4c 4d] (three of a kind, Fours)
kaputnikoff: mucks hand
Kosova1968 collected $59.50 from pot
*** SUMMARY ***
Total pot $60 | Rake $0.50
Board [3d 8s 9h 4s 5s]
Seat 1: kaputnikoff (big blind) mucked
Seat 2: Kosova1968 (button) (small blind) showed [4c 4d] and won ($59.50) with three of a kind, Fours


PokerStars Hand #144300295124:  Hold'em Limit ($3/$6 USD) - 2015/11/24 3:07:32 ET
Table 'Aldhafera' 2-max Seat #1 is the button
Seat 1: kaputnikoff ($60 in chips)
Seat 2: Kosova1968 ($102.50 in chips)
kaputnikoff: posts small blind $1
Kosova1968: posts big blind $3
*** HOLE CARDS ***
kaputnikoff: raises $3 to $6
Kosova1968: raises $3 to $9
kaputnikoff: calls $3
*** FLOP *** [8h Qd 3d]
Kosova1968: checks
kaputnikoff: bets $3
Kosova1968: calls $3
*** TURN *** [8h Qd 3d] [3h]
Kosova1968: checks
kaputnikoff: bets $6
Kosova1968: calls $6
*** RIVER *** [8h Qd 3d 3h] [9d]
Kosova1968: checks
kaputnikoff: bets $6
Kosova1968: folds
Uncalled bet ($6) returned to kaputnikoff
kaputnikoff collected $35.50 from pot
kaputnikoff: doesn't show hand
*** SUMMARY ***
Total pot $36 | Rake $0.50
Board [8h Qd 3d 3h 9d]
Seat 1: kaputnikoff (button) (small blind) collected ($35.50)
Seat 2: Kosova1968 (big blind) folded on the River


PokerStars Hand #144300315249:  Hold'em Limit ($3/$6 USD) - 2015/11/24 3:08:43 ET
Table 'Aldhafera' 2-max Seat #2 is the button
Seat 1: kaputnikoff ($70.50 in chips)
Seat 2: Kosova1968 ($91.26 in chips)
Kosova1968: posts small blind $1
kaputnikoff: posts big blind $3
*** HOLE CARDS ***
Kosova1968: raises $3 to $6
kaputnikoff: calls $3
*** FLOP *** [3h 7d Kh]
kaputnikoff: checks
Kosova1968: bets $3
kaputnikoff: folds
Uncalled bet ($3) returned to Kosova1968
Kosova1968 collected $11.76 from pot
*** SUMMARY ***
Total pot $12 | Rake $0.24
Board [3h 7d Kh]
Seat 1: kaputnikoff (big blind) folded on the Flop
Seat 2: Kosova1968 (button) (small blind) collected ($11.76)


PokerStars Hand #144300305609:  Hold'em Limit ($3/$6 USD) - 2015/11/24 3:08:09 ET
Table 'Aldhafera' 2-max Seat #2 is the button
Seat 1: kaputnikoff ($77.50 in chips)
Seat 2: Kosova1968 ($84.50 in chips)
Kosova1968: posts small blind $1
kaputnikoff: posts big blind $3
*** HOLE CARDS ***
Kosova1968: raises $3 to $6
kaputnikoff: calls $3
*** FLOP *** [Ah 7s Kh]
kaputnikoff: checks
Kosova1968: bets $3
kaputnikoff: folds
Uncalled bet ($3) returned to Kosova1968
Kosova1968 collected $11.76 from pot
*** SUMMARY ***
Total pot $12 | Rake $0.24
Board [Ah 7s Kh]
Seat 1: kaputnikoff (big blind) folded on the Flop
Seat 2: Kosova1968 (button) (small blind) collected ($11.76)


PokerStars Hand #144300312459:  Hold'em Limit ($3/$6 USD) - 2015/11/24 3:08:34 ET
Table 'Aldhafera' 2-max Seat #1 is the button
Seat 1: kaputnikoff ($71.50 in chips)
Seat 2: Kosova1968 ($90.26 in chips)
kaputnikoff: posts small blind $1
Kosova1968: posts big blind $3
*** HOLE CARDS ***
kaputnikoff: folds
Uncalled bet ($2) returned to Kosova1968
Kosova1968 collected $2 from pot
*** SUMMARY ***
Total pot $2 | Rake $0
Seat 1: kaputnikoff (button) (small blind) folded before Flop
Seat 2: Kosova1968 (big blind) collected ($2)


PokerStars Hand #144300323625:  Hold'em Limit ($3/$6 USD) - 2015/11/24 3:09:13 ET
Table 'Aldhafera' 2-max Seat #1 is the button
Seat 1: kaputnikoff ($64.50 in chips)
Seat 2: Kosova1968 ($97.02 in chips)
kaputnikoff: posts small blind $1
Kosova1968: posts big blind $3
*** HOLE CARDS ***
kaputnikoff: raises $3 to $6
Kosova1968: calls $3
*** FLOP *** [Th 3s 2s]
Kosova1968: checks
kaputnikoff: bets $3
Kosova1968: raises $3 to $6
kaputnikoff: calls $3
*** TURN *** [Th 3s 2s] [5h]
Kosova1968: checks
kaputnikoff: bets $6
Kosova1968: calls $6
*** RIVER *** [Th 3s 2s 5h] [Qc]
Kosova1968: bets $6
kaputnikoff: raises $6 to $12
Kosova1968: calls $6
*** SHOW DOWN ***
kaputnikoff: shows [6h 4h] (a straight, Deuce to Six)
Kosova1968: shows [Qs Jh] (a pair of Queens)
kaputnikoff collected $59.50 from pot
*** SUMMARY ***
Total pot $60 | Rake $0.50
Board [Th 3s 2s 5h Qc]
Seat 1: kaputnikoff (button) (small blind) showed [6h 4h] and won ($59.50) with a straight, Deuce to Six
Seat 2: Kosova1968 (big blind) showed [Qs Jh] and lost with a pair of Queens


PokerStars Hand #144300335487:  Hold'em Limit ($3/$6 USD) - 2015/11/24 3:09:54 ET
Table 'Aldhafera' 2-max Seat #2 is the button
Seat 1: kaputnikoff ($94 in chips)
Seat 2: Kosova1968 ($67.02 in chips)
Kosova1968: posts small blind $1
kaputnikoff: posts big blind $3
*** HOLE CARDS ***
Kosova1968: raises $3 to $6
kaputnikoff: calls $3
*** FLOP *** [4d Js Ac]
kaputnikoff: checks
Kosova1968: checks
*** TURN *** [4d Js Ac] [9h]
kaputnikoff: bets $6
Kosova1968: calls $6
*** RIVER *** [4d Js Ac 9h] [Ad]
kaputnikoff: bets $6
Kosova1968: calls $6
*** SHOW DOWN ***
kaputnikoff: shows [7s Jd] (two pair, Aces and Jacks)
Kosova1968: shows [4h 3h] (two pair, Aces and Fours)
kaputnikoff collected $35.50 from pot
*** SUMMARY ***
Total pot $36 | Rake $0.50
Board [4d Js Ac 9h Ad]
Seat 1: kaputnikoff (big blind) showed [7s Jd] and won ($35.50) with two pair, Aces and Jacks
Seat 2: Kosova1968 (button) (small blind) showed [4h 3h] and lost with two pair, Aces and Fours


PokerStars Hand #144300351344:  Hold'em Limit ($3/$6 USD) - 2015/11/24 3:10:50 ET
Table 'Aldhafera' 2-max Seat #2 is the button
Seat 1: kaputnikoff ($129 in chips)
Seat 2: Kosova1968 ($31.02 in chips)
Kosova1968: posts small blind $1
kaputnikoff: posts big blind $3
*** HOLE CARDS ***
Kosova1968: raises $3 to $6
kaputnikoff: calls $3
*** FLOP *** [Tc 2h 8d]
kaputnikoff: checks
Kosova1968: bets $3
kaputnikoff: folds
Uncalled bet ($3) returned to Kosova1968
Kosova1968 collected $11.76 from pot
*** SUMMARY ***
Total pot $12 | Rake $0.24
Board [Tc 2h 8d]
Seat 1: kaputnikoff (big blind) folded on the Flop
Seat 2: Kosova1968 (button) (small blind) collected ($11.76)


PokerStars Hand #144300355811:  Hold'em Limit ($3/$6 USD) - 2015/11/24 3:11:06 ET
Table 'Aldhafera' 2-max Seat #1 is the button
Seat 1: kaputnikoff ($123 in chips)
Seat 2: Kosova1968 ($36.78 in chips)
kaputnikoff: posts small blind $1
Kosova1968: posts big blind $3
*** HOLE CARDS ***
kaputnikoff: folds
Uncalled bet ($2) returned to Kosova1968
Kosova1968 collected $2 from pot
*** SUMMARY ***
Total pot $2 | Rake $0
Seat 1: kaputnikoff (button) (small blind) folded before Flop
Seat 2: Kosova1968 (big blind) collected ($2)


PokerStars Hand #144300342025:  Hold'em Limit ($3/$6 USD) - 2015/11/24 3:10:17 ET
Table 'Aldhafera' 2-max Seat #1 is the button
Seat 1: kaputnikoff ($111.50 in chips)
Seat 2: Kosova1968 ($49.02 in chips)
kaputnikoff: posts small blind $1
Kosova1968: posts big blind $3
*** HOLE CARDS ***
kaputnikoff: raises $3 to $6
Kosova1968: calls $3
*** FLOP *** [3d 8h Jh]
Kosova1968: bets $3
kaputnikoff: raises $3 to $6
Kosova1968: calls $3
*** TURN *** [3d 8h Jh] [Kh]
Kosova1968: checks
kaputnikoff: bets $6
Kosova1968: calls $6
*** RIVER *** [3d 8h Jh Kh] [7h]
Kosova1968: checks
kaputnikoff: checks
*** SHOW DOWN ***
Kosova1968: shows [Jd 7d] (two pair, Jacks and Sevens)
kaputnikoff: shows [Ks 8s] (two pair, Kings and Eights)
kaputnikoff collected $35.50 from pot
*** SUMMARY ***
Total pot $36 | Rake $0.50
Board [3d 8h Jh Kh 7h]
Seat 1: kaputnikoff (button) (small blind) showed [Ks 8s] and won ($35.50) with two pair, Kings and Eights
Seat 2: Kosova1968 (big blind) showed [Jd 7d] and lost with two pair, Jacks and Sevens


PokerStars Hand #144300358151:  Hold'em Limit ($3/$6 USD) - 2015/11/24 3:11:14 ET
Table 'Aldhafera' 2-max Seat #2 is the button
Seat 1: kaputnikoff ($122 in chips)
Seat 2: Kosova1968 ($37.78 in chips)
Kosova1968: posts small blind $1
kaputnikoff: posts big blind $3
*** HOLE CARDS ***
Kosova1968: raises $3 to $6
kaputnikoff: calls $3
*** FLOP *** [5d Ks 4d]
kaputnikoff: checks
Kosova1968: bets $3
kaputnikoff: calls $3
*** TURN *** [5d Ks 4d] [Ts]
kaputnikoff: checks
Kosova1968: bets $6
kaputnikoff: calls $6
*** RIVER *** [5d Ks 4d Ts] [Kh]
kaputnikoff: checks
Kosova1968: bets $6
kaputnikoff: folds
Uncalled bet ($6) returned to Kosova1968
Kosova1968 collected $29.50 from pot
*** SUMMARY ***
Total pot $30 | Rake $0.50
Board [5d Ks 4d Ts Kh]
Seat 1: kaputnikoff (big blind) folded on the River
Seat 2: Kosova1968 (button) (small blind) collected ($29.50)


PokerStars Hand #144300385336:  Hold'em Limit ($3/$6 USD) - 2015/11/24 3:12:49 ET
Table 'Aldhafera' 2-max Seat #1 is the button
Seat 1: kaputnikoff ($121.50 in chips)
Seat 2: Kosova1968 ($37.04 in chips)
kaputnikoff: posts small blind $1
Kosova1968: posts big blind $3
*** HOLE CARDS ***
kaputnikoff: raises $3 to $6
Kosova1968: raises $3 to $9
kaputnikoff: calls $3
*** FLOP *** [4c Ad 3h]
Kosova1968: bets $3
kaputnikoff: raises $3 to $6
Kosova1968: raises $3 to $9
kaputnikoff: calls $3
*** TURN *** [4c Ad 3h] [6c]
Kosova1968: bets $6
kaputnikoff: raises $6 to $12
Kosova1968: raises $6 to $18
kaputnikoff: raises $6 to $24
Betting is capped
Kosova1968: calls $1.04 and is all-in
Uncalled bet ($4.96) returned to kaputnikoff
*** RIVER *** [4c Ad 3h 6c] [4h]
*** SHOW DOWN ***
Kosova1968: shows [Ac 7d] (two pair, Aces and Fours)
kaputnikoff: shows [5d 7h] (a straight, Three to Seven)
kaputnikoff collected $73.58 from pot
*** SUMMARY ***
Total pot $74.08 | Rake $0.50
Board [4c Ad 3h 6c 4h]
Seat 1: kaputnikoff (button) (small blind) showed [5d 7h] and won ($73.58) with a straight, Three to Seven
Seat 2: Kosova1968 (big blind) showed [Ac 7d] and lost with two pair, Aces and Fours


PokerStars Hand #144300368556:  Hold'em Limit ($3/$6 USD) - 2015/11/24 3:11:50 ET
Table 'Aldhafera' 2-max Seat #1 is the button
Seat 1: kaputnikoff ($107 in chips)
Seat 2: Kosova1968 ($52.28 in chips)
kaputnikoff: posts small blind $1
Kosova1968: posts big blind $3
*** HOLE CARDS ***
kaputnikoff: raises $3 to $6
Kosova1968: calls $3
*** FLOP *** [9h 8c 3d]
Kosova1968: bets $3
kaputnikoff: calls $3
*** TURN *** [9h 8c 3d] [3c]
Kosova1968: checks
kaputnikoff: bets $6
Kosova1968: calls $6
*** RIVER *** [9h 8c 3d 3c] [9s]
Kosova1968: checks
kaputnikoff: bets $6
Kosova1968: calls $6
*** SHOW DOWN ***
kaputnikoff: shows [Jd 9d] (a full house, Nines full of Threes)
Kosova1968: mucks hand
kaputnikoff collected $41.50 from pot
*** SUMMARY ***
Total pot $42 | Rake $0.50
Board [9h 8c 3d 3c 9s]
Seat 1: kaputnikoff (button) (small blind) showed [Jd 9d] and won ($41.50) with a full house, Nines full of Threes
Seat 2: Kosova1968 (big blind) mucked


PokerStars Hand #144300379070:  Hold'em Limit ($3/$6 USD) - 2015/11/24 3:12:27 ET
Table 'Aldhafera' 2-max Seat #2 is the button
Seat 1: kaputnikoff ($127.50 in chips)
Seat 2: Kosova1968 ($31.28 in chips)
Kosova1968: posts small blind $1
kaputnikoff: posts big blind $3
*** HOLE CARDS ***
Kosova1968: raises $3 to $6
kaputnikoff: calls $3
*** FLOP *** [5h 3c Kh]
kaputnikoff: checks
Kosova1968: bets $3
kaputnikoff: folds
Uncalled bet ($3) returned to Kosova1968
Kosova1968 collected $11.76 from pot
*** SUMMARY ***
Total pot $12 | Rake $0.24
Board [5h 3c Kh]
Seat 1: kaputnikoff (big blind) folded on the Flop
Seat 2: Kosova1968 (button) (small blind) collected ($11.76)


PokerStars Hand #144300400871:  Hold'em Limit ($3/$6 USD) - 2015/11/24 3:13:43 ET
Table 'Aldhafera' 2-max Seat #1 is the button
Seat 1: kaputnikoff ($159.04 in chips)
Seat 2: Kosova1968 ($71 in chips)
kaputnikoff: posts small blind $1
Kosova1968: posts big blind $3
*** HOLE CARDS ***
kaputnikoff: raises $3 to $6
Kosova1968: raises $3 to $9
kaputnikoff: calls $3
*** FLOP *** [4h Jh 8h]
Kosova1968: bets $3
kaputnikoff: calls $3
*** TURN *** [4h Jh 8h] [2h]
Kosova1968: bets $6
kaputnikoff: calls $6
*** RIVER *** [4h Jh 8h 2h] [Td]
Kosova1968: bets $6
kaputnikoff: calls $6
*** SHOW DOWN ***
Kosova1968: shows [5c Ah] (a flush, Ace high)
kaputnikoff: mucks hand
Kosova1968 collected $47.50 from pot
*** SUMMARY ***
Total pot $48 | Rake $0.50
Board [4h Jh 8h 2h Td]
Seat 1: kaputnikoff (button) (small blind) mucked
Seat 2: Kosova1968 (big blind) showed [5c Ah] and won ($47.50) with a flush, Ace high


PokerStars Hand #144300399361:  Hold'em Limit ($3/$6 USD) - 2015/11/24 3:13:38 ET
Table 'Aldhafera' 2-max Seat #2 is the button
Seat 1: kaputnikoff ($158.04 in chips)
Seat 2: Kosova1968 ($72 in chips)
Kosova1968: posts small blind $1
kaputnikoff: posts big blind $3
*** HOLE CARDS ***
Kosova1968: folds
Uncalled bet ($2) returned to kaputnikoff
kaputnikoff collected $2 from pot
kaputnikoff: doesn't show hand
*** SUMMARY ***
Total pot $2 | Rake $0
Seat 1: kaputnikoff (big blind) collected ($2)
Seat 2: Kosova1968 (button) (small blind) folded before Flop


PokerStars Hand #144300419625:  Hold'em Limit ($3/$6 USD) - 2015/11/24 3:14:49 ET
Table 'Aldhafera' 2-max Seat #2 is the button
Seat 1: kaputnikoff ($128.04 in chips)
Seat 2: Kosova1968 ($101.26 in chips)
Kosova1968: posts small blind $1
kaputnikoff: posts big blind $3
*** HOLE CARDS ***
Kosova1968: raises $3 to $6
kaputnikoff: calls $3
*** FLOP *** [Js 9h Ad]
kaputnikoff: checks
Kosova1968: checks
*** TURN *** [Js 9h Ad] [3s]
kaputnikoff: checks
Kosova1968: bets $6
kaputnikoff: folds
Uncalled bet ($6) returned to Kosova1968
Kosova1968 collected $11.76 from pot
*** SUMMARY ***
Total pot $12 | Rake $0.24
Board [Js 9h Ad 3s]
Seat 1: kaputnikoff (big blind) folded on the Turn
Seat 2: Kosova1968 (button) (small blind) collected ($11.76)


PokerStars Hand #144300409803:  Hold'em Limit ($3/$6 USD) - 2015/11/24 3:14:14 ET
Table 'Aldhafera' 2-max Seat #2 is the button
Seat 1: kaputnikoff ($135.04 in chips)
Seat 2: Kosova1968 ($94.50 in chips)
Kosova1968: posts small blind $1
kaputnikoff: posts big blind $3
*** HOLE CARDS ***
Kosova1968: raises $3 to $6
kaputnikoff: calls $3
*** FLOP *** [Kc 4d 2s]
kaputnikoff: checks
Kosova1968: bets $3
kaputnikoff: folds
Uncalled bet ($3) returned to Kosova1968
Kosova1968 collected $11.76 from pot
*** SUMMARY ***
Total pot $12 | Rake $0.24
Board [Kc 4d 2s]
Seat 1: kaputnikoff (big blind) folded on the Flop
Seat 2: Kosova1968 (button) (small blind) collected ($11.76)


PokerStars Hand #144300417713:  Hold'em Limit ($3/$6 USD) - 2015/11/24 3:14:42 ET
Table 'Aldhafera' 2-max Seat #1 is the button
Seat 1: kaputnikoff ($129.04 in chips)
Seat 2: Kosova1968 ($100.26 in chips)
kaputnikoff: posts small blind $1
Kosova1968: posts big blind $3
*** HOLE CARDS ***
kaputnikoff: folds
Uncalled bet ($2) returned to Kosova1968
Kosova1968 collected $2 from pot
*** SUMMARY ***
Total pot $2 | Rake $0
Seat 1: kaputnikoff (button) (small blind) folded before Flop
Seat 2: Kosova1968 (big blind) collected ($2)


PokerStars Hand #144300426298:  Hold'em Limit ($3/$6 USD) - 2015/11/24 3:15:12 ET
Table 'Aldhafera' 2-max Seat #1 is the button
Seat 1: kaputnikoff ($122.04 in chips)
Seat 2: Kosova1968 ($107.02 in chips)
kaputnikoff: posts small blind $1
Kosova1968: posts big blind $3
*** HOLE CARDS ***
kaputnikoff: raises $3 to $6
Kosova1968: calls $3
*** FLOP *** [Kc 7s 6h]
Kosova1968: checks
kaputnikoff: bets $3
Kosova1968: calls $3
*** TURN *** [Kc 7s 6h] [Jd]
Kosova1968: checks
kaputnikoff: bets $6
Kosova1968: calls $6
*** RIVER *** [Kc 7s 6h Jd] [5d]
Kosova1968: checks
kaputnikoff: bets $6
Kosova1968: calls $6
*** SHOW DOWN ***
kaputnikoff: shows [7h 9s] (a pair of Sevens)
Kosova1968: shows [7d 8c] (a pair of Sevens - lower kicker)
kaputnikoff collected $41.50 from pot
*** SUMMARY ***
Total pot $42 | Rake $0.50
Board [Kc 7s 6h Jd 5d]
Seat 1: kaputnikoff (button) (small blind) showed [7h 9s] and won ($41.50) with a pair of Sevens
Seat 2: Kosova1968 (big blind) showed [7d 8c] and lost with a pair of Sevens


PokerStars Hand #144300436807:  Hold'em Limit ($3/$6 USD) - 2015/11/24 3:15:49 ET
Table 'Aldhafera' 2-max Seat #2 is the button
Seat 1: kaputnikoff ($142.54 in chips)
Seat 2: Kosova1968 ($86.02 in chips)
Kosova1968: posts small blind $1
kaputnikoff: posts big blind $3
*** HOLE CARDS ***
Kosova1968: calls $2
kaputnikoff: checks
*** FLOP *** [2d 9h Ac]
kaputnikoff: checks
Kosova1968: bets $3
kaputnikoff: raises $3 to $6
Kosova1968: raises $3 to $9
kaputnikoff: calls $3
*** TURN *** [2d 9h Ac] [Ks]
kaputnikoff: checks
Kosova1968: bets $6
kaputnikoff: calls $6
*** RIVER *** [2d 9h Ac Ks] [2s]
kaputnikoff: checks
Kosova1968: bets $6
kaputnikoff: raises $6 to $12
Kosova1968: calls $6
*** SHOW DOWN ***
kaputnikoff: shows [Tc 2c] (three of a kind, Deuces)
Kosova1968: shows [As 8s] (two pair, Aces and Deuces)
kaputnikoff collected $59.50 from pot
*** SUMMARY ***
Total pot $60 | Rake $0.50
Board [2d 9h Ac Ks 2s]
Seat 1: kaputnikoff (big blind) showed [Tc 2c] and won ($59.50) with three of a kind, Deuces
Seat 2: Kosova1968 (button) (small blind) showed [As 8s] and lost with two pair, Aces and Deuces


PokerStars Hand #144300452241:  Hold'em Limit ($3/$6 USD) - 2015/11/24 3:16:43 ET
Table 'Aldhafera' 2-max Seat #1 is the button
Seat 1: kaputnikoff ($172.04 in chips)
Seat 2: Kosova1968 ($56.02 in chips)
kaputnikoff: posts small blind $1
Kosova1968: posts big blind $3
*** HOLE CARDS ***
kaputnikoff: folds
Uncalled bet ($2) returned to Kosova1968
Kosova1968 collected $2 from pot
*** SUMMARY ***
Total pot $2 | Rake $0
Seat 1: kaputnikoff (button) (small blind) folded before Flop
Seat 2: Kosova1968 (big blind) collected ($2)


PokerStars Hand #144300454509:  Hold'em Limit ($3/$6 USD) - 2015/11/24 3:16:51 ET
Table 'Aldhafera' 2-max Seat #2 is the button
Seat 1: kaputnikoff ($171.04 in chips)
Seat 2: Kosova1968 ($57.02 in chips)
Kosova1968: posts small blind $1
kaputnikoff: posts big blind $3
*** HOLE CARDS ***
Kosova1968: raises $3 to $6
kaputnikoff: calls $3
*** FLOP *** [Qc 8s Ks]
kaputnikoff: checks
Kosova1968: bets $3
kaputnikoff: folds
Uncalled bet ($3) returned to Kosova1968
Kosova1968 collected $11.76 from pot
*** SUMMARY ***
Total pot $12 | Rake $0.24
Board [Qc 8s Ks]
Seat 1: kaputnikoff (big blind) folded on the Flop
Seat 2: Kosova1968 (button) (small blind) collected ($11.76)


PokerStars Hand #144300471257:  Hold'em Limit ($3/$6 USD) - 2015/11/24 3:17:49 ET
Table 'Aldhafera' 2-max Seat #1 is the button
Seat 1: kaputnikoff ($189.54 in chips)
Seat 2: Kosova1968 ($37.78 in chips)
kaputnikoff: posts small blind $1
Kosova1968: posts big blind $3
*** HOLE CARDS ***
kaputnikoff: raises $3 to $6
Kosova1968: calls $3
*** FLOP *** [Jd Qs 5s]
Kosova1968: checks
kaputnikoff: bets $3
Kosova1968: calls $3
*** TURN *** [Jd Qs 5s] [7d]
Kosova1968: checks
kaputnikoff: checks
*** RIVER *** [Jd Qs 5s 7d] [Th]
Kosova1968: bets $6
kaputnikoff: folds
Uncalled bet ($6) returned to Kosova1968
Kosova1968 collected $17.64 from pot
*** SUMMARY ***
Total pot $18 | Rake $0.36
Board [Jd Qs 5s 7d Th]
Seat 1: kaputnikoff (button) (small blind) folded on the River
Seat 2: Kosova1968 (big blind) collected ($17.64)


PokerStars Hand #144300461285:  Hold'em Limit ($3/$6 USD) - 2015/11/24 3:17:14 ET
Table 'Aldhafera' 2-max Seat #1 is the button
Seat 1: kaputnikoff ($165.04 in chips)
Seat 2: Kosova1968 ($62.78 in chips)
kaputnikoff: posts small blind $1
Kosova1968: posts big blind $3
*** HOLE CARDS ***
kaputnikoff: raises $3 to $6
Kosova1968: raises $3 to $9
kaputnikoff: calls $3
*** FLOP *** [Qc 7c 8s]
Kosova1968: bets $3
kaputnikoff: calls $3
*** TURN *** [Qc 7c 8s] [9s]
Kosova1968: bets $6
kaputnikoff: calls $6
*** RIVER *** [Qc 7c 8s 9s] [6c]
Kosova1968: bets $6
kaputnikoff: calls $6
*** SHOW DOWN ***
Kosova1968: shows [2c Qs] (a pair of Queens)
kaputnikoff: shows [Kd 5h] (a straight, Five to Nine)
kaputnikoff collected $47.50 from pot
*** SUMMARY ***
Total pot $48 | Rake $0.50
Board [Qc 7c 8s 9s 6c]
Seat 1: kaputnikoff (button) (small blind) showed [Kd 5h] and won ($47.50) with a straight, Five to Nine
Seat 2: Kosova1968 (big blind) showed [2c Qs] and lost with a pair of Queens


PokerStars Hand #144300468885:  Hold'em Limit ($3/$6 USD) - 2015/11/24 3:17:40 ET
Table 'Aldhafera' 2-max Seat #2 is the button
Seat 1: kaputnikoff ($188.54 in chips)
Seat 2: Kosova1968 ($38.78 in chips)
Kosova1968: posts small blind $1
kaputnikoff: posts big blind $3
*** HOLE CARDS ***
Kosova1968: folds
Uncalled bet ($2) returned to kaputnikoff
kaputnikoff collected $2 from pot
kaputnikoff: doesn't show hand
*** SUMMARY ***
Total pot $2 | Rake $0
Seat 1: kaputnikoff (big blind) collected ($2)
Seat 2: Kosova1968 (button) (small blind) folded before Flop


PokerStars Hand #144300488700:  Hold'em Limit ($3/$6 USD) - 2015/11/24 3:18:50 ET
Table 'Aldhafera' 2-max Seat #1 is the button
Seat 1: kaputnikoff ($177.54 in chips)
Seat 2: Kosova1968 ($49.30 in chips)
kaputnikoff: posts small blind $1
Kosova1968: posts big blind $3
*** HOLE CARDS ***
kaputnikoff: folds
Uncalled bet ($2) returned to Kosova1968
Kosova1968 collected $2 from pot
*** SUMMARY ***
Total pot $2 | Rake $0
Seat 1: kaputnikoff (button) (small blind) folded before Flop
Seat 2: Kosova1968 (big blind) collected ($2)


PokerStars Hand #144300481078:  Hold'em Limit ($3/$6 USD) - 2015/11/24 3:18:23 ET
Table 'Aldhafera' 2-max Seat #2 is the button
Seat 1: kaputnikoff ($180.54 in chips)
Seat 2: Kosova1968 ($46.42 in chips)
Kosova1968: posts small blind $1
kaputnikoff: posts big blind $3
*** HOLE CARDS ***
Kosova1968: calls $2
kaputnikoff: checks
*** FLOP *** [6s Th Qs]
kaputnikoff: checks
Kosova1968: bets $3
kaputnikoff: folds
Uncalled bet ($3) returned to Kosova1968
Kosova1968 collected $5.88 from pot
*** SUMMARY ***
Total pot $6 | Rake $0.12
Board [6s Th Qs]
Seat 1: kaputnikoff (big blind) folded on the Flop
Seat 2: Kosova1968 (button) (small blind) collected ($5.88)


PokerStars Hand #144300492096:  Hold'em Limit ($3/$6 USD) - 2015/11/24 3:19:01 ET
Table 'Aldhafera' 2-max Seat #2 is the button
Seat 1: kaputnikoff ($176.54 in chips)
Seat 2: Kosova1968 ($50.30 in chips)
Kosova1968: posts small blind $1
kaputnikoff: posts big blind $3
*** HOLE CARDS ***
Kosova1968: raises $3 to $6
kaputnikoff: raises $3 to $9
Kosova1968: calls $3
*** FLOP *** [8c Ah 2s]
kaputnikoff: bets $3
Kosova1968: calls $3
*** TURN *** [8c Ah 2s] [3s]
kaputnikoff: bets $6
Kosova1968: raises $6 to $12
kaputnikoff: raises $6 to $18
Kosova1968: calls $6
*** RIVER *** [8c Ah 2s 3s] [Qc]
kaputnikoff: bets $6
Kosova1968: raises $6 to $12
kaputnikoff: raises $6 to $18
Kosova1968: raises $2.30 to $20.30 and is all-in
Betting is capped
kaputnikoff: calls $2.30
*** SHOW DOWN ***
Kosova1968: shows [2h Qh] (two pair, Queens and Deuces)
kaputnikoff: shows [As Ad] (three of a kind, Aces)
kaputnikoff collected $100.10 from pot
*** SUMMARY ***
Total pot $100.60 | Rake $0.50
Board [8c Ah 2s 3s Qc]
Seat 1: kaputnikoff (big blind) showed [As Ad] and won ($100.10) with three of a kind, Aces
Seat 2: Kosova1968 (button) (small blind) showed [2h Qh] and lost with two pair, Queens and Deuces


PokerStars Hand #144300512255:  Hold'em Limit ($3/$6 USD) - 2015/11/24 3:20:10 ET
Table 'Aldhafera' 2-max Seat #1 is the button
Seat 1: kaputnikoff ($226.34 in chips)
Seat 2: Kosova1968 ($72 in chips)
kaputnikoff: posts small blind $1
Kosova1968: posts big blind $3
*** HOLE CARDS ***
kaputnikoff: folds
Uncalled bet ($2) returned to Kosova1968
Kosova1968 collected $2 from pot
*** SUMMARY ***
Total pot $2 | Rake $0
Seat 1: kaputnikoff (button) (small blind) folded before Flop
Seat 2: Kosova1968 (big blind) collected ($2)


PokerStars Hand #144300514464:  Hold'em Limit ($3/$6 USD) - 2015/11/24 3:20:18 ET
Table 'Aldhafera' 2-max Seat #2 is the button
Seat 1: kaputnikoff ($225.34 in chips)
Seat 2: Kosova1968 ($73 in chips)
Kosova1968: posts small blind $1
kaputnikoff: posts big blind $3
*** HOLE CARDS ***
Kosova1968: calls $2
kaputnikoff: checks
*** FLOP *** [9c 3h 2c]
kaputnikoff: checks
Kosova1968: bets $3
kaputnikoff: calls $3
*** TURN *** [9c 3h 2c] [Js]
kaputnikoff: checks
Kosova1968: bets $6
kaputnikoff: calls $6
*** RIVER *** [9c 3h 2c Js] [9s]
kaputnikoff: checks
Kosova1968: bets $6
kaputnikoff: calls $6
*** SHOW DOWN ***
Kosova1968: shows [9h Qc] (three of a kind, Nines)
kaputnikoff: mucks hand
Kosova1968 collected $35.50 from pot
*** SUMMARY ***
Total pot $36 | Rake $0.50
Board [9c 3h 2c Js 9s]
Seat 1: kaputnikoff (big blind) mucked
Seat 2: Kosova1968 (button) (small blind) showed [9h Qc] and won ($35.50) with three of a kind, Nines


PokerStars Hand #144300529575:  Hold'em Limit ($3/$6 USD) - 2015/11/24 3:21:11 ET
Table 'Aldhafera' 2-max Seat #1 is the button
Seat 1: kaputnikoff ($207.34 in chips)
Seat 2: Kosova1968 ($90.50 in chips)
kaputnikoff: posts small blind $1
Kosova1968: posts big blind $3
*** HOLE CARDS ***
kaputnikoff: raises $3 to $6
Kosova1968: calls $3
*** FLOP *** [Tc Jd As]
Kosova1968: checks
kaputnikoff: bets $3
Kosova1968: raises $3 to $6
kaputnikoff: calls $3
*** TURN *** [Tc Jd As] [2d]
Kosova1968: bets $6
kaputnikoff: folds
Uncalled bet ($6) returned to Kosova1968
Kosova1968 collected $23.52 from pot
*** SUMMARY ***
Total pot $24 | Rake $0.48
Board [Tc Jd As 2d]
Seat 1: kaputnikoff (button) (small blind) folded on the Turn
Seat 2: Kosova1968 (big blind) collected ($23.52)


PokerStars Hand #144300537102:  Hold'em Limit ($3/$6 USD) - 2015/11/24 3:21:37 ET
Table 'Aldhafera' 2-max Seat #2 is the button
Seat 1: kaputnikoff ($195.34 in chips)
Seat 2: Kosova1968 ($102.02 in chips)
Kosova1968: posts small blind $1
kaputnikoff: posts big blind $3
*** HOLE CARDS ***
Kosova1968: raises $3 to $6
kaputnikoff: raises $3 to $9
Kosova1968: calls $3
*** FLOP *** [3s 6h 9h]
kaputnikoff: bets $3
Kosova1968: raises $3 to $6
kaputnikoff: calls $3
*** TURN *** [3s 6h 9h] [Ac]
kaputnikoff: bets $6
Kosova1968: calls $6
*** RIVER *** [3s 6h 9h Ac] [8c]
kaputnikoff: bets $6
Kosova1968: calls $6
*** SHOW DOWN ***
kaputnikoff: shows [As Qs] (a pair of Aces)
Kosova1968: mucks hand
kaputnikoff collected $53.50 from pot
*** SUMMARY ***
Total pot $54 | Rake $0.50
Board [3s 6h 9h Ac 8c]
Seat 1: kaputnikoff (big blind) showed [As Qs] and won ($53.50) with a pair of Aces
Seat 2: Kosova1968 (button) (small blind) mucked


PokerStars Hand #144300556509:  Hold'em Limit ($3/$6 USD) - 2015/11/24 3:22:44 ET
Table 'Aldhafera' 2-max Seat #2 is the button
Seat 1: kaputnikoff ($203.84 in chips)
Seat 2: Kosova1968 ($92.52 in chips)
Kosova1968: posts small blind $1
kaputnikoff: posts big blind $3
*** HOLE CARDS ***
Kosova1968: raises $3 to $6
kaputnikoff: calls $3
*** FLOP *** [7c 2d 7d]
kaputnikoff: checks
Kosova1968: bets $3
kaputnikoff: folds
Uncalled bet ($3) returned to Kosova1968
Kosova1968 collected $11.76 from pot
*** SUMMARY ***
Total pot $12 | Rake $0.24
Board [7c 2d 7d]
Seat 1: kaputnikoff (big blind) folded on the Flop
Seat 2: Kosova1968 (button) (small blind) collected ($11.76)


PokerStars Hand #144300574090:  Hold'em Limit ($3/$6 USD) - 2015/11/24 3:23:45 ET
Table 'Aldhafera' 2-max Seat #2 is the button
Seat 1: kaputnikoff ($179.84 in chips)
Seat 2: Kosova1968 ($115.78 in chips)
Kosova1968: posts small blind $1
kaputnikoff: posts big blind $3
*** HOLE CARDS ***
Kosova1968: raises $3 to $6
kaputnikoff: calls $3
*** FLOP *** [5d 5h Tc]
kaputnikoff: checks
Kosova1968: checks
*** TURN *** [5d 5h Tc] [7d]
kaputnikoff: bets $6
Kosova1968: calls $6
*** RIVER *** [5d 5h Tc 7d] [6s]
kaputnikoff: bets $6
Kosova1968: calls $6
*** SHOW DOWN ***
kaputnikoff: shows [3c 5s] (three of a kind, Fives)
Kosova1968: mucks hand
kaputnikoff collected $35.50 from pot
*** SUMMARY ***
Total pot $36 | Rake $0.50
Board [5d 5h Tc 7d 6s]
Seat 1: kaputnikoff (big blind) showed [3c 5s] and won ($35.50) with three of a kind, Fives
Seat 2: Kosova1968 (button) (small blind) mucked


PokerStars Hand #144300581582:  Hold'em Limit ($3/$6 USD) - 2015/11/24 3:24:10 ET
Table 'Aldhafera' 2-max Seat #1 is the button
Seat 1: kaputnikoff ($197.34 in chips)
Seat 2: Kosova1968 ($97.78 in chips)
kaputnikoff: posts small blind $1
Kosova1968: posts big blind $3
*** HOLE CARDS ***
kaputnikoff: raises $3 to $6
Kosova1968: calls $3
*** FLOP *** [6h Ks 8s]
Kosova1968: checks
kaputnikoff: checks
*** TURN *** [6h Ks 8s] [9c]
Kosova1968: bets $6
kaputnikoff: calls $6
*** RIVER *** [6h Ks 8s 9c] [6s]
Kosova1968: bets $6
kaputnikoff: calls $6
*** SHOW DOWN ***
Kosova1968: shows [9h Kh] (two pair, Kings and Nines)
kaputnikoff: mucks hand
Kosova1968 collected $35.50 from pot
*** SUMMARY ***
Total pot $36 | Rake $0.50
Board [6h Ks 8s 9c 6s]
Seat 1: kaputnikoff (button) (small blind) mucked
Seat 2: Kosova1968 (big blind) showed [9h Kh] and won ($35.50) with two pair, Kings and Nines


PokerStars Hand #144300604616:  Hold'em Limit ($3/$6 USD) - 2015/11/24 3:25:28 ET
Table 'Aldhafera' 2-max Seat #1 is the button
Seat 1: kaputnikoff ($155.34 in chips)
Seat 2: Kosova1968 ($138.78 in chips)
kaputnikoff: posts small blind $1
Kosova1968: posts big blind $3
*** HOLE CARDS ***
kaputnikoff: raises $3 to $6
Kosova1968: raises $3 to $9
kaputnikoff: calls $3
*** FLOP *** [3s 6c 7h]
Kosova1968: bets $3
kaputnikoff: calls $3
*** TURN *** [3s 6c 7h] [9c]
Kosova1968: checks
kaputnikoff: checks
*** RIVER *** [3s 6c 7h 9c] [2h]
Kosova1968: bets $6
kaputnikoff: folds
Uncalled bet ($6) returned to Kosova1968
Kosova1968 collected $23.52 from pot
*** SUMMARY ***
Total pot $24 | Rake $0.48
Board [3s 6c 7h 9c 2h]
Seat 1: kaputnikoff (button) (small blind) folded on the River
Seat 2: Kosova1968 (big blind) collected ($23.52)


PokerStars Hand #144300590798:  Hold'em Limit ($3/$6 USD) - 2015/11/24 3:24:41 ET
Table 'Aldhafera' 2-max Seat #2 is the button
Seat 1: kaputnikoff ($179.34 in chips)
Seat 2: Kosova1968 ($115.28 in chips)
Kosova1968: posts small blind $1
kaputnikoff: posts big blind $3
*** HOLE CARDS ***
Kosova1968: raises $3 to $6
kaputnikoff: raises $3 to $9
Kosova1968: calls $3
*** FLOP *** [Qh 3h 9c]
kaputnikoff: bets $3
Kosova1968: calls $3
*** TURN *** [Qh 3h 9c] [5c]
kaputnikoff: checks
Kosova1968: bets $6
kaputnikoff: calls $6
*** RIVER *** [Qh 3h 9c 5c] [Qs]
kaputnikoff: checks
Kosova1968: bets $6
kaputnikoff: calls $6
*** SHOW DOWN ***
Kosova1968: shows [4h 4c] (two pair, Queens and Fours)
kaputnikoff: mucks hand
Kosova1968 collected $47.50 from pot
*** SUMMARY ***
Total pot $48 | Rake $0.50
Board [Qh 3h 9c 5c Qs]
Seat 1: kaputnikoff (big blind) mucked
Seat 2: Kosova1968 (button) (small blind) showed [4h 4c] and won ($47.50) with two pair, Queens and Fours


PokerStars Hand #144300625058:  Hold'em Limit ($3/$6 USD) - 2015/11/24 3:26:37 ET
Table 'Aldhafera' 2-max Seat #1 is the button
Seat 1: kaputnikoff ($128.34 in chips)
Seat 2: Kosova1968 ($164.80 in chips)
kaputnikoff: posts small blind $1
Kosova1968: posts big blind $3
*** HOLE CARDS ***
kaputnikoff: folds
Uncalled bet ($2) returned to Kosova1968
Kosova1968 collected $2 from pot
*** SUMMARY ***
Total pot $2 | Rake $0
Seat 1: kaputnikoff (button) (small blind) folded before Flop
Seat 2: Kosova1968 (big blind) collected ($2)


PokerStars Hand #144300613326:  Hold'em Limit ($3/$6 USD) - 2015/11/24 3:25:57 ET
Table 'Aldhafera' 2-max Seat #2 is the button
Seat 1: kaputnikoff ($143.34 in chips)
Seat 2: Kosova1968 ($150.30 in chips)
Kosova1968: posts small blind $1
kaputnikoff: posts big blind $3
*** HOLE CARDS ***
Kosova1968: raises $3 to $6
kaputnikoff: calls $3
*** FLOP *** [5c 2c 7h]
kaputnikoff: checks
Kosova1968: bets $3
kaputnikoff: calls $3
*** TURN *** [5c 2c 7h] [4c]
kaputnikoff: checks
Kosova1968: bets $6
kaputnikoff: calls $6
*** RIVER *** [5c 2c 7h 4c] [9s]
kaputnikoff: checks
Kosova1968: bets $6
kaputnikoff: folds
Uncalled bet ($6) returned to Kosova1968
Kosova1968 collected $29.50 from pot
*** SUMMARY ***
Total pot $30 | Rake $0.50
Board [5c 2c 7h 4c 9s]
Seat 1: kaputnikoff (big blind) folded on the River
Seat 2: Kosova1968 (button) (small blind) collected ($29.50)


PokerStars Hand #144300626860:  Hold'em Limit ($3/$6 USD) - 2015/11/24 3:26:42 ET
Table 'Aldhafera' 2-max Seat #2 is the button
Seat 1: kaputnikoff ($127.34 in chips)
Seat 2: Kosova1968 ($165.80 in chips)
Kosova1968: posts small blind $1
kaputnikoff: posts big blind $3
*** HOLE CARDS ***
Kosova1968: raises $3 to $6
kaputnikoff: calls $3
*** FLOP *** [3h 8c 9h]
kaputnikoff: checks
Kosova1968: bets $3
kaputnikoff: calls $3
*** TURN *** [3h 8c 9h] [4s]
kaputnikoff: checks
Kosova1968: bets $6
kaputnikoff: folds
Uncalled bet ($6) returned to Kosova1968
Kosova1968 collected $17.64 from pot
*** SUMMARY ***
Total pot $18 | Rake $0.36
Board [3h 8c 9h 4s]
Seat 1: kaputnikoff (big blind) folded on the Turn
Seat 2: Kosova1968 (button) (small blind) collected ($17.64)


PokerStars Hand #144300655135:  Hold'em Limit ($3/$6 USD) - 2015/11/24 3:28:18 ET
Table 'Aldhafera' 2-max Seat #1 is the button
Seat 1: kaputnikoff ($82.34 in chips)
Seat 2: Kosova1968 ($209.58 in chips)
kaputnikoff: posts small blind $1
Kosova1968: posts big blind $3
*** HOLE CARDS ***
kaputnikoff: folds
Uncalled bet ($2) returned to Kosova1968
Kosova1968 collected $2 from pot
*** SUMMARY ***
Total pot $2 | Rake $0
Seat 1: kaputnikoff (button) (small blind) folded before Flop
Seat 2: Kosova1968 (big blind) collected ($2)


PokerStars Hand #144300644022:  Hold'em Limit ($3/$6 USD) - 2015/11/24 3:27:40 ET
Table 'Aldhafera' 2-max Seat #2 is the button
Seat 1: kaputnikoff ($109.34 in chips)
Seat 2: Kosova1968 ($183.08 in chips)
Kosova1968: posts small blind $1
kaputnikoff: posts big blind $3
*** HOLE CARDS ***
Kosova1968: raises $3 to $6
kaputnikoff: raises $3 to $9
Kosova1968: calls $3
*** FLOP *** [4s 8d 6s]
kaputnikoff: bets $3
Kosova1968: raises $3 to $6
kaputnikoff: calls $3
*** TURN *** [4s 8d 6s] [Qd]
kaputnikoff: checks
Kosova1968: bets $6
kaputnikoff: calls $6
*** RIVER *** [4s 8d 6s Qd] [6d]
kaputnikoff: checks
Kosova1968: bets $6
kaputnikoff: calls $6
*** SHOW DOWN ***
Kosova1968: shows [8h 2d] (two pair, Eights and Sixes)
kaputnikoff: mucks hand
Kosova1968 collected $53.50 from pot
*** SUMMARY ***
Total pot $54 | Rake $0.50
Board [4s 8d 6s Qd 6d]
Seat 1: kaputnikoff (big blind) mucked
Seat 2: Kosova1968 (button) (small blind) showed [8h 2d] and won ($53.50) with two pair, Eights and Sixes


PokerStars Hand #144300657037:  Hold'em Limit ($3/$6 USD) - 2015/11/24 3:28:24 ET
Table 'Aldhafera' 2-max Seat #2 is the button
Seat 1: kaputnikoff ($81.34 in chips)
Seat 2: Kosova1968 ($210.58 in chips)
Kosova1968: posts small blind $1
kaputnikoff: posts big blind $3
*** HOLE CARDS ***
Kosova1968: calls $2
kaputnikoff: checks
*** FLOP *** [9c Jc 5h]
kaputnikoff: checks
Kosova1968: bets $3
kaputnikoff: calls $3
*** TURN *** [9c Jc 5h] [9d]
kaputnikoff: checks
Kosova1968: checks
*** RIVER *** [9c Jc 5h 9d] [Ks]
kaputnikoff: bets $6
Kosova1968: calls $6
*** SHOW DOWN ***
kaputnikoff: shows [3s Kc] (two pair, Kings and Nines)
Kosova1968: mucks hand
kaputnikoff collected $23.52 from pot
*** SUMMARY ***
Total pot $24 | Rake $0.48
Board [9c Jc 5h 9d Ks]
Seat 1: kaputnikoff (big blind) showed [3s Kc] and won ($23.52) with two pair, Kings and Nines
Seat 2: Kosova1968 (button) (small blind) mucked


PokerStars Hand #144300664670:  Hold'em Limit ($3/$6 USD) - 2015/11/24 3:28:49 ET
Table 'Aldhafera' 2-max Seat #1 is the button
Seat 1: kaputnikoff ($92.86 in chips)
Seat 2: Kosova1968 ($198.58 in chips)
kaputnikoff: posts small blind $1
Kosova1968: posts big blind $3
*** HOLE CARDS ***
kaputnikoff: raises $3 to $6
Kosova1968: calls $3
*** FLOP *** [Ts 2s 7c]
Kosova1968: checks
kaputnikoff: checks
*** TURN *** [Ts 2s 7c] [As]
Kosova1968: bets $6
kaputnikoff: calls $6
*** RIVER *** [Ts 2s 7c As] [9s]
Kosova1968: bets $6
kaputnikoff: calls $6
*** SHOW DOWN ***
Kosova1968: shows [9c Td] (two pair, Tens and Nines)
kaputnikoff: mucks hand
Kosova1968 collected $35.50 from pot
*** SUMMARY ***
Total pot $36 | Rake $0.50
Board [Ts 2s 7c As 9s]
Seat 1: kaputnikoff (button) (small blind) mucked
Seat 2: Kosova1968 (big blind) showed [9c Td] and won ($35.50) with two pair, Tens and Nines


