PokerStars Hand #152568803716:  Hold'em Limit ($3/$6 USD) - 2016/04/28 13:04:48 ET
Table 'Alekto III' 6-max Seat #1 is the button
Seat 1: Zubasa07 ($499.76 in chips)
Seat 3: Thijsje1200 ($29.76 in chips)
Zubasa07: posts small blind $1
Thijsje1200: posts big blind $3
*** HOLE CARDS ***
Zubasa07: raises $3 to $6
Thijsje1200: raises $3 to $9
Zubasa07: calls $3
*** FLOP *** [9s 9h Ad]
Thijsje1200: bets $3
Zubasa07: calls $3
*** TURN *** [9s 9h Ad] [Jh]
Thijsje1200: bets $6
Zubasa07: calls $6
*** RIVER *** [9s 9h Ad Jh] [5s]
Thijsje1200: bets $6
Zubasa07: calls $6
*** SHOW DOWN ***
Thijsje1200: shows [Kd Ks] (two pair, Kings and Nines)
Zubasa07: shows [5d As] (two pair, Aces and Nines)
Zubasa07 collected $47.50 from pot
*** SUMMARY ***
Total pot $48 | Rake $0.50
Board [9s 9h Ad Jh 5s]
Seat 1: Zubasa07 (button) (small blind) showed [5d As] and won ($47.50) with two pair, Aces and Nines
Seat 3: Thijsje1200 (big blind) showed [Kd Ks] and lost with two pair, Kings and Nines


PokerStars Hand #152568799900:  Hold'em Limit ($3/$6 USD) - 2016/04/28 13:04:44 ET
Table 'Alekto III' 6-max Seat #3 is the button
Seat 1: Zubasa07 ($498.76 in chips)
Seat 3: Thijsje1200 ($30.76 in chips)
Thijsje1200: posts small blind $1
Zubasa07: posts big blind $3
*** HOLE CARDS ***
Thijsje1200: folds
Uncalled bet ($2) returned to Zubasa07
Zubasa07 collected $2 from pot
Zubasa07: doesn't show hand
*** SUMMARY ***
Total pot $2 | Rake $0
Seat 1: Zubasa07 (big blind) collected ($2)
Seat 3: Thijsje1200 (button) (small blind) folded before Flop


PokerStars Hand #152568787534:  Hold'em Limit ($3/$6 USD) - 2016/04/28 13:04:28 ET
Table 'Alekto III' 6-max Seat #1 is the button
Seat 1: Zubasa07 ($493 in chips)
Seat 3: Thijsje1200 ($36.76 in chips)
Zubasa07: posts small blind $1
Thijsje1200: posts big blind $3
*** HOLE CARDS ***
Zubasa07: raises $3 to $6
Thijsje1200: calls $3
*** FLOP *** [As Td 8d]
Thijsje1200: checks
Zubasa07: bets $3
Thijsje1200: folds
Uncalled bet ($3) returned to Zubasa07
Zubasa07 collected $11.76 from pot
Zubasa07: doesn't show hand
*** SUMMARY ***
Total pot $12 | Rake $0.24
Board [As Td 8d]
Seat 1: Zubasa07 (button) (small blind) collected ($11.76)
Seat 3: Thijsje1200 (big blind) folded on the Flop


