PokerStars Hand #150844069369:  Hold'em Limit ($3/$6 USD) - 2016/03/24 7:10:24 ET
Table 'Alekto' 6-max Seat #2 is the button
Seat 2: 19woody58 ($120 in chips)
Seat 3: Ale4o ($120 in chips)
19woody58: posts small blind $1
Ale4o: posts big blind $3
*** HOLE CARDS ***
19woody58: raises $3 to $6
B_loJkl joins the table at seat #4
Ale4o: calls $3
*** FLOP *** [3h 2c Ah]
Ale4o: checks
BábaPapa joins the table at seat #1
19woody58 is disconnected
19woody58 has timed out while disconnected
19woody58: checks
*** TURN *** [3h 2c Ah] [9h]
Ale4o: bets $6
aceduffy5 joins the table at seat #6
19woody58 is connected
19woody58: calls $6
*** RIVER *** [3h 2c Ah 9h] [8s]
Ale4o: checks
19woody58: checks
*** SHOW DOWN ***
Ale4o: shows [7c 6c] (high card Ace)
19woody58: shows [Kc 9d] (a pair of Nines)
19woody58 collected $23.52 from pot
*** SUMMARY ***
Total pot $24 | Rake $0.48
Board [3h 2c Ah 9h 8s]
Seat 2: 19woody58 (button) (small blind) showed [Kc 9d] and won ($23.52) with a pair of Nines
Seat 3: Ale4o (big blind) showed [7c 6c] and lost with high card Ace


PokerStars Hand #150849637877:  Hold'em Limit ($3/$6 USD) - 2016/03/24 9:56:31 ET
Table 'Alekto' 6-max Seat #3 is the button
Seat 2: hors111 ($93.35 in chips)
Seat 3: anetkaapro ($88.92 in chips)
anetkaapro: posts small blind $1
TbIP-TbIP 88: is sitting out
B_loJkl: is sitting out
hors111: posts big blind $3
*** HOLE CARDS ***
anetkaapro: raises $3 to $6
hors111: raises $3 to $9
anetkaapro: calls $3
*** FLOP *** [9c 7s 4h]
hors111: bets $3
B_loJkl leaves the table
anetkaapro: calls $3
*** TURN *** [9c 7s 4h] [9s]
hors111: bets $6
anetkaapro: folds
Uncalled bet ($6) returned to hors111
hors111 collected $23.52 from pot
*** SUMMARY ***
Total pot $24 | Rake $0.48
Board [9c 7s 4h 9s]
Seat 2: hors111 (big blind) collected ($23.52)
Seat 3: anetkaapro (button) (small blind) folded on the Turn


PokerStars Hand #150849650030:  Hold'em Limit ($3/$6 USD) - 2016/03/24 9:56:53 ET
Table 'Alekto' 6-max Seat #2 is the button
Seat 2: hors111 ($104.87 in chips)
Seat 3: anetkaapro ($76.92 in chips)
hors111: posts small blind $1
anetkaapro: posts big blind $3
*** HOLE CARDS ***
hors111: folds
Uncalled bet ($2) returned to anetkaapro
anetkaapro collected $2 from pot
anetkaapro: doesn't show hand
*** SUMMARY ***
Total pot $2 | Rake $0
Seat 2: hors111 (button) (small blind) folded before Flop
Seat 3: anetkaapro (big blind) collected ($2)


PokerStars Hand #150849659324:  Hold'em Limit ($3/$6 USD) - 2016/03/24 9:57:10 ET
Table 'Alekto' 6-max Seat #3 is the button
Seat 2: hors111 ($103.87 in chips)
Seat 3: anetkaapro ($77.92 in chips)
anetkaapro: posts small blind $1
hors111: posts big blind $3
*** HOLE CARDS ***
anetkaapro: raises $3 to $6
hors111: calls $3
*** FLOP *** [3s 6s 8h]
hors111: checks
anetkaapro: bets $3
hors111: raises $3 to $6
anetkaapro: calls $3
*** TURN *** [3s 6s 8h] [3h]
hors111: bets $6
anetkaapro: calls $6
*** RIVER *** [3s 6s 8h 3h] [Js]
hors111: bets $6
anetkaapro: raises $6 to $12
hors111: folds [6h]
Uncalled bet ($6) returned to anetkaapro
anetkaapro collected $47.50 from pot
anetkaapro: doesn't show hand
*** SUMMARY ***
Total pot $48 | Rake $0.50
Board [3s 6s 8h 3h Js]
Seat 2: hors111 (big blind) folded on the River
Seat 3: anetkaapro (button) (small blind) collected ($47.50)


PokerStars Hand #150849695380:  Hold'em Limit ($3/$6 USD) - 2016/03/24 9:58:17 ET
Table 'Alekto' 6-max Seat #3 is the button
Seat 2: hors111 ($55.87 in chips)
Seat 3: anetkaapro ($124.92 in chips)
anetkaapro: posts small blind $1
hors111: posts big blind $3
*** HOLE CARDS ***
anetkaapro: raises $3 to $6
B_loJkl joins the table at seat #4
hors111: folds
Uncalled bet ($3) returned to anetkaapro
anetkaapro collected $6 from pot
anetkaapro: doesn't show hand
*** SUMMARY ***
Total pot $6 | Rake $0
Seat 2: hors111 (big blind) folded before Flop
Seat 3: anetkaapro (button) (small blind) collected ($6)


PokerStars Hand #150849686773:  Hold'em Limit ($3/$6 USD) - 2016/03/24 9:58:01 ET
Table 'Alekto' 6-max Seat #2 is the button
Seat 2: hors111 ($79.87 in chips)
Seat 3: anetkaapro ($101.42 in chips)
hors111: posts small blind $1
anetkaapro: posts big blind $3
*** HOLE CARDS ***
hors111: raises $3 to $6
anetkaapro: calls $3
*** FLOP *** [7s 4s 3c]
anetkaapro: checks
hors111: checks
*** TURN *** [7s 4s 3c] [Jh]
anetkaapro: bets $6
hors111: raises $6 to $12
anetkaapro: calls $6
*** RIVER *** [7s 4s 3c Jh] [6h]
anetkaapro: checks
hors111: bets $6
anetkaapro: calls $6
*** SHOW DOWN ***
hors111: shows [2h 8h] (high card Jack)
anetkaapro: shows [7d Th] (a pair of Sevens)
anetkaapro collected $47.50 from pot
*** SUMMARY ***
Total pot $48 | Rake $0.50
Board [7s 4s 3c Jh 6h]
Seat 2: hors111 (button) (small blind) showed [2h 8h] and lost with high card Jack
Seat 3: anetkaapro (big blind) showed [7d Th] and won ($47.50) with a pair of Sevens


PokerStars Hand #150849698310:  Hold'em Limit ($3/$6 USD) - 2016/03/24 9:58:22 ET
Table 'Alekto' 6-max Seat #2 is the button
Seat 2: hors111 ($52.87 in chips)
Seat 3: anetkaapro ($127.92 in chips)
hors111: posts small blind $1
anetkaapro: posts big blind $3
*** HOLE CARDS ***
TbIP-TbIP 88 leaves the table
hors111: raises $3 to $6
anetkaapro: calls $3
*** FLOP *** [Qc 7s 5d]
anetkaapro: checks
hors111: bets $3
anetkaapro: folds
Uncalled bet ($3) returned to hors111
hors111 collected $11.76 from pot
*** SUMMARY ***
Total pot $12 | Rake $0.24
Board [Qc 7s 5d]
Seat 2: hors111 (button) (small blind) collected ($11.76)
Seat 3: anetkaapro (big blind) folded on the Flop


PokerStars Hand #150849767579:  Hold'em Limit ($3/$6 USD) - 2016/03/24 10:00:27 ET
Table 'Alekto' 6-max Seat #2 is the button
Seat 2: hors111 ($60.55 in chips)
Seat 4: B_loJkl ($147.07 in chips)
hors111: posts small blind $1
anetkaapro: is sitting out
B_loJkl: posts big blind $3
*** HOLE CARDS ***
hors111: raises $3 to $6
B_loJkl: calls $3
*** FLOP *** [Qc 7c Qs]
B_loJkl: checks
hors111: bets $3
B_loJkl: folds
Uncalled bet ($3) returned to hors111
hors111 collected $11.76 from pot
*** SUMMARY ***
Total pot $12 | Rake $0.24
Board [Qc 7c Qs]
Seat 2: hors111 (button) (small blind) collected ($11.76)
Seat 4: B_loJkl (big blind) folded on the Flop


PokerStars Hand #150849814103:  Hold'em Limit ($3/$6 USD) - 2016/03/24 10:01:46 ET
Table 'Alekto' 6-max Seat #2 is the button
Seat 2: hors111 ($80.81 in chips)
Seat 4: B_loJkl ($126.07 in chips)
hors111: posts small blind $1
B_loJkl: posts big blind $3
*** HOLE CARDS ***
hors111: folds
Uncalled bet ($2) returned to B_loJkl
B_loJkl collected $2 from pot
B_loJkl: doesn't show hand
*** SUMMARY ***
Total pot $2 | Rake $0
Seat 2: hors111 (button) (small blind) folded before Flop
Seat 4: B_loJkl (big blind) collected ($2)


PokerStars Hand #150849785834:  Hold'em Limit ($3/$6 USD) - 2016/03/24 10:00:59 ET
Table 'Alekto' 6-max Seat #4 is the button
Seat 2: hors111 ($66.31 in chips)
Seat 4: B_loJkl ($141.07 in chips)
B_loJkl: posts small blind $1
hors111: posts big blind $3
*** HOLE CARDS ***
B_loJkl: raises $3 to $6
hors111: calls $3
*** FLOP *** [6s 5s Jh]
hors111: checks
B_loJkl: bets $3
hors111: calls $3
*** TURN *** [6s 5s Jh] [5d]
hors111: checks
B_loJkl: bets $6
hors111: raises $6 to $12
B_loJkl: folds
Uncalled bet ($6) returned to hors111
hors111 collected $29.50 from pot
*** SUMMARY ***
Total pot $30 | Rake $0.50
Board [6s 5s Jh 5d]
Seat 2: hors111 (big blind) collected ($29.50)
Seat 4: B_loJkl (button) (small blind) folded on the Turn


PokerStars Hand #150849845252:  Hold'em Limit ($3/$6 USD) - 2016/03/24 10:02:36 ET
Table 'Alekto' 6-max Seat #2 is the button
Seat 2: hors111 ($91.33 in chips)
Seat 4: B_loJkl ($115.07 in chips)
hors111: posts small blind $1
B_loJkl: posts big blind $3
*** HOLE CARDS ***
hors111: folds
Uncalled bet ($2) returned to B_loJkl
B_loJkl collected $2 from pot
B_loJkl: doesn't show hand
*** SUMMARY ***
Total pot $2 | Rake $0
Seat 2: hors111 (button) (small blind) folded before Flop
Seat 4: B_loJkl (big blind) collected ($2)


PokerStars Hand #150849826248:  Hold'em Limit ($3/$6 USD) - 2016/03/24 10:02:06 ET
Table 'Alekto' 6-max Seat #4 is the button
Seat 2: hors111 ($79.81 in chips)
Seat 4: B_loJkl ($127.07 in chips)
B_loJkl: posts small blind $1
hors111: posts big blind $3
*** HOLE CARDS ***
B_loJkl: raises $3 to $6
hors111: raises $3 to $9
B_loJkl: calls $3
*** FLOP *** [8d Tc 2s]
hors111: bets $3
B_loJkl: calls $3
*** TURN *** [8d Tc 2s] [9c]
hors111: checks
B_loJkl: checks
*** RIVER *** [8d Tc 2s 9c] [3c]
hors111: bets $6
B_loJkl: folds
Uncalled bet ($6) returned to hors111
hors111 collected $23.52 from pot
*** SUMMARY ***
Total pot $24 | Rake $0.48
Board [8d Tc 2s 9c 3c]
Seat 2: hors111 (big blind) collected ($23.52)
Seat 4: B_loJkl (button) (small blind) folded on the River


PokerStars Hand #150849849159:  Hold'em Limit ($3/$6 USD) - 2016/03/24 10:02:42 ET
Table 'Alekto' 6-max Seat #4 is the button
Seat 2: hors111 ($90.33 in chips)
Seat 4: B_loJkl ($116.07 in chips)
B_loJkl: posts small blind $1
hors111: posts big blind $3
*** HOLE CARDS ***
B_loJkl: raises $3 to $6
hors111: folds
Uncalled bet ($3) returned to B_loJkl
B_loJkl collected $6 from pot
B_loJkl: doesn't show hand
*** SUMMARY ***
Total pot $6 | Rake $0
Seat 2: hors111 (big blind) folded before Flop
Seat 4: B_loJkl (button) (small blind) collected ($6)


PokerStars Hand #150849817292:  Hold'em Limit ($3/$6 USD) - 2016/03/24 10:01:51 ET
Table 'Alekto' 6-max Seat #4 is the button
Seat 2: hors111 ($79.81 in chips)
Seat 4: B_loJkl ($127.07 in chips)
B_loJkl: posts small blind $1
hors111: posts big blind $3
*** HOLE CARDS ***
B_loJkl: raises $3 to $6
hors111: folds
Uncalled bet ($3) returned to B_loJkl
B_loJkl collected $6 from pot
B_loJkl: doesn't show hand
*** SUMMARY ***
Total pot $6 | Rake $0
Seat 2: hors111 (big blind) folded before Flop
Seat 4: B_loJkl (button) (small blind) collected ($6)


PokerStars Hand #150849821454:  Hold'em Limit ($3/$6 USD) - 2016/03/24 10:01:58 ET
Table 'Alekto' 6-max Seat #2 is the button
Seat 2: hors111 ($76.81 in chips)
Seat 4: B_loJkl ($130.07 in chips)
hors111: posts small blind $1
B_loJkl: posts big blind $3
*** HOLE CARDS ***
hors111: raises $3 to $6
B_loJkl: folds
Uncalled bet ($3) returned to hors111
hors111 collected $6 from pot
hors111: shows [Kc As] (high card Ace)
*** SUMMARY ***
Total pot $6 | Rake $0
Seat 2: hors111 (button) (small blind) collected ($6)
Seat 4: B_loJkl (big blind) folded before Flop


PokerStars Hand #150849855378:  Hold'em Limit ($3/$6 USD) - 2016/03/24 10:02:51 ET
Table 'Alekto' 6-max Seat #2 is the button
Seat 2: hors111 ($87.33 in chips)
Seat 4: B_loJkl ($119.07 in chips)
hors111: posts small blind $1
B_loJkl: posts big blind $3
*** HOLE CARDS ***
hors111: raises $3 to $6
B_loJkl: calls $3
*** FLOP *** [9h Ac Tc]
B_loJkl: checks
hors111: bets $3
B_loJkl: calls $3
*** TURN *** [9h Ac Tc] [4h]
B_loJkl: checks
hors111: bets $6
B_loJkl: calls $6
*** RIVER *** [9h Ac Tc 4h] [9d]
B_loJkl: checks
hors111: bets $6
B_loJkl: calls $6
*** SHOW DOWN ***
hors111: shows [8h Qc] (a pair of Nines)
B_loJkl: shows [Ad 5s] (two pair, Aces and Nines)
B_loJkl collected $41.50 from pot
*** SUMMARY ***
Total pot $42 | Rake $0.50
Board [9h Ac Tc 4h 9d]
Seat 2: hors111 (button) (small blind) showed [8h Qc] and lost with a pair of Nines
Seat 4: B_loJkl (big blind) showed [Ad 5s] and won ($41.50) with two pair, Aces and Nines


