PokerStars Hand #166841600889:  Hold'em Limit ($3/$6 USD) - 2017/02/27 4:51:55 ET
Table 'Alemannia' 6-max Seat #1 is the button
Seat 1: linuxhunter ($201 in chips)
Seat 2: kolaz03 ($72 in chips)
linuxhunter: posts small blind $1
kolaz03: posts big blind $3
*** HOLE CARDS ***
linuxhunter: folds
Uncalled bet ($2) returned to kolaz03
kolaz03 collected $2 from pot
kolaz03: doesn't show hand
*** SUMMARY ***
Total pot $2 | Rake $0
Seat 1: linuxhunter (button) (small blind) folded before Flop
Seat 2: kolaz03 (big blind) collected ($2)


PokerStars Hand #166841594909:  Hold'em Limit ($3/$6 USD) - 2017/02/27 4:51:39 ET
Table 'Alemannia' 6-max Seat #2 is the button
Seat 1: linuxhunter ($200 in chips)
Seat 2: kolaz03 ($72 in chips)
kolaz03: posts small blind $1
AzureCaper: is sitting out
AzureCaper leaves the table
linuxhunter: posts big blind $3
*** HOLE CARDS ***
kolaz03: folds
Uncalled bet ($2) returned to linuxhunter
linuxhunter collected $2 from pot
linuxhunter: doesn't show hand
*** SUMMARY ***
Total pot $2 | Rake $0
Seat 1: linuxhunter (big blind) collected ($2)
Seat 2: kolaz03 (button) (small blind) folded before Flop


PokerStars Hand #166841624509:  Hold'em Limit ($3/$6 USD) - 2017/02/27 4:52:59 ET
Table 'Alemannia' 6-max Seat #1 is the button
Seat 1: linuxhunter ($217.26 in chips)
Seat 2: kolaz03 ($72 in chips)
linuxhunter: posts small blind $1
kolaz03: posts big blind $3
*** HOLE CARDS ***
linuxhunter: folds
Uncalled bet ($2) returned to kolaz03
kolaz03 collected $2 from pot
kolaz03: doesn't show hand
*** SUMMARY ***
Total pot $2 | Rake $0
Seat 1: linuxhunter (button) (small blind) folded before Flop
Seat 2: kolaz03 (big blind) collected ($2)


PokerStars Hand #166841612457:  Hold'em Limit ($3/$6 USD) - 2017/02/27 4:52:26 ET
Table 'Alemannia' 6-max Seat #2 is the button
Seat 1: linuxhunter ($199.76 in chips)
Seat 2: kolaz03 ($72.76 in chips)
kolaz03: posts small blind $1
linuxhunter: posts big blind $3
*** HOLE CARDS ***
kolaz03: raises $3 to $6
linuxhunter: calls $3
*** FLOP *** [4d 9c Jd]
linuxhunter: checks
kolaz03: bets $3
linuxhunter: raises $3 to $6
kolaz03: calls $3
*** TURN *** [4d 9c Jd] [Td]
linuxhunter: bets $6
kolaz03: calls $6
*** RIVER *** [4d 9c Jd Td] [8h]
linuxhunter: bets $6
kolaz03: folds
Uncalled bet ($6) returned to linuxhunter
linuxhunter collected $35.50 from pot
linuxhunter: doesn't show hand
*** SUMMARY ***
Total pot $36 | Rake $0.50
Board [4d 9c Jd Td 8h]
Seat 1: linuxhunter (big blind) collected ($35.50)
Seat 2: kolaz03 (button) (small blind) folded on the River


PokerStars Hand #166841606873:  Hold'em Limit ($3/$6 USD) - 2017/02/27 4:52:11 ET
Table 'Alemannia' 6-max Seat #1 is the button
Seat 1: linuxhunter ($194 in chips)
Seat 2: kolaz03 ($78.76 in chips)
linuxhunter: posts small blind $1
kolaz03: posts big blind $3
*** HOLE CARDS ***
linuxhunter: raises $3 to $6
kolaz03: calls $3
*** FLOP *** [7c Kh 3h]
kolaz03: checks
linuxhunter: bets $3
kolaz03: folds
Uncalled bet ($3) returned to linuxhunter
linuxhunter collected $11.76 from pot
linuxhunter: doesn't show hand
*** SUMMARY ***
Total pot $12 | Rake $0.24
Board [7c Kh 3h]
Seat 1: linuxhunter (button) (small blind) collected ($11.76)
Seat 2: kolaz03 (big blind) folded on the Flop


PokerStars Hand #166841602680:  Hold'em Limit ($3/$6 USD) - 2017/02/27 4:52:00 ET
Table 'Alemannia' 6-max Seat #2 is the button
Seat 1: linuxhunter ($200 in chips)
Seat 2: kolaz03 ($73 in chips)
kolaz03: posts small blind $1
linuxhunter: posts big blind $3
*** HOLE CARDS ***
kolaz03: raises $3 to $6
linuxhunter: calls $3
*** FLOP *** [2c Qs 6d]
linuxhunter: checks
kolaz03: bets $3
linuxhunter: folds
Uncalled bet ($3) returned to kolaz03
kolaz03 collected $11.76 from pot
kolaz03: doesn't show hand
*** SUMMARY ***
Total pot $12 | Rake $0.24
Board [2c Qs 6d]
Seat 1: linuxhunter (big blind) folded on the Flop
Seat 2: kolaz03 (button) (small blind) collected ($11.76)


PokerStars Hand #166841643564:  Hold'em Limit ($3/$6 USD) - 2017/02/27 4:53:50 ET
Table 'Alemannia' 6-max Seat #2 is the button
Seat 1: linuxhunter ($220.26 in chips)
Seat 2: kolaz03 ($72 in chips)
kolaz03: posts small blind $1
linuxhunter: posts big blind $3
*** HOLE CARDS ***
kolaz03: raises $3 to $6
linuxhunter: calls $3
*** FLOP *** [Kh 5s 6h]
linuxhunter: checks
kolaz03: bets $3
linuxhunter: folds
Uncalled bet ($3) returned to kolaz03
kolaz03 collected $11.76 from pot
kolaz03: doesn't show hand
*** SUMMARY ***
Total pot $12 | Rake $0.24
Board [Kh 5s 6h]
Seat 1: linuxhunter (big blind) folded on the Flop
Seat 2: kolaz03 (button) (small blind) collected ($11.76)


PokerStars Hand #166841640665:  Hold'em Limit ($3/$6 USD) - 2017/02/27 4:53:42 ET
Table 'Alemannia' 6-max Seat #1 is the button
Seat 1: linuxhunter ($217.26 in chips)
Seat 2: kolaz03 ($72 in chips)
linuxhunter: posts small blind $1
kolaz03: posts big blind $3
*** HOLE CARDS ***
linuxhunter: raises $3 to $6
kolaz03: folds
Uncalled bet ($3) returned to linuxhunter
linuxhunter collected $6 from pot
linuxhunter: doesn't show hand
*** SUMMARY ***
Total pot $6 | Rake $0
Seat 1: linuxhunter (button) (small blind) collected ($6)
Seat 2: kolaz03 (big blind) folded before Flop


PokerStars Hand #166841638364:  Hold'em Limit ($3/$6 USD) - 2017/02/27 4:53:36 ET
Table 'Alemannia' 6-max Seat #2 is the button
Seat 1: linuxhunter ($216.26 in chips)
Seat 2: kolaz03 ($73 in chips)
kolaz03: posts small blind $1
linuxhunter: posts big blind $3
*** HOLE CARDS ***
kolaz03: folds
Uncalled bet ($2) returned to linuxhunter
linuxhunter collected $2 from pot
linuxhunter: doesn't show hand
*** SUMMARY ***
Total pot $2 | Rake $0
Seat 1: linuxhunter (big blind) collected ($2)
Seat 2: kolaz03 (button) (small blind) folded before Flop


PokerStars Hand #166841635795:  Hold'em Limit ($3/$6 USD) - 2017/02/27 4:53:29 ET
Table 'Alemannia' 6-max Seat #1 is the button
Seat 1: linuxhunter ($217.26 in chips)
Seat 2: kolaz03 ($72 in chips)
linuxhunter: posts small blind $1
kolaz03: posts big blind $3
*** HOLE CARDS ***
linuxhunter: folds
Uncalled bet ($2) returned to kolaz03
kolaz03 collected $2 from pot
kolaz03: doesn't show hand
*** SUMMARY ***
Total pot $2 | Rake $0
Seat 1: linuxhunter (button) (small blind) folded before Flop
Seat 2: kolaz03 (big blind) collected ($2)


PokerStars Hand #166841630773:  Hold'em Limit ($3/$6 USD) - 2017/02/27 4:53:16 ET
Table 'Alemannia' 6-max Seat #2 is the button
Seat 1: linuxhunter ($216.26 in chips)
Seat 2: kolaz03 ($73 in chips)
kolaz03: posts small blind $1
linuxhunter: posts big blind $3
*** HOLE CARDS ***
kolaz03: folds
Uncalled bet ($2) returned to linuxhunter
linuxhunter collected $2 from pot
linuxhunter: doesn't show hand
*** SUMMARY ***
Total pot $2 | Rake $0
Seat 1: linuxhunter (big blind) collected ($2)
Seat 2: kolaz03 (button) (small blind) folded before Flop


PokerStars Hand #166841628899:  Hold'em Limit ($3/$6 USD) - 2017/02/27 4:53:11 ET
Table 'Alemannia' 6-max Seat #1 is the button
Seat 1: linuxhunter ($217.26 in chips)
Seat 2: kolaz03 ($72 in chips)
linuxhunter: posts small blind $1
kolaz03: posts big blind $3
*** HOLE CARDS ***
linuxhunter: folds
Uncalled bet ($2) returned to kolaz03
kolaz03 collected $2 from pot
kolaz03: doesn't show hand
*** SUMMARY ***
Total pot $2 | Rake $0
Seat 1: linuxhunter (button) (small blind) folded before Flop
Seat 2: kolaz03 (big blind) collected ($2)


PokerStars Hand #166841626275:  Hold'em Limit ($3/$6 USD) - 2017/02/27 4:53:04 ET
Table 'Alemannia' 6-max Seat #2 is the button
Seat 1: linuxhunter ($216.26 in chips)
Seat 2: kolaz03 ($73 in chips)
kolaz03: posts small blind $1
linuxhunter: posts big blind $3
*** HOLE CARDS ***
kolaz03: folds
Uncalled bet ($2) returned to linuxhunter
linuxhunter collected $2 from pot
linuxhunter: doesn't show hand
*** SUMMARY ***
Total pot $2 | Rake $0
Seat 1: linuxhunter (big blind) collected ($2)
Seat 2: kolaz03 (button) (small blind) folded before Flop


PokerStars Hand #166841649139:  Hold'em Limit ($3/$6 USD) - 2017/02/27 4:54:05 ET
Table 'Alemannia' 6-max Seat #1 is the button
Seat 1: linuxhunter ($214.26 in chips)
Seat 2: kolaz03 ($77.76 in chips)
linuxhunter: posts small blind $1
kolaz03: posts big blind $3
*** HOLE CARDS ***
linuxhunter: raises $3 to $6
kolaz03: calls $3
*** FLOP *** [Kd Jh Js]
kolaz03: checks
linuxhunter: bets $3
kolaz03: raises $3 to $6
linuxhunter: calls $3
*** TURN *** [Kd Jh Js] [8d]
kolaz03: bets $6
linuxhunter: calls $6
*** RIVER *** [Kd Jh Js 8d] [9h]
kolaz03: bets $6
linuxhunter: raises $6 to $12
kolaz03: folds
Uncalled bet ($6) returned to linuxhunter
linuxhunter collected $47.50 from pot
linuxhunter: doesn't show hand
*** SUMMARY ***
Total pot $48 | Rake $0.50
Board [Kd Jh Js 8d 9h]
Seat 1: linuxhunter (button) (small blind) collected ($47.50)
Seat 2: kolaz03 (big blind) folded on the River


PokerStars Hand #166841675863:  Hold'em Limit ($3/$6 USD) - 2017/02/27 4:55:17 ET
Table 'Alemannia' 6-max Seat #1 is the button
Seat 1: linuxhunter ($246.40 in chips)
Seat 2: kolaz03 ($72 in chips)
linuxhunter: posts small blind $1
kolaz03: posts big blind $3
*** HOLE CARDS ***
linuxhunter: calls $2
kolaz03: checks
*** FLOP *** [3d 4h Ah]
kolaz03: checks
linuxhunter: checks
*** TURN *** [3d 4h Ah] [Ad]
kolaz03: bets $6
linuxhunter: folds
Uncalled bet ($6) returned to kolaz03
kolaz03 collected $5.88 from pot
kolaz03: doesn't show hand
*** SUMMARY ***
Total pot $6 | Rake $0.12
Board [3d 4h Ah Ad]
Seat 1: linuxhunter (button) (small blind) folded on the Turn
Seat 2: kolaz03 (big blind) collected ($5.88)


PokerStars Hand #166841666381:  Hold'em Limit ($3/$6 USD) - 2017/02/27 4:54:51 ET
Table 'Alemannia' 6-max Seat #2 is the button
Seat 1: linuxhunter ($237.76 in chips)
Seat 2: kolaz03 ($72 in chips)
kolaz03: posts small blind $1
linuxhunter: posts big blind $3
*** HOLE CARDS ***
kolaz03: raises $3 to $6
linuxhunter: calls $3
*** FLOP *** [2d 9h Tc]
linuxhunter: bets $3
kolaz03: calls $3
*** TURN *** [2d 9h Tc] [Kc]
linuxhunter: checks
kolaz03: checks
*** RIVER *** [2d 9h Tc Kc] [6c]
linuxhunter: checks
kolaz03: checks
*** SHOW DOWN ***
linuxhunter: shows [Ac 8d] (high card Ace)
kolaz03: mucks hand
linuxhunter collected $17.64 from pot
*** SUMMARY ***
Total pot $18 | Rake $0.36
Board [2d 9h Tc Kc 6c]
Seat 1: linuxhunter (big blind) showed [Ac 8d] and won ($17.64) with high card Ace
Seat 2: kolaz03 (button) (small blind) mucked


PokerStars Hand #166841703222:  Hold'em Limit ($3/$6 USD) - 2017/02/27 4:56:38 ET
Table 'Alemannia' 6-max Seat #2 is the button
Seat 1: linuxhunter ($209.16 in chips)
Seat 2: kolaz03 ($108.02 in chips)
kolaz03: posts small blind $1
linuxhunter: posts big blind $3
*** HOLE CARDS ***
kolaz03: raises $3 to $6
linuxhunter: calls $3
*** FLOP *** [Td 3h 3s]
linuxhunter: bets $3
kolaz03: calls $3
*** TURN *** [Td 3h 3s] [8c]
linuxhunter: checks
kolaz03: bets $6
linuxhunter: calls $6
*** RIVER *** [Td 3h 3s 8c] [6d]
linuxhunter: checks
kolaz03: bets $6
linuxhunter: folds
Uncalled bet ($6) returned to kolaz03
kolaz03 collected $29.50 from pot
kolaz03: doesn't show hand
*** SUMMARY ***
Total pot $30 | Rake $0.50
Board [Td 3h 3s 8c 6d]
Seat 1: linuxhunter (big blind) folded on the River
Seat 2: kolaz03 (button) (small blind) collected ($29.50)


PokerStars Hand #166841701505:  Hold'em Limit ($3/$6 USD) - 2017/02/27 4:56:33 ET
Table 'Alemannia' 6-max Seat #1 is the button
Seat 1: linuxhunter ($210.16 in chips)
Seat 2: kolaz03 ($107.02 in chips)
linuxhunter: posts small blind $1
kolaz03: posts big blind $3
*** HOLE CARDS ***
linuxhunter: folds
Uncalled bet ($2) returned to kolaz03
kolaz03 collected $2 from pot
kolaz03: doesn't show hand
*** SUMMARY ***
Total pot $2 | Rake $0
Seat 1: linuxhunter (button) (small blind) folded before Flop
Seat 2: kolaz03 (big blind) collected ($2)


PokerStars Hand #166841698022:  Hold'em Limit ($3/$6 USD) - 2017/02/27 4:56:23 ET
Table 'Alemannia' 6-max Seat #2 is the button
Seat 1: linuxhunter ($204.40 in chips)
Seat 2: kolaz03 ($113.02 in chips)
kolaz03: posts small blind $1
linuxhunter: posts big blind $3
*** HOLE CARDS ***
kolaz03: raises $3 to $6
linuxhunter: calls $3
*** FLOP *** [Qc 7d 5s]
linuxhunter: bets $3
kolaz03: folds
Uncalled bet ($3) returned to linuxhunter
linuxhunter collected $11.76 from pot
linuxhunter: doesn't show hand
*** SUMMARY ***
Total pot $12 | Rake $0.24
Board [Qc 7d 5s]
Seat 1: linuxhunter (big blind) collected ($11.76)
Seat 2: kolaz03 (button) (small blind) folded on the Flop


PokerStars Hand #166841693387:  Hold'em Limit ($3/$6 USD) - 2017/02/27 4:56:09 ET
Table 'Alemannia' 6-max Seat #1 is the button
Seat 1: linuxhunter ($213.40 in chips)
Seat 2: kolaz03 ($104.38 in chips)
linuxhunter: posts small blind $1
kolaz03: posts big blind $3
*** HOLE CARDS ***
linuxhunter: raises $3 to $6
kolaz03: raises $3 to $9
linuxhunter: calls $3
*** FLOP *** [Td 6s 6d]
kolaz03: bets $3
linuxhunter: folds
Uncalled bet ($3) returned to kolaz03
kolaz03 collected $17.64 from pot
kolaz03: doesn't show hand
*** SUMMARY ***
Total pot $18 | Rake $0.36
Board [Td 6s 6d]
Seat 1: linuxhunter (button) (small blind) folded on the Flop
Seat 2: kolaz03 (big blind) collected ($17.64)


PokerStars Hand #166841685216:  Hold'em Limit ($3/$6 USD) - 2017/02/27 4:55:45 ET
Table 'Alemannia' 6-max Seat #2 is the button
Seat 1: linuxhunter ($243.40 in chips)
Seat 2: kolaz03 ($74.88 in chips)
kolaz03: posts small blind $1
linuxhunter: posts big blind $3
*** HOLE CARDS ***
kolaz03: raises $3 to $6
linuxhunter: raises $3 to $9
kolaz03: calls $3
*** FLOP *** [3d 7d Jd]
linuxhunter: bets $3
kolaz03: calls $3
*** TURN *** [3d 7d Jd] [Th]
linuxhunter: bets $6
kolaz03: raises $6 to $12
linuxhunter: calls $6
*** RIVER *** [3d 7d Jd Th] [Jc]
linuxhunter: checks
kolaz03: bets $6
linuxhunter: calls $6
*** SHOW DOWN ***
kolaz03: shows [8c 9d] (a straight, Seven to Jack)
linuxhunter: mucks hand
kolaz03 collected $59.50 from pot
*** SUMMARY ***
Total pot $60 | Rake $0.50
Board [3d 7d Jd Th Jc]
Seat 1: linuxhunter (big blind) mucked
Seat 2: kolaz03 (button) (small blind) showed [8c 9d] and won ($59.50) with a straight, Seven to Jack


PokerStars Hand #166841729838:  Hold'em Limit ($3/$6 USD) - 2017/02/27 4:57:55 ET
Table 'Alemannia' 6-max Seat #1 is the button
Seat 1: linuxhunter ($143.16 in chips)
Seat 2: kolaz03 ($172.06 in chips)
linuxhunter: posts small blind $1
kolaz03: posts big blind $3
*** HOLE CARDS ***
linuxhunter: raises $3 to $6
kolaz03: calls $3
*** FLOP *** [8d 5s Ad]
kolaz03: checks
linuxhunter: bets $3
kolaz03: folds
Uncalled bet ($3) returned to linuxhunter
linuxhunter collected $11.76 from pot
linuxhunter: doesn't show hand
*** SUMMARY ***
Total pot $12 | Rake $0.24
Board [8d 5s Ad]
Seat 1: linuxhunter (button) (small blind) collected ($11.76)
Seat 2: kolaz03 (big blind) folded on the Flop


PokerStars Hand #166841725819:  Hold'em Limit ($3/$6 USD) - 2017/02/27 4:57:43 ET
Table 'Alemannia' 6-max Seat #2 is the button
Seat 1: linuxhunter ($149.16 in chips)
Seat 2: kolaz03 ($166.30 in chips)
kolaz03: posts small blind $1
linuxhunter: posts big blind $3
*** HOLE CARDS ***
kolaz03: raises $3 to $6
linuxhunter: calls $3
*** FLOP *** [Th 5h Qh]
linuxhunter: checks
kolaz03: bets $3
linuxhunter: folds
Uncalled bet ($3) returned to kolaz03
kolaz03 collected $11.76 from pot
kolaz03: doesn't show hand
*** SUMMARY ***
Total pot $12 | Rake $0.24
Board [Th 5h Qh]
Seat 1: linuxhunter (big blind) folded on the Flop
Seat 2: kolaz03 (button) (small blind) collected ($11.76)


PokerStars Hand #166841721025:  Hold'em Limit ($3/$6 USD) - 2017/02/27 4:57:29 ET
Table 'Alemannia' 6-max Seat #1 is the button
Seat 1: linuxhunter ($155.16 in chips)
Seat 2: kolaz03 ($160.54 in chips)
linuxhunter: posts small blind $1
kolaz03: posts big blind $3
*** HOLE CARDS ***
linuxhunter: raises $3 to $6
kolaz03: calls $3
*** FLOP *** [4d 9s 5d]
kolaz03: checks
linuxhunter: checks
*** TURN *** [4d 9s 5d] [Jd]
kolaz03: bets $6
linuxhunter: folds
Uncalled bet ($6) returned to kolaz03
kolaz03 collected $11.76 from pot
kolaz03: doesn't show hand
*** SUMMARY ***
Total pot $12 | Rake $0.24
Board [4d 9s 5d Jd]
Seat 1: linuxhunter (button) (small blind) folded on the Turn
Seat 2: kolaz03 (big blind) collected ($11.76)


PokerStars Hand #166841714504:  Hold'em Limit ($3/$6 USD) - 2017/02/27 4:57:10 ET
Table 'Alemannia' 6-max Seat #2 is the button
Seat 1: linuxhunter ($182.16 in chips)
Seat 2: kolaz03 ($134.04 in chips)
kolaz03: posts small blind $1
linuxhunter: posts big blind $3
*** HOLE CARDS ***
kolaz03: raises $3 to $6
linuxhunter: calls $3
*** FLOP *** [As 7h 8c]
linuxhunter: bets $3
kolaz03: calls $3
*** TURN *** [As 7h 8c] [9s]
linuxhunter: bets $6
kolaz03: raises $6 to $12
linuxhunter: calls $6
*** RIVER *** [As 7h 8c 9s] [Jd]
linuxhunter: checks
kolaz03: bets $6
linuxhunter: calls $6
*** SHOW DOWN ***
kolaz03: shows [7d Ac] (two pair, Aces and Sevens)
linuxhunter: mucks hand
kolaz03 collected $53.50 from pot
*** SUMMARY ***
Total pot $54 | Rake $0.50
Board [As 7h 8c 9s Jd]
Seat 1: linuxhunter (big blind) mucked
Seat 2: kolaz03 (button) (small blind) showed [7d Ac] and won ($53.50) with two pair, Aces and Sevens


PokerStars Hand #166841709912:  Hold'em Limit ($3/$6 USD) - 2017/02/27 4:56:57 ET
Table 'Alemannia' 6-max Seat #1 is the button
Seat 1: linuxhunter ($194.16 in chips)
Seat 2: kolaz03 ($122.52 in chips)
linuxhunter: posts small blind $1
kolaz03: posts big blind $3
*** HOLE CARDS ***
linuxhunter: raises $3 to $6
kolaz03: raises $3 to $9
linuxhunter: calls $3
*** FLOP *** [7s Ks 7d]
kolaz03: bets $3
linuxhunter: calls $3
*** TURN *** [7s Ks 7d] [5h]
kolaz03: bets $6
linuxhunter: folds
Uncalled bet ($6) returned to kolaz03
kolaz03 collected $23.52 from pot
kolaz03: doesn't show hand
*** SUMMARY ***
Total pot $24 | Rake $0.48
Board [7s Ks 7d 5h]
Seat 1: linuxhunter (button) (small blind) folded on the Turn
Seat 2: kolaz03 (big blind) collected ($23.52)


PokerStars Hand #166841752178:  Hold'em Limit ($3/$6 USD) - 2017/02/27 4:59:00 ET
Table 'Alemannia' 6-max Seat #2 is the button
Seat 1: linuxhunter ($193.42 in chips)
Seat 2: kolaz03 ($180.56 in chips)
kolaz03: posts small blind $1
linuxhunter: posts big blind $3
*** HOLE CARDS ***
kolaz03: folds
Uncalled bet ($2) returned to linuxhunter
linuxhunter collected $2 from pot
linuxhunter: doesn't show hand
*** SUMMARY ***
Total pot $2 | Rake $0
Seat 1: linuxhunter (big blind) collected ($2)
Seat 2: kolaz03 (button) (small blind) folded before Flop


PokerStars Hand #166841740282:  Hold'em Limit ($3/$6 USD) - 2017/02/27 4:58:25 ET
Table 'Alemannia' 6-max Seat #1 is the button
Seat 1: linuxhunter ($223.42 in chips)
Seat 2: kolaz03 ($151.06 in chips)
linuxhunter: posts small blind $1
kolaz03: posts big blind $3
*** HOLE CARDS ***
linuxhunter: raises $3 to $6
kolaz03: raises $3 to $9
linuxhunter: calls $3
*** FLOP *** [9c 3c 8c]
kolaz03: bets $3
linuxhunter: raises $3 to $6
kolaz03: raises $3 to $9
linuxhunter: calls $3
*** TURN *** [9c 3c 8c] [4s]
kolaz03: bets $6
linuxhunter: calls $6
*** RIVER *** [9c 3c 8c 4s] [Qd]
kolaz03: bets $6
linuxhunter: calls $6
*** SHOW DOWN ***
kolaz03: shows [4h 9h] (two pair, Nines and Fours)
linuxhunter: mucks hand
kolaz03 collected $59.50 from pot
*** SUMMARY ***
Total pot $60 | Rake $0.50
Board [9c 3c 8c 4s Qd]
Seat 1: linuxhunter (button) (small blind) mucked
Seat 2: kolaz03 (big blind) showed [4h 9h] and won ($59.50) with two pair, Nines and Fours


PokerStars Hand #166841733677:  Hold'em Limit ($3/$6 USD) - 2017/02/27 4:58:06 ET
Table 'Alemannia' 6-max Seat #2 is the button
Seat 1: linuxhunter ($208.92 in chips)
Seat 2: kolaz03 ($166.06 in chips)
kolaz03: posts small blind $1
linuxhunter: posts big blind $3
*** HOLE CARDS ***
kolaz03: raises $3 to $6
linuxhunter: calls $3
*** FLOP *** [4h 6d Td]
linuxhunter: bets $3
kolaz03: calls $3
*** TURN *** [4h 6d Td] [Ad]
linuxhunter: bets $6
kolaz03: calls $6
*** RIVER *** [4h 6d Td Ad] [9h]
linuxhunter: checks
kolaz03: checks
*** SHOW DOWN ***
linuxhunter: shows [4s 2d] (a pair of Fours)
kolaz03: mucks hand
linuxhunter collected $29.50 from pot
*** SUMMARY ***
Total pot $30 | Rake $0.50
Board [4h 6d Td Ad 9h]
Seat 1: linuxhunter (big blind) showed [4s 2d] and won ($29.50) with a pair of Fours
Seat 2: kolaz03 (button) (small blind) mucked


PokerStars Hand #166841765043:  Hold'em Limit ($3/$6 USD) - 2017/02/27 4:59:37 ET
Table 'Alemannia' 6-max Seat #2 is the button
Seat 1: linuxhunter ($180.42 in chips)
Seat 2: kolaz03 ($193.06 in chips)
kolaz03: posts small blind $1
linuxhunter: posts big blind $3
*** HOLE CARDS ***
kolaz03: raises $3 to $6
linuxhunter: calls $3
*** FLOP *** [8c 3h 9c]
linuxhunter: bets $3
kolaz03: raises $3 to $6
linuxhunter: calls $3
*** TURN *** [8c 3h 9c] [5d]
linuxhunter: checks
kolaz03: bets $6
linuxhunter: calls $6
*** RIVER *** [8c 3h 9c 5d] [5h]
linuxhunter: checks
kolaz03: bets $6
linuxhunter: calls $6
*** SHOW DOWN ***
kolaz03: shows [5s 5c] (four of a kind, Fives)
linuxhunter: mucks hand
kolaz03 collected $47.50 from pot
*** SUMMARY ***
Total pot $48 | Rake $0.50
Board [8c 3h 9c 5d 5h]
Seat 1: linuxhunter (big blind) mucked
Seat 2: kolaz03 (button) (small blind) showed [5s 5c] and won ($47.50) with four of a kind, Fives


PokerStars Hand #166841761749:  Hold'em Limit ($3/$6 USD) - 2017/02/27 4:59:27 ET
Table 'Alemannia' 6-max Seat #1 is the button
Seat 1: linuxhunter ($177.42 in chips)
Seat 2: kolaz03 ($196.06 in chips)
linuxhunter: posts small blind $1
kolaz03: posts big blind $3
*** HOLE CARDS ***
linuxhunter: raises $3 to $6
kolaz03: folds
Uncalled bet ($3) returned to linuxhunter
linuxhunter collected $6 from pot
linuxhunter: doesn't show hand
*** SUMMARY ***
Total pot $6 | Rake $0
Seat 1: linuxhunter (button) (small blind) collected ($6)
Seat 2: kolaz03 (big blind) folded before Flop


PokerStars Hand #166841760246:  Hold'em Limit ($3/$6 USD) - 2017/02/27 4:59:23 ET
Table 'Alemannia' 6-max Seat #2 is the button
Seat 1: linuxhunter ($176.42 in chips)
Seat 2: kolaz03 ($197.06 in chips)
kolaz03: posts small blind $1
linuxhunter: posts big blind $3
*** HOLE CARDS ***
kolaz03: folds
Uncalled bet ($2) returned to linuxhunter
linuxhunter collected $2 from pot
linuxhunter: doesn't show hand
*** SUMMARY ***
Total pot $2 | Rake $0
Seat 1: linuxhunter (big blind) collected ($2)
Seat 2: kolaz03 (button) (small blind) folded before Flop


PokerStars Hand #166841753658:  Hold'em Limit ($3/$6 USD) - 2017/02/27 4:59:04 ET
Table 'Alemannia' 6-max Seat #1 is the button
Seat 1: linuxhunter ($194.42 in chips)
Seat 2: kolaz03 ($179.56 in chips)
linuxhunter: posts small blind $1
kolaz03: posts big blind $3
*** HOLE CARDS ***
linuxhunter: raises $3 to $6
kolaz03: raises $3 to $9
linuxhunter: calls $3
*** FLOP *** [6c 3s 9h]
kolaz03: bets $3
linuxhunter: calls $3
*** TURN *** [6c 3s 9h] [7h]
kolaz03: checks
linuxhunter: checks
*** RIVER *** [6c 3s 9h 7h] [7c]
kolaz03: checks
linuxhunter: bets $6
kolaz03: calls $6
*** SHOW DOWN ***
linuxhunter: shows [Th Qd] (a pair of Sevens)
kolaz03: shows [Js Qc] (a pair of Sevens - Queen+Jack kicker)
kolaz03 collected $35.50 from pot
*** SUMMARY ***
Total pot $36 | Rake $0.50
Board [6c 3s 9h 7h 7c]
Seat 1: linuxhunter (button) (small blind) showed [Th Qd] and lost with a pair of Sevens
Seat 2: kolaz03 (big blind) showed [Js Qc] and won ($35.50) with a pair of Sevens


PokerStars Hand #166841789004:  Hold'em Limit ($3/$6 USD) - 2017/02/27 5:00:44 ET
Table 'Alemannia' 6-max Seat #2 is the button
Seat 1: linuxhunter ($132.42 in chips)
Seat 2: kolaz03 ($240.06 in chips)
kolaz03: posts small blind $1
linuxhunter: posts big blind $3
*** HOLE CARDS ***
kolaz03: raises $3 to $6
linuxhunter said, "so sick"
linuxhunter: calls $3
*** FLOP *** [Qd 5c 5s]
kolaz03 said, "agree"
linuxhunter: checks
kolaz03: bets $3
linuxhunter: folds
Uncalled bet ($3) returned to kolaz03
kolaz03 collected $11.76 from pot
kolaz03: doesn't show hand
*** SUMMARY ***
Total pot $12 | Rake $0.24
Board [Qd 5c 5s]
Seat 1: linuxhunter (big blind) folded on the Flop
Seat 2: kolaz03 (button) (small blind) collected ($11.76)


PokerStars Hand #166841772371:  Hold'em Limit ($3/$6 USD) - 2017/02/27 4:59:57 ET
Table 'Alemannia' 6-max Seat #1 is the button
Seat 1: linuxhunter ($156.42 in chips)
Seat 2: kolaz03 ($216.56 in chips)
linuxhunter: posts small blind $1
kolaz03: posts big blind $3
*** HOLE CARDS ***
linuxhunter: raises $3 to $6
kolaz03: calls $3
*** FLOP *** [Ks 6c 3h]
kolaz03: checks
linuxhunter: bets $3
kolaz03: raises $3 to $6
linuxhunter: calls $3
*** TURN *** [Ks 6c 3h] [Kd]
kolaz03: bets $6
linuxhunter: calls $6
*** RIVER *** [Ks 6c 3h Kd] [9s]
kolaz03: bets $6
linuxhunter: calls $6
*** SHOW DOWN ***
kolaz03: shows [9h Td] (two pair, Kings and Nines)
linuxhunter: mucks hand
kolaz03 collected $47.50 from pot
*** SUMMARY ***
Total pot $48 | Rake $0.50
Board [Ks 6c 3h Kd 9s]
Seat 1: linuxhunter (button) (small blind) mucked
Seat 2: kolaz03 (big blind) showed [9h Td] and won ($47.50) with two pair, Kings and Nines


PokerStars Hand #166841811855:  Hold'em Limit ($3/$6 USD) - 2017/02/27 5:01:45 ET
Table 'Alemannia' 6-max Seat #1 is the button
Seat 1: linuxhunter ($184.17 in chips)
Seat 2: kolaz03 ($223.82 in chips)
linuxhunter: posts small blind $1
kolaz03: posts big blind $3
*** HOLE CARDS ***
linuxhunter: raises $3 to $6
kolaz03: calls $3
*** FLOP *** [Ah 7c 5d]
kolaz03: checks
linuxhunter: bets $3
kolaz03: calls $3
*** TURN *** [Ah 7c 5d] [Qh]
kolaz03: checks
linuxhunter: bets $6
kolaz03: calls $6
*** RIVER *** [Ah 7c 5d Qh] [2h]
kolaz03: checks
linuxhunter: checks
*** SHOW DOWN ***
kolaz03: shows [As 3d] (a pair of Aces)
linuxhunter: mucks hand
kolaz03 collected $29.50 from pot
*** SUMMARY ***
Total pot $30 | Rake $0.50
Board [Ah 7c 5d Qh 2h]
Seat 1: linuxhunter (button) (small blind) mucked
Seat 2: kolaz03 (big blind) showed [As 3d] and won ($29.50) with a pair of Aces


PokerStars Hand #166841805269:  Hold'em Limit ($3/$6 USD) - 2017/02/27 5:01:28 ET
Table 'Alemannia' 6-max Seat #2 is the button
Seat 1: linuxhunter ($172.65 in chips)
Seat 2: kolaz03 ($235.82 in chips)
kolaz03: posts small blind $1
linuxhunter: posts big blind $3
*** HOLE CARDS ***
kolaz03: raises $3 to $6
linuxhunter: raises $3 to $9
kolaz03: calls $3
*** FLOP *** [Kd 8s Qd]
linuxhunter: bets $3
kolaz03: calls $3
*** TURN *** [Kd 8s Qd] [Ac]
linuxhunter: bets $6
kolaz03: folds
Uncalled bet ($6) returned to linuxhunter
linuxhunter collected $23.52 from pot
linuxhunter: doesn't show hand
*** SUMMARY ***
Total pot $24 | Rake $0.48
Board [Kd 8s Qd Ac]
Seat 1: linuxhunter (big blind) collected ($23.52)
Seat 2: kolaz03 (button) (small blind) folded on the Turn


PokerStars Hand #166841801434:  Hold'em Limit ($3/$6 USD) - 2017/02/27 5:01:17 ET
Table 'Alemannia' 6-max Seat #1 is the button
Seat 1: linuxhunter ($166.89 in chips)
Seat 2: kolaz03 ($241.82 in chips)
linuxhunter: posts small blind $1
kolaz03: posts big blind $3
*** HOLE CARDS ***
linuxhunter: raises $3 to $6
kolaz03: calls $3
*** FLOP *** [8d Qc Qd]
kolaz03: checks
linuxhunter: bets $3
kolaz03: folds
Uncalled bet ($3) returned to linuxhunter
linuxhunter collected $11.76 from pot
linuxhunter: doesn't show hand
*** SUMMARY ***
Total pot $12 | Rake $0.24
Board [8d Qc Qd]
Seat 1: linuxhunter (button) (small blind) collected ($11.76)
Seat 2: kolaz03 (big blind) folded on the Flop


PokerStars Hand #166841799410:  Hold'em Limit ($3/$6 USD) - 2017/02/27 5:01:12 ET
Table 'Alemannia' 6-max Seat #2 is the button
Seat 1: linuxhunter ($165.89 in chips)
Seat 2: kolaz03 ($242.82 in chips)
kolaz03: posts small blind $1
kolaz03 said, "ty"
linuxhunter: posts big blind $3
*** HOLE CARDS ***
kolaz03: folds
Uncalled bet ($2) returned to linuxhunter
linuxhunter collected $2 from pot
linuxhunter: doesn't show hand
*** SUMMARY ***
Total pot $2 | Rake $0
Seat 1: linuxhunter (big blind) collected ($2)
Seat 2: kolaz03 (button) (small blind) folded before Flop


PokerStars Hand #166841795029:  Hold'em Limit ($3/$6 USD) - 2017/02/27 5:01:00 ET
Table 'Alemannia' 6-max Seat #1 is the button
Seat 1: linuxhunter ($126.42 in chips)
Seat 2: kolaz03 ($245.82 in chips)
linuxhunter: posts small blind $1
kolaz03: posts big blind $3
linuxhunter said, "idiot"
*** HOLE CARDS ***
linuxhunter: raises $3 to $6
kolaz03: folds
Uncalled bet ($3) returned to linuxhunter
linuxhunter collected $6 from pot
linuxhunter: doesn't show hand
*** SUMMARY ***
Total pot $6 | Rake $0
Seat 1: linuxhunter (button) (small blind) collected ($6)
Seat 2: kolaz03 (big blind) folded before Flop


PokerStars Hand #166841834600:  Hold'em Limit ($3/$6 USD) - 2017/02/27 5:02:44 ET
Table 'Alemannia' 6-max Seat #1 is the button
Seat 1: linuxhunter ($170.81 in chips)
Seat 2: kolaz03 ($236.08 in chips)
linuxhunter: posts small blind $1
kolaz03: posts big blind $3
*** HOLE CARDS ***
linuxhunter: raises $3 to $6
kolaz03: folds
Uncalled bet ($3) returned to linuxhunter
linuxhunter collected $6 from pot
linuxhunter: doesn't show hand
*** SUMMARY ***
Total pot $6 | Rake $0
Seat 1: linuxhunter (button) (small blind) collected ($6)
Seat 2: kolaz03 (big blind) folded before Flop


PokerStars Hand #166841828900:  Hold'em Limit ($3/$6 USD) - 2017/02/27 5:02:29 ET
Table 'Alemannia' 6-max Seat #2 is the button
Seat 1: linuxhunter ($162.17 in chips)
Seat 2: kolaz03 ($245.08 in chips)
kolaz03: posts small blind $1
linuxhunter: posts big blind $3
*** HOLE CARDS ***
kolaz03: raises $3 to $6
linuxhunter: calls $3
*** FLOP *** [5d 2h 5c]
linuxhunter: bets $3
kolaz03: calls $3
*** TURN *** [5d 2h 5c] [Kc]
linuxhunter: bets $6
kolaz03: folds
Uncalled bet ($6) returned to linuxhunter
linuxhunter collected $17.64 from pot
linuxhunter: doesn't show hand
*** SUMMARY ***
Total pot $18 | Rake $0.36
Board [5d 2h 5c Kc]
Seat 1: linuxhunter (big blind) collected ($17.64)
Seat 2: kolaz03 (button) (small blind) folded on the Turn


PokerStars Hand #166841827083:  Hold'em Limit ($3/$6 USD) - 2017/02/27 5:02:24 ET
Table 'Alemannia' 6-max Seat #1 is the button
Seat 1: linuxhunter ($163.17 in chips)
Seat 2: kolaz03 ($244.08 in chips)
linuxhunter: posts small blind $1
kolaz03: posts big blind $3
*** HOLE CARDS ***
linuxhunter: folds
Uncalled bet ($2) returned to kolaz03
kolaz03 collected $2 from pot
kolaz03: doesn't show hand
*** SUMMARY ***
Total pot $2 | Rake $0
Seat 1: linuxhunter (button) (small blind) folded before Flop
Seat 2: kolaz03 (big blind) collected ($2)


PokerStars Hand #166841818496:  Hold'em Limit ($3/$6 USD) - 2017/02/27 5:02:02 ET
Table 'Alemannia' 6-max Seat #2 is the button
Seat 1: linuxhunter ($169.17 in chips)
Seat 2: kolaz03 ($238.32 in chips)
kolaz03: posts small blind $1
linuxhunter: posts big blind $3
*** HOLE CARDS ***
kolaz03: raises $3 to $6
linuxhunter: calls $3
*** FLOP *** [Kc 4h 3d]
linuxhunter: checks
kolaz03: bets $3
linuxhunter: folds
Uncalled bet ($3) returned to kolaz03
kolaz03 collected $11.76 from pot
kolaz03: doesn't show hand
*** SUMMARY ***
Total pot $12 | Rake $0.24
Board [Kc 4h 3d]
Seat 1: linuxhunter (big blind) folded on the Flop
Seat 2: kolaz03 (button) (small blind) collected ($11.76)


PokerStars Hand #166841858290:  Hold'em Limit ($3/$6 USD) - 2017/02/27 5:03:46 ET
Table 'Alemannia' 6-max Seat #1 is the button
Seat 1: linuxhunter ($206.13 in chips)
Seat 2: kolaz03 ($199.66 in chips)
linuxhunter: posts small blind $1
kolaz03: posts big blind $3
*** HOLE CARDS ***
linuxhunter: raises $3 to $6
kolaz03: raises $3 to $9
linuxhunter: raises $3 to $12
Betting is capped
kolaz03: calls $3
*** FLOP *** [7c Tc Qc]
kolaz03: checks
linuxhunter: bets $3
kolaz03: folds
Uncalled bet ($3) returned to linuxhunter
linuxhunter collected $23.52 from pot
linuxhunter: doesn't show hand
*** SUMMARY ***
Total pot $24 | Rake $0.48
Board [7c Tc Qc]
Seat 1: linuxhunter (button) (small blind) collected ($23.52)
Seat 2: kolaz03 (big blind) folded on the Flop


PokerStars Hand #166841852061:  Hold'em Limit ($3/$6 USD) - 2017/02/27 5:03:29 ET
Table 'Alemannia' 6-max Seat #2 is the button
Seat 1: linuxhunter ($212.13 in chips)
Seat 2: kolaz03 ($193.90 in chips)
kolaz03: posts small blind $1
linuxhunter: posts big blind $3
*** HOLE CARDS ***
kolaz03: raises $3 to $6
linuxhunter: calls $3
*** FLOP *** [Kd 3s Qh]
linuxhunter: checks
kolaz03: bets $3
linuxhunter: folds
Uncalled bet ($3) returned to kolaz03
kolaz03 collected $11.76 from pot
kolaz03: doesn't show hand
*** SUMMARY ***
Total pot $12 | Rake $0.24
Board [Kd 3s Qh]
Seat 1: linuxhunter (big blind) folded on the Flop
Seat 2: kolaz03 (button) (small blind) collected ($11.76)


PokerStars Hand #166841845441:  Hold'em Limit ($3/$6 USD) - 2017/02/27 5:03:12 ET
Table 'Alemannia' 6-max Seat #1 is the button
Seat 1: linuxhunter ($212.31 in chips)
Seat 2: kolaz03 ($194.08 in chips)
linuxhunter: posts small blind $1
kolaz03: posts big blind $3
*** HOLE CARDS ***
linuxhunter: raises $3 to $6
kolaz03: calls $3
*** FLOP *** [9c 8s 8d]
kolaz03: checks
linuxhunter: bets $3
kolaz03: calls $3
*** TURN *** [9c 8s 8d] [Qc]
kolaz03: checks
linuxhunter: checks
*** RIVER *** [9c 8s 8d Qc] [Js]
kolaz03: checks
linuxhunter: checks
*** SHOW DOWN ***
kolaz03: shows [Ac 6h] (a pair of Eights)
linuxhunter: shows [Ah 5s] (a pair of Eights)
kolaz03 collected $8.82 from pot
linuxhunter collected $8.82 from pot
*** SUMMARY ***
Total pot $18 | Rake $0.36
Board [9c 8s 8d Qc Js]
Seat 1: linuxhunter (button) (small blind) showed [Ah 5s] and won ($8.82) with a pair of Eights
Seat 2: kolaz03 (big blind) showed [Ac 6h] and won ($8.82) with a pair of Eights


PokerStars Hand #166841837420:  Hold'em Limit ($3/$6 USD) - 2017/02/27 5:02:51 ET
Table 'Alemannia' 6-max Seat #2 is the button
Seat 1: linuxhunter ($173.81 in chips)
Seat 2: kolaz03 ($233.08 in chips)
kolaz03: posts small blind $1
linuxhunter: posts big blind $3
*** HOLE CARDS ***
kolaz03: raises $3 to $6
linuxhunter: calls $3
*** FLOP *** [2s 5h 7h]
linuxhunter: bets $3
kolaz03: raises $3 to $6
linuxhunter: raises $3 to $9
kolaz03: calls $3
*** TURN *** [2s 5h 7h] [Jh]
linuxhunter: bets $6
kolaz03: raises $6 to $12
linuxhunter: raises $6 to $18
kolaz03: calls $6
*** RIVER *** [2s 5h 7h Jh] [Qs]
linuxhunter: bets $6
kolaz03: calls $6
*** SHOW DOWN ***
linuxhunter: shows [Th 2h] (a flush, Jack high)
kolaz03: mucks hand
linuxhunter collected $77.50 from pot
*** SUMMARY ***
Total pot $78 | Rake $0.50
Board [2s 5h 7h Jh Qs]
Seat 1: linuxhunter (big blind) showed [Th 2h] and won ($77.50) with a flush, Jack high
Seat 2: kolaz03 (button) (small blind) mucked


PokerStars Hand #166841886275:  Hold'em Limit ($3/$6 USD) - 2017/02/27 5:04:58 ET
Table 'Alemannia' 6-max Seat #1 is the button
Seat 1: linuxhunter ($169.41 in chips)
Seat 2: kolaz03 ($234.42 in chips)
linuxhunter: posts small blind $1
kolaz03: posts big blind $3
*** HOLE CARDS ***
linuxhunter: folds
Uncalled bet ($2) returned to kolaz03
kolaz03 collected $2 from pot
kolaz03: doesn't show hand
*** SUMMARY ***
Total pot $2 | Rake $0
Seat 1: linuxhunter (button) (small blind) folded before Flop
Seat 2: kolaz03 (big blind) collected ($2)


PokerStars Hand #166841880049:  Hold'em Limit ($3/$6 USD) - 2017/02/27 5:04:42 ET
Table 'Alemannia' 6-max Seat #2 is the button
Seat 1: linuxhunter ($190.41 in chips)
Seat 2: kolaz03 ($213.92 in chips)
kolaz03: posts small blind $1
linuxhunter: posts big blind $3
*** HOLE CARDS ***
kolaz03: raises $3 to $6
linuxhunter: calls $3
*** FLOP *** [7c Jc Ad]
linuxhunter: checks
kolaz03: bets $3
linuxhunter: calls $3
*** TURN *** [7c Jc Ad] [9s]
linuxhunter: checks
kolaz03: bets $6
linuxhunter: calls $6
*** RIVER *** [7c Jc Ad 9s] [5c]
linuxhunter: checks
kolaz03: bets $6
linuxhunter: calls $6
*** SHOW DOWN ***
kolaz03: shows [6s Ah] (a pair of Aces)
linuxhunter: mucks hand
kolaz03 collected $41.50 from pot
*** SUMMARY ***
Total pot $42 | Rake $0.50
Board [7c Jc Ad 9s 5c]
Seat 1: linuxhunter (big blind) mucked
Seat 2: kolaz03 (button) (small blind) showed [6s Ah] and won ($41.50) with a pair of Aces


PokerStars Hand #166841873248:  Hold'em Limit ($3/$6 USD) - 2017/02/27 5:04:24 ET
Table 'Alemannia' 6-max Seat #1 is the button
Seat 1: linuxhunter ($190.65 in chips)
Seat 2: kolaz03 ($214.16 in chips)
linuxhunter: posts small blind $1
kolaz03: posts big blind $3
*** HOLE CARDS ***
linuxhunter: raises $3 to $6
kolaz03: calls $3
*** FLOP *** [Qs 4h 6d]
kolaz03: checks
linuxhunter: checks
*** TURN *** [Qs 4h 6d] [Js]
kolaz03: checks
linuxhunter: bets $6
kolaz03: calls $6
*** RIVER *** [Qs 4h 6d Js] [3h]
kolaz03: checks
linuxhunter: checks
*** SHOW DOWN ***
kolaz03: shows [Ac 3d] (a pair of Threes)
linuxhunter: shows [3s As] (a pair of Threes)
kolaz03 collected $11.76 from pot
linuxhunter collected $11.76 from pot
*** SUMMARY ***
Total pot $24 | Rake $0.48
Board [Qs 4h 6d Js 3h]
Seat 1: linuxhunter (button) (small blind) showed [3s As] and won ($11.76) with a pair of Threes
Seat 2: kolaz03 (big blind) showed [Ac 3d] and won ($11.76) with a pair of Threes


PokerStars Hand #166841871683:  Hold'em Limit ($3/$6 USD) - 2017/02/27 5:04:20 ET
Table 'Alemannia' 6-max Seat #2 is the button
Seat 1: linuxhunter ($189.65 in chips)
Seat 2: kolaz03 ($215.16 in chips)
kolaz03: posts small blind $1
linuxhunter: posts big blind $3
*** HOLE CARDS ***
kolaz03: folds
Uncalled bet ($2) returned to linuxhunter
linuxhunter collected $2 from pot
linuxhunter: doesn't show hand
*** SUMMARY ***
Total pot $2 | Rake $0
Seat 1: linuxhunter (big blind) collected ($2)
Seat 2: kolaz03 (button) (small blind) folded before Flop


PokerStars Hand #166841869707:  Hold'em Limit ($3/$6 USD) - 2017/02/27 5:04:15 ET
Table 'Alemannia' 6-max Seat #1 is the button
Seat 1: linuxhunter ($190.65 in chips)
Seat 2: kolaz03 ($214.16 in chips)
linuxhunter: posts small blind $1
kolaz03: posts big blind $3
*** HOLE CARDS ***
linuxhunter: folds
Uncalled bet ($2) returned to kolaz03
kolaz03 collected $2 from pot
kolaz03: doesn't show hand
*** SUMMARY ***
Total pot $2 | Rake $0
Seat 1: linuxhunter (button) (small blind) folded before Flop
Seat 2: kolaz03 (big blind) collected ($2)


PokerStars Hand #166841863822:  Hold'em Limit ($3/$6 USD) - 2017/02/27 5:03:59 ET
Table 'Alemannia' 6-max Seat #2 is the button
Seat 1: linuxhunter ($217.65 in chips)
Seat 2: kolaz03 ($187.66 in chips)
kolaz03: posts small blind $1
linuxhunter: posts big blind $3
*** HOLE CARDS ***
kolaz03: raises $3 to $6
linuxhunter: calls $3
*** FLOP *** [5c Qd 4h]
linuxhunter: bets $3
kolaz03: calls $3
*** TURN *** [5c Qd 4h] [Qc]
linuxhunter: bets $6
kolaz03: calls $6
*** RIVER *** [5c Qd 4h Qc] [4d]
linuxhunter: bets $6
kolaz03: raises $6 to $12
linuxhunter: calls $6
*** SHOW DOWN ***
kolaz03: shows [7s Qh] (a full house, Queens full of Fours)
linuxhunter: mucks hand
kolaz03 collected $53.50 from pot
*** SUMMARY ***
Total pot $54 | Rake $0.50
Board [5c Qd 4h Qc 4d]
Seat 1: linuxhunter (big blind) mucked
Seat 2: kolaz03 (button) (small blind) showed [7s Qh] and won ($53.50) with a full house, Queens full of Fours


PokerStars Hand #166841894054:  Hold'em Limit ($3/$6 USD) - 2017/02/27 5:05:16 ET
Table 'Alemannia' 6-max Seat #1 is the button
Seat 1: linuxhunter ($162.41 in chips)
Seat 2: kolaz03 ($241.18 in chips)
linuxhunter: posts small blind $1
kolaz03: posts big blind $3
*** HOLE CARDS ***
linuxhunter: raises $3 to $6
kolaz03: raises $3 to $9
linuxhunter: calls $3
*** FLOP *** [4d Jc Ac]
kolaz03: bets $3
linuxhunter: folds
Uncalled bet ($3) returned to kolaz03
kolaz03 collected $17.64 from pot
kolaz03: doesn't show hand
*** SUMMARY ***
Total pot $18 | Rake $0.36
Board [4d Jc Ac]
Seat 1: linuxhunter (button) (small blind) folded on the Flop
Seat 2: kolaz03 (big blind) collected ($17.64)


PokerStars Hand #166841889001:  Hold'em Limit ($3/$6 USD) - 2017/02/27 5:05:05 ET
Table 'Alemannia' 6-max Seat #2 is the button
Seat 1: linuxhunter ($168.41 in chips)
Seat 2: kolaz03 ($235.42 in chips)
kolaz03: posts small blind $1
linuxhunter: posts big blind $3
*** HOLE CARDS ***
kolaz03: raises $3 to $6
linuxhunter: calls $3
*** FLOP *** [Ah Js Qs]
TinaTurner72 joins the table at seat #3
linuxhunter: checks
kolaz03: bets $3
linuxhunter: folds
Uncalled bet ($3) returned to kolaz03
kolaz03 collected $11.76 from pot
kolaz03: doesn't show hand
*** SUMMARY ***
Total pot $12 | Rake $0.24
Board [Ah Js Qs]
Seat 1: linuxhunter (big blind) folded on the Flop
Seat 2: kolaz03 (button) (small blind) collected ($11.76)


PokerStars Hand #166843075453:  Hold'em Limit ($3/$6 USD) - 2017/02/27 5:52:34 ET
Table 'Alemannia' 6-max Seat #4 is the button
Seat 3: mazael ($213.89 in chips)
Seat 4: TinaTurner72 ($170.75 in chips)
TinaTurner72: posts small blind $1
kolaz03: is sitting out
mazael: posts big blind $3
*** HOLE CARDS ***
TinaTurner72: raises $3 to $6
kolaz03 leaves the table
mazael: folds
Uncalled bet ($3) returned to TinaTurner72
TinaTurner72 collected $6 from pot
TinaTurner72: doesn't show hand
*** SUMMARY ***
Total pot $6 | Rake $0
Seat 3: mazael (big blind) folded before Flop
Seat 4: TinaTurner72 (button) (small blind) collected ($6)


