PokerStars Hand #147125904823:  Hold'em Limit ($3/$6 USD) - 2016/01/16 6:18:45 ET
Table 'Alemannia II' 2-max Seat #2 is the button
Seat 1: yur4ok ($72 in chips)
Seat 2: Gesystar ($120 in chips)
Gesystar: posts small blind $1
yur4ok: posts big blind $3
*** HOLE CARDS ***
Gesystar: folds
Uncalled bet ($2) returned to yur4ok
yur4ok collected $2 from pot
yur4ok: doesn't show hand
*** SUMMARY ***
Total pot $2 | Rake $0
Seat 1: yur4ok (big blind) collected ($2)
Seat 2: Gesystar (button) (small blind) folded before Flop


PokerStars Hand #147125949516:  Hold'em Limit ($3/$6 USD) - 2016/01/16 6:20:05 ET
Table 'Alemannia II' 2-max Seat #2 is the button
Seat 1: yur4ok ($80.64 in chips)
Seat 2: Gesystar ($136.50 in chips)
Gesystar: posts small blind $1
yur4ok: posts big blind $3
*** HOLE CARDS ***
Gesystar: calls $2
yur4ok: raises $3 to $6
Gesystar: calls $3
*** FLOP *** [4d 7s 6d]
yur4ok: bets $3
Gesystar: calls $3
*** TURN *** [4d 7s 6d] [3h]
yur4ok: checks
Gesystar: bets $6
yur4ok: folds
Uncalled bet ($6) returned to Gesystar
Gesystar collected $17.64 from pot
Gesystar: doesn't show hand
*** SUMMARY ***
Total pot $18 | Rake $0.36
Board [4d 7s 6d 3h]
Seat 1: yur4ok (big blind) folded on the Turn
Seat 2: Gesystar (button) (small blind) collected ($17.64)


PokerStars Hand #147125926934:  Hold'em Limit ($3/$6 USD) - 2016/01/16 6:19:25 ET
Table 'Alemannia II' 2-max Seat #2 is the button
Seat 1: yur4ok ($72 in chips)
Seat 2: Gesystar ($145.50 in chips)
Gesystar: posts small blind $1
yur4ok: posts big blind $3
*** HOLE CARDS ***
Gesystar: calls $2
yur4ok: checks
*** FLOP *** [Ad 9s Kc]
yur4ok: checks
Gesystar: checks
*** TURN *** [Ad 9s Kc] [Ac]
yur4ok: bets $6
Gesystar: folds
Uncalled bet ($6) returned to yur4ok
yur4ok collected $5.88 from pot
yur4ok: doesn't show hand
*** SUMMARY ***
Total pot $6 | Rake $0.12
Board [Ad 9s Kc Ac]
Seat 1: yur4ok (big blind) collected ($5.88)
Seat 2: Gesystar (button) (small blind) folded on the Turn


PokerStars Hand #147125910049:  Hold'em Limit ($3/$6 USD) - 2016/01/16 6:18:55 ET
Table 'Alemannia II' 2-max Seat #1 is the button
Seat 1: yur4ok ($73 in chips)
Seat 2: Gesystar ($119 in chips)
yur4ok: posts small blind $1
Gesystar: posts big blind $3
*** HOLE CARDS ***
yur4ok: raises $3 to $6
Gesystar: calls $3
*** FLOP *** [Th Ad 7s]
Gesystar: checks
yur4ok: bets $3
Gesystar: calls $3
*** TURN *** [Th Ad 7s] [Js]
Gesystar: checks
yur4ok: bets $6
Gesystar: raises $6 to $12
yur4ok: calls $6
*** RIVER *** [Th Ad 7s Js] [As]
Gesystar: bets $6
yur4ok: calls $6
*** SHOW DOWN ***
Gesystar: shows [Ac Qc] (three of a kind, Aces)
yur4ok: mucks hand
Gesystar collected $53.50 from pot
*** SUMMARY ***
Total pot $54 | Rake $0.50
Board [Th Ad 7s Js As]
Seat 1: yur4ok (button) (small blind) mucked
Seat 2: Gesystar (big blind) showed [Ac Qc] and won ($53.50) with three of a kind, Aces


PokerStars Hand #147125940399:  Hold'em Limit ($3/$6 USD) - 2016/01/16 6:19:49 ET
Table 'Alemannia II' 2-max Seat #1 is the button
Seat 1: yur4ok ($74.88 in chips)
Seat 2: Gesystar ($142.50 in chips)
yur4ok: posts small blind $1
Gesystar: posts big blind $3
*** HOLE CARDS ***
yur4ok: raises $3 to $6
Gesystar: calls $3
*** FLOP *** [Th 8c 4s]
Gesystar: checks
yur4ok: bets $3
Gesystar: folds
Uncalled bet ($3) returned to yur4ok
yur4ok collected $11.76 from pot
yur4ok: doesn't show hand
*** SUMMARY ***
Total pot $12 | Rake $0.24
Board [Th 8c 4s]
Seat 1: yur4ok (button) (small blind) collected ($11.76)
Seat 2: Gesystar (big blind) folded on the Flop


PokerStars Hand #147125990633:  Hold'em Limit ($3/$6 USD) - 2016/01/16 6:21:18 ET
Table 'Alemannia II' 2-max Seat #2 is the button
Seat 1: yur4ok ($89.26 in chips)
Seat 2: Gesystar ($127.02 in chips)
Gesystar: posts small blind $1
yur4ok: posts big blind $3
*** HOLE CARDS ***
Gesystar: folds
Uncalled bet ($2) returned to yur4ok
yur4ok collected $2 from pot
yur4ok: doesn't show hand
*** SUMMARY ***
Total pot $2 | Rake $0
Seat 1: yur4ok (big blind) collected ($2)
Seat 2: Gesystar (button) (small blind) folded before Flop


PokerStars Hand #147125985144:  Hold'em Limit ($3/$6 USD) - 2016/01/16 6:21:08 ET
Table 'Alemannia II' 2-max Seat #1 is the button
Seat 1: yur4ok ($83.50 in chips)
Seat 2: Gesystar ($133.02 in chips)
yur4ok: posts small blind $1
Gesystar: posts big blind $3
*** HOLE CARDS ***
yur4ok: raises $3 to $6
Gesystar: calls $3
*** FLOP *** [8h Kh 4s]
Gesystar: checks
yur4ok: bets $3
Gesystar: folds
Uncalled bet ($3) returned to yur4ok
yur4ok collected $11.76 from pot
yur4ok: doesn't show hand
*** SUMMARY ***
Total pot $12 | Rake $0.24
Board [8h Kh 4s]
Seat 1: yur4ok (button) (small blind) collected ($11.76)
Seat 2: Gesystar (big blind) folded on the Flop


PokerStars Hand #147125976490:  Hold'em Limit ($3/$6 USD) - 2016/01/16 6:20:53 ET
Table 'Alemannia II' 2-max Seat #2 is the button
Seat 1: yur4ok ($86.50 in chips)
Seat 2: Gesystar ($130.14 in chips)
Gesystar: posts small blind $1
yur4ok: posts big blind $3
*** HOLE CARDS ***
Gesystar: calls $2
yur4ok: checks
*** FLOP *** [Th 3s 3h]
yur4ok: checks
Gesystar: bets $3
yur4ok: folds
Uncalled bet ($3) returned to Gesystar
Gesystar collected $5.88 from pot
Gesystar: doesn't show hand
*** SUMMARY ***
Total pot $6 | Rake $0.12
Board [Th 3s 3h]
Seat 1: yur4ok (big blind) folded on the Flop
Seat 2: Gesystar (button) (small blind) collected ($5.88)


PokerStars Hand #147125959768:  Hold'em Limit ($3/$6 USD) - 2016/01/16 6:20:24 ET
Table 'Alemannia II' 2-max Seat #1 is the button
Seat 1: yur4ok ($72 in chips)
Seat 2: Gesystar ($145.14 in chips)
yur4ok: posts small blind $1
Gesystar: posts big blind $3
*** HOLE CARDS ***
yur4ok: raises $3 to $6
Gesystar: calls $3
*** FLOP *** [9h 9d 5d]
Gesystar: bets $3
yur4ok: calls $3
*** TURN *** [9h 9d 5d] [4s]
Gesystar: bets $6
yur4ok: calls $6
*** RIVER *** [9h 9d 5d 4s] [6h]
Gesystar: checks
yur4ok: checks
*** SHOW DOWN ***
Gesystar: shows [Qs Td] (a pair of Nines)
yur4ok: shows [As Qc] (a pair of Nines - Ace kicker)
yur4ok collected $29.50 from pot
*** SUMMARY ***
Total pot $30 | Rake $0.50
Board [9h 9d 5d 4s 6h]
Seat 1: yur4ok (button) (small blind) showed [As Qc] and won ($29.50) with a pair of Nines
Seat 2: Gesystar (big blind) showed [Qs Td] and lost with a pair of Nines


PokerStars Hand #147126019577:  Hold'em Limit ($3/$6 USD) - 2016/01/16 6:22:09 ET
Table 'Alemannia II' 2-max Seat #1 is the button
Seat 1: yur4ok ($86.02 in chips)
Seat 2: Gesystar ($129.66 in chips)
yur4ok: posts small blind $1
Gesystar: posts big blind $3
*** HOLE CARDS ***
yur4ok: folds
Uncalled bet ($2) returned to Gesystar
Gesystar collected $2 from pot
Gesystar: doesn't show hand
*** SUMMARY ***
Total pot $2 | Rake $0
Seat 1: yur4ok (button) (small blind) folded before Flop
Seat 2: Gesystar (big blind) collected ($2)


PokerStars Hand #147126010250:  Hold'em Limit ($3/$6 USD) - 2016/01/16 6:21:53 ET
Table 'Alemannia II' 2-max Seat #2 is the button
Seat 1: yur4ok ($89.02 in chips)
Seat 2: Gesystar ($126.78 in chips)
Gesystar: posts small blind $1
yur4ok: posts big blind $3
*** HOLE CARDS ***
Gesystar: calls $2
yur4ok: checks
*** FLOP *** [4c 4h 9d]
yur4ok: checks
Gesystar: bets $3
yur4ok: folds
Uncalled bet ($3) returned to Gesystar
Gesystar collected $5.88 from pot
Gesystar: doesn't show hand
*** SUMMARY ***
Total pot $6 | Rake $0.12
Board [4c 4h 9d]
Seat 1: yur4ok (big blind) folded on the Flop
Seat 2: Gesystar (button) (small blind) collected ($5.88)


PokerStars Hand #147126002945:  Hold'em Limit ($3/$6 USD) - 2016/01/16 6:21:40 ET
Table 'Alemannia II' 2-max Seat #1 is the button
Seat 1: yur4ok ($95.02 in chips)
Seat 2: Gesystar ($121.02 in chips)
yur4ok: posts small blind $1
Gesystar: posts big blind $3
*** HOLE CARDS ***
yur4ok: raises $3 to $6
Gesystar: calls $3
*** FLOP *** [7h Jc 9s]
Gesystar: checks
yur4ok: checks
*** TURN *** [7h Jc 9s] [Kd]
Gesystar: bets $6
yur4ok: folds
Uncalled bet ($6) returned to Gesystar
Gesystar collected $11.76 from pot
Gesystar: doesn't show hand
*** SUMMARY ***
Total pot $12 | Rake $0.24
Board [7h Jc 9s Kd]
Seat 1: yur4ok (button) (small blind) folded on the Turn
Seat 2: Gesystar (big blind) collected ($11.76)


PokerStars Hand #147125996487:  Hold'em Limit ($3/$6 USD) - 2016/01/16 6:21:28 ET
Table 'Alemannia II' 2-max Seat #2 is the button
Seat 1: yur4ok ($89.26 in chips)
Seat 2: Gesystar ($127.02 in chips)
Gesystar: posts small blind $1
yur4ok: posts big blind $3
*** HOLE CARDS ***
Gesystar: calls $2
yur4ok: raises $3 to $6
Gesystar: calls $3
*** FLOP *** [Ad Ts 2s]
yur4ok: bets $3
Gesystar: folds
Uncalled bet ($3) returned to yur4ok
yur4ok collected $11.76 from pot
yur4ok: doesn't show hand
*** SUMMARY ***
Total pot $12 | Rake $0.24
Board [Ad Ts 2s]
Seat 1: yur4ok (big blind) collected ($11.76)
Seat 2: Gesystar (button) (small blind) folded on the Flop


PokerStars Hand #147125993940:  Hold'em Limit ($3/$6 USD) - 2016/01/16 6:21:24 ET
Table 'Alemannia II' 2-max Seat #1 is the button
Seat 1: yur4ok ($90.26 in chips)
Seat 2: Gesystar ($126.02 in chips)
yur4ok: posts small blind $1
Gesystar: posts big blind $3
*** HOLE CARDS ***
yur4ok: folds
Uncalled bet ($2) returned to Gesystar
Gesystar collected $2 from pot
Gesystar: doesn't show hand
*** SUMMARY ***
Total pot $2 | Rake $0
Seat 1: yur4ok (button) (small blind) folded before Flop
Seat 2: Gesystar (big blind) collected ($2)


PokerStars Hand #147126053063:  Hold'em Limit ($3/$6 USD) - 2016/01/16 6:23:08 ET
Table 'Alemannia II' 2-max Seat #2 is the button
Seat 1: yur4ok ($72 in chips)
Seat 2: Gesystar ($168.66 in chips)
Gesystar: posts small blind $1
yur4ok: posts big blind $3
*** HOLE CARDS ***
Gesystar: calls $2
yur4ok: checks
*** FLOP *** [5s Jc 4h]
yur4ok: checks
Gesystar: bets $3
yur4ok: folds
Uncalled bet ($3) returned to Gesystar
Gesystar collected $5.88 from pot
Gesystar: doesn't show hand
*** SUMMARY ***
Total pot $6 | Rake $0.12
Board [5s Jc 4h]
Seat 1: yur4ok (big blind) folded on the Flop
Seat 2: Gesystar (button) (small blind) collected ($5.88)


PokerStars Hand #147126036856:  Hold'em Limit ($3/$6 USD) - 2016/01/16 6:22:40 ET
Table 'Alemannia II' 2-max Seat #1 is the button
Seat 1: yur4ok ($72 in chips)
Seat 2: Gesystar ($154.16 in chips)
yur4ok: posts small blind $1
Gesystar: posts big blind $3
*** HOLE CARDS ***
yur4ok: raises $3 to $6
Gesystar: calls $3
*** FLOP *** [Ac 4h 8h]
Gesystar: checks
yur4ok: bets $3
Gesystar: calls $3
*** TURN *** [Ac 4h 8h] [9d]
Gesystar: bets $6
yur4ok: calls $6
*** RIVER *** [Ac 4h 8h 9d] [8c]
Gesystar: bets $6
yur4ok: folds
Uncalled bet ($6) returned to Gesystar
Gesystar collected $29.50 from pot
Gesystar: doesn't show hand
*** SUMMARY ***
Total pot $30 | Rake $0.50
Board [Ac 4h 8h 9d 8c]
Seat 1: yur4ok (button) (small blind) folded on the River
Seat 2: Gesystar (big blind) collected ($29.50)


PokerStars Hand #147126022058:  Hold'em Limit ($3/$6 USD) - 2016/01/16 6:22:14 ET
Table 'Alemannia II' 2-max Seat #2 is the button
Seat 1: yur4ok ($85.02 in chips)
Seat 2: Gesystar ($130.66 in chips)
Gesystar: posts small blind $1
yur4ok: posts big blind $3
*** HOLE CARDS ***
Gesystar: raises $3 to $6
yur4ok: calls $3
*** FLOP *** [Kh Qs Ts]
yur4ok: checks
Gesystar: checks
*** TURN *** [Kh Qs Ts] [3s]
yur4ok: bets $6
Gesystar: raises $6 to $12
yur4ok: calls $6
*** RIVER *** [Kh Qs Ts 3s] [Th]
yur4ok: checks
Gesystar: bets $6
yur4ok: calls $6
*** SHOW DOWN ***
Gesystar: shows [As Jc] (a straight, Ten to Ace)
yur4ok: mucks hand
Gesystar collected $47.50 from pot
*** SUMMARY ***
Total pot $48 | Rake $0.50
Board [Kh Qs Ts 3s Th]
Seat 1: yur4ok (big blind) mucked
Seat 2: Gesystar (button) (small blind) showed [As Jc] and won ($47.50) with a straight, Ten to Ace


PokerStars Hand #147126076950:  Hold'em Limit ($3/$6 USD) - 2016/01/16 6:23:50 ET
Table 'Alemannia II' 2-max Seat #2 is the button
Seat 1: yur4ok ($72 in chips)
Seat 2: Gesystar ($186.04 in chips)
Gesystar: posts small blind $1
yur4ok: posts big blind $3
*** HOLE CARDS ***
Gesystar: calls $2
yur4ok: checks
*** FLOP *** [7h 3d 9s]
yur4ok: checks
Gesystar: bets $3
yur4ok: folds
Uncalled bet ($3) returned to Gesystar
Gesystar collected $5.88 from pot
Gesystar: doesn't show hand
*** SUMMARY ***
Total pot $6 | Rake $0.12
Board [7h 3d 9s]
Seat 1: yur4ok (big blind) folded on the Flop
Seat 2: Gesystar (button) (small blind) collected ($5.88)


PokerStars Hand #147126062510:  Hold'em Limit ($3/$6 USD) - 2016/01/16 6:23:25 ET
Table 'Alemannia II' 2-max Seat #1 is the button
Seat 1: yur4ok ($72 in chips)
Seat 2: Gesystar ($171.54 in chips)
yur4ok: posts small blind $1
Gesystar: posts big blind $3
*** HOLE CARDS ***
yur4ok: raises $3 to $6
Gesystar: calls $3
*** FLOP *** [8d 7h 4h]
Gesystar: checks
yur4ok: bets $3
Gesystar: calls $3
*** TURN *** [8d 7h 4h] [3d]
Gesystar: bets $6
yur4ok: calls $6
*** RIVER *** [8d 7h 4h 3d] [Th]
Gesystar: bets $6
yur4ok: folds
Uncalled bet ($6) returned to Gesystar
Gesystar collected $29.50 from pot
Gesystar: doesn't show hand
*** SUMMARY ***
Total pot $30 | Rake $0.50
Board [8d 7h 4h 3d Th]
Seat 1: yur4ok (button) (small blind) folded on the River
Seat 2: Gesystar (big blind) collected ($29.50)


PokerStars Hand #147126112785:  Hold'em Limit ($3/$6 USD) - 2016/01/16 6:24:54 ET
Table 'Alemannia II' 2-max Seat #1 is the button
Seat 1: yur4ok ($83.52 in chips)
Seat 2: Gesystar ($176.92 in chips)
yur4ok: posts small blind $1
Gesystar: posts big blind $3
*** HOLE CARDS ***
yur4ok: raises $3 to $6
Gesystar: folds
Uncalled bet ($3) returned to yur4ok
yur4ok collected $6 from pot
yur4ok: doesn't show hand
*** SUMMARY ***
Total pot $6 | Rake $0
Seat 1: yur4ok (button) (small blind) collected ($6)
Seat 2: Gesystar (big blind) folded before Flop


PokerStars Hand #147126101728:  Hold'em Limit ($3/$6 USD) - 2016/01/16 6:24:34 ET
Table 'Alemannia II' 2-max Seat #2 is the button
Seat 1: yur4ok ($80.64 in chips)
Seat 2: Gesystar ($179.92 in chips)
Gesystar: posts small blind $1
yur4ok: posts big blind $3
*** HOLE CARDS ***
Gesystar: calls $2
yur4ok: checks
*** FLOP *** [Kc 4s 6c]
yur4ok: checks
Gesystar: checks
*** TURN *** [Kc 4s 6c] [As]
yur4ok: checks
Gesystar: checks
*** RIVER *** [Kc 4s 6c As] [Tc]
yur4ok: checks
Gesystar: checks
*** SHOW DOWN ***
yur4ok: shows [5s Jd] (high card Ace)
Gesystar: mucks hand
yur4ok collected $5.88 from pot
*** SUMMARY ***
Total pot $6 | Rake $0.12
Board [Kc 4s 6c As Tc]
Seat 1: yur4ok (big blind) showed [5s Jd] and won ($5.88) with high card Ace
Seat 2: Gesystar (button) (small blind) mucked


PokerStars Hand #147126125403:  Hold'em Limit ($3/$6 USD) - 2016/01/16 6:25:16 ET
Table 'Alemannia II' 2-max Seat #1 is the button
Seat 1: yur4ok ($107.02 in chips)
Seat 2: Gesystar ($152.92 in chips)
yur4ok: posts small blind $1
Gesystar: posts big blind $3
*** HOLE CARDS ***
yur4ok: folds
Uncalled bet ($2) returned to Gesystar
Gesystar collected $2 from pot
Gesystar: doesn't show hand
*** SUMMARY ***
Total pot $2 | Rake $0
Seat 1: yur4ok (button) (small blind) folded before Flop
Seat 2: Gesystar (big blind) collected ($2)


PokerStars Hand #147126117188:  Hold'em Limit ($3/$6 USD) - 2016/01/16 6:25:01 ET
Table 'Alemannia II' 2-max Seat #2 is the button
Seat 1: yur4ok ($86.52 in chips)
Seat 2: Gesystar ($173.92 in chips)
Gesystar: posts small blind $1
yur4ok: posts big blind $3
*** HOLE CARDS ***
Gesystar: calls $2
yur4ok: raises $3 to $6
Gesystar: calls $3
*** FLOP *** [Ks 3c 4h]
yur4ok: bets $3
Gesystar: calls $3
*** TURN *** [Ks 3c 4h] [7d]
yur4ok: bets $6
Gesystar: calls $6
*** RIVER *** [Ks 3c 4h 7d] [Td]
yur4ok: bets $6
Gesystar: calls $6
*** SHOW DOWN ***
yur4ok: shows [Jd Jc] (a pair of Jacks)
Gesystar: mucks hand
yur4ok collected $41.50 from pot
*** SUMMARY ***
Total pot $42 | Rake $0.50
Board [Ks 3c 4h 7d Td]
Seat 1: yur4ok (big blind) showed [Jd Jc] and won ($41.50) with a pair of Jacks
Seat 2: Gesystar (button) (small blind) mucked


PokerStars Hand #147126089886:  Hold'em Limit ($3/$6 USD) - 2016/01/16 6:24:13 ET
Table 'Alemannia II' 2-max Seat #1 is the button
Seat 1: yur4ok ($72 in chips)
Seat 2: Gesystar ($188.92 in chips)
yur4ok: posts small blind $1
Gesystar: posts big blind $3
*** HOLE CARDS ***
yur4ok: raises $3 to $6
Gesystar: calls $3
*** FLOP *** [As Ac Kh]
Gesystar: bets $3
yur4ok: calls $3
*** TURN *** [As Ac Kh] [4c]
Gesystar: checks
yur4ok: checks
*** RIVER *** [As Ac Kh 4c] [7d]
Gesystar: checks
yur4ok: checks
*** SHOW DOWN ***
Gesystar: shows [Jd 5h] (a pair of Aces)
yur4ok: shows [8c Qd] (a pair of Aces - King+Queen kicker)
yur4ok collected $17.64 from pot
*** SUMMARY ***
Total pot $18 | Rake $0.36
Board [As Ac Kh 4c 7d]
Seat 1: yur4ok (button) (small blind) showed [8c Qd] and won ($17.64) with a pair of Aces
Seat 2: Gesystar (big blind) showed [Jd 5h] and lost with a pair of Aces


PokerStars Hand #147126127882:  Hold'em Limit ($3/$6 USD) - 2016/01/16 6:25:20 ET
Table 'Alemannia II' 2-max Seat #2 is the button
Seat 1: yur4ok ($106.02 in chips)
Seat 2: Gesystar ($153.92 in chips)
Gesystar: posts small blind $1
yur4ok: posts big blind $3
*** HOLE CARDS ***
Gesystar: calls $2
yur4ok: checks
*** FLOP *** [7h 9c 5h]
yur4ok: bets $3
Gesystar: calls $3
*** TURN *** [7h 9c 5h] [5d]
yur4ok: checks
Gesystar: bets $6
yur4ok: raises $6 to $12
Gesystar: raises $6 to $18
yur4ok: calls $6
*** RIVER *** [7h 9c 5h 5d] [Tc]
yur4ok: checks
Gesystar: bets $6
yur4ok: folds
Uncalled bet ($6) returned to Gesystar
Gesystar collected $47.50 from pot
Gesystar: doesn't show hand
*** SUMMARY ***
Total pot $48 | Rake $0.50
Board [7h 9c 5h 5d Tc]
Seat 1: yur4ok (big blind) folded on the River
Seat 2: Gesystar (button) (small blind) collected ($47.50)


PokerStars Hand #147126151655:  Hold'em Limit ($3/$6 USD) - 2016/01/16 6:26:02 ET
Table 'Alemannia II' 2-max Seat #2 is the button
Seat 1: yur4ok ($87.78 in chips)
Seat 2: Gesystar ($171.42 in chips)
Gesystar: posts small blind $1
yur4ok: posts big blind $3
*** HOLE CARDS ***
Gesystar: calls $2
yur4ok: raises $3 to $6
Gesystar: calls $3
*** FLOP *** [Kd 9c 4s]
yur4ok: bets $3
Gesystar: folds
Uncalled bet ($3) returned to yur4ok
yur4ok collected $11.76 from pot
yur4ok: doesn't show hand
*** SUMMARY ***
Total pot $12 | Rake $0.24
Board [Kd 9c 4s]
Seat 1: yur4ok (big blind) collected ($11.76)
Seat 2: Gesystar (button) (small blind) folded on the Flop


PokerStars Hand #147126145687:  Hold'em Limit ($3/$6 USD) - 2016/01/16 6:25:51 ET
Table 'Alemannia II' 2-max Seat #1 is the button
Seat 1: yur4ok ($82.02 in chips)
Seat 2: Gesystar ($177.42 in chips)
yur4ok: posts small blind $1
Gesystar: posts big blind $3
*** HOLE CARDS ***
yur4ok: raises $3 to $6
Gesystar: calls $3
*** FLOP *** [8d 2h Kc]
Gesystar: checks
yur4ok: bets $3
Gesystar: folds
Uncalled bet ($3) returned to yur4ok
yur4ok collected $11.76 from pot
yur4ok: doesn't show hand
*** SUMMARY ***
Total pot $12 | Rake $0.24
Board [8d 2h Kc]
Seat 1: yur4ok (button) (small blind) collected ($11.76)
Seat 2: Gesystar (big blind) folded on the Flop


PokerStars Hand #147127639928:  Hold'em Limit ($3/$6 USD) - 2016/01/16 7:07:57 ET
Table 'Alemannia II' 2-max Seat #2 is the button
Seat 1: yur4ok ($125.54 in chips)
Seat 2: Alex119387 ($216.76 in chips)
Alex119387: posts small blind $1
yur4ok: posts big blind $3
*** HOLE CARDS ***
Alex119387: raises $3 to $6
yur4ok: raises $3 to $9
Alex119387: raises $3 to $12
Betting is capped
yur4ok: calls $3
*** FLOP *** [4h 6c 5h]
yur4ok: checks
Alex119387: bets $3
yur4ok: calls $3
*** TURN *** [4h 6c 5h] [Qc]
yur4ok: checks
Alex119387: bets $6
yur4ok: calls $6
*** RIVER *** [4h 6c 5h Qc] [2d]
yur4ok: checks
Alex119387: bets $6
yur4ok: calls $6
*** SHOW DOWN ***
Alex119387: shows [9s 9h] (a pair of Nines)
yur4ok: mucks hand
Alex119387 collected $53.50 from pot
*** SUMMARY ***
Total pot $54 | Rake $0.50
Board [4h 6c 5h Qc 2d]
Seat 1: yur4ok (big blind) mucked
Seat 2: Alex119387 (button) (small blind) showed [9s 9h] and won ($53.50) with a pair of Nines


PokerStars Hand #147127631318:  Hold'em Limit ($3/$6 USD) - 2016/01/16 7:07:44 ET
Table 'Alemannia II' 2-max Seat #1 is the button
Seat 1: yur4ok ($111.04 in chips)
Seat 2: Alex119387 ($231.76 in chips)
yur4ok: posts small blind $1
Alex119387: posts big blind $3
*** HOLE CARDS ***
yur4ok: raises $3 to $6
Alex119387: calls $3
*** FLOP *** [8h 9c Td]
Alex119387: checks
yur4ok: bets $3
Alex119387: raises $3 to $6
yur4ok: raises $3 to $9
Alex119387: calls $3
*** TURN *** [8h 9c Td] [Ac]
Alex119387: checks
yur4ok: bets $6
Alex119387: folds
Uncalled bet ($6) returned to yur4ok
yur4ok collected $29.50 from pot
yur4ok: doesn't show hand
*** SUMMARY ***
Total pot $30 | Rake $0.50
Board [8h 9c Td Ac]
Seat 1: yur4ok (button) (small blind) collected ($29.50)
Seat 2: Alex119387 (big blind) folded on the Turn


PokerStars Hand #147127623388:  Hold'em Limit ($3/$6 USD) - 2016/01/16 7:07:31 ET
Table 'Alemannia II' 2-max Seat #2 is the button
Seat 1: yur4ok ($117.04 in chips)
Seat 2: Alex119387 ($226 in chips)
Alex119387: posts small blind $1
yur4ok: posts big blind $3
*** HOLE CARDS ***
Alex119387: raises $3 to $6
yur4ok: calls $3
*** FLOP *** [9c 8s 7d]
yur4ok: checks
Alex119387: bets $3
yur4ok: folds
Uncalled bet ($3) returned to Alex119387
Alex119387 collected $11.76 from pot
Alex119387: doesn't show hand
*** SUMMARY ***
Total pot $12 | Rake $0.24
Board [9c 8s 7d]
Seat 1: yur4ok (big blind) folded on the Flop
Seat 2: Alex119387 (button) (small blind) collected ($11.76)


PokerStars Hand #147127605990:  Hold'em Limit ($3/$6 USD) - 2016/01/16 7:07:03 ET
Table 'Alemannia II' 2-max Seat #1 is the button
Seat 1: yur4ok ($93.54 in chips)
Seat 2: Alex119387 ($250 in chips)
yur4ok: posts small blind $1
Alex119387: posts big blind $3
*** HOLE CARDS ***
yur4ok: raises $3 to $6
Alex119387: raises $3 to $9
yur4ok: calls $3
*** FLOP *** [5s 4d 7h]
Alex119387: bets $3
yur4ok: calls $3
*** TURN *** [5s 4d 7h] [Qs]
Alex119387: bets $6
yur4ok: calls $6
*** RIVER *** [5s 4d 7h Qs] [Kh]
Alex119387: bets $6
yur4ok: calls $6
*** SHOW DOWN ***
Alex119387: shows [Ts 8d] (high card King)
yur4ok: shows [Ac 4h] (a pair of Fours)
yur4ok collected $47.50 from pot
*** SUMMARY ***
Total pot $48 | Rake $0.50
Board [5s 4d 7h Qs Kh]
Seat 1: yur4ok (button) (small blind) showed [Ac 4h] and won ($47.50) with a pair of Fours
Seat 2: Alex119387 (big blind) showed [Ts 8d] and lost with high card King


PokerStars Hand #147127689061:  Hold'em Limit ($3/$6 USD) - 2016/01/16 7:09:17 ET
Table 'Alemannia II' 2-max Seat #2 is the button
Seat 1: yur4ok ($80.80 in chips)
Seat 2: Alex119387 ($259.26 in chips)
Alex119387: posts small blind $1
yur4ok: posts big blind $3
*** HOLE CARDS ***
Alex119387: raises $3 to $6
yur4ok: calls $3
*** FLOP *** [3s 3h 8s]
yur4ok: checks
Alex119387: bets $3
yur4ok: calls $3
*** TURN *** [3s 3h 8s] [3d]
yur4ok: checks
Alex119387: checks
*** RIVER *** [3s 3h 8s 3d] [Jd]
yur4ok: bets $6
Alex119387: calls $6
*** SHOW DOWN ***
yur4ok: shows [4h Js] (a full house, Threes full of Jacks)
Alex119387: mucks hand
yur4ok collected $29.50 from pot
*** SUMMARY ***
Total pot $30 | Rake $0.50
Board [3s 3h 8s 3d Jd]
Seat 1: yur4ok (big blind) showed [4h Js] and won ($29.50) with a full house, Threes full of Jacks
Seat 2: Alex119387 (button) (small blind) mucked


PokerStars Hand #147127681805:  Hold'em Limit ($3/$6 USD) - 2016/01/16 7:09:05 ET
Table 'Alemannia II' 2-max Seat #1 is the button
Seat 1: yur4ok ($75.04 in chips)
Seat 2: Alex119387 ($265.26 in chips)
yur4ok: posts small blind $1
Alex119387: posts big blind $3
*** HOLE CARDS ***
yur4ok: raises $3 to $6
Alex119387: calls $3
*** FLOP *** [9c 6d 5h]
Alex119387: checks
yur4ok: bets $3
Alex119387: folds
Uncalled bet ($3) returned to yur4ok
yur4ok collected $11.76 from pot
yur4ok: doesn't show hand
*** SUMMARY ***
Total pot $12 | Rake $0.24
Board [9c 6d 5h]
Seat 1: yur4ok (button) (small blind) collected ($11.76)
Seat 2: Alex119387 (big blind) folded on the Flop


PokerStars Hand #147127672169:  Hold'em Limit ($3/$6 USD) - 2016/01/16 7:08:50 ET
Table 'Alemannia II' 2-max Seat #2 is the button
Seat 1: yur4ok ($99.04 in chips)
Seat 2: Alex119387 ($241.76 in chips)
Alex119387: posts small blind $1
yur4ok: posts big blind $3
*** HOLE CARDS ***
Alex119387: raises $3 to $6
yur4ok: raises $3 to $9
Alex119387: calls $3
*** FLOP *** [Ks 8d 7c]
yur4ok: bets $3
Alex119387: calls $3
*** TURN *** [Ks 8d 7c] [5h]
yur4ok: checks
Alex119387: checks
*** RIVER *** [Ks 8d 7c 5h] [6d]
yur4ok: bets $6
Alex119387: raises $6 to $12
yur4ok: calls $6
*** SHOW DOWN ***
Alex119387: shows [9c 5s] (a straight, Five to Nine)
yur4ok: mucks hand
Alex119387 collected $47.50 from pot
*** SUMMARY ***
Total pot $48 | Rake $0.50
Board [Ks 8d 7c 5h 6d]
Seat 1: yur4ok (big blind) mucked
Seat 2: Alex119387 (button) (small blind) showed [9c 5s] and won ($47.50) with a straight, Five to Nine


PokerStars Hand #147127663540:  Hold'em Limit ($3/$6 USD) - 2016/01/16 7:08:36 ET
Table 'Alemannia II' 2-max Seat #1 is the button
Seat 1: yur4ok ($75.54 in chips)
Seat 2: Alex119387 ($265.76 in chips)
yur4ok: posts small blind $1
Alex119387: posts big blind $3
*** HOLE CARDS ***
yur4ok: raises $3 to $6
Alex119387: calls $3
*** FLOP *** [6h Th 7d]
Alex119387: checks
yur4ok: bets $3
Alex119387: raises $3 to $6
yur4ok: calls $3
*** TURN *** [6h Th 7d] [4d]
Alex119387: bets $6
yur4ok: calls $6
*** RIVER *** [6h Th 7d 4d] [7h]
Alex119387: checks
yur4ok: bets $6
Alex119387: calls $6
*** SHOW DOWN ***
yur4ok: shows [Ks Tc] (two pair, Tens and Sevens)
Alex119387: mucks hand
yur4ok collected $47.50 from pot
*** SUMMARY ***
Total pot $48 | Rake $0.50
Board [6h Th 7d 4d 7h]
Seat 1: yur4ok (button) (small blind) showed [Ks Tc] and won ($47.50) with two pair, Tens and Sevens
Seat 2: Alex119387 (big blind) mucked


PokerStars Hand #147127660832:  Hold'em Limit ($3/$6 USD) - 2016/01/16 7:08:31 ET
Table 'Alemannia II' 2-max Seat #2 is the button
Seat 1: yur4ok ($74.54 in chips)
Seat 2: Alex119387 ($266.76 in chips)
Alex119387: posts small blind $1
yur4ok: posts big blind $3
*** HOLE CARDS ***
Alex119387: folds
Uncalled bet ($2) returned to yur4ok
yur4ok collected $2 from pot
yur4ok: doesn't show hand
*** SUMMARY ***
Total pot $2 | Rake $0
Seat 1: yur4ok (big blind) collected ($2)
Seat 2: Alex119387 (button) (small blind) folded before Flop


PokerStars Hand #147127651266:  Hold'em Limit ($3/$6 USD) - 2016/01/16 7:08:16 ET
Table 'Alemannia II' 2-max Seat #1 is the button
Seat 1: yur4ok ($98.54 in chips)
Seat 2: Alex119387 ($243.26 in chips)
yur4ok: posts small blind $1
Alex119387: posts big blind $3
*** HOLE CARDS ***
yur4ok: raises $3 to $6
Alex119387: calls $3
*** FLOP *** [3c Kc Qd]
Alex119387: checks
yur4ok: checks
*** TURN *** [3c Kc Qd] [4h]
Alex119387: checks
yur4ok: bets $6
Alex119387: raises $6 to $12
yur4ok: calls $6
*** RIVER *** [3c Kc Qd 4h] [Td]
Alex119387: bets $6
yur4ok: calls $6
*** SHOW DOWN ***
Alex119387: shows [2s Kd] (a pair of Kings)
yur4ok: mucks hand
Alex119387 collected $47.50 from pot
*** SUMMARY ***
Total pot $48 | Rake $0.50
Board [3c Kc Qd 4h Td]
Seat 1: yur4ok (button) (small blind) mucked
Seat 2: Alex119387 (big blind) showed [2s Kd] and won ($47.50) with a pair of Kings


PokerStars Hand #147127732183:  Hold'em Limit ($3/$6 USD) - 2016/01/16 7:10:26 ET
Table 'Alemannia II' 2-max Seat #2 is the button
Seat 1: yur4ok ($124.08 in chips)
Seat 2: Alex119387 ($213.54 in chips)
Alex119387: posts small blind $1
yur4ok: posts big blind $3
*** HOLE CARDS ***
Alex119387: folds
Uncalled bet ($2) returned to yur4ok
yur4ok collected $2 from pot
yur4ok: doesn't show hand
*** SUMMARY ***
Total pot $2 | Rake $0
Seat 1: yur4ok (big blind) collected ($2)
Seat 2: Alex119387 (button) (small blind) folded before Flop


PokerStars Hand #147127723120:  Hold'em Limit ($3/$6 USD) - 2016/01/16 7:10:12 ET
Table 'Alemannia II' 2-max Seat #1 is the button
Seat 1: yur4ok ($112.56 in chips)
Seat 2: Alex119387 ($225.54 in chips)
yur4ok: posts small blind $1
Alex119387: posts big blind $3
*** HOLE CARDS ***
yur4ok: raises $3 to $6
Alex119387: calls $3
*** FLOP *** [2h 9s Tc]
Alex119387: checks
yur4ok: bets $3
Alex119387: raises $3 to $6
yur4ok: calls $3
*** TURN *** [2h 9s Tc] [Ac]
Alex119387: checks
yur4ok: bets $6
Alex119387: folds
Uncalled bet ($6) returned to yur4ok
yur4ok collected $23.52 from pot
yur4ok: doesn't show hand
*** SUMMARY ***
Total pot $24 | Rake $0.48
Board [2h 9s Tc Ac]
Seat 1: yur4ok (button) (small blind) collected ($23.52)
Seat 2: Alex119387 (big blind) folded on the Turn


PokerStars Hand #147127712961:  Hold'em Limit ($3/$6 USD) - 2016/01/16 7:09:55 ET
Table 'Alemannia II' 2-max Seat #2 is the button
Seat 1: yur4ok ($83.06 in chips)
Seat 2: Alex119387 ($255.54 in chips)
Alex119387: posts small blind $1
yur4ok: posts big blind $3
*** HOLE CARDS ***
Alex119387: raises $3 to $6
yur4ok: calls $3
*** FLOP *** [4h 2d 4s]
yur4ok: checks
Alex119387: bets $3
yur4ok: raises $3 to $6
Alex119387: raises $3 to $9
yur4ok: raises $3 to $12
Betting is capped
Alex119387: calls $3
*** TURN *** [4h 2d 4s] [3d]
yur4ok: bets $6
Alex119387: calls $6
*** RIVER *** [4h 2d 4s 3d] [7d]
yur4ok: bets $6
Alex119387: calls $6
*** SHOW DOWN ***
yur4ok: shows [6s 5d] (a straight, Three to Seven)
Alex119387: mucks hand
yur4ok collected $59.50 from pot
*** SUMMARY ***
Total pot $60 | Rake $0.50
Board [4h 2d 4s 3d 7d]
Seat 1: yur4ok (big blind) showed [6s 5d] and won ($59.50) with a straight, Three to Seven
Seat 2: Alex119387 (button) (small blind) mucked


PokerStars Hand #147127707493:  Hold'em Limit ($3/$6 USD) - 2016/01/16 7:09:46 ET
Table 'Alemannia II' 2-max Seat #1 is the button
Seat 1: yur4ok ($92.06 in chips)
Seat 2: Alex119387 ($246.90 in chips)
yur4ok: posts small blind $1
Alex119387: posts big blind $3
*** HOLE CARDS ***
yur4ok: raises $3 to $6
Alex119387: calls $3
*** FLOP *** [8d 8s 5d]
Alex119387: checks
yur4ok: bets $3
Alex119387: raises $3 to $6
yur4ok: folds
Uncalled bet ($3) returned to Alex119387
Alex119387 collected $17.64 from pot
Alex119387: doesn't show hand
*** SUMMARY ***
Total pot $18 | Rake $0.36
Board [8d 8s 5d]
Seat 1: yur4ok (button) (small blind) folded on the Flop
Seat 2: Alex119387 (big blind) collected ($17.64)


PokerStars Hand #147127701301:  Hold'em Limit ($3/$6 USD) - 2016/01/16 7:09:37 ET
Table 'Alemannia II' 2-max Seat #2 is the button
Seat 1: yur4ok ($101.06 in chips)
Seat 2: Alex119387 ($238.26 in chips)
Alex119387: posts small blind $1
yur4ok: posts big blind $3
*** HOLE CARDS ***
Alex119387: raises $3 to $6
yur4ok: calls $3
*** FLOP *** [As Ah 8h]
yur4ok: checks
Alex119387: bets $3
yur4ok: calls $3
*** TURN *** [As Ah 8h] [9c]
yur4ok: checks
Alex119387: bets $6
yur4ok: folds
Uncalled bet ($6) returned to Alex119387
Alex119387 collected $17.64 from pot
Alex119387: doesn't show hand
*** SUMMARY ***
Total pot $18 | Rake $0.36
Board [As Ah 8h 9c]
Seat 1: yur4ok (big blind) folded on the Turn
Seat 2: Alex119387 (button) (small blind) collected ($17.64)


PokerStars Hand #147127696761:  Hold'em Limit ($3/$6 USD) - 2016/01/16 7:09:29 ET
Table 'Alemannia II' 2-max Seat #1 is the button
Seat 1: yur4ok ($95.30 in chips)
Seat 2: Alex119387 ($244.26 in chips)
yur4ok: posts small blind $1
Alex119387: posts big blind $3
*** HOLE CARDS ***
yur4ok: raises $3 to $6
Alex119387: calls $3
*** FLOP *** [As 9c Ad]
Alex119387: checks
yur4ok: bets $3
Alex119387: folds
Uncalled bet ($3) returned to yur4ok
yur4ok collected $11.76 from pot
yur4ok: doesn't show hand
*** SUMMARY ***
Total pot $12 | Rake $0.24
Board [As 9c Ad]
Seat 1: yur4ok (button) (small blind) collected ($11.76)
Seat 2: Alex119387 (big blind) folded on the Flop


PokerStars Hand #147127746361:  Hold'em Limit ($3/$6 USD) - 2016/01/16 7:10:49 ET
Table 'Alemannia II' 2-max Seat #2 is the button
Seat 1: yur4ok ($101.08 in chips)
Seat 2: Alex119387 ($236.04 in chips)
Alex119387: posts small blind $1
yur4ok: posts big blind $3
*** HOLE CARDS ***
Alex119387: raises $3 to $6
yur4ok: calls $3
*** FLOP *** [Ts 6s Ad]
yur4ok: checks
Alex119387: bets $3
yur4ok: calls $3
*** TURN *** [Ts 6s Ad] [9s]
yur4ok: checks
Alex119387: bets $6
yur4ok: calls $6
*** RIVER *** [Ts 6s Ad 9s] [Qs]
yur4ok: bets $6
Alex119387: calls $6
*** SHOW DOWN ***
yur4ok: shows [2d 2s] (a flush, Queen high)
Alex119387: mucks hand
yur4ok collected $41.50 from pot
*** SUMMARY ***
Total pot $42 | Rake $0.50
Board [Ts 6s Ad 9s Qs]
Seat 1: yur4ok (big blind) showed [2d 2s] and won ($41.50) with a flush, Queen high
Seat 2: Alex119387 (button) (small blind) mucked


PokerStars Hand #147127734869:  Hold'em Limit ($3/$6 USD) - 2016/01/16 7:10:30 ET
Table 'Alemannia II' 2-max Seat #1 is the button
Seat 1: yur4ok ($125.08 in chips)
Seat 2: Alex119387 ($212.54 in chips)
yur4ok: posts small blind $1
Alex119387: posts big blind $3
*** HOLE CARDS ***
yur4ok: raises $3 to $6
Alex119387: raises $3 to $9
yur4ok: calls $3
*** FLOP *** [7h 4s 6c]
Alex119387: bets $3
yur4ok: calls $3
*** TURN *** [7h 4s 6c] [3c]
Alex119387: bets $6
yur4ok: calls $6
*** RIVER *** [7h 4s 6c 3c] [2d]
Alex119387: bets $6
yur4ok: calls $6
*** SHOW DOWN ***
Alex119387: shows [Qd 6d] (a pair of Sixes)
yur4ok: mucks hand
Alex119387 collected $47.50 from pot
*** SUMMARY ***
Total pot $48 | Rake $0.50
Board [7h 4s 6c 3c 2d]
Seat 1: yur4ok (button) (small blind) mucked
Seat 2: Alex119387 (big blind) showed [Qd 6d] and won ($47.50) with a pair of Sixes


PokerStars Hand #147127797557:  Hold'em Limit ($3/$6 USD) - 2016/01/16 7:12:11 ET
Table 'Alemannia II' 2-max Seat #1 is the button
Seat 1: yur4ok ($88.10 in chips)
Seat 2: Alex119387 ($246.56 in chips)
yur4ok: posts small blind $1
Alex119387: posts big blind $3
*** HOLE CARDS ***
yur4ok: raises $3 to $6
Alex119387: calls $3
*** FLOP *** [8s 8d 7h]
Alex119387: checks
yur4ok: bets $3
Alex119387: folds
Uncalled bet ($3) returned to yur4ok
yur4ok collected $11.76 from pot
yur4ok: doesn't show hand
*** SUMMARY ***
Total pot $12 | Rake $0.24
Board [8s 8d 7h]
Seat 1: yur4ok (button) (small blind) collected ($11.76)
Seat 2: Alex119387 (big blind) folded on the Flop


PokerStars Hand #147127790255:  Hold'em Limit ($3/$6 USD) - 2016/01/16 7:12:00 ET
Table 'Alemannia II' 2-max Seat #2 is the button
Seat 1: yur4ok ($76.58 in chips)
Seat 2: Alex119387 ($258.56 in chips)
Alex119387: posts small blind $1
yur4ok: posts big blind $3
*** HOLE CARDS ***
Alex119387: raises $3 to $6
yur4ok: calls $3
*** FLOP *** [5d 4d 6h]
yur4ok: checks
Alex119387: bets $3
yur4ok: raises $3 to $6
Alex119387: calls $3
*** TURN *** [5d 4d 6h] [Ah]
yur4ok: bets $6
Alex119387: folds
Uncalled bet ($6) returned to yur4ok
yur4ok collected $23.52 from pot
yur4ok: doesn't show hand
*** SUMMARY ***
Total pot $24 | Rake $0.48
Board [5d 4d 6h Ah]
Seat 1: yur4ok (big blind) collected ($23.52)
Seat 2: Alex119387 (button) (small blind) folded on the Turn


PokerStars Hand #147127782910:  Hold'em Limit ($3/$6 USD) - 2016/01/16 7:11:48 ET
Table 'Alemannia II' 2-max Seat #1 is the button
Seat 1: yur4ok ($88.58 in chips)
Seat 2: Alex119387 ($247.04 in chips)
yur4ok: posts small blind $1
Alex119387: posts big blind $3
*** HOLE CARDS ***
yur4ok: raises $3 to $6
Alex119387: calls $3
*** FLOP *** [Ts Tc 2c]
Alex119387: checks
yur4ok: checks
*** TURN *** [Ts Tc 2c] [9c]
Alex119387: bets $6
yur4ok: calls $6
*** RIVER *** [Ts Tc 2c 9c] [6h]
Alex119387: bets $6
yur4ok: folds
Uncalled bet ($6) returned to Alex119387
Alex119387 collected $23.52 from pot
Alex119387: doesn't show hand
*** SUMMARY ***
Total pot $24 | Rake $0.48
Board [Ts Tc 2c 9c 6h]
Seat 1: yur4ok (button) (small blind) folded on the River
Seat 2: Alex119387 (big blind) collected ($23.52)


PokerStars Hand #147127774388:  Hold'em Limit ($3/$6 USD) - 2016/01/16 7:11:34 ET
Table 'Alemannia II' 2-max Seat #2 is the button
Seat 1: yur4ok ($103.58 in chips)
Seat 2: Alex119387 ($232.54 in chips)
Alex119387: posts small blind $1
yur4ok: posts big blind $3
*** HOLE CARDS ***
Alex119387: raises $3 to $6
yur4ok: calls $3
*** FLOP *** [4d 4s 2c]
yur4ok: checks
Alex119387: bets $3
yur4ok: calls $3
*** TURN *** [4d 4s 2c] [Jc]
yur4ok: checks
Alex119387: checks
*** RIVER *** [4d 4s 2c Jc] [6d]
yur4ok: bets $6
Alex119387: calls $6
*** SHOW DOWN ***
yur4ok: shows [5h Td] (a pair of Fours)
Alex119387: shows [Ts Ks] (a pair of Fours - King kicker)
Alex119387 collected $29.50 from pot
*** SUMMARY ***
Total pot $30 | Rake $0.50
Board [4d 4s 2c Jc 6d]
Seat 1: yur4ok (big blind) showed [5h Td] and lost with a pair of Fours
Seat 2: Alex119387 (button) (small blind) showed [Ts Ks] and won ($29.50) with a pair of Fours


PokerStars Hand #147127757519:  Hold'em Limit ($3/$6 USD) - 2016/01/16 7:11:07 ET
Table 'Alemannia II' 2-max Seat #1 is the button
Seat 1: yur4ok ($121.58 in chips)
Seat 2: Alex119387 ($215.04 in chips)
yur4ok: posts small blind $1
Alex119387: posts big blind $3
*** HOLE CARDS ***
yur4ok: raises $3 to $6
Alex119387: calls $3
*** FLOP *** [2s 8d 5c]
Alex119387: checks
yur4ok: bets $3
Alex119387: raises $3 to $6
yur4ok: calls $3
*** TURN *** [2s 8d 5c] [7h]
Alex119387: bets $6
yur4ok: calls $6
*** RIVER *** [2s 8d 5c 7h] [8s]
Alex119387: checks
yur4ok: checks
*** SHOW DOWN ***
Alex119387: shows [5h 3h] (two pair, Eights and Fives)
yur4ok: mucks hand
Alex119387 collected $35.50 from pot
*** SUMMARY ***
Total pot $36 | Rake $0.50
Board [2s 8d 5c 7h 8s]
Seat 1: yur4ok (button) (small blind) mucked
Seat 2: Alex119387 (big blind) showed [5h 3h] and won ($35.50) with two pair, Eights and Fives


PokerStars Hand #147127819545:  Hold'em Limit ($3/$6 USD) - 2016/01/16 7:12:47 ET
Table 'Alemannia II' 2-max Seat #2 is the button
Seat 1: yur4ok ($72 in chips)
Seat 2: Alex119387 ($263.70 in chips)
Alex119387: posts small blind $1
yur4ok: posts big blind $3
*** HOLE CARDS ***
Alex119387: raises $3 to $6
yur4ok: calls $3
*** FLOP *** [2d Ah Th]
yur4ok: checks
Alex119387: bets $3
yur4ok: folds
Uncalled bet ($3) returned to Alex119387
Alex119387 collected $11.76 from pot
Alex119387: doesn't show hand
*** SUMMARY ***
Total pot $12 | Rake $0.24
Board [2d Ah Th]
Seat 1: yur4ok (big blind) folded on the Flop
Seat 2: Alex119387 (button) (small blind) collected ($11.76)


PokerStars Hand #147127810236:  Hold'em Limit ($3/$6 USD) - 2016/01/16 7:12:32 ET
Table 'Alemannia II' 2-max Seat #1 is the button
Seat 1: yur4ok ($78.86 in chips)
Seat 2: Alex119387 ($255.06 in chips)
yur4ok: posts small blind $1
Alex119387: posts big blind $3
*** HOLE CARDS ***
yur4ok: raises $3 to $6
Alex119387: raises $3 to $9
yur4ok: calls $3
*** FLOP *** [Jd 7d 9c]
Alex119387: checks
yur4ok: checks
*** TURN *** [Jd 7d 9c] [8c]
Alex119387: checks
yur4ok: checks
*** RIVER *** [Jd 7d 9c 8c] [Js]
Alex119387: checks
yur4ok: checks
*** SHOW DOWN ***
Alex119387: shows [Ah Qs] (a pair of Jacks)
yur4ok: mucks hand
Alex119387 collected $17.64 from pot
*** SUMMARY ***
Total pot $18 | Rake $0.36
Board [Jd 7d 9c 8c Js]
Seat 1: yur4ok (button) (small blind) mucked
Seat 2: Alex119387 (big blind) showed [Ah Qs] and won ($17.64) with a pair of Jacks


PokerStars Hand #147127802605:  Hold'em Limit ($3/$6 USD) - 2016/01/16 7:12:19 ET
Table 'Alemannia II' 2-max Seat #2 is the button
Seat 1: yur4ok ($93.86 in chips)
Seat 2: Alex119387 ($240.56 in chips)
Alex119387: posts small blind $1
yur4ok: posts big blind $3
*** HOLE CARDS ***
Alex119387: raises $3 to $6
yur4ok: calls $3
*** FLOP *** [7h 8c 6d]
yur4ok: checks
Alex119387: bets $3
yur4ok: calls $3
*** TURN *** [7h 8c 6d] [3d]
yur4ok: checks
Alex119387: bets $6
yur4ok: calls $6
*** RIVER *** [7h 8c 6d 3d] [Qh]
yur4ok: checks
Alex119387: bets $6
yur4ok: folds
Uncalled bet ($6) returned to Alex119387
Alex119387 collected $29.50 from pot
Alex119387: doesn't show hand
*** SUMMARY ***
Total pot $30 | Rake $0.50
Board [7h 8c 6d 3d Qh]
Seat 1: yur4ok (big blind) folded on the River
Seat 2: Alex119387 (button) (small blind) collected ($29.50)


PokerStars Hand #147131131192:  Hold'em Limit ($3/$6 USD) - 2016/01/16 8:34:34 ET
Table 'Alemannia II' 2-max Seat #2 is the button
Seat 1: yur4ok ($86.50 in chips)
Seat 2: _fayzulllo_ ($57 in chips)
_fayzulllo_: posts small blind $1
yur4ok: posts big blind $3
*** HOLE CARDS ***
_fayzulllo_: folds
Uncalled bet ($2) returned to yur4ok
yur4ok collected $2 from pot
yur4ok: doesn't show hand
*** SUMMARY ***
Total pot $2 | Rake $0
Seat 1: yur4ok (big blind) collected ($2)
Seat 2: _fayzulllo_ (button) (small blind) folded before Flop


PokerStars Hand #147131114680:  Hold'em Limit ($3/$6 USD) - 2016/01/16 8:34:11 ET
Table 'Alemannia II' 2-max Seat #1 is the button
Seat 1: yur4ok ($72 in chips)
Seat 2: _fayzulllo_ ($72 in chips)
yur4ok: posts small blind $1
_fayzulllo_: posts big blind $3
*** HOLE CARDS ***
yur4ok: raises $3 to $6
_fayzulllo_: calls $3
*** FLOP *** [2c 5h 9s]
_fayzulllo_: checks
yur4ok: bets $3
_fayzulllo_: calls $3
*** TURN *** [2c 5h 9s] [8d]
_fayzulllo_: checks
yur4ok: checks
*** RIVER *** [2c 5h 9s 8d] [3s]
_fayzulllo_: bets $6
yur4ok: calls $6
*** SHOW DOWN ***
_fayzulllo_: shows [Js 5d] (a pair of Fives)
yur4ok: shows [Qd 5c] (a pair of Fives - Queen kicker)
yur4ok collected $29.50 from pot
*** SUMMARY ***
Total pot $30 | Rake $0.50
Board [2c 5h 9s 8d 3s]
Seat 1: yur4ok (button) (small blind) showed [Qd 5c] and won ($29.50) with a pair of Fives
Seat 2: _fayzulllo_ (big blind) showed [Js 5d] and lost with a pair of Fives


PokerStars Hand #147131176569:  Hold'em Limit ($3/$6 USD) - 2016/01/16 8:35:36 ET
Table 'Alemannia II' 2-max Seat #2 is the button
Seat 1: yur4ok ($104.88 in chips)
Seat 2: _fayzulllo_ ($37.64 in chips)
_fayzulllo_: posts small blind $1
yur4ok: posts big blind $3
*** HOLE CARDS ***
_fayzulllo_: calls $2
yur4ok: checks
*** FLOP *** [7c 6s 5s]
yur4ok: checks
_fayzulllo_: checks
*** TURN *** [7c 6s 5s] [Qh]
yur4ok: bets $6
_fayzulllo_: folds
Uncalled bet ($6) returned to yur4ok
yur4ok collected $5.88 from pot
yur4ok: doesn't show hand
*** SUMMARY ***
Total pot $6 | Rake $0.12
Board [7c 6s 5s Qh]
Seat 1: yur4ok (big blind) collected ($5.88)
Seat 2: _fayzulllo_ (button) (small blind) folded on the Turn


PokerStars Hand #147131167042:  Hold'em Limit ($3/$6 USD) - 2016/01/16 8:35:23 ET
Table 'Alemannia II' 2-max Seat #1 is the button
Seat 1: yur4ok ($113.88 in chips)
Seat 2: _fayzulllo_ ($29 in chips)
yur4ok: posts small blind $1
_fayzulllo_: posts big blind $3
*** HOLE CARDS ***
yur4ok: raises $3 to $6
_fayzulllo_: calls $3
*** FLOP *** [6h Kc 7c]
_fayzulllo_: checks
yur4ok: bets $3
_fayzulllo_: raises $3 to $6
yur4ok: folds
Uncalled bet ($3) returned to _fayzulllo_
_fayzulllo_ collected $17.64 from pot
_fayzulllo_: doesn't show hand
*** SUMMARY ***
Total pot $18 | Rake $0.36
Board [6h Kc 7c]
Seat 1: yur4ok (button) (small blind) folded on the Flop
Seat 2: _fayzulllo_ (big blind) collected ($17.64)


PokerStars Hand #147131150942:  Hold'em Limit ($3/$6 USD) - 2016/01/16 8:35:01 ET
Table 'Alemannia II' 2-max Seat #2 is the button
Seat 1: yur4ok ($111 in chips)
Seat 2: _fayzulllo_ ($32 in chips)
_fayzulllo_: posts small blind $1
yur4ok: posts big blind $3
*** HOLE CARDS ***
_fayzulllo_: calls $2
yur4ok: checks
*** FLOP *** [5d 3s 5c]
yur4ok: checks
_fayzulllo_: checks
*** TURN *** [5d 3s 5c] [8d]
yur4ok: checks
_fayzulllo_: checks
*** RIVER *** [5d 3s 5c 8d] [Ks]
yur4ok: checks
_fayzulllo_: checks
*** SHOW DOWN ***
yur4ok: shows [Ad 6c] (a pair of Fives)
_fayzulllo_: mucks hand
yur4ok collected $5.88 from pot
*** SUMMARY ***
Total pot $6 | Rake $0.12
Board [5d 3s 5c 8d Ks]
Seat 1: yur4ok (big blind) showed [Ad 6c] and won ($5.88) with a pair of Fives
Seat 2: _fayzulllo_ (button) (small blind) mucked


PokerStars Hand #147131136143:  Hold'em Limit ($3/$6 USD) - 2016/01/16 8:34:40 ET
Table 'Alemannia II' 2-max Seat #1 is the button
Seat 1: yur4ok ($87.50 in chips)
Seat 2: _fayzulllo_ ($56 in chips)
yur4ok: posts small blind $1
_fayzulllo_: posts big blind $3
*** HOLE CARDS ***
yur4ok: raises $3 to $6
_fayzulllo_: raises $3 to $9
yur4ok: calls $3
*** FLOP *** [5c Js 5d]
_fayzulllo_: bets $3
yur4ok: calls $3
*** TURN *** [5c Js 5d] [2c]
_fayzulllo_: bets $6
yur4ok: raises $6 to $12
_fayzulllo_: calls $6
*** RIVER *** [5c Js 5d 2c] [Tc]
_fayzulllo_: checks
yur4ok: checks
*** SHOW DOWN ***
_fayzulllo_: shows [Ks Ad] (a pair of Fives)
yur4ok: shows [2h Ah] (two pair, Fives and Deuces)
yur4ok collected $47.50 from pot
*** SUMMARY ***
Total pot $48 | Rake $0.50
Board [5c Js 5d 2c Tc]
Seat 1: yur4ok (button) (small blind) showed [2h Ah] and won ($47.50) with two pair, Fives and Deuces
Seat 2: _fayzulllo_ (big blind) showed [Ks Ad] and lost with a pair of Fives


PokerStars Hand #147131223053:  Hold'em Limit ($3/$6 USD) - 2016/01/16 8:36:38 ET
Table 'Alemannia II' 2-max Seat #2 is the button
Seat 1: yur4ok ($137.02 in chips)
Seat 2: _fayzulllo_ ($4.40 in chips)
_fayzulllo_: posts small blind $1
yur4ok: posts big blind $3
*** HOLE CARDS ***
_fayzulllo_: raises $1.40 to $4.40 and is all-in
yur4ok: calls $1.40
*** FLOP *** [7s 3c 5d]
*** TURN *** [7s 3c 5d] [5s]
*** RIVER *** [7s 3c 5d 5s] [8h]
*** SHOW DOWN ***
yur4ok: shows [8d 3h] (two pair, Eights and Fives)
_fayzulllo_: shows [Kd 2s] (a pair of Fives)
yur4ok collected $8.62 from pot
*** SUMMARY ***
Total pot $8.80 | Rake $0.18
Board [7s 3c 5d 5s 8h]
Seat 1: yur4ok (big blind) showed [8d 3h] and won ($8.62) with two pair, Eights and Fives
Seat 2: _fayzulllo_ (button) (small blind) showed [Kd 2s] and lost with a pair of Fives


PokerStars Hand #147131206097:  Hold'em Limit ($3/$6 USD) - 2016/01/16 8:36:15 ET
Table 'Alemannia II' 2-max Seat #1 is the button
Seat 1: yur4ok ($107.52 in chips)
Seat 2: _fayzulllo_ ($34.40 in chips)
yur4ok: posts small blind $1
_fayzulllo_: posts big blind $3
*** HOLE CARDS ***
yur4ok: raises $3 to $6
_fayzulllo_: calls $3
*** FLOP *** [8s Js Kd]
_fayzulllo_: checks
yur4ok: bets $3
_fayzulllo_: raises $3 to $6
yur4ok: calls $3
*** TURN *** [8s Js Kd] [Th]
_fayzulllo_: bets $6
yur4ok: calls $6
*** RIVER *** [8s Js Kd Th] [Qd]
_fayzulllo_: bets $6
yur4ok: raises $6 to $12
_fayzulllo_: calls $6
*** SHOW DOWN ***
yur4ok: shows [Ac 7s] (a straight, Ten to Ace)
_fayzulllo_: mucks hand
yur4ok collected $59.50 from pot
*** SUMMARY ***
Total pot $60 | Rake $0.50
Board [8s Js Kd Th Qd]
Seat 1: yur4ok (button) (small blind) showed [Ac 7s] and won ($59.50) with a straight, Ten to Ace
Seat 2: _fayzulllo_ (big blind) mucked


PokerStars Hand #147131194223:  Hold'em Limit ($3/$6 USD) - 2016/01/16 8:35:59 ET
Table 'Alemannia II' 2-max Seat #2 is the button
Seat 1: yur4ok ($113.52 in chips)
Seat 2: _fayzulllo_ ($28.64 in chips)
_fayzulllo_: posts small blind $1
yur4ok: posts big blind $3
*** HOLE CARDS ***
_fayzulllo_: raises $3 to $6
yur4ok: calls $3
*** FLOP *** [Ad 5c Th]
yur4ok: checks
_fayzulllo_: bets $3
yur4ok: folds
Uncalled bet ($3) returned to _fayzulllo_
_fayzulllo_ collected $11.76 from pot
_fayzulllo_: doesn't show hand
*** SUMMARY ***
Total pot $12 | Rake $0.24
Board [Ad 5c Th]
Seat 1: yur4ok (big blind) folded on the Flop
Seat 2: _fayzulllo_ (button) (small blind) collected ($11.76)


PokerStars Hand #147131185424:  Hold'em Limit ($3/$6 USD) - 2016/01/16 8:35:48 ET
Table 'Alemannia II' 2-max Seat #1 is the button
Seat 1: yur4ok ($107.76 in chips)
Seat 2: _fayzulllo_ ($34.64 in chips)
yur4ok: posts small blind $1
_fayzulllo_: posts big blind $3
*** HOLE CARDS ***
yur4ok: raises $3 to $6
_fayzulllo_: calls $3
*** FLOP *** [Ks 7s 8c]
_fayzulllo_: checks
yur4ok: bets $3
_fayzulllo_: folds
Uncalled bet ($3) returned to yur4ok
yur4ok collected $11.76 from pot
yur4ok: doesn't show hand
*** SUMMARY ***
Total pot $12 | Rake $0.24
Board [Ks 7s 8c]
Seat 1: yur4ok (button) (small blind) collected ($11.76)
Seat 2: _fayzulllo_ (big blind) folded on the Flop


PokerStars Hand #147137496573:  Hold'em Limit ($3/$6 USD) - 2016/01/16 10:44:20 ET
Table 'Alemannia II' 2-max Seat #2 is the button
Seat 1: yur4ok ($126.02 in chips)
Seat 2: vityapops ($132.52 in chips)
vityapops: posts small blind $1
yur4ok: posts big blind $3
*** HOLE CARDS ***
vityapops: raises $3 to $6
yur4ok: calls $3
*** FLOP *** [Jd 9d 6s]
yur4ok: checks
vityapops: checks
*** TURN *** [Jd 9d 6s] [Qc]
yur4ok: bets $6
vityapops: folds
Uncalled bet ($6) returned to yur4ok
yur4ok collected $11.76 from pot
yur4ok: doesn't show hand
*** SUMMARY ***
Total pot $12 | Rake $0.24
Board [Jd 9d 6s Qc]
Seat 1: yur4ok (big blind) collected ($11.76)
Seat 2: vityapops (button) (small blind) folded on the Turn


PokerStars Hand #147137483343:  Hold'em Limit ($3/$6 USD) - 2016/01/16 10:44:06 ET
Table 'Alemannia II' 2-max Seat #1 is the button
Seat 1: yur4ok ($117.38 in chips)
Seat 2: vityapops ($141.52 in chips)
yur4ok: posts small blind $1
vityapops: posts big blind $3
*** HOLE CARDS ***
yur4ok: raises $3 to $6
vityapops: calls $3
*** FLOP *** [Js 4d Jh]
vityapops: checks
yur4ok: bets $3
vityapops: calls $3
*** TURN *** [Js 4d Jh] [2s]
vityapops: checks
yur4ok: bets $6
vityapops: folds
Uncalled bet ($6) returned to yur4ok
yur4ok collected $17.64 from pot
yur4ok: doesn't show hand
*** SUMMARY ***
Total pot $18 | Rake $0.36
Board [Js 4d Jh 2s]
Seat 1: yur4ok (button) (small blind) collected ($17.64)
Seat 2: vityapops (big blind) folded on the Turn


PokerStars Hand #147137468356:  Hold'em Limit ($3/$6 USD) - 2016/01/16 10:43:49 ET
Table 'Alemannia II' 2-max Seat #2 is the button
Seat 1: yur4ok ($129.38 in chips)
Seat 2: vityapops ($130 in chips)
vityapops: posts small blind $1
yur4ok: posts big blind $3
*** HOLE CARDS ***
vityapops: raises $3 to $6
yur4ok: raises $3 to $9
vityapops: calls $3
*** FLOP *** [2c Ac Js]
yur4ok: bets $3
vityapops: calls $3
*** TURN *** [2c Ac Js] [Qc]
yur4ok: checks
vityapops: bets $6
yur4ok: folds
Uncalled bet ($6) returned to vityapops
vityapops collected $23.52 from pot
vityapops: doesn't show hand
*** SUMMARY ***
Total pot $24 | Rake $0.48
Board [2c Ac Js Qc]
Seat 1: yur4ok (big blind) folded on the Turn
Seat 2: vityapops (button) (small blind) collected ($23.52)


PokerStars Hand #147137453286:  Hold'em Limit ($3/$6 USD) - 2016/01/16 10:43:33 ET
Table 'Alemannia II' 2-max Seat #1 is the button
Seat 1: yur4ok ($144.38 in chips)
Seat 2: vityapops ($115.50 in chips)
yur4ok: posts small blind $1
vityapops: posts big blind $3
*** HOLE CARDS ***
yur4ok: raises $3 to $6
vityapops: calls $3
*** FLOP *** [2c 6d Kc]
vityapops: checks
yur4ok: bets $3
vityapops: calls $3
*** TURN *** [2c 6d Kc] [2s]
vityapops: checks
yur4ok: bets $6
vityapops: raises $6 to $12
yur4ok: folds
Uncalled bet ($6) returned to vityapops
vityapops collected $29.50 from pot
vityapops: doesn't show hand
*** SUMMARY ***
Total pot $30 | Rake $0.50
Board [2c 6d Kc 2s]
Seat 1: yur4ok (button) (small blind) folded on the Turn
Seat 2: vityapops (big blind) collected ($29.50)


PokerStars Hand #147137438554:  Hold'em Limit ($3/$6 USD) - 2016/01/16 10:43:17 ET
Table 'Alemannia II' 2-max Seat #2 is the button
Seat 1: yur4ok ($117.88 in chips)
Seat 2: vityapops ($142.50 in chips)
vityapops: posts small blind $1
yur4ok: posts big blind $3
*** HOLE CARDS ***
vityapops: raises $3 to $6
yur4ok: calls $3
*** FLOP *** [2c Qs 3h]
yur4ok: checks
vityapops: bets $3
yur4ok: calls $3
*** TURN *** [2c Qs 3h] [2s]
yur4ok: checks
vityapops: bets $6
yur4ok: raises $6 to $12
vityapops: calls $6
*** RIVER *** [2c Qs 3h 2s] [Kd]
yur4ok: bets $6
vityapops: calls $6
*** SHOW DOWN ***
yur4ok: shows [2h Kc] (a full house, Deuces full of Kings)
vityapops: mucks hand
yur4ok collected $53.50 from pot
*** SUMMARY ***
Total pot $54 | Rake $0.50
Board [2c Qs 3h 2s Kd]
Seat 1: yur4ok (big blind) showed [2h Kc] and won ($53.50) with a full house, Deuces full of Kings
Seat 2: vityapops (button) (small blind) mucked


PokerStars Hand #147137552249:  Hold'em Limit ($3/$6 USD) - 2016/01/16 10:45:20 ET
Table 'Alemannia II' 2-max Seat #2 is the button
Seat 1: yur4ok ($158.28 in chips)
Seat 2: vityapops ($99.52 in chips)
vityapops: posts small blind $1
yur4ok: posts big blind $3
*** HOLE CARDS ***
vityapops: folds
Uncalled bet ($2) returned to yur4ok
yur4ok collected $2 from pot
yur4ok: doesn't show hand
*** SUMMARY ***
Total pot $2 | Rake $0
Seat 1: yur4ok (big blind) collected ($2)
Seat 2: vityapops (button) (small blind) folded before Flop


PokerStars Hand #147137505827:  Hold'em Limit ($3/$6 USD) - 2016/01/16 10:44:30 ET
Table 'Alemannia II' 2-max Seat #1 is the button
Seat 1: yur4ok ($131.78 in chips)
Seat 2: vityapops ($126.52 in chips)
yur4ok: posts small blind $1
vityapops: posts big blind $3
*** HOLE CARDS ***
yur4ok: raises $3 to $6
vityapops: calls $3
*** FLOP *** [Td 9h 7c]
vityapops: bets $3
yur4ok: calls $3
*** TURN *** [Td 9h 7c] [3d]
vityapops: bets $6
yur4ok: calls $6
*** RIVER *** [Td 9h 7c 3d] [9s]
vityapops: bets $6
yur4ok: raises $6 to $12
vityapops: calls $6
*** SHOW DOWN ***
yur4ok: shows [9c 8s] (three of a kind, Nines)
vityapops: mucks hand
yur4ok collected $53.50 from pot
*** SUMMARY ***
Total pot $54 | Rake $0.50
Board [Td 9h 7c 3d 9s]
Seat 1: yur4ok (button) (small blind) showed [9c 8s] and won ($53.50) with three of a kind, Nines
Seat 2: vityapops (big blind) mucked


PokerStars Hand #147137605463:  Hold'em Limit ($3/$6 USD) - 2016/01/16 10:46:18 ET
Table 'Alemannia II' 2-max Seat #2 is the button
Seat 1: yur4ok ($113.78 in chips)
Seat 2: vityapops ($142.52 in chips)
vityapops: posts small blind $1
yur4ok: posts big blind $3
*** HOLE CARDS ***
vityapops: folds
Uncalled bet ($2) returned to yur4ok
yur4ok collected $2 from pot
yur4ok: doesn't show hand
*** SUMMARY ***
Total pot $2 | Rake $0
Seat 1: yur4ok (big blind) collected ($2)
Seat 2: vityapops (button) (small blind) folded before Flop


PokerStars Hand #147137592038:  Hold'em Limit ($3/$6 USD) - 2016/01/16 10:46:04 ET
Table 'Alemannia II' 2-max Seat #1 is the button
Seat 1: yur4ok ($99.28 in chips)
Seat 2: vityapops ($157.52 in chips)
yur4ok: posts small blind $1
vityapops: posts big blind $3
*** HOLE CARDS ***
yur4ok: raises $3 to $6
vityapops: calls $3
*** FLOP *** [9h 3s 6c]
vityapops: checks
yur4ok: bets $3
vityapops: calls $3
*** TURN *** [9h 3s 6c] [7d]
vityapops: checks
yur4ok: bets $6
vityapops: calls $6
*** RIVER *** [9h 3s 6c 7d] [7c]
vityapops: checks
yur4ok: bets $6
vityapops: folds
Uncalled bet ($6) returned to yur4ok
yur4ok collected $29.50 from pot
yur4ok: doesn't show hand
*** SUMMARY ***
Total pot $30 | Rake $0.50
Board [9h 3s 6c 7d 7c]
Seat 1: yur4ok (button) (small blind) collected ($29.50)
Seat 2: vityapops (big blind) folded on the River


PokerStars Hand #147137576796:  Hold'em Limit ($3/$6 USD) - 2016/01/16 10:45:47 ET
Table 'Alemannia II' 2-max Seat #2 is the button
Seat 1: yur4ok ($129.28 in chips)
Seat 2: vityapops ($128.02 in chips)
vityapops: posts small blind $1
yur4ok: posts big blind $3
*** HOLE CARDS ***
vityapops: raises $3 to $6
yur4ok: raises $3 to $9
vityapops: calls $3
*** FLOP *** [5c 2s 5h]
yur4ok: bets $3
vityapops: raises $3 to $6
yur4ok: raises $3 to $9
vityapops: calls $3
*** TURN *** [5c 2s 5h] [2h]
yur4ok: bets $6
vityapops: calls $6
*** RIVER *** [5c 2s 5h 2h] [6s]
yur4ok: bets $6
vityapops: calls $6
*** SHOW DOWN ***
yur4ok: shows [8c 8d] (two pair, Eights and Fives)
vityapops: shows [3h 4s] (a straight, Deuce to Six)
vityapops collected $59.50 from pot
*** SUMMARY ***
Total pot $60 | Rake $0.50
Board [5c 2s 5h 2h 6s]
Seat 1: yur4ok (big blind) showed [8c 8d] and lost with two pair, Eights and Fives
Seat 2: vityapops (button) (small blind) showed [3h 4s] and won ($59.50) with a straight, Deuce to Six


PokerStars Hand #147137557061:  Hold'em Limit ($3/$6 USD) - 2016/01/16 10:45:26 ET
Table 'Alemannia II' 2-max Seat #1 is the button
Seat 1: yur4ok ($159.28 in chips)
Seat 2: vityapops ($98.52 in chips)
yur4ok: posts small blind $1
vityapops: posts big blind $3
*** HOLE CARDS ***
yur4ok: raises $3 to $6
vityapops: raises $3 to $9
yur4ok: calls $3
*** FLOP *** [5h 3h 3c]
vityapops: bets $3
yur4ok: calls $3
*** TURN *** [5h 3h 3c] [6c]
vityapops: bets $6
yur4ok: raises $6 to $12
vityapops: calls $6
*** RIVER *** [5h 3h 3c 6c] [Kh]
vityapops: checks
yur4ok: bets $6
vityapops: calls $6
*** SHOW DOWN ***
yur4ok: shows [9h 4c] (a pair of Threes)
vityapops: shows [5c Ks] (two pair, Kings and Fives)
vityapops collected $59.50 from pot
*** SUMMARY ***
Total pot $60 | Rake $0.50
Board [5h 3h 3c 6c Kh]
Seat 1: yur4ok (button) (small blind) showed [9h 4c] and lost with a pair of Threes
Seat 2: vityapops (big blind) showed [5c Ks] and won ($59.50) with two pair, Kings and Fives


PokerStars Hand #147137659479:  Hold'em Limit ($3/$6 USD) - 2016/01/16 10:47:17 ET
Table 'Alemannia II' 2-max Seat #2 is the button
Seat 1: yur4ok ($72 in chips)
Seat 2: vityapops ($194.04 in chips)
vityapops: posts small blind $1
yur4ok: posts big blind $3
*** HOLE CARDS ***
vityapops: raises $3 to $6
yur4ok: calls $3
*** FLOP *** [Js 5h Qs]
yur4ok: checks
vityapops: bets $3
yur4ok: calls $3
*** TURN *** [Js 5h Qs] [7d]
yur4ok: checks
vityapops: checks
*** RIVER *** [Js 5h Qs 7d] [7h]
yur4ok: bets $6
vityapops: folds
Uncalled bet ($6) returned to yur4ok
yur4ok collected $17.64 from pot
yur4ok: doesn't show hand
*** SUMMARY ***
Total pot $18 | Rake $0.36
Board [Js 5h Qs 7d 7h]
Seat 1: yur4ok (big blind) collected ($17.64)
Seat 2: vityapops (button) (small blind) folded on the River


PokerStars Hand #147137643720:  Hold'em Limit ($3/$6 USD) - 2016/01/16 10:47:00 ET
Table 'Alemannia II' 2-max Seat #1 is the button
Seat 1: yur4ok ($78.78 in chips)
Seat 2: vityapops ($176.54 in chips)
yur4ok: posts small blind $1
vityapops: posts big blind $3
*** HOLE CARDS ***
yur4ok: raises $3 to $6
vityapops: raises $3 to $9
yur4ok: calls $3
*** FLOP *** [9s 5h Ks]
vityapops: bets $3
yur4ok: calls $3
*** TURN *** [9s 5h Ks] [2s]
vityapops: bets $6
yur4ok: calls $6
*** RIVER *** [9s 5h Ks 2s] [Jd]
vityapops: checks
yur4ok: checks
*** SHOW DOWN ***
vityapops: shows [9h Qh] (a pair of Nines)
yur4ok: mucks hand
vityapops collected $35.50 from pot
*** SUMMARY ***
Total pot $36 | Rake $0.50
Board [9s 5h Ks 2s Jd]
Seat 1: yur4ok (button) (small blind) mucked
Seat 2: vityapops (big blind) showed [9h Qh] and won ($35.50) with a pair of Nines


PokerStars Hand #147137627514:  Hold'em Limit ($3/$6 USD) - 2016/01/16 10:46:42 ET
Table 'Alemannia II' 2-max Seat #2 is the button
Seat 1: yur4ok ($102.78 in chips)
Seat 2: vityapops ($153.04 in chips)
vityapops: posts small blind $1
yur4ok: posts big blind $3
*** HOLE CARDS ***
vityapops: raises $3 to $6
yur4ok: calls $3
*** FLOP *** [8s 3d 5c]
yur4ok: checks
vityapops: checks
*** TURN *** [8s 3d 5c] [2d]
yur4ok: bets $6
vityapops: calls $6
*** RIVER *** [8s 3d 5c 2d] [Tc]
yur4ok: bets $6
vityapops: raises $6 to $12
yur4ok: calls $6
*** SHOW DOWN ***
vityapops: shows [Td Kh] (a pair of Tens)
yur4ok: mucks hand
vityapops collected $47.50 from pot
*** SUMMARY ***
Total pot $48 | Rake $0.50
Board [8s 3d 5c 2d Tc]
Seat 1: yur4ok (big blind) mucked
Seat 2: vityapops (button) (small blind) showed [Td Kh] and won ($47.50) with a pair of Tens


PokerStars Hand #147137610160:  Hold'em Limit ($3/$6 USD) - 2016/01/16 10:46:23 ET
Table 'Alemannia II' 2-max Seat #1 is the button
Seat 1: yur4ok ($114.78 in chips)
Seat 2: vityapops ($141.52 in chips)
yur4ok: posts small blind $1
vityapops: posts big blind $3
*** HOLE CARDS ***
yur4ok: raises $3 to $6
vityapops: calls $3
*** FLOP *** [Jh Js 6d]
vityapops: checks
yur4ok: bets $3
vityapops: raises $3 to $6
yur4ok: calls $3
*** TURN *** [Jh Js 6d] [3c]
vityapops: bets $6
yur4ok: folds
Uncalled bet ($6) returned to vityapops
vityapops collected $23.52 from pot
vityapops: doesn't show hand
*** SUMMARY ***
Total pot $24 | Rake $0.48
Board [Jh Js 6d 3c]
Seat 1: yur4ok (button) (small blind) folded on the Turn
Seat 2: vityapops (big blind) collected ($23.52)


PokerStars Hand #147137713662:  Hold'em Limit ($3/$6 USD) - 2016/01/16 10:48:16 ET
Table 'Alemannia II' 2-max Seat #2 is the button
Seat 1: yur4ok ($80.64 in chips)
Seat 2: vityapops ($197.32 in chips)
vityapops: posts small blind $1
yur4ok: posts big blind $3
*** HOLE CARDS ***
vityapops: raises $3 to $6
yur4ok: raises $3 to $9
vityapops: calls $3
*** FLOP *** [Kc 5d 5h]
yur4ok: bets $3
vityapops: calls $3
*** TURN *** [Kc 5d 5h] [7c]
yur4ok: bets $6
vityapops: raises $6 to $12
yur4ok: folds
Uncalled bet ($6) returned to vityapops
vityapops collected $35.50 from pot
vityapops: doesn't show hand
*** SUMMARY ***
Total pot $36 | Rake $0.50
Board [Kc 5d 5h 7c]
Seat 1: yur4ok (big blind) folded on the Turn
Seat 2: vityapops (button) (small blind) collected ($35.50)


PokerStars Hand #147137702670:  Hold'em Limit ($3/$6 USD) - 2016/01/16 10:48:04 ET
Table 'Alemannia II' 2-max Seat #1 is the button
Seat 1: yur4ok ($72 in chips)
Seat 2: vityapops ($206.32 in chips)
yur4ok: posts small blind $1
vityapops: posts big blind $3
*** HOLE CARDS ***
yur4ok: raises $3 to $6
vityapops: calls $3
*** FLOP *** [8c 9d 6c]
vityapops: checks
yur4ok: bets $3
vityapops: calls $3
*** TURN *** [8c 9d 6c] [Tc]
vityapops: checks
yur4ok: bets $6
vityapops: folds
Uncalled bet ($6) returned to yur4ok
yur4ok collected $17.64 from pot
yur4ok: doesn't show hand
*** SUMMARY ***
Total pot $18 | Rake $0.36
Board [8c 9d 6c Tc]
Seat 1: yur4ok (button) (small blind) collected ($17.64)
Seat 2: vityapops (big blind) folded on the Turn


PokerStars Hand #147137690947:  Hold'em Limit ($3/$6 USD) - 2016/01/16 10:47:51 ET
Table 'Alemannia II' 2-max Seat #2 is the button
Seat 1: yur4ok ($72 in chips)
Seat 2: vityapops ($197.68 in chips)
vityapops: posts small blind $1
yur4ok: posts big blind $3
*** HOLE CARDS ***
vityapops: raises $3 to $6
yur4ok: calls $3
*** FLOP *** [5h 2s 7d]
yur4ok: checks
vityapops: bets $3
yur4ok: calls $3
*** TURN *** [5h 2s 7d] [Js]
yur4ok: checks
vityapops: bets $6
yur4ok: folds
Uncalled bet ($6) returned to vityapops
vityapops collected $17.64 from pot
vityapops: doesn't show hand
*** SUMMARY ***
Total pot $18 | Rake $0.36
Board [5h 2s 7d Js]
Seat 1: yur4ok (big blind) folded on the Turn
Seat 2: vityapops (button) (small blind) collected ($17.64)


PokerStars Hand #147137681248:  Hold'em Limit ($3/$6 USD) - 2016/01/16 10:47:41 ET
Table 'Alemannia II' 2-max Seat #1 is the button
Seat 1: yur4ok ($76.64 in chips)
Seat 2: vityapops ($189.04 in chips)
yur4ok: posts small blind $1
vityapops: posts big blind $3
*** HOLE CARDS ***
yur4ok: raises $3 to $6
vityapops: calls $3
*** FLOP *** [8c Kh Js]
vityapops: checks
yur4ok: bets $3
vityapops: raises $3 to $6
yur4ok: folds
Uncalled bet ($3) returned to vityapops
vityapops collected $17.64 from pot
vityapops: doesn't show hand
*** SUMMARY ***
Total pot $18 | Rake $0.36
Board [8c Kh Js]
Seat 1: yur4ok (button) (small blind) folded on the Flop
Seat 2: vityapops (big blind) collected ($17.64)


PokerStars Hand #147137676914:  Hold'em Limit ($3/$6 USD) - 2016/01/16 10:47:36 ET
Table 'Alemannia II' 2-max Seat #2 is the button
Seat 1: yur4ok ($79.64 in chips)
Seat 2: vityapops ($186.04 in chips)
vityapops: posts small blind $1
yur4ok: posts big blind $3
*** HOLE CARDS ***
vityapops: raises $3 to $6
yur4ok: folds
Uncalled bet ($3) returned to vityapops
vityapops collected $6 from pot
vityapops: doesn't show hand
*** SUMMARY ***
Total pot $6 | Rake $0
Seat 1: yur4ok (big blind) folded before Flop
Seat 2: vityapops (button) (small blind) collected ($6)


PokerStars Hand #147137673012:  Hold'em Limit ($3/$6 USD) - 2016/01/16 10:47:32 ET
Table 'Alemannia II' 2-max Seat #1 is the button
Seat 1: yur4ok ($80.64 in chips)
Seat 2: vityapops ($185.04 in chips)
yur4ok: posts small blind $1
vityapops: posts big blind $3
*** HOLE CARDS ***
yur4ok: folds
Uncalled bet ($2) returned to vityapops
vityapops collected $2 from pot
vityapops: doesn't show hand
*** SUMMARY ***
Total pot $2 | Rake $0
Seat 1: yur4ok (button) (small blind) folded before Flop
Seat 2: vityapops (big blind) collected ($2)


PokerStars Hand #147137760823:  Hold'em Limit ($3/$6 USD) - 2016/01/16 10:49:07 ET
Table 'Alemannia II' 2-max Seat #2 is the button
Seat 1: yur4ok ($95.50 in chips)
Seat 2: vityapops ($190.82 in chips)
vityapops: posts small blind $1
yur4ok: posts big blind $3
*** HOLE CARDS ***
vityapops: raises $3 to $6
yur4ok: calls $3
*** FLOP *** [3s 2h 2d]
yur4ok: checks
vityapops: checks
*** TURN *** [3s 2h 2d] [4c]
yur4ok: bets $6
vityapops: folds
Uncalled bet ($6) returned to yur4ok
yur4ok collected $11.76 from pot
yur4ok: doesn't show hand
*** SUMMARY ***
Total pot $12 | Rake $0.24
Board [3s 2h 2d 4c]
Seat 1: yur4ok (big blind) collected ($11.76)
Seat 2: vityapops (button) (small blind) folded on the Turn


PokerStars Hand #147137737079:  Hold'em Limit ($3/$6 USD) - 2016/01/16 10:48:42 ET
Table 'Alemannia II' 2-max Seat #1 is the button
Seat 1: yur4ok ($72 in chips)
Seat 2: vityapops ($214.82 in chips)
yur4ok: posts small blind $1
vityapops: posts big blind $3
*** HOLE CARDS ***
yur4ok: raises $3 to $6
vityapops: calls $3
*** FLOP *** [Th Qc 8h]
vityapops: checks
yur4ok: bets $3
vityapops: raises $3 to $6
yur4ok: calls $3
*** TURN *** [Th Qc 8h] [7s]
vityapops: bets $6
yur4ok: calls $6
*** RIVER *** [Th Qc 8h 7s] [2s]
vityapops: bets $6
yur4ok: raises $6 to $12
vityapops: folds
Uncalled bet ($6) returned to yur4ok
yur4ok collected $47.50 from pot
yur4ok: doesn't show hand
*** SUMMARY ***
Total pot $48 | Rake $0.50
Board [Th Qc 8h 7s 2s]
Seat 1: yur4ok (button) (small blind) collected ($47.50)
Seat 2: vityapops (big blind) folded on the River


PokerStars Hand #147137830468:  Hold'em Limit ($3/$6 USD) - 2016/01/16 10:50:23 ET
Table 'Alemannia II' 2-max Seat #1 is the button
Seat 1: yur4ok ($133.26 in chips)
Seat 2: vityapops ($151.32 in chips)
yur4ok: posts small blind $1
vityapops: posts big blind $3
*** HOLE CARDS ***
yur4ok: raises $3 to $6
vityapops: folds
Uncalled bet ($3) returned to yur4ok
yur4ok collected $6 from pot
yur4ok: doesn't show hand
*** SUMMARY ***
Total pot $6 | Rake $0
Seat 1: yur4ok (button) (small blind) collected ($6)
Seat 2: vityapops (big blind) folded before Flop


PokerStars Hand #147137817597:  Hold'em Limit ($3/$6 USD) - 2016/01/16 10:50:09 ET
Table 'Alemannia II' 2-max Seat #2 is the button
Seat 1: yur4ok ($109.76 in chips)
Seat 2: vityapops ($175.32 in chips)
vityapops: posts small blind $1
yur4ok: posts big blind $3
*** HOLE CARDS ***
vityapops: raises $3 to $6
yur4ok: raises $3 to $9
vityapops: calls $3
*** FLOP *** [8s 4s 9c]
yur4ok: bets $3
vityapops: calls $3
*** TURN *** [8s 4s 9c] [5s]
yur4ok: bets $6
vityapops: calls $6
*** RIVER *** [8s 4s 9c 5s] [Tc]
yur4ok: bets $6
vityapops: calls $6
*** SHOW DOWN ***
yur4ok: shows [Qs Qd] (a pair of Queens)
vityapops: mucks hand
yur4ok collected $47.50 from pot
*** SUMMARY ***
Total pot $48 | Rake $0.50
Board [8s 4s 9c 5s Tc]
Seat 1: yur4ok (big blind) showed [Qs Qd] and won ($47.50) with a pair of Queens
Seat 2: vityapops (button) (small blind) mucked


PokerStars Hand #147137813155:  Hold'em Limit ($3/$6 USD) - 2016/01/16 10:50:04 ET
Table 'Alemannia II' 2-max Seat #1 is the button
Seat 1: yur4ok ($106.76 in chips)
Seat 2: vityapops ($178.32 in chips)
yur4ok: posts small blind $1
vityapops: posts big blind $3
*** HOLE CARDS ***
yur4ok: raises $3 to $6
vityapops: folds
Uncalled bet ($3) returned to yur4ok
yur4ok collected $6 from pot
yur4ok: doesn't show hand
*** SUMMARY ***
Total pot $6 | Rake $0
Seat 1: yur4ok (button) (small blind) collected ($6)
Seat 2: vityapops (big blind) folded before Flop


PokerStars Hand #147137788720:  Hold'em Limit ($3/$6 USD) - 2016/01/16 10:49:38 ET
Table 'Alemannia II' 2-max Seat #2 is the button
Seat 1: yur4ok ($130.76 in chips)
Seat 2: vityapops ($154.82 in chips)
vityapops: posts small blind $1
yur4ok: posts big blind $3
*** HOLE CARDS ***
vityapops: raises $3 to $6
yur4ok: raises $3 to $9
vityapops: calls $3
*** FLOP *** [Jd 8d 7d]
yur4ok: bets $3
vityapops: raises $3 to $6
yur4ok: raises $3 to $9
vityapops: calls $3
*** TURN *** [Jd 8d 7d] [8h]
yur4ok: bets $6
vityapops: calls $6
*** RIVER *** [Jd 8d 7d 8h] [Ts]
yur4ok: checks
vityapops: checks
*** SHOW DOWN ***
yur4ok: shows [Jc Ah] (two pair, Jacks and Eights)
vityapops: shows [9s Jh] (a straight, Seven to Jack)
vityapops collected $47.50 from pot
*** SUMMARY ***
Total pot $48 | Rake $0.50
Board [Jd 8d 7d 8h Ts]
Seat 1: yur4ok (big blind) showed [Jc Ah] and lost with two pair, Jacks and Eights
Seat 2: vityapops (button) (small blind) showed [9s Jh] and won ($47.50) with a straight, Seven to Jack


PokerStars Hand #147137770689:  Hold'em Limit ($3/$6 USD) - 2016/01/16 10:49:18 ET
Table 'Alemannia II' 2-max Seat #1 is the button
Seat 1: yur4ok ($101.26 in chips)
Seat 2: vityapops ($184.82 in chips)
yur4ok: posts small blind $1
vityapops: posts big blind $3
*** HOLE CARDS ***
yur4ok: raises $3 to $6
vityapops: raises $3 to $9
yur4ok: calls $3
*** FLOP *** [4s 8c Js]
vityapops: bets $3
yur4ok: calls $3
*** TURN *** [4s 8c Js] [2s]
vityapops: bets $6
yur4ok: calls $6
*** RIVER *** [4s 8c Js 2s] [Td]
vityapops: bets $6
yur4ok: raises $6 to $12
vityapops: calls $6
*** SHOW DOWN ***
yur4ok: shows [9d Jc] (a pair of Jacks)
vityapops: mucks hand
yur4ok collected $59.50 from pot
*** SUMMARY ***
Total pot $60 | Rake $0.50
Board [4s 8c Js 2s Td]
Seat 1: yur4ok (button) (small blind) showed [9d Jc] and won ($59.50) with a pair of Jacks
Seat 2: vityapops (big blind) mucked


PokerStars Hand #147137863301:  Hold'em Limit ($3/$6 USD) - 2016/01/16 10:50:59 ET
Table 'Alemannia II' 2-max Seat #2 is the button
Seat 1: yur4ok ($141.76 in chips)
Seat 2: vityapops ($141.82 in chips)
vityapops: posts small blind $1
yur4ok: posts big blind $3
*** HOLE CARDS ***
vityapops: raises $3 to $6
yur4ok: raises $3 to $9
vityapops: calls $3
*** FLOP *** [8s Ad Kc]
yur4ok: bets $3
vityapops: calls $3
*** TURN *** [8s Ad Kc] [Th]
yur4ok: checks
vityapops: bets $6
yur4ok: folds
Uncalled bet ($6) returned to vityapops
vityapops collected $23.52 from pot
vityapops: doesn't show hand
*** SUMMARY ***
Total pot $24 | Rake $0.48
Board [8s Ad Kc Th]
Seat 1: yur4ok (big blind) folded on the Turn
Seat 2: vityapops (button) (small blind) collected ($23.52)


PokerStars Hand #147137847030:  Hold'em Limit ($3/$6 USD) - 2016/01/16 10:50:41 ET
Table 'Alemannia II' 2-max Seat #1 is the button
Seat 1: yur4ok ($159.76 in chips)
Seat 2: vityapops ($124.32 in chips)
yur4ok: posts small blind $1
vityapops: posts big blind $3
*** HOLE CARDS ***
yur4ok: raises $3 to $6
vityapops: raises $3 to $9
yur4ok: calls $3
*** FLOP *** [6s 7d 5d]
vityapops: bets $3
yur4ok: calls $3
*** TURN *** [6s 7d 5d] [Kd]
vityapops: bets $6
yur4ok: calls $6
*** RIVER *** [6s 7d 5d Kd] [Td]
vityapops: checks
yur4ok: checks
*** SHOW DOWN ***
vityapops: shows [8h Th] (a pair of Tens)
yur4ok: mucks hand
vityapops collected $35.50 from pot
*** SUMMARY ***
Total pot $36 | Rake $0.50
Board [6s 7d 5d Kd Td]
Seat 1: yur4ok (button) (small blind) mucked
Seat 2: vityapops (big blind) showed [8h Th] and won ($35.50) with a pair of Tens


PokerStars Hand #147137835018:  Hold'em Limit ($3/$6 USD) - 2016/01/16 10:50:28 ET
Table 'Alemannia II' 2-max Seat #2 is the button
Seat 1: yur4ok ($136.26 in chips)
Seat 2: vityapops ($148.32 in chips)
vityapops: posts small blind $1
yur4ok: posts big blind $3
*** HOLE CARDS ***
vityapops: raises $3 to $6
yur4ok: calls $3
*** FLOP *** [8d Jd Qc]
yur4ok: checks
vityapops: bets $3
yur4ok: raises $3 to $6
vityapops: calls $3
*** TURN *** [8d Jd Qc] [3d]
yur4ok: bets $6
vityapops: calls $6
*** RIVER *** [8d Jd Qc 3d] [2c]
yur4ok: bets $6
vityapops: calls $6
*** SHOW DOWN ***
yur4ok: shows [Qs 5h] (a pair of Queens)
vityapops: mucks hand
yur4ok collected $47.50 from pot
*** SUMMARY ***
Total pot $48 | Rake $0.50
Board [8d Jd Qc 3d 2c]
Seat 1: yur4ok (big blind) showed [Qs 5h] and won ($47.50) with a pair of Queens
Seat 2: vityapops (button) (small blind) mucked


PokerStars Hand #147137933162:  Hold'em Limit ($3/$6 USD) - 2016/01/16 10:52:15 ET
Table 'Alemannia II' 2-max Seat #1 is the button
Seat 1: yur4ok ($116.27 in chips)
Seat 2: vityapops ($165.59 in chips)
yur4ok: posts small blind $1
vityapops: posts big blind $3
*** HOLE CARDS ***
yur4ok: raises $3 to $6
vityapops: calls $3
*** FLOP *** [6h 4d Js]
vityapops: checks
yur4ok: bets $3
vityapops: calls $3
*** TURN *** [6h 4d Js] [7s]
vityapops: checks
yur4ok: checks
*** RIVER *** [6h 4d Js 7s] [Jh]
vityapops: checks
yur4ok: bets $6
vityapops: calls $6
*** SHOW DOWN ***
yur4ok: shows [Ac Qc] (a pair of Jacks)
vityapops: mucks hand
yur4ok collected $29.50 from pot
*** SUMMARY ***
Total pot $30 | Rake $0.50
Board [6h 4d Js 7s Jh]
Seat 1: yur4ok (button) (small blind) showed [Ac Qc] and won ($29.50) with a pair of Jacks
Seat 2: vityapops (big blind) mucked


PokerStars Hand #147137923326:  Hold'em Limit ($3/$6 USD) - 2016/01/16 10:52:05 ET
Table 'Alemannia II' 2-max Seat #2 is the button
Seat 1: yur4ok ($110.51 in chips)
Seat 2: vityapops ($171.59 in chips)
vityapops: posts small blind $1
yur4ok: posts big blind $3
*** HOLE CARDS ***
vityapops: raises $3 to $6
yur4ok: calls $3
*** FLOP *** [8s 5s Kd]
yur4ok: checks
vityapops: checks
*** TURN *** [8s 5s Kd] [As]
yur4ok: bets $6
vityapops: folds
Uncalled bet ($6) returned to yur4ok
yur4ok collected $11.76 from pot
yur4ok: doesn't show hand
*** SUMMARY ***
Total pot $12 | Rake $0.24
Board [8s 5s Kd As]
Seat 1: yur4ok (big blind) collected ($11.76)
Seat 2: vityapops (button) (small blind) folded on the Turn


PokerStars Hand #147137919660:  Hold'em Limit ($3/$6 USD) - 2016/01/16 10:52:01 ET
Table 'Alemannia II' 2-max Seat #1 is the button
Seat 1: yur4ok ($111.51 in chips)
Seat 2: vityapops ($170.59 in chips)
yur4ok: posts small blind $1
vityapops: posts big blind $3
*** HOLE CARDS ***
yur4ok: folds
Uncalled bet ($2) returned to vityapops
vityapops collected $2 from pot
vityapops: doesn't show hand
*** SUMMARY ***
Total pot $2 | Rake $0
Seat 1: yur4ok (button) (small blind) folded before Flop
Seat 2: vityapops (big blind) collected ($2)


PokerStars Hand #147137904586:  Hold'em Limit ($3/$6 USD) - 2016/01/16 10:51:44 ET
Table 'Alemannia II' 2-max Seat #2 is the button
Seat 1: yur4ok ($129.51 in chips)
Seat 2: vityapops ($153.09 in chips)
vityapops: posts small blind $1
yur4ok: posts big blind $3
*** HOLE CARDS ***
vityapops: raises $3 to $6
yur4ok: calls $3
*** FLOP *** [Ts Th 3h]
yur4ok: checks
vityapops: bets $3
yur4ok: raises $3 to $6
vityapops: calls $3
*** TURN *** [Ts Th 3h] [Ad]
yur4ok: bets $6
vityapops: raises $6 to $12
yur4ok: folds
Uncalled bet ($6) returned to vityapops
vityapops collected $35.50 from pot
vityapops: doesn't show hand
*** SUMMARY ***
Total pot $36 | Rake $0.50
Board [Ts Th 3h Ad]
Seat 1: yur4ok (big blind) folded on the Turn
Seat 2: vityapops (button) (small blind) collected ($35.50)


PokerStars Hand #147137885302:  Hold'em Limit ($3/$6 USD) - 2016/01/16 10:51:23 ET
Table 'Alemannia II' 2-max Seat #1 is the button
Seat 1: yur4ok ($129.76 in chips)
Seat 2: vityapops ($153.34 in chips)
yur4ok: posts small blind $1
vityapops: posts big blind $3
*** HOLE CARDS ***
yur4ok: raises $3 to $6
vityapops: calls $3
*** FLOP *** [7c 4h 8h]
vityapops: checks
yur4ok: bets $3
vityapops: calls $3
*** TURN *** [7c 4h 8h] [6d]
vityapops: checks
yur4ok: bets $6
vityapops: raises $6 to $12
yur4ok: calls $6
*** RIVER *** [7c 4h 8h 6d] [5s]
vityapops: bets $6
yur4ok: calls $6
*** SHOW DOWN ***
vityapops: shows [2c 2d] (a straight, Four to Eight)
yur4ok: shows [5d 8d] (a straight, Four to Eight)
vityapops collected $26.75 from pot
yur4ok collected $26.75 from pot
*** SUMMARY ***
Total pot $54 | Rake $0.50
Board [7c 4h 8h 6d 5s]
Seat 1: yur4ok (button) (small blind) showed [5d 8d] and won ($26.75) with a straight, Four to Eight
Seat 2: vityapops (big blind) showed [2c 2d] and won ($26.75) with a straight, Four to Eight


PokerStars Hand #147137989060:  Hold'em Limit ($3/$6 USD) - 2016/01/16 10:53:16 ET
Table 'Alemannia II' 2-max Seat #2 is the button
Seat 1: yur4ok ($130.27 in chips)
Seat 2: vityapops ($150.11 in chips)
vityapops: posts small blind $1
yur4ok: posts big blind $3
*** HOLE CARDS ***
vityapops: raises $3 to $6
yur4ok: calls $3
*** FLOP *** [5c Qd Jc]
yur4ok: checks
vityapops: bets $3
yur4ok: folds
Uncalled bet ($3) returned to vityapops
vityapops collected $11.76 from pot
vityapops: doesn't show hand
*** SUMMARY ***
Total pot $12 | Rake $0.24
Board [5c Qd Jc]
Seat 1: yur4ok (big blind) folded on the Flop
Seat 2: vityapops (button) (small blind) collected ($11.76)


PokerStars Hand #147137972272:  Hold'em Limit ($3/$6 USD) - 2016/01/16 10:52:58 ET
Table 'Alemannia II' 2-max Seat #1 is the button
Seat 1: yur4ok ($115.77 in chips)
Seat 2: vityapops ($165.11 in chips)
yur4ok: posts small blind $1
vityapops: posts big blind $3
*** HOLE CARDS ***
yur4ok: raises $3 to $6
vityapops: calls $3
*** FLOP *** [3s 2h Kc]
vityapops: checks
yur4ok: bets $3
vityapops: calls $3
*** TURN *** [3s 2h Kc] [7d]
vityapops: checks
yur4ok: checks
*** RIVER *** [3s 2h Kc 7d] [Ad]
vityapops: bets $6
yur4ok: raises $6 to $12
vityapops: folds
Uncalled bet ($6) returned to yur4ok
yur4ok collected $29.50 from pot
yur4ok: doesn't show hand
*** SUMMARY ***
Total pot $30 | Rake $0.50
Board [3s 2h Kc 7d Ad]
Seat 1: yur4ok (button) (small blind) collected ($29.50)
Seat 2: vityapops (big blind) folded on the River


PokerStars Hand #147137966431:  Hold'em Limit ($3/$6 USD) - 2016/01/16 10:52:52 ET
Table 'Alemannia II' 2-max Seat #2 is the button
Seat 1: yur4ok ($118.77 in chips)
Seat 2: vityapops ($162.11 in chips)
vityapops: posts small blind $1
yur4ok: posts big blind $3
*** HOLE CARDS ***
vityapops: raises $3 to $6
yur4ok: folds
Uncalled bet ($3) returned to vityapops
vityapops collected $6 from pot
vityapops: doesn't show hand
*** SUMMARY ***
Total pot $6 | Rake $0
Seat 1: yur4ok (big blind) folded before Flop
Seat 2: vityapops (button) (small blind) collected ($6)


PokerStars Hand #147137957312:  Hold'em Limit ($3/$6 USD) - 2016/01/16 10:52:42 ET
Table 'Alemannia II' 2-max Seat #1 is the button
Seat 1: yur4ok ($124.77 in chips)
Seat 2: vityapops ($156.35 in chips)
yur4ok: posts small blind $1
vityapops: posts big blind $3
*** HOLE CARDS ***
yur4ok: raises $3 to $6
vityapops: calls $3
*** FLOP *** [2s 9s 6s]
vityapops: bets $3
yur4ok: folds
Uncalled bet ($3) returned to vityapops
vityapops collected $11.76 from pot
vityapops: doesn't show hand
*** SUMMARY ***
Total pot $12 | Rake $0.24
Board [2s 9s 6s]
Seat 1: yur4ok (button) (small blind) folded on the Flop
Seat 2: vityapops (big blind) collected ($11.76)


PokerStars Hand #147137947888:  Hold'em Limit ($3/$6 USD) - 2016/01/16 10:52:32 ET
Table 'Alemannia II' 2-max Seat #2 is the button
Seat 1: yur4ok ($130.77 in chips)
Seat 2: vityapops ($150.59 in chips)
vityapops: posts small blind $1
yur4ok: posts big blind $3
*** HOLE CARDS ***
vityapops: raises $3 to $6
yur4ok: calls $3
*** FLOP *** [Ad As 6c]
yur4ok: checks
vityapops: bets $3
yur4ok: folds
Uncalled bet ($3) returned to vityapops
vityapops collected $11.76 from pot
vityapops: doesn't show hand
*** SUMMARY ***
Total pot $12 | Rake $0.24
Board [Ad As 6c]
Seat 1: yur4ok (big blind) folded on the Flop
Seat 2: vityapops (button) (small blind) collected ($11.76)


PokerStars Hand #147138047691:  Hold'em Limit ($3/$6 USD) - 2016/01/16 10:54:21 ET
Table 'Alemannia II' 2-max Seat #1 is the button
Seat 1: yur4ok ($111.41 in chips)
Seat 2: vityapops ($167.01 in chips)
yur4ok: posts small blind $1
vityapops: posts big blind $3
*** HOLE CARDS ***
yur4ok: folds
Uncalled bet ($2) returned to vityapops
vityapops collected $2 from pot
vityapops: doesn't show hand
*** SUMMARY ***
Total pot $2 | Rake $0
Seat 1: yur4ok (button) (small blind) folded before Flop
Seat 2: vityapops (big blind) collected ($2)


PokerStars Hand #147138029386:  Hold'em Limit ($3/$6 USD) - 2016/01/16 10:54:01 ET
Table 'Alemannia II' 2-max Seat #2 is the button
Seat 1: yur4ok ($147.41 in chips)
Seat 2: vityapops ($131.51 in chips)
vityapops: posts small blind $1
yur4ok: posts big blind $3
*** HOLE CARDS ***
vityapops: raises $3 to $6
yur4ok: raises $3 to $9
vityapops: calls $3
*** FLOP *** [8d 4h Js]
yur4ok: bets $3
vityapops: calls $3
*** TURN *** [8d 4h Js] [Qc]
yur4ok: checks
vityapops: bets $6
yur4ok: raises $6 to $12
vityapops: calls $6
*** RIVER *** [8d 4h Js Qc] [Qd]
yur4ok: bets $6
vityapops: raises $6 to $12
yur4ok: calls $6
*** SHOW DOWN ***
vityapops: shows [Qh 7c] (three of a kind, Queens)
yur4ok: mucks hand
vityapops collected $71.50 from pot
*** SUMMARY ***
Total pot $72 | Rake $0.50
Board [8d 4h Js Qc Qd]
Seat 1: yur4ok (big blind) mucked
Seat 2: vityapops (button) (small blind) showed [Qh 7c] and won ($71.50) with three of a kind, Queens


PokerStars Hand #147138013776:  Hold'em Limit ($3/$6 USD) - 2016/01/16 10:53:44 ET
Table 'Alemannia II' 2-max Seat #1 is the button
Seat 1: yur4ok ($123.91 in chips)
Seat 2: vityapops ($155.51 in chips)
yur4ok: posts small blind $1
vityapops: posts big blind $3
*** HOLE CARDS ***
yur4ok: raises $3 to $6
vityapops: calls $3
*** FLOP *** [Th 7c Jc]
vityapops: checks
yur4ok: bets $3
vityapops: raises $3 to $6
yur4ok: calls $3
*** TURN *** [Th 7c Jc] [Ah]
vityapops: bets $6
yur4ok: calls $6
*** RIVER *** [Th 7c Jc Ah] [Qs]
vityapops: bets $6
yur4ok: calls $6
*** SHOW DOWN ***
vityapops: shows [9s Qc] (a pair of Queens)
yur4ok: shows [8c Ac] (a pair of Aces)
yur4ok collected $47.50 from pot
*** SUMMARY ***
Total pot $48 | Rake $0.50
Board [Th 7c Jc Ah Qs]
Seat 1: yur4ok (button) (small blind) showed [8c Ac] and won ($47.50) with a pair of Aces
Seat 2: vityapops (big blind) showed [9s Qc] and lost with a pair of Queens


PokerStars Hand #147138006290:  Hold'em Limit ($3/$6 USD) - 2016/01/16 10:53:35 ET
Table 'Alemannia II' 2-max Seat #2 is the button
Seat 1: yur4ok ($115.27 in chips)
Seat 2: vityapops ($164.51 in chips)
vityapops: posts small blind $1
yur4ok: posts big blind $3
*** HOLE CARDS ***
vityapops: raises $3 to $6
yur4ok: raises $3 to $9
vityapops: calls $3
*** FLOP *** [Tc Jc Kh]
yur4ok: bets $3
vityapops: folds
Uncalled bet ($3) returned to yur4ok
yur4ok collected $17.64 from pot
yur4ok: doesn't show hand
*** SUMMARY ***
Total pot $18 | Rake $0.36
Board [Tc Jc Kh]
Seat 1: yur4ok (big blind) collected ($17.64)
Seat 2: vityapops (button) (small blind) folded on the Flop


PokerStars Hand #147137998407:  Hold'em Limit ($3/$6 USD) - 2016/01/16 10:53:27 ET
Table 'Alemannia II' 2-max Seat #1 is the button
Seat 1: yur4ok ($124.27 in chips)
Seat 2: vityapops ($155.87 in chips)
yur4ok: posts small blind $1
vityapops: posts big blind $3
*** HOLE CARDS ***
yur4ok: raises $3 to $6
vityapops: raises $3 to $9
yur4ok: calls $3
*** FLOP *** [Js 3h Ac]
vityapops: bets $3
yur4ok: folds
Uncalled bet ($3) returned to vityapops
vityapops collected $17.64 from pot
vityapops: doesn't show hand
*** SUMMARY ***
Total pot $18 | Rake $0.36
Board [Js 3h Ac]
Seat 1: yur4ok (button) (small blind) folded on the Flop
Seat 2: vityapops (big blind) collected ($17.64)


PokerStars Hand #147138099730:  Hold'em Limit ($3/$6 USD) - 2016/01/16 10:55:21 ET
Table 'Alemannia II' 2-max Seat #2 is the button
Seat 1: yur4ok ($142.41 in chips)
Seat 2: vityapops ($134.41 in chips)
vityapops: posts small blind $1
yur4ok: posts big blind $3
*** HOLE CARDS ***
vityapops: raises $3 to $6
yur4ok: calls $3
*** FLOP *** [3h 8d Ac]
yur4ok: checks
vityapops: bets $3
yur4ok: calls $3
*** TURN *** [3h 8d Ac] [4d]
yur4ok: checks
vityapops: checks
*** RIVER *** [3h 8d Ac 4d] [Th]
yur4ok: bets $6
vityapops: calls $6
*** SHOW DOWN ***
yur4ok: shows [Js 9d] (high card Ace)
vityapops: shows [Td Qc] (a pair of Tens)
vityapops collected $29.50 from pot
*** SUMMARY ***
Total pot $30 | Rake $0.50
Board [3h 8d Ac 4d Th]
Seat 1: yur4ok (big blind) showed [Js 9d] and lost with high card Ace
Seat 2: vityapops (button) (small blind) showed [Td Qc] and won ($29.50) with a pair of Tens


PokerStars Hand #147138088416:  Hold'em Limit ($3/$6 USD) - 2016/01/16 10:55:06 ET
Table 'Alemannia II' 2-max Seat #1 is the button
Seat 1: yur4ok ($151.41 in chips)
Seat 2: vityapops ($125.77 in chips)
yur4ok: posts small blind $1
vityapops: posts big blind $3
*** HOLE CARDS ***
yur4ok: raises $3 to $6
vityapops: calls $3
*** FLOP *** [9c 8c Jc]
vityapops: checks
yur4ok: bets $3
vityapops: calls $3
*** TURN *** [9c 8c Jc] [2s]
vityapops: checks
yur4ok: checks
*** RIVER *** [9c 8c Jc 2s] [Tc]
vityapops: bets $6
yur4ok: folds
Uncalled bet ($6) returned to vityapops
vityapops collected $17.64 from pot
vityapops: doesn't show hand
*** SUMMARY ***
Total pot $18 | Rake $0.36
Board [9c 8c Jc 2s Tc]
Seat 1: yur4ok (button) (small blind) folded on the River
Seat 2: vityapops (big blind) collected ($17.64)


PokerStars Hand #147138078957:  Hold'em Limit ($3/$6 USD) - 2016/01/16 10:54:55 ET
Table 'Alemannia II' 2-max Seat #2 is the button
Seat 1: yur4ok ($157.41 in chips)
Seat 2: vityapops ($120.01 in chips)
vityapops: posts small blind $1
yur4ok: posts big blind $3
*** HOLE CARDS ***
vityapops: raises $3 to $6
yur4ok: calls $3
*** FLOP *** [2c As Qs]
yur4ok: checks
vityapops: bets $3
yur4ok: folds
Uncalled bet ($3) returned to vityapops
vityapops collected $11.76 from pot
vityapops: doesn't show hand
*** SUMMARY ***
Total pot $12 | Rake $0.24
Board [2c As Qs]
Seat 1: yur4ok (big blind) folded on the Flop
Seat 2: vityapops (button) (small blind) collected ($11.76)


PokerStars Hand #147138051543:  Hold'em Limit ($3/$6 USD) - 2016/01/16 10:54:25 ET
Table 'Alemannia II' 2-max Seat #2 is the button
Seat 1: yur4ok ($110.41 in chips)
Seat 2: vityapops ($168.01 in chips)
vityapops: posts small blind $1
yur4ok: posts big blind $3
*** HOLE CARDS ***
vityapops: raises $3 to $6
yur4ok: calls $3
*** FLOP *** [As 4h 5s]
yur4ok: checks
vityapops: bets $3
yur4ok: raises $3 to $6
vityapops: calls $3
*** TURN *** [As 4h 5s] [4c]
yur4ok: bets $6
vityapops: calls $6
*** RIVER *** [As 4h 5s 4c] [7d]
yur4ok: bets $6
vityapops: calls $6
*** SHOW DOWN ***
yur4ok: shows [5c 4s] (a full house, Fours full of Fives)
vityapops: mucks hand
yur4ok collected $47.50 from pot
*** SUMMARY ***
Total pot $48 | Rake $0.50
Board [As 4h 5s 4c 7d]
Seat 1: yur4ok (big blind) showed [5c 4s] and won ($47.50) with a full house, Fours full of Fives
Seat 2: vityapops (button) (small blind) mucked


PokerStars Hand #147138137489:  Hold'em Limit ($3/$6 USD) - 2016/01/16 10:56:15 ET
Table 'Alemannia II' 2-max Seat #1 is the button
Seat 1: yur4ok ($156.33 in chips)
Seat 2: vityapops ($118.91 in chips)
yur4ok: posts small blind $1
vityapops: posts big blind $3
*** HOLE CARDS ***
yur4ok: raises $3 to $6
vityapops: calls $3
*** FLOP *** [8h 7c 4c]
vityapops: checks
yur4ok: bets $3
vityapops: calls $3
*** TURN *** [8h 7c 4c] [4d]
vityapops: checks
yur4ok: bets $6
vityapops: calls $6
*** RIVER *** [8h 7c 4c 4d] [4s]
vityapops: checks
yur4ok: bets $6
vityapops: folds
Uncalled bet ($6) returned to yur4ok
yur4ok collected $29.50 from pot
yur4ok: doesn't show hand
*** SUMMARY ***
Total pot $30 | Rake $0.50
Board [8h 7c 4c 4d 4s]
Seat 1: yur4ok (button) (small blind) collected ($29.50)
Seat 2: vityapops (big blind) folded on the River


PokerStars Hand #147138128926:  Hold'em Limit ($3/$6 USD) - 2016/01/16 10:56:03 ET
Table 'Alemannia II' 2-max Seat #2 is the button
Seat 1: yur4ok ($144.81 in chips)
Seat 2: vityapops ($130.91 in chips)
vityapops: posts small blind $1
yur4ok: posts big blind $3
*** HOLE CARDS ***
vityapops: raises $3 to $6
yur4ok: calls $3
*** FLOP *** [3h 2c 8s]
yur4ok: checks
vityapops: checks
*** TURN *** [3h 2c 8s] [9h]
yur4ok: bets $6
vityapops: calls $6
*** RIVER *** [3h 2c 8s 9h] [3d]
yur4ok: bets $6
vityapops: folds
Uncalled bet ($6) returned to yur4ok
yur4ok collected $23.52 from pot
yur4ok: doesn't show hand
*** SUMMARY ***
Total pot $24 | Rake $0.48
Board [3h 2c 8s 9h 3d]
Seat 1: yur4ok (big blind) collected ($23.52)
Seat 2: vityapops (button) (small blind) folded on the River


PokerStars Hand #147138119429:  Hold'em Limit ($3/$6 USD) - 2016/01/16 10:55:49 ET
Table 'Alemannia II' 2-max Seat #1 is the button
Seat 1: yur4ok ($139.05 in chips)
Seat 2: vityapops ($136.91 in chips)
yur4ok: posts small blind $1
vityapops: posts big blind $3
*** HOLE CARDS ***
yur4ok: raises $3 to $6
vityapops: calls $3
*** FLOP *** [6c Qd Td]
vityapops: checks
yur4ok: checks
*** TURN *** [6c Qd Td] [As]
vityapops: checks
yur4ok: checks
*** RIVER *** [6c Qd Td As] [Qs]
vityapops: checks
yur4ok: checks
*** SHOW DOWN ***
vityapops: shows [7h 3h] (a pair of Queens)
yur4ok: shows [2d Kh] (a pair of Queens - Ace+King kicker)
yur4ok collected $11.76 from pot
*** SUMMARY ***
Total pot $12 | Rake $0.24
Board [6c Qd Td As Qs]
Seat 1: yur4ok (button) (small blind) showed [2d Kh] and won ($11.76) with a pair of Queens
Seat 2: vityapops (big blind) showed [7h 3h] and lost with a pair of Queens


PokerStars Hand #147138111592:  Hold'em Limit ($3/$6 USD) - 2016/01/16 10:55:38 ET
Table 'Alemannia II' 2-max Seat #2 is the button
Seat 1: yur4ok ($130.41 in chips)
Seat 2: vityapops ($145.91 in chips)
vityapops: posts small blind $1
yur4ok: posts big blind $3
*** HOLE CARDS ***
vityapops: raises $3 to $6
yur4ok: calls $3
*** FLOP *** [7c 7s Ac]
yur4ok: checks
vityapops: bets $3
yur4ok: raises $3 to $6
vityapops: folds
Uncalled bet ($3) returned to yur4ok
yur4ok collected $17.64 from pot
yur4ok: doesn't show hand
*** SUMMARY ***
Total pot $18 | Rake $0.36
Board [7c 7s Ac]
Seat 1: yur4ok (big blind) collected ($17.64)
Seat 2: vityapops (button) (small blind) folded on the Flop


PokerStars Hand #147138108321:  Hold'em Limit ($3/$6 USD) - 2016/01/16 10:55:34 ET
Table 'Alemannia II' 2-max Seat #1 is the button
Seat 1: yur4ok ($127.41 in chips)
Seat 2: vityapops ($148.91 in chips)
yur4ok: posts small blind $1
vityapops: posts big blind $3
*** HOLE CARDS ***
yur4ok: raises $3 to $6
vityapops: folds
Uncalled bet ($3) returned to yur4ok
yur4ok collected $6 from pot
yur4ok: doesn't show hand
*** SUMMARY ***
Total pot $6 | Rake $0
Seat 1: yur4ok (button) (small blind) collected ($6)
Seat 2: vityapops (big blind) folded before Flop


PokerStars Hand #147138182061:  Hold'em Limit ($3/$6 USD) - 2016/01/16 10:57:18 ET
Table 'Alemannia II' 2-max Seat #2 is the button
Seat 1: yur4ok ($155.33 in chips)
Seat 2: vityapops ($118.05 in chips)
vityapops: posts small blind $1
yur4ok: posts big blind $3
*** HOLE CARDS ***
vityapops: raises $3 to $6
yur4ok: folds
Uncalled bet ($3) returned to vityapops
vityapops collected $6 from pot
vityapops: doesn't show hand
*** SUMMARY ***
Total pot $6 | Rake $0
Seat 1: yur4ok (big blind) folded before Flop
Seat 2: vityapops (button) (small blind) collected ($6)


PokerStars Hand #147138174791:  Hold'em Limit ($3/$6 USD) - 2016/01/16 10:57:08 ET
Table 'Alemannia II' 2-max Seat #1 is the button
Seat 1: yur4ok ($164.33 in chips)
Seat 2: vityapops ($109.41 in chips)
yur4ok: posts small blind $1
vityapops: posts big blind $3
*** HOLE CARDS ***
yur4ok: raises $3 to $6
vityapops: raises $3 to $9
yur4ok: calls $3
*** FLOP *** [3s Ac 8d]
vityapops: bets $3
yur4ok: folds
Uncalled bet ($3) returned to vityapops
vityapops collected $17.64 from pot
vityapops: doesn't show hand
*** SUMMARY ***
Total pot $18 | Rake $0.36
Board [3s Ac 8d]
Seat 1: yur4ok (button) (small blind) folded on the Flop
Seat 2: vityapops (big blind) collected ($17.64)


PokerStars Hand #147138166016:  Hold'em Limit ($3/$6 USD) - 2016/01/16 10:56:55 ET
Table 'Alemannia II' 2-max Seat #2 is the button
Seat 1: yur4ok ($146.83 in chips)
Seat 2: vityapops ($127.41 in chips)
vityapops: posts small blind $1
yur4ok: posts big blind $3
*** HOLE CARDS ***
vityapops: raises $3 to $6
yur4ok: raises $3 to $9
vityapops: calls $3
*** FLOP *** [Ah 9c 2h]
yur4ok: bets $3
vityapops: calls $3
*** TURN *** [Ah 9c 2h] [6h]
yur4ok: bets $6
vityapops: calls $6
*** RIVER *** [Ah 9c 2h 6h] [Td]
yur4ok: bets $6
vityapops: folds
Uncalled bet ($6) returned to yur4ok
yur4ok collected $35.50 from pot
yur4ok: doesn't show hand
*** SUMMARY ***
Total pot $36 | Rake $0.50
Board [Ah 9c 2h 6h Td]
Seat 1: yur4ok (big blind) collected ($35.50)
Seat 2: vityapops (button) (small blind) folded on the River


PokerStars Hand #147138162465:  Hold'em Limit ($3/$6 USD) - 2016/01/16 10:56:50 ET
Table 'Alemannia II' 2-max Seat #1 is the button
Seat 1: yur4ok ($143.83 in chips)
Seat 2: vityapops ($130.41 in chips)
yur4ok: posts small blind $1
vityapops: posts big blind $3
*** HOLE CARDS ***
yur4ok: raises $3 to $6
vityapops: folds
Uncalled bet ($3) returned to yur4ok
yur4ok collected $6 from pot
yur4ok: doesn't show hand
*** SUMMARY ***
Total pot $6 | Rake $0
Seat 1: yur4ok (button) (small blind) collected ($6)
Seat 2: vityapops (big blind) folded before Flop


PokerStars Hand #147138147680:  Hold'em Limit ($3/$6 USD) - 2016/01/16 10:56:29 ET
Table 'Alemannia II' 2-max Seat #2 is the button
Seat 1: yur4ok ($170.83 in chips)
Seat 2: vityapops ($103.91 in chips)
vityapops: posts small blind $1
yur4ok: posts big blind $3
*** HOLE CARDS ***
vityapops: raises $3 to $6
yur4ok: raises $3 to $9
vityapops: calls $3
*** FLOP *** [5h 7s 4h]
yur4ok: bets $3
vityapops: raises $3 to $6
yur4ok: calls $3
*** TURN *** [5h 7s 4h] [3h]
yur4ok: checks
vityapops: bets $6
yur4ok: calls $6
*** RIVER *** [5h 7s 4h 3h] [Jc]
yur4ok: checks
vityapops: bets $6
yur4ok: calls $6
*** SHOW DOWN ***
vityapops: shows [Qh 9h] (a flush, Queen high)
yur4ok: mucks hand
vityapops collected $53.50 from pot
*** SUMMARY ***
Total pot $54 | Rake $0.50
Board [5h 7s 4h 3h Jc]
Seat 1: yur4ok (big blind) mucked
Seat 2: vityapops (button) (small blind) showed [Qh 9h] and won ($53.50) with a flush, Queen high


PokerStars Hand #147138222747:  Hold'em Limit ($3/$6 USD) - 2016/01/16 10:58:10 ET
Table 'Alemannia II' 2-max Seat #2 is the button
Seat 1: yur4ok ($175.22 in chips)
Seat 2: vityapops ($96.80 in chips)
vityapops: posts small blind $1
yur4ok: posts big blind $3
*** HOLE CARDS ***
vityapops: raises $3 to $6
yur4ok: calls $3
*** FLOP *** [3d 4s 3s]
yur4ok: checks
vityapops: checks
*** TURN *** [3d 4s 3s] [Jd]
yur4ok: bets $6
vityapops: raises $6 to $12
yur4ok: calls $6
*** RIVER *** [3d 4s 3s Jd] [5c]
yur4ok: checks
vityapops: bets $6
yur4ok: calls $6
*** SHOW DOWN ***
vityapops: shows [Jh Td] (two pair, Jacks and Threes)
yur4ok: mucks hand
vityapops collected $47.50 from pot
*** SUMMARY ***
Total pot $48 | Rake $0.50
Board [3d 4s 3s Jd 5c]
Seat 1: yur4ok (big blind) mucked
Seat 2: vityapops (button) (small blind) showed [Jh Td] and won ($47.50) with two pair, Jacks and Threes


PokerStars Hand #147138197015:  Hold'em Limit ($3/$6 USD) - 2016/01/16 10:57:39 ET
Table 'Alemannia II' 2-max Seat #2 is the button
Seat 1: yur4ok ($152.08 in chips)
Seat 2: vityapops ($120.80 in chips)
vityapops: posts small blind $1
yur4ok: posts big blind $3
*** HOLE CARDS ***
vityapops: raises $3 to $6
yur4ok: calls $3
*** FLOP *** [2h 2d 7c]
yur4ok: checks
vityapops: bets $3
yur4ok: calls $3
*** TURN *** [2h 2d 7c] [6d]
yur4ok: checks
vityapops: bets $6
yur4ok: calls $6
*** RIVER *** [2h 2d 7c 6d] [9h]
yur4ok: checks
vityapops: checks
*** SHOW DOWN ***
yur4ok: shows [9s Kd] (two pair, Nines and Deuces)
vityapops: mucks hand
yur4ok collected $29.50 from pot
*** SUMMARY ***
Total pot $30 | Rake $0.50
Board [2h 2d 7c 6d 9h]
Seat 1: yur4ok (big blind) showed [9s Kd] and won ($29.50) with two pair, Nines and Deuces
Seat 2: vityapops (button) (small blind) mucked


PokerStars Hand #147138207668:  Hold'em Limit ($3/$6 USD) - 2016/01/16 10:57:54 ET
Table 'Alemannia II' 2-max Seat #1 is the button
Seat 1: yur4ok ($166.58 in chips)
Seat 2: vityapops ($105.80 in chips)
yur4ok: posts small blind $1
vityapops: posts big blind $3
*** HOLE CARDS ***
yur4ok: raises $3 to $6
vityapops: calls $3
*** FLOP *** [8c Qd 2c]
vityapops: checks
yur4ok: bets $3
vityapops: calls $3
*** TURN *** [8c Qd 2c] [5h]
vityapops: checks
yur4ok: checks
*** RIVER *** [8c Qd 2c 5h] [9s]
vityapops: checks
yur4ok: checks
*** SHOW DOWN ***
vityapops: shows [Kc 4s] (high card King)
yur4ok: shows [2h Jd] (a pair of Deuces)
yur4ok collected $17.64 from pot
*** SUMMARY ***
Total pot $18 | Rake $0.36
Board [8c Qd 2c 5h 9s]
Seat 1: yur4ok (button) (small blind) showed [2h Jd] and won ($17.64) with a pair of Deuces
Seat 2: vityapops (big blind) showed [Kc 4s] and lost with high card King


PokerStars Hand #147138185831:  Hold'em Limit ($3/$6 USD) - 2016/01/16 10:57:23 ET
Table 'Alemannia II' 2-max Seat #1 is the button
Seat 1: yur4ok ($152.33 in chips)
Seat 2: vityapops ($121.05 in chips)
yur4ok: posts small blind $1
vityapops: posts big blind $3
*** HOLE CARDS ***
yur4ok: raises $3 to $6
vityapops: raises $3 to $9
yur4ok: calls $3
*** FLOP *** [8d 4c 3h]
vityapops: bets $3
yur4ok: calls $3
*** TURN *** [8d 4c 3h] [3d]
vityapops: bets $6
yur4ok: calls $6
*** RIVER *** [8d 4c 3h 3d] [8c]
vityapops: bets $6
yur4ok: calls $6
*** SHOW DOWN ***
vityapops: shows [Js Ad] (two pair, Eights and Threes)
yur4ok: shows [6s Ah] (two pair, Eights and Threes)
vityapops collected $23.75 from pot
yur4ok collected $23.75 from pot
*** SUMMARY ***
Total pot $48 | Rake $0.50
Board [8d 4c 3h 3d 8c]
Seat 1: yur4ok (button) (small blind) showed [6s Ah] and won ($23.75) with two pair, Eights and Threes
Seat 2: vityapops (big blind) showed [Js Ad] and won ($23.75) with two pair, Eights and Threes


PokerStars Hand #147138256768:  Hold'em Limit ($3/$6 USD) - 2016/01/16 10:58:44 ET
Table 'Alemannia II' 2-max Seat #2 is the button
Seat 1: yur4ok ($168.72 in chips)
Seat 2: vityapops ($102.30 in chips)
vityapops: posts small blind $1
yur4ok: posts big blind $3
*** HOLE CARDS ***
vityapops: raises $3 to $6
yur4ok: raises $3 to $9
vityapops: calls $3
*** FLOP *** [Qh Jc 2s]
yur4ok: bets $3
vityapops: calls $3
*** TURN *** [Qh Jc 2s] [Kc]
yur4ok: bets $6
vityapops: calls $6
*** RIVER *** [Qh Jc 2s Kc] [2c]
yur4ok: checks
vityapops: checks
*** SHOW DOWN ***
yur4ok: shows [Ad 9d] (a pair of Deuces)
vityapops: shows [Td Th] (two pair, Tens and Deuces)
vityapops collected $35.50 from pot
*** SUMMARY ***
Total pot $36 | Rake $0.50
Board [Qh Jc 2s Kc 2c]
Seat 1: yur4ok (big blind) showed [Ad 9d] and lost with a pair of Deuces
Seat 2: vityapops (button) (small blind) showed [Td Th] and won ($35.50) with two pair, Tens and Deuces


PokerStars Hand #147138267595:  Hold'em Limit ($3/$6 USD) - 2016/01/16 10:58:57 ET
Table 'Alemannia II' 2-max Seat #1 is the button
Seat 1: yur4ok ($150.72 in chips)
Seat 2: vityapops ($119.80 in chips)
yur4ok: posts small blind $1
vityapops: posts big blind $3
*** HOLE CARDS ***
yur4ok: raises $3 to $6
vityapops: calls $3
*** FLOP *** [Js 2d Jc]
vityapops: checks
yur4ok: bets $3
vityapops: raises $3 to $6
yur4ok: calls $3
*** TURN *** [Js 2d Jc] [7c]
vityapops: bets $6
yur4ok: folds
Uncalled bet ($6) returned to vityapops
vityapops collected $23.52 from pot
vityapops: doesn't show hand
*** SUMMARY ***
Total pot $24 | Rake $0.48
Board [Js 2d Jc 7c]
Seat 1: yur4ok (button) (small blind) folded on the Turn
Seat 2: vityapops (big blind) collected ($23.52)


PokerStars Hand #147138289726:  Hold'em Limit ($3/$6 USD) - 2016/01/16 10:59:28 ET
Table 'Alemannia II' 2-max Seat #1 is the button
Seat 1: yur4ok ($147.36 in chips)
Seat 2: vityapops ($122.32 in chips)
yur4ok: posts small blind $1
vityapops: posts big blind $3
*** HOLE CARDS ***
yur4ok: raises $3 to $6
vityapops: folds
Uncalled bet ($3) returned to yur4ok
yur4ok collected $6 from pot
yur4ok: doesn't show hand
*** SUMMARY ***
Total pot $6 | Rake $0
Seat 1: yur4ok (button) (small blind) collected ($6)
Seat 2: vityapops (big blind) folded before Flop


PokerStars Hand #147138279027:  Hold'em Limit ($3/$6 USD) - 2016/01/16 10:59:15 ET
Table 'Alemannia II' 2-max Seat #2 is the button
Seat 1: yur4ok ($138.72 in chips)
Seat 2: vityapops ($131.32 in chips)
vityapops: posts small blind $1
yur4ok: posts big blind $3
*** HOLE CARDS ***
vityapops: raises $3 to $6
yur4ok: calls $3
*** FLOP *** [Qs 4c Td]
yur4ok: checks
vityapops: bets $3
yur4ok: calls $3
*** TURN *** [Qs 4c Td] [9s]
yur4ok: checks
vityapops: checks
*** RIVER *** [Qs 4c Td 9s] [6s]
yur4ok: bets $6
vityapops: folds
Uncalled bet ($6) returned to yur4ok
yur4ok collected $17.64 from pot
yur4ok: doesn't show hand
*** SUMMARY ***
Total pot $18 | Rake $0.36
Board [Qs 4c Td 9s 6s]
Seat 1: yur4ok (big blind) collected ($17.64)
Seat 2: vityapops (button) (small blind) folded on the River


PokerStars Hand #147138240873:  Hold'em Limit ($3/$6 USD) - 2016/01/16 10:58:27 ET
Table 'Alemannia II' 2-max Seat #1 is the button
Seat 1: yur4ok ($151.22 in chips)
Seat 2: vityapops ($120.30 in chips)
yur4ok: posts small blind $1
vityapops: posts big blind $3
*** HOLE CARDS ***
yur4ok: raises $3 to $6
vityapops: calls $3
*** FLOP *** [6h 4h 2s]
vityapops: checks
yur4ok: checks
*** TURN *** [6h 4h 2s] [3h]
vityapops: bets $6
yur4ok: calls $6
*** RIVER *** [6h 4h 2s 3h] [9h]
vityapops: checks
yur4ok: bets $6
vityapops: calls $6
*** SHOW DOWN ***
yur4ok: shows [Th 7d] (a flush, Ten high)
vityapops: mucks hand
yur4ok collected $35.50 from pot
*** SUMMARY ***
Total pot $36 | Rake $0.50
Board [6h 4h 2s 3h 9h]
Seat 1: yur4ok (button) (small blind) showed [Th 7d] and won ($35.50) with a flush, Ten high
Seat 2: vityapops (big blind) mucked


PokerStars Hand #147138297436:  Hold'em Limit ($3/$6 USD) - 2016/01/16 10:59:39 ET
Table 'Alemannia II' 2-max Seat #1 is the button
Seat 1: yur4ok ($147.36 in chips)
Seat 2: vityapops ($122.32 in chips)
yur4ok: posts small blind $1
vityapops: posts big blind $3
*** HOLE CARDS ***
yur4ok: raises $3 to $6
vityapops: calls $3
*** FLOP *** [Ah Ad 7h]
vityapops: bets $3
yur4ok: raises $3 to $6
vityapops: calls $3
*** TURN *** [Ah Ad 7h] [9s]
vityapops: checks
yur4ok: bets $6
vityapops: calls $6
*** RIVER *** [Ah Ad 7h 9s] [6h]
vityapops: bets $6
yur4ok: raises $6 to $12
vityapops: calls $6
*** SHOW DOWN ***
yur4ok: shows [As 9d] (a full house, Aces full of Nines)
vityapops: mucks hand
yur4ok collected $59.50 from pot
*** SUMMARY ***
Total pot $60 | Rake $0.50
Board [Ah Ad 7h 9s 6h]
Seat 1: yur4ok (button) (small blind) showed [As 9d] and won ($59.50) with a full house, Aces full of Nines
Seat 2: vityapops (big blind) mucked


PokerStars Hand #147138309479:  Hold'em Limit ($3/$6 USD) - 2016/01/16 10:59:56 ET
Table 'Alemannia II' 2-max Seat #2 is the button
Seat 1: yur4ok ($176.86 in chips)
Seat 2: vityapops ($92.32 in chips)
vityapops: posts small blind $1
yur4ok: posts big blind $3
*** HOLE CARDS ***
vityapops: raises $3 to $6
yur4ok: calls $3
*** FLOP *** [5s 7h 8h]
yur4ok: checks
vityapops: bets $3
yur4ok: calls $3
*** TURN *** [5s 7h 8h] [8c]
yur4ok: checks
vityapops: bets $6
yur4ok: calls $6
*** RIVER *** [5s 7h 8h 8c] [7s]
yur4ok: checks
vityapops: checks
*** SHOW DOWN ***
yur4ok: shows [Kc 6c] (two pair, Eights and Sevens)
vityapops: shows [As 9d] (two pair, Eights and Sevens - Ace kicker)
vityapops collected $29.50 from pot
*** SUMMARY ***
Total pot $30 | Rake $0.50
Board [5s 7h 8h 8c 7s]
Seat 1: yur4ok (big blind) showed [Kc 6c] and lost with two pair, Eights and Sevens
Seat 2: vityapops (button) (small blind) showed [As 9d] and won ($29.50) with two pair, Eights and Sevens


PokerStars Hand #147138323605:  Hold'em Limit ($3/$6 USD) - 2016/01/16 11:00:11 ET
Table 'Alemannia II' 2-max Seat #1 is the button
Seat 1: yur4ok ($161.86 in chips)
Seat 2: vityapops ($106.82 in chips)
yur4ok: posts small blind $1
vityapops: posts big blind $3
*** HOLE CARDS ***
yur4ok: raises $3 to $6
vityapops: calls $3
*** FLOP *** [3h 7h Jh]
vityapops: checks
yur4ok: checks
*** TURN *** [3h 7h Jh] [6c]
vityapops: checks
yur4ok: checks
*** RIVER *** [3h 7h Jh 6c] [5h]
vityapops: checks
yur4ok: checks
*** SHOW DOWN ***
vityapops: shows [4d Ts] (a straight, Three to Seven)
yur4ok: mucks hand
vityapops collected $11.76 from pot
*** SUMMARY ***
Total pot $12 | Rake $0.24
Board [3h 7h Jh 6c 5h]
Seat 1: yur4ok (button) (small blind) mucked
Seat 2: vityapops (big blind) showed [4d Ts] and won ($11.76) with a straight, Three to Seven


PokerStars Hand #147138335214:  Hold'em Limit ($3/$6 USD) - 2016/01/16 11:00:27 ET
Table 'Alemannia II' 2-max Seat #2 is the button
Seat 1: yur4ok ($155.86 in chips)
Seat 2: vityapops ($112.58 in chips)
vityapops: posts small blind $1
yur4ok: posts big blind $3
*** HOLE CARDS ***
vityapops: raises $3 to $6
yur4ok: folds
Uncalled bet ($3) returned to vityapops
vityapops collected $6 from pot
vityapops: doesn't show hand
*** SUMMARY ***
Total pot $6 | Rake $0
Seat 1: yur4ok (big blind) folded before Flop
Seat 2: vityapops (button) (small blind) collected ($6)


PokerStars Hand #147138292950:  Hold'em Limit ($3/$6 USD) - 2016/01/16 10:59:33 ET
Table 'Alemannia II' 2-max Seat #2 is the button
Seat 1: yur4ok ($150.36 in chips)
Seat 2: vityapops ($119.32 in chips)
vityapops: posts small blind $1
yur4ok: posts big blind $3
*** HOLE CARDS ***
vityapops: raises $3 to $6
yur4ok: folds
Uncalled bet ($3) returned to vityapops
vityapops collected $6 from pot
vityapops: doesn't show hand
*** SUMMARY ***
Total pot $6 | Rake $0
Seat 1: yur4ok (big blind) folded before Flop
Seat 2: vityapops (button) (small blind) collected ($6)


PokerStars Hand #147138373805:  Hold'em Limit ($3/$6 USD) - 2016/01/16 11:01:14 ET
Table 'Alemannia II' 2-max Seat #1 is the button
Seat 1: yur4ok ($153.36 in chips)
Seat 2: vityapops ($113.98 in chips)
yur4ok: posts small blind $1
vityapops: posts big blind $3
*** HOLE CARDS ***
yur4ok: raises $3 to $6
vityapops: calls $3
*** FLOP *** [Kc 5d Qd]
vityapops: checks
yur4ok: bets $3
vityapops: calls $3
*** TURN *** [Kc 5d Qd] [Kd]
vityapops: checks
yur4ok: bets $6
vityapops: calls $6
*** RIVER *** [Kc 5d Qd Kd] [7d]
vityapops: checks
yur4ok: bets $6
vityapops: calls $6
*** SHOW DOWN ***
yur4ok: shows [Ks 7c] (a full house, Kings full of Sevens)
vityapops: mucks hand
yur4ok collected $41.50 from pot
*** SUMMARY ***
Total pot $42 | Rake $0.50
Board [Kc 5d Qd Kd 7d]
Seat 1: yur4ok (button) (small blind) showed [Ks 7c] and won ($41.50) with a full house, Kings full of Sevens
Seat 2: vityapops (big blind) mucked


PokerStars Hand #147138351267:  Hold'em Limit ($3/$6 USD) - 2016/01/16 11:00:48 ET
Table 'Alemannia II' 2-max Seat #2 is the button
Seat 1: yur4ok ($167.36 in chips)
Seat 2: vityapops ($100.58 in chips)
vityapops: posts small blind $1
yur4ok: posts big blind $3
*** HOLE CARDS ***
vityapops: folds
Uncalled bet ($2) returned to yur4ok
yur4ok collected $2 from pot
yur4ok: doesn't show hand
*** SUMMARY ***
Total pot $2 | Rake $0
Seat 1: yur4ok (big blind) collected ($2)
Seat 2: vityapops (button) (small blind) folded before Flop


PokerStars Hand #147138339654:  Hold'em Limit ($3/$6 USD) - 2016/01/16 11:00:33 ET
Table 'Alemannia II' 2-max Seat #1 is the button
Seat 1: yur4ok ($152.86 in chips)
Seat 2: vityapops ($115.58 in chips)
yur4ok: posts small blind $1
vityapops: posts big blind $3
*** HOLE CARDS ***
yur4ok: raises $3 to $6
vityapops: calls $3
*** FLOP *** [Kh 2h 2c]
vityapops: checks
yur4ok: bets $3
vityapops: calls $3
*** TURN *** [Kh 2h 2c] [3h]
vityapops: checks
yur4ok: bets $6
vityapops: calls $6
*** RIVER *** [Kh 2h 2c 3h] [4s]
vityapops: checks
yur4ok: checks
*** SHOW DOWN ***
vityapops: shows [8c Qh] (a pair of Deuces)
yur4ok: shows [9c Ad] (a pair of Deuces - Ace kicker)
yur4ok collected $29.50 from pot
*** SUMMARY ***
Total pot $30 | Rake $0.50
Board [Kh 2h 2c 3h 4s]
Seat 1: yur4ok (button) (small blind) showed [9c Ad] and won ($29.50) with a pair of Deuces
Seat 2: vityapops (big blind) showed [8c Qh] and lost with a pair of Deuces


PokerStars Hand #147138355877:  Hold'em Limit ($3/$6 USD) - 2016/01/16 11:00:53 ET
Table 'Alemannia II' 2-max Seat #1 is the button
Seat 1: yur4ok ($168.36 in chips)
Seat 2: vityapops ($99.58 in chips)
yur4ok: posts small blind $1
vityapops: posts big blind $3
*** HOLE CARDS ***
yur4ok: raises $3 to $6
vityapops: calls $3
*** FLOP *** [Js 4d 3h]
vityapops: checks
yur4ok: bets $3
vityapops: calls $3
*** TURN *** [Js 4d 3h] [Qc]
vityapops: checks
yur4ok: checks
*** RIVER *** [Js 4d 3h Qc] [Td]
vityapops: bets $6
yur4ok: folds
Uncalled bet ($6) returned to vityapops
vityapops collected $17.64 from pot
vityapops: doesn't show hand
*** SUMMARY ***
Total pot $18 | Rake $0.36
Board [Js 4d 3h Qc Td]
Seat 1: yur4ok (button) (small blind) folded on the River
Seat 2: vityapops (big blind) collected ($17.64)


PokerStars Hand #147138366743:  Hold'em Limit ($3/$6 USD) - 2016/01/16 11:01:06 ET
Table 'Alemannia II' 2-max Seat #2 is the button
Seat 1: yur4ok ($159.36 in chips)
Seat 2: vityapops ($108.22 in chips)
vityapops: posts small blind $1
yur4ok: posts big blind $3
*** HOLE CARDS ***
vityapops: raises $3 to $6
yur4ok: calls $3
*** FLOP *** [Jc 9c Qd]
yur4ok: checks
vityapops: bets $3
yur4ok: folds
Uncalled bet ($3) returned to vityapops
vityapops collected $11.76 from pot
vityapops: doesn't show hand
*** SUMMARY ***
Total pot $12 | Rake $0.24
Board [Jc 9c Qd]
Seat 1: yur4ok (big blind) folded on the Flop
Seat 2: vityapops (button) (small blind) collected ($11.76)


PokerStars Hand #147138387550:  Hold'em Limit ($3/$6 USD) - 2016/01/16 11:01:31 ET
Table 'Alemannia II' 2-max Seat #2 is the button
Seat 1: yur4ok ($173.86 in chips)
Seat 2: vityapops ($92.98 in chips)
vityapops: posts small blind $1
yur4ok: posts big blind $3
*** HOLE CARDS ***
vityapops: raises $3 to $6
yur4ok: calls $3
*** FLOP *** [Qh 5s Ks]
yur4ok: checks
vityapops: bets $3
yur4ok: raises $3 to $6
vityapops: calls $3
*** TURN *** [Qh 5s Ks] [2s]
yur4ok: bets $6
vityapops: folds
Uncalled bet ($6) returned to yur4ok
yur4ok collected $23.52 from pot
yur4ok: doesn't show hand
*** SUMMARY ***
Total pot $24 | Rake $0.48
Board [Qh 5s Ks 2s]
Seat 1: yur4ok (big blind) collected ($23.52)
Seat 2: vityapops (button) (small blind) folded on the Turn


PokerStars Hand #147138398285:  Hold'em Limit ($3/$6 USD) - 2016/01/16 11:01:43 ET
Table 'Alemannia II' 2-max Seat #1 is the button
Seat 1: yur4ok ($185.38 in chips)
Seat 2: vityapops ($80.98 in chips)
yur4ok: posts small blind $1
vityapops: posts big blind $3
*** HOLE CARDS ***
yur4ok: raises $3 to $6
vityapops: raises $3 to $9
yur4ok: calls $3
*** FLOP *** [7d 8d 4s]
vityapops: bets $3
yur4ok: calls $3
*** TURN *** [7d 8d 4s] [3d]
vityapops: bets $6
yur4ok: calls $6
*** RIVER *** [7d 8d 4s 3d] [Ac]
vityapops: bets $6
yur4ok: raises $6 to $12
vityapops: calls $6
*** SHOW DOWN ***
yur4ok: shows [As 6h] (a pair of Aces)
vityapops: shows [Ad Kh] (a pair of Aces - King kicker)
vityapops collected $59.50 from pot
*** SUMMARY ***
Total pot $60 | Rake $0.50
Board [7d 8d 4s 3d Ac]
Seat 1: yur4ok (button) (small blind) showed [As 6h] and lost with a pair of Aces
Seat 2: vityapops (big blind) showed [Ad Kh] and won ($59.50) with a pair of Aces


PokerStars Hand #147138421544:  Hold'em Limit ($3/$6 USD) - 2016/01/16 11:02:08 ET
Table 'Alemannia II' 2-max Seat #1 is the button
Seat 1: yur4ok ($149.38 in chips)
Seat 2: vityapops ($116.24 in chips)
yur4ok: posts small blind $1
vityapops: posts big blind $3
*** HOLE CARDS ***
yur4ok: raises $3 to $6
vityapops: folds
Uncalled bet ($3) returned to yur4ok
yur4ok collected $6 from pot
yur4ok: doesn't show hand
*** SUMMARY ***
Total pot $6 | Rake $0
Seat 1: yur4ok (button) (small blind) collected ($6)
Seat 2: vityapops (big blind) folded before Flop


PokerStars Hand #147138412724:  Hold'em Limit ($3/$6 USD) - 2016/01/16 11:01:59 ET
Table 'Alemannia II' 2-max Seat #2 is the button
Seat 1: yur4ok ($155.38 in chips)
Seat 2: vityapops ($110.48 in chips)
vityapops: posts small blind $1
yur4ok: posts big blind $3
*** HOLE CARDS ***
vityapops: raises $3 to $6
yur4ok: calls $3
*** FLOP *** [4h Ah Qc]
yur4ok: checks
vityapops: bets $3
yur4ok: folds
Uncalled bet ($3) returned to vityapops
vityapops collected $11.76 from pot
vityapops: doesn't show hand
*** SUMMARY ***
Total pot $12 | Rake $0.24
Board [4h Ah Qc]
Seat 1: yur4ok (big blind) folded on the Flop
Seat 2: vityapops (button) (small blind) collected ($11.76)


PokerStars Hand #147138426292:  Hold'em Limit ($3/$6 USD) - 2016/01/16 11:02:13 ET
Table 'Alemannia II' 2-max Seat #2 is the button
Seat 1: yur4ok ($152.38 in chips)
Seat 2: vityapops ($113.24 in chips)
vityapops: posts small blind $1
yur4ok: posts big blind $3
*** HOLE CARDS ***
vityapops: raises $3 to $6
yur4ok: calls $3
*** FLOP *** [Jd 7c 9c]
yur4ok: checks
vityapops: bets $3
yur4ok: folds
Uncalled bet ($3) returned to vityapops
vityapops collected $11.76 from pot
vityapops: doesn't show hand
*** SUMMARY ***
Total pot $12 | Rake $0.24
Board [Jd 7c 9c]
Seat 1: yur4ok (big blind) folded on the Flop
Seat 2: vityapops (button) (small blind) collected ($11.76)


PokerStars Hand #147138434177:  Hold'em Limit ($3/$6 USD) - 2016/01/16 11:02:22 ET
Table 'Alemannia II' 2-max Seat #1 is the button
Seat 1: yur4ok ($146.38 in chips)
Seat 2: vityapops ($119 in chips)
yur4ok: posts small blind $1
vityapops: posts big blind $3
*** HOLE CARDS ***
yur4ok: raises $3 to $6
vityapops: calls $3
*** FLOP *** [As 9s 8s]
vityapops: checks
yur4ok: bets $3
vityapops: raises $3 to $6
yur4ok: calls $3
*** TURN *** [As 9s 8s] [3d]
vityapops: bets $6
yur4ok: calls $6
*** RIVER *** [As 9s 8s 3d] [9c]
vityapops: bets $6
yur4ok: calls $6
*** SHOW DOWN ***
vityapops: shows [7c Tc] (a pair of Nines)
yur4ok: shows [2s 2h] (two pair, Nines and Deuces)
yur4ok collected $47.50 from pot
*** SUMMARY ***
Total pot $48 | Rake $0.50
Board [As 9s 8s 3d 9c]
Seat 1: yur4ok (button) (small blind) showed [2s 2h] and won ($47.50) with two pair, Nines and Deuces
Seat 2: vityapops (big blind) showed [7c Tc] and lost with a pair of Nines


PokerStars Hand #147138455099:  Hold'em Limit ($3/$6 USD) - 2016/01/16 11:02:44 ET
Table 'Alemannia II' 2-max Seat #2 is the button
Seat 1: yur4ok ($169.88 in chips)
Seat 2: vityapops ($95 in chips)
vityapops: posts small blind $1
yur4ok: posts big blind $3
*** HOLE CARDS ***
vityapops: raises $3 to $6
yur4ok: folds
Uncalled bet ($3) returned to vityapops
vityapops collected $6 from pot
vityapops: doesn't show hand
*** SUMMARY ***
Total pot $6 | Rake $0
Seat 1: yur4ok (big blind) folded before Flop
Seat 2: vityapops (button) (small blind) collected ($6)


PokerStars Hand #147138459855:  Hold'em Limit ($3/$6 USD) - 2016/01/16 11:02:49 ET
Table 'Alemannia II' 2-max Seat #1 is the button
Seat 1: yur4ok ($166.88 in chips)
Seat 2: vityapops ($98 in chips)
yur4ok: posts small blind $1
vityapops: posts big blind $3
*** HOLE CARDS ***
yur4ok: raises $3 to $6
vityapops: calls $3
*** FLOP *** [2h 9c 4c]
vityapops: checks
yur4ok: checks
*** TURN *** [2h 9c 4c] [8h]
vityapops: bets $6
yur4ok: calls $6
*** RIVER *** [2h 9c 4c 8h] [3h]
vityapops: bets $6
yur4ok: folds
Uncalled bet ($6) returned to vityapops
vityapops collected $23.52 from pot
vityapops: doesn't show hand
*** SUMMARY ***
Total pot $24 | Rake $0.48
Board [2h 9c 4c 8h 3h]
Seat 1: yur4ok (button) (small blind) folded on the River
Seat 2: vityapops (big blind) collected ($23.52)


PokerStars Hand #147138475791:  Hold'em Limit ($3/$6 USD) - 2016/01/16 11:03:05 ET
Table 'Alemannia II' 2-max Seat #2 is the button
Seat 1: yur4ok ($154.88 in chips)
Seat 2: vityapops ($109.52 in chips)
vityapops: posts small blind $1
yur4ok: posts big blind $3
*** HOLE CARDS ***
vityapops: raises $3 to $6
yur4ok: calls $3
*** FLOP *** [6s 7h Ac]
yur4ok: checks
vityapops: bets $3
yur4ok: folds
Uncalled bet ($3) returned to vityapops
vityapops collected $11.76 from pot
vityapops: doesn't show hand
*** SUMMARY ***
Total pot $12 | Rake $0.24
Board [6s 7h Ac]
Seat 1: yur4ok (big blind) folded on the Flop
Seat 2: vityapops (button) (small blind) collected ($11.76)


PokerStars Hand #147138485619:  Hold'em Limit ($3/$6 USD) - 2016/01/16 11:03:15 ET
Table 'Alemannia II' 2-max Seat #1 is the button
Seat 1: yur4ok ($148.88 in chips)
Seat 2: vityapops ($115.28 in chips)
yur4ok: posts small blind $1
vityapops: posts big blind $3
*** HOLE CARDS ***
yur4ok: raises $3 to $6
vityapops: folds
Uncalled bet ($3) returned to yur4ok
yur4ok collected $6 from pot
yur4ok: doesn't show hand
*** SUMMARY ***
Total pot $6 | Rake $0
Seat 1: yur4ok (button) (small blind) collected ($6)
Seat 2: vityapops (big blind) folded before Flop


PokerStars Hand #147138502416:  Hold'em Limit ($3/$6 USD) - 2016/01/16 11:03:33 ET
Table 'Alemannia II' 2-max Seat #1 is the button
Seat 1: yur4ok ($163.40 in chips)
Seat 2: vityapops ($100.28 in chips)
yur4ok: posts small blind $1
vityapops: posts big blind $3
*** HOLE CARDS ***
yur4ok: folds
Uncalled bet ($2) returned to vityapops
vityapops collected $2 from pot
vityapops: doesn't show hand
*** SUMMARY ***
Total pot $2 | Rake $0
Seat 1: yur4ok (button) (small blind) folded before Flop
Seat 2: vityapops (big blind) collected ($2)


PokerStars Hand #147138490249:  Hold'em Limit ($3/$6 USD) - 2016/01/16 11:03:20 ET
Table 'Alemannia II' 2-max Seat #2 is the button
Seat 1: yur4ok ($151.88 in chips)
Seat 2: vityapops ($112.28 in chips)
vityapops: posts small blind $1
yur4ok: posts big blind $3
*** HOLE CARDS ***
vityapops: raises $3 to $6
yur4ok: raises $3 to $9
vityapops: calls $3
*** FLOP *** [Kd 6h Ts]
yur4ok: bets $3
vityapops: calls $3
*** TURN *** [Kd 6h Ts] [3d]
yur4ok: bets $6
vityapops: folds
Uncalled bet ($6) returned to yur4ok
yur4ok collected $23.52 from pot
yur4ok: doesn't show hand
*** SUMMARY ***
Total pot $24 | Rake $0.48
Board [Kd 6h Ts 3d]
Seat 1: yur4ok (big blind) collected ($23.52)
Seat 2: vityapops (button) (small blind) folded on the Turn


PokerStars Hand #147138506517:  Hold'em Limit ($3/$6 USD) - 2016/01/16 11:03:37 ET
Table 'Alemannia II' 2-max Seat #2 is the button
Seat 1: yur4ok ($162.40 in chips)
Seat 2: vityapops ($101.28 in chips)
vityapops: posts small blind $1
yur4ok: posts big blind $3
*** HOLE CARDS ***
vityapops: raises $3 to $6
yur4ok: calls $3
*** FLOP *** [9d 3h 3d]
yur4ok: checks
vityapops: bets $3
yur4ok: calls $3
*** TURN *** [9d 3h 3d] [5d]
yur4ok: checks
vityapops: checks
*** RIVER *** [9d 3h 3d 5d] [Qd]
yur4ok: checks
vityapops: bets $6
yur4ok: folds
Uncalled bet ($6) returned to vityapops
vityapops collected $17.64 from pot
vityapops: doesn't show hand
*** SUMMARY ***
Total pot $18 | Rake $0.36
Board [9d 3h 3d 5d Qd]
Seat 1: yur4ok (big blind) folded on the River
Seat 2: vityapops (button) (small blind) collected ($17.64)


PokerStars Hand #147138539989:  Hold'em Limit ($3/$6 USD) - 2016/01/16 11:04:11 ET
Table 'Alemannia II' 2-max Seat #2 is the button
Seat 1: yur4ok ($182.90 in chips)
Seat 2: vityapops ($79.92 in chips)
vityapops: posts small blind $1
yur4ok: posts big blind $3
*** HOLE CARDS ***
vityapops: folds
Uncalled bet ($2) returned to yur4ok
yur4ok collected $2 from pot
yur4ok: doesn't show hand
*** SUMMARY ***
Total pot $2 | Rake $0
Seat 1: yur4ok (big blind) collected ($2)
Seat 2: vityapops (button) (small blind) folded before Flop


PokerStars Hand #147138521978:  Hold'em Limit ($3/$6 USD) - 2016/01/16 11:03:53 ET
Table 'Alemannia II' 2-max Seat #1 is the button
Seat 1: yur4ok ($153.40 in chips)
Seat 2: vityapops ($109.92 in chips)
yur4ok: posts small blind $1
vityapops: posts big blind $3
*** HOLE CARDS ***
yur4ok: raises $3 to $6
vityapops: calls $3
*** FLOP *** [Qd 6d Ah]
vityapops: checks
yur4ok: bets $3
vityapops: raises $3 to $6
yur4ok: calls $3
*** TURN *** [Qd 6d Ah] [Qs]
vityapops: bets $6
yur4ok: calls $6
*** RIVER *** [Qd 6d Ah Qs] [Js]
vityapops: bets $6
yur4ok: raises $6 to $12
vityapops: calls $6
*** SHOW DOWN ***
yur4ok: shows [Qh 9d] (three of a kind, Queens)
vityapops: mucks hand
yur4ok collected $59.50 from pot
*** SUMMARY ***
Total pot $60 | Rake $0.50
Board [Qd 6d Ah Qs Js]
Seat 1: yur4ok (button) (small blind) showed [Qh 9d] and won ($59.50) with three of a kind, Queens
Seat 2: vityapops (big blind) mucked


PokerStars Hand #147138560604:  Hold'em Limit ($3/$6 USD) - 2016/01/16 11:04:32 ET
Table 'Alemannia II' 2-max Seat #2 is the button
Seat 1: yur4ok ($195.42 in chips)
Seat 2: vityapops ($66.92 in chips)
vityapops: posts small blind $1
yur4ok: posts big blind $3
*** HOLE CARDS ***
vityapops: raises $3 to $6
yur4ok: folds
Uncalled bet ($3) returned to vityapops
vityapops collected $6 from pot
vityapops: doesn't show hand
*** SUMMARY ***
Total pot $6 | Rake $0
Seat 1: yur4ok (big blind) folded before Flop
Seat 2: vityapops (button) (small blind) collected ($6)


PokerStars Hand #147138545116:  Hold'em Limit ($3/$6 USD) - 2016/01/16 11:04:17 ET
Table 'Alemannia II' 2-max Seat #1 is the button
Seat 1: yur4ok ($183.90 in chips)
Seat 2: vityapops ($78.92 in chips)
yur4ok: posts small blind $1
vityapops: posts big blind $3
*** HOLE CARDS ***
yur4ok: raises $3 to $6
vityapops: calls $3
*** FLOP *** [6d 8d 3s]
vityapops: checks
yur4ok: checks
*** TURN *** [6d 8d 3s] [3h]
vityapops: bets $6
yur4ok: calls $6
*** RIVER *** [6d 8d 3s 3h] [4h]
vityapops: checks
yur4ok: bets $6
vityapops: folds
Uncalled bet ($6) returned to yur4ok
yur4ok collected $23.52 from pot
yur4ok: doesn't show hand
*** SUMMARY ***
Total pot $24 | Rake $0.48
Board [6d 8d 3s 3h 4h]
Seat 1: yur4ok (button) (small blind) collected ($23.52)
Seat 2: vityapops (big blind) folded on the River


PokerStars Hand #147138566713:  Hold'em Limit ($3/$6 USD) - 2016/01/16 11:04:38 ET
Table 'Alemannia II' 2-max Seat #1 is the button
Seat 1: yur4ok ($192.42 in chips)
Seat 2: vityapops ($69.92 in chips)
yur4ok: posts small blind $1
vityapops: posts big blind $3
*** HOLE CARDS ***
yur4ok: raises $3 to $6
vityapops: calls $3
*** FLOP *** [Td 2d Qc]
vityapops: bets $3
yur4ok: calls $3
*** TURN *** [Td 2d Qc] [Qh]
vityapops: bets $6
yur4ok: calls $6
*** RIVER *** [Td 2d Qc Qh] [6s]
vityapops: bets $6
yur4ok: calls $6
*** SHOW DOWN ***
vityapops: shows [7d 3d] (a pair of Queens)
yur4ok: shows [As 4c] (a pair of Queens - Ace kicker)
yur4ok collected $41.50 from pot
*** SUMMARY ***
Total pot $42 | Rake $0.50
Board [Td 2d Qc Qh 6s]
Seat 1: yur4ok (button) (small blind) showed [As 4c] and won ($41.50) with a pair of Queens
Seat 2: vityapops (big blind) showed [7d 3d] and lost with a pair of Queens


PokerStars Hand #147138584790:  Hold'em Limit ($3/$6 USD) - 2016/01/16 11:04:57 ET
Table 'Alemannia II' 2-max Seat #2 is the button
Seat 1: yur4ok ($212.92 in chips)
Seat 2: vityapops ($48.92 in chips)
vityapops: posts small blind $1
yur4ok: posts big blind $3
*** HOLE CARDS ***
vityapops: folds
Uncalled bet ($2) returned to yur4ok
yur4ok collected $2 from pot
yur4ok: doesn't show hand
*** SUMMARY ***
Total pot $2 | Rake $0
Seat 1: yur4ok (big blind) collected ($2)
Seat 2: vityapops (button) (small blind) folded before Flop


PokerStars Hand #147138590312:  Hold'em Limit ($3/$6 USD) - 2016/01/16 11:05:02 ET
Table 'Alemannia II' 2-max Seat #1 is the button
Seat 1: yur4ok ($213.92 in chips)
Seat 2: vityapops ($47.92 in chips)
yur4ok: posts small blind $1
vityapops: posts big blind $3
*** HOLE CARDS ***
yur4ok: raises $3 to $6
vityapops: calls $3
*** FLOP *** [2h 8d Td]
vityapops: checks
yur4ok: bets $3
vityapops: calls $3
*** TURN *** [2h 8d Td] [3s]
vityapops: checks
yur4ok: checks
*** RIVER *** [2h 8d Td 3s] [4c]
vityapops: checks
yur4ok: checks
*** SHOW DOWN ***
vityapops: shows [Qh 6c] (high card Queen)
yur4ok: shows [Qc 2c] (a pair of Deuces)
yur4ok collected $17.64 from pot
*** SUMMARY ***
Total pot $18 | Rake $0.36
Board [2h 8d Td 3s 4c]
Seat 1: yur4ok (button) (small blind) showed [Qc 2c] and won ($17.64) with a pair of Deuces
Seat 2: vityapops (big blind) showed [Qh 6c] and lost with high card Queen


PokerStars Hand #147138606603:  Hold'em Limit ($3/$6 USD) - 2016/01/16 11:05:19 ET
Table 'Alemannia II' 2-max Seat #2 is the button
Seat 1: yur4ok ($222.56 in chips)
Seat 2: vityapops ($38.92 in chips)
vityapops: posts small blind $1
yur4ok: posts big blind $3
*** HOLE CARDS ***
vityapops: raises $3 to $6
yur4ok: raises $3 to $9
vityapops: calls $3
*** FLOP *** [Tc 3d Ac]
yur4ok: bets $3
vityapops: folds
Uncalled bet ($3) returned to yur4ok
yur4ok collected $17.64 from pot
yur4ok: doesn't show hand
*** SUMMARY ***
Total pot $18 | Rake $0.36
Board [Tc 3d Ac]
Seat 1: yur4ok (big blind) collected ($17.64)
Seat 2: vityapops (button) (small blind) folded on the Flop


