PokerStars Hand #163495244587:  Hold'em Limit ($3/$6 USD) - 2016/12/25 10:38:28 ET
Table 'Alemannia' 6-max Seat #1 is the button
Seat 1: LifeisagameX ($84 in chips)
Seat 3: lastcardwild ($60 in chips)
LifeisagameX: posts small blind $1
lastcardwild: posts big blind $3
*** HOLE CARDS ***
LifeisagameX: raises $3 to $6
lastcardwild: folds
Uncalled bet ($3) returned to LifeisagameX
LifeisagameX collected $6 from pot
LifeisagameX: doesn't show hand
*** SUMMARY ***
Total pot $6 | Rake $0
Seat 1: LifeisagameX (button) (small blind) collected ($6)
Seat 3: lastcardwild (big blind) folded before Flop


PokerStars Hand #163495265425:  Hold'em Limit ($3/$6 USD) - 2016/12/25 10:38:57 ET
Table 'Alemannia' 6-max Seat #1 is the button
Seat 1: LifeisagameX ($88 in chips)
Seat 3: lastcardwild ($56 in chips)
LifeisagameX: posts small blind $1
lastcardwild: posts big blind $3
*** HOLE CARDS ***
LifeisagameX: raises $3 to $6
lastcardwild: folds
Uncalled bet ($3) returned to LifeisagameX
LifeisagameX collected $6 from pot
LifeisagameX: doesn't show hand
*** SUMMARY ***
Total pot $6 | Rake $0
Seat 1: LifeisagameX (button) (small blind) collected ($6)
Seat 3: lastcardwild (big blind) folded before Flop


PokerStars Hand #163495259567:  Hold'em Limit ($3/$6 USD) - 2016/12/25 10:38:49 ET
Table 'Alemannia' 6-max Seat #3 is the button
Seat 1: LifeisagameX ($87 in chips)
Seat 3: lastcardwild ($57 in chips)
lastcardwild: posts small blind $1
LifeisagameX: posts big blind $3
*** HOLE CARDS ***
lastcardwild: folds
Uncalled bet ($2) returned to LifeisagameX
LifeisagameX collected $2 from pot
LifeisagameX: doesn't show hand
*** SUMMARY ***
Total pot $2 | Rake $0
Seat 1: LifeisagameX (big blind) collected ($2)
Seat 3: lastcardwild (button) (small blind) folded before Flop


PokerStars Hand #163495293883:  Hold'em Limit ($3/$6 USD) - 2016/12/25 10:39:36 ET
Table 'Alemannia' 6-max Seat #3 is the button
Seat 1: LifeisagameX ($92 in chips)
Seat 3: lastcardwild ($51.76 in chips)
lastcardwild: posts small blind $1
LifeisagameX: posts big blind $3
*** HOLE CARDS ***
lastcardwild: raises $3 to $6
LifeisagameX: calls $3
*** FLOP *** [Ah 3h 2d]
LifeisagameX: checks
lastcardwild: bets $3
LifeisagameX: calls $3
*** TURN *** [Ah 3h 2d] [6c]
LifeisagameX: checks
lastcardwild: bets $6
LifeisagameX: calls $6
*** RIVER *** [Ah 3h 2d 6c] [Kh]
LifeisagameX: checks
lastcardwild: bets $6
LifeisagameX: raises $6 to $12
lastcardwild: calls $6
*** SHOW DOWN ***
LifeisagameX: shows [Ks 6h] (two pair, Kings and Sixes)
lastcardwild: mucks hand
LifeisagameX collected $53.50 from pot
*** SUMMARY ***
Total pot $54 | Rake $0.50
Board [Ah 3h 2d 6c Kh]
Seat 1: LifeisagameX (big blind) showed [Ks 6h] and won ($53.50) with two pair, Kings and Sixes
Seat 3: lastcardwild (button) (small blind) mucked


PokerStars Hand #163495288765:  Hold'em Limit ($3/$6 USD) - 2016/12/25 10:39:29 ET
Table 'Alemannia' 6-max Seat #1 is the button
Seat 1: LifeisagameX ($89 in chips)
Seat 3: lastcardwild ($54.76 in chips)
LifeisagameX: posts small blind $1
lastcardwild: posts big blind $3
*** HOLE CARDS ***
LifeisagameX: raises $3 to $6
lastcardwild: folds
Uncalled bet ($3) returned to LifeisagameX
LifeisagameX collected $6 from pot
LifeisagameX: doesn't show hand
*** SUMMARY ***
Total pot $6 | Rake $0
Seat 1: LifeisagameX (button) (small blind) collected ($6)
Seat 3: lastcardwild (big blind) folded before Flop


PokerStars Hand #163495284401:  Hold'em Limit ($3/$6 USD) - 2016/12/25 10:39:23 ET
Table 'Alemannia' 6-max Seat #3 is the button
Seat 1: LifeisagameX ($88 in chips)
Seat 3: lastcardwild ($55.76 in chips)
lastcardwild: posts small blind $1
LifeisagameX: posts big blind $3
*** HOLE CARDS ***
lastcardwild: folds
Uncalled bet ($2) returned to LifeisagameX
LifeisagameX collected $2 from pot
LifeisagameX: doesn't show hand
*** SUMMARY ***
Total pot $2 | Rake $0
Seat 1: LifeisagameX (big blind) collected ($2)
Seat 3: lastcardwild (button) (small blind) folded before Flop


PokerStars Hand #163495279821:  Hold'em Limit ($3/$6 USD) - 2016/12/25 10:39:17 ET
Table 'Alemannia' 6-max Seat #1 is the button
Seat 1: LifeisagameX ($85 in chips)
Seat 3: lastcardwild ($58.76 in chips)
LifeisagameX: posts small blind $1
lastcardwild: posts big blind $3
*** HOLE CARDS ***
LifeisagameX: raises $3 to $6
lastcardwild: folds
Uncalled bet ($3) returned to LifeisagameX
LifeisagameX collected $6 from pot
LifeisagameX: doesn't show hand
*** SUMMARY ***
Total pot $6 | Rake $0
Seat 1: LifeisagameX (button) (small blind) collected ($6)
Seat 3: lastcardwild (big blind) folded before Flop


PokerStars Hand #163495270796:  Hold'em Limit ($3/$6 USD) - 2016/12/25 10:39:04 ET
Table 'Alemannia' 6-max Seat #3 is the button
Seat 1: LifeisagameX ($91 in chips)
Seat 3: lastcardwild ($53 in chips)
lastcardwild: posts small blind $1
LifeisagameX: posts big blind $3
*** HOLE CARDS ***
lastcardwild: raises $3 to $6
LifeisagameX: calls $3
*** FLOP *** [4d 7c Kh]
LifeisagameX: checks
lastcardwild: bets $3
LifeisagameX: folds
Uncalled bet ($3) returned to lastcardwild
lastcardwild collected $11.76 from pot
lastcardwild: doesn't show hand
*** SUMMARY ***
Total pot $12 | Rake $0.24
Board [4d 7c Kh]
Seat 1: LifeisagameX (big blind) folded on the Flop
Seat 3: lastcardwild (button) (small blind) collected ($11.76)


PokerStars Hand #163495314009:  Hold'em Limit ($3/$6 USD) - 2016/12/25 10:40:03 ET
Table 'Alemannia' 6-max Seat #1 is the button
Seat 1: LifeisagameX ($118.50 in chips)
Seat 3: lastcardwild ($24.76 in chips)
LifeisagameX: posts small blind $1
lastcardwild: posts big blind $3
*** HOLE CARDS ***
LifeisagameX: raises $3 to $6
lastcardwild: raises $3 to $9
LifeisagameX: calls $3
*** FLOP *** [Js 2d Kd]
hk991808 joins the table at seat #4
lastcardwild: bets $3
LifeisagameX: folds
Uncalled bet ($3) returned to lastcardwild
lastcardwild collected $17.64 from pot
lastcardwild: doesn't show hand
*** SUMMARY ***
Total pot $18 | Rake $0.36
Board [Js 2d Kd]
Seat 1: LifeisagameX (button) (small blind) folded on the Flop
Seat 3: lastcardwild (big blind) collected ($17.64)


PokerStars Hand #163496414469:  Hold'em Limit ($3/$6 USD) - 2016/12/25 11:05:53 ET
Table 'Alemannia' 6-max Seat #6 is the button
Seat 4: paptec ($46.63 in chips)
Seat 6: Koraseg ($258.10 in chips)
Koraseg: posts small blind $1
paptec: posts big blind $3
*** HOLE CARDS ***
Koraseg: folds
Uncalled bet ($2) returned to paptec
paptec collected $2 from pot
*** SUMMARY ***
Total pot $2 | Rake $0
Seat 4: paptec (big blind) collected ($2)
Seat 6: Koraseg (button) (small blind) folded before Flop


PokerStars Hand #163496452501:  Hold'em Limit ($3/$6 USD) - 2016/12/25 11:06:41 ET
Table 'Alemannia' 6-max Seat #4 is the button
Seat 4: paptec ($47.63 in chips)
Seat 5: vitamin168 ($30 in chips)
paptec: posts small blind $1
vitamin168: posts big blind $3
*** HOLE CARDS ***
paptec: raises $3 to $6
vitamin168: folds
Uncalled bet ($3) returned to paptec
paptec collected $6 from pot
*** SUMMARY ***
Total pot $6 | Rake $0
Seat 4: paptec (button) (small blind) collected ($6)
Seat 5: vitamin168 (big blind) folded before Flop


PokerStars Hand #163496481088:  Hold'em Limit ($3/$6 USD) - 2016/12/25 11:07:17 ET
Table 'Alemannia' 6-max Seat #5 is the button
Seat 4: paptec ($50.39 in chips)
Seat 5: vitamin168 ($26.76 in chips)
vitamin168: posts small blind $1
paptec: posts big blind $3
*** HOLE CARDS ***
vitamin168: raises $3 to $6
paptec: raises $3 to $9
vitamin168: raises $3 to $12
Betting is capped
paptec: calls $3
*** FLOP *** [Qd 5s 2h]
paptec: checks
vitamin168: bets $3
paptec: raises $3 to $6
vitamin168: raises $3 to $9
paptec: raises $3 to $12
Betting is capped
vitamin168: calls $3
*** TURN *** [Qd 5s 2h] [Js]
paptec: bets $6
vitamin168: calls $2.76 and is all-in
Uncalled bet ($3.24) returned to paptec
*** RIVER *** [Qd 5s 2h Js] [2s]
*** SHOW DOWN ***
paptec: shows [7h 7s] (two pair, Sevens and Deuces)
vitamin168: shows [Jd Ac] (two pair, Jacks and Deuces)
vitamin168 collected $53.02 from pot
*** SUMMARY ***
Total pot $53.52 | Rake $0.50
Board [Qd 5s 2h Js 2s]
Seat 4: paptec (big blind) showed [7h 7s] and lost with two pair, Sevens and Deuces
Seat 5: vitamin168 (button) (small blind) showed [Jd Ac] and won ($53.02) with two pair, Jacks and Deuces


PokerStars Hand #163496470774:  Hold'em Limit ($3/$6 USD) - 2016/12/25 11:07:04 ET
Table 'Alemannia' 6-max Seat #4 is the button
Seat 4: paptec ($44.63 in chips)
Seat 5: vitamin168 ($32.76 in chips)
paptec: posts small blind $1
vitamin168: posts big blind $3
*** HOLE CARDS ***
paptec: raises $3 to $6
vitamin168: calls $3
*** FLOP *** [Ts 2s 7c]
vitamin168: checks
paptec: bets $3
vitamin168: folds
Uncalled bet ($3) returned to paptec
paptec collected $11.76 from pot
*** SUMMARY ***
Total pot $12 | Rake $0.24
Board [Ts 2s 7c]
Seat 4: paptec (button) (small blind) collected ($11.76)
Seat 5: vitamin168 (big blind) folded on the Flop


PokerStars Hand #163496457635:  Hold'em Limit ($3/$6 USD) - 2016/12/25 11:06:47 ET
Table 'Alemannia' 6-max Seat #5 is the button
Seat 4: paptec ($50.63 in chips)
Seat 5: vitamin168 ($27 in chips)
vitamin168: posts small blind $1
paptec: posts big blind $3
*** HOLE CARDS ***
vitamin168: raises $3 to $6
paptec: calls $3
*** FLOP *** [8h Js As]
paptec: checks
vitamin168: checks
*** TURN *** [8h Js As] [Th]
paptec: checks
vitamin168: bets $6
vestimokrec joins the table at seat #6
paptec: folds
Uncalled bet ($6) returned to vitamin168
vitamin168 collected $11.76 from pot
vitamin168: doesn't show hand
*** SUMMARY ***
Total pot $12 | Rake $0.24
Board [8h Js As Th]
Seat 4: paptec (big blind) folded on the Turn
Seat 5: vitamin168 (button) (small blind) collected ($11.76)


PokerStars Hand #163496500626:  Hold'em Limit ($3/$6 USD) - 2016/12/25 11:07:42 ET
Table 'Alemannia' 6-max Seat #4 is the button
Seat 4: paptec ($23.63 in chips)
Seat 5: vitamin168 ($53.02 in chips)
paptec: posts small blind $1
vitamin168: posts big blind $3
*** HOLE CARDS ***
paptec: raises $3 to $6
vitamin168: raises $3 to $9
paptec: calls $3
*** FLOP *** [5h Th 6s]
vitamin168: bets $3
paptec: folds
Uncalled bet ($3) returned to vitamin168
vitamin168 collected $17.64 from pot
vitamin168: doesn't show hand
*** SUMMARY ***
Total pot $18 | Rake $0.36
Board [5h Th 6s]
Seat 4: paptec (button) (small blind) folded on the Flop
Seat 5: vitamin168 (big blind) collected ($17.64)


PokerStars Hand #163496509529:  Hold'em Limit ($3/$6 USD) - 2016/12/25 11:07:53 ET
Table 'Alemannia' 6-max Seat #5 is the button
Seat 4: paptec ($14.63 in chips)
Seat 5: vitamin168 ($61.66 in chips)
vitamin168: posts small blind $1
paptec: posts big blind $3
*** HOLE CARDS ***
vitamin168: raises $3 to $6
paptec: calls $3
*** FLOP *** [Ks Ts 7s]
paptec: checks
vitamin168: bets $3
paptec: raises $3 to $6
vitamin168: raises $3 to $9
paptec: calls $2.63 and is all-in
Uncalled bet ($0.37) returned to vitamin168
*** TURN *** [Ks Ts 7s] [4h]
*** RIVER *** [Ks Ts 7s 4h] [6d]
*** SHOW DOWN ***
paptec: shows [8h 4s] (a pair of Fours)
vitamin168: shows [Kh 2c] (a pair of Kings)
vitamin168 collected $28.76 from pot
*** SUMMARY ***
Total pot $29.26 | Rake $0.50
Board [Ks Ts 7s 4h 6d]
Seat 4: paptec (big blind) showed [8h 4s] and lost with a pair of Fours
Seat 5: vitamin168 (button) (small blind) showed [Kh 2c] and won ($28.76) with a pair of Kings


PokerStars Hand #163496553359:  Hold'em Limit ($3/$6 USD) - 2016/12/25 11:08:48 ET
Table 'Alemannia' 6-max Seat #4 is the button
Seat 3: vitamin168 ($75.79 in chips)
Seat 4: paptec ($30 in chips)
paptec: posts small blind $1
vitamin168: posts big blind $3
*** HOLE CARDS ***
paptec: raises $3 to $6
vitamin168: raises $3 to $9
paptec: calls $3
*** FLOP *** [Th 8d 9d]
vitamin168: bets $3
paptec: calls $3
*** TURN *** [Th 8d 9d] [6s]
vitamin168: bets $6
paptec: calls $6
*** RIVER *** [Th 8d 9d 6s] [9h]
vitamin168: bets $6
paptec: folds
Uncalled bet ($6) returned to vitamin168
vitamin168 collected $35.50 from pot
vitamin168: doesn't show hand
*** SUMMARY ***
Total pot $36 | Rake $0.50
Board [Th 8d 9d 6s 9h]
Seat 3: vitamin168 (big blind) collected ($35.50)
Seat 4: paptec (button) (small blind) folded on the River


PokerStars Hand #163496595043:  Hold'em Limit ($3/$6 USD) - 2016/12/25 11:09:41 ET
Table 'Alemannia' 6-max Seat #4 is the button
Seat 3: vitamin168 ($104.81 in chips)
Seat 4: paptec ($30 in chips)
paptec: posts small blind $1
vitamin168: posts big blind $3
*** HOLE CARDS ***
paptec: raises $3 to $6
vitamin168: folds
Uncalled bet ($3) returned to paptec
paptec collected $6 from pot
*** SUMMARY ***
Total pot $6 | Rake $0
Seat 3: vitamin168 (big blind) folded before Flop
Seat 4: paptec (button) (small blind) collected ($6)


PokerStars Hand #163496567709:  Hold'em Limit ($3/$6 USD) - 2016/12/25 11:09:07 ET
Table 'Alemannia' 6-max Seat #3 is the button
Seat 3: vitamin168 ($93.29 in chips)
Seat 4: paptec ($12 in chips)
vitamin168: posts small blind $1
paptec: posts big blind $3
*** HOLE CARDS ***
vitamin168: raises $3 to $6
paptec: raises $3 to $9
vitamin168: raises $3 to $12
Betting is capped
paptec: calls $3 and is all-in
*** FLOP *** [Td 6c 5c]
*** TURN *** [Td 6c 5c] [4s]
*** RIVER *** [Td 6c 5c 4s] [2d]
*** SHOW DOWN ***
paptec: shows [As 6h] (a pair of Sixes)
vitamin168: shows [3c Tc] (a straight, Deuce to Six)
vitamin168 collected $23.52 from pot
*** SUMMARY ***
Total pot $24 | Rake $0.48
Board [Td 6c 5c 4s 2d]
Seat 3: vitamin168 (button) (small blind) showed [3c Tc] and won ($23.52) with a straight, Deuce to Six
Seat 4: paptec (big blind) showed [As 6h] and lost with a pair of Sixes


PokerStars Hand #163496600604:  Hold'em Limit ($3/$6 USD) - 2016/12/25 11:09:49 ET
Table 'Alemannia' 6-max Seat #3 is the button
Seat 3: vitamin168 ($101.81 in chips)
Seat 4: paptec ($33 in chips)
vitamin168: posts small blind $1
paptec: posts big blind $3
*** HOLE CARDS ***
vitamin168: raises $3 to $6
paptec: raises $3 to $9
vitamin168: calls $3
*** FLOP *** [Ad 9s 3d]
paptec: bets $3
vitamin168: calls $3
*** TURN *** [Ad 9s 3d] [Ts]
paptec: bets $6
vitamin168: raises $6 to $12
paptec: raises $6 to $18
vitamin168: raises $6 to $24
Betting is capped
paptec: calls $3 and is all-in
Uncalled bet ($3) returned to vitamin168
*** RIVER *** [Ad 9s 3d Ts] [Th]
*** SHOW DOWN ***
paptec: shows [3h Ac] (two pair, Aces and Tens)
vitamin168: shows [9c 3c] (two pair, Tens and Nines)
paptec collected $65.50 from pot
*** SUMMARY ***
Total pot $66 | Rake $0.50
Board [Ad 9s 3d Ts Th]
Seat 3: vitamin168 (button) (small blind) showed [9c 3c] and lost with two pair, Tens and Nines
Seat 4: paptec (big blind) showed [3h Ac] and won ($65.50) with two pair, Aces and Tens


PokerStars Hand #163496635242:  Hold'em Limit ($3/$6 USD) - 2016/12/25 11:10:33 ET
Table 'Alemannia' 6-max Seat #3 is the button
Seat 3: vitamin168 ($47.81 in chips)
Seat 4: paptec ($86 in chips)
vitamin168: posts small blind $1
paptec: posts big blind $3
*** HOLE CARDS ***
vitamin168: raises $3 to $6
paptec: calls $3
*** FLOP *** [9h 5c Kd]
paptec: checks
vitamin168: bets $3
paptec: folds
Uncalled bet ($3) returned to vitamin168
vitamin168 collected $11.76 from pot
vitamin168: doesn't show hand
*** SUMMARY ***
Total pot $12 | Rake $0.24
Board [9h 5c Kd]
Seat 3: vitamin168 (button) (small blind) collected ($11.76)
Seat 4: paptec (big blind) folded on the Flop


PokerStars Hand #163496617963:  Hold'em Limit ($3/$6 USD) - 2016/12/25 11:10:11 ET
Table 'Alemannia' 6-max Seat #4 is the button
Seat 3: vitamin168 ($68.81 in chips)
Seat 4: paptec ($65.50 in chips)
paptec: posts small blind $1
vitamin168: posts big blind $3
*** HOLE CARDS ***
paptec: raises $3 to $6
oldtimers XX joins the table at seat #5
vitamin168: calls $3
*** FLOP *** [6s 2c 4d]
vitamin168: checks
paptec: bets $3
vitamin168: calls $3
*** TURN *** [6s 2c 4d] [Kd]
RockKillerTY joins the table at seat #6
vitamin168: checks
paptec: checks
*** RIVER *** [6s 2c 4d Kd] [Jd]
vitamin168: bets $6
paptec: raises $6 to $12
vitamin168: calls $6
Dies1210 joins the table at seat #2
*** SHOW DOWN ***
paptec: shows [2d Jc] (two pair, Jacks and Deuces)
vitamin168: mucks hand
paptec collected $41.50 from pot
*** SUMMARY ***
Total pot $42 | Rake $0.50
Board [6s 2c 4d Kd Jd]
Seat 3: vitamin168 (big blind) mucked
Seat 4: paptec (button) (small blind) showed [2d Jc] and won ($41.50) with two pair, Jacks and Deuces


PokerStars Hand #163497801930:  Hold'em Limit ($3/$6 USD) - 2016/12/25 11:34:56 ET
Table 'Alemannia' 6-max Seat #5 is the button
Seat 2: Dies1210 ($41.06 in chips)
Seat 5: italianhero4 ($38.24 in chips)
italianhero4: posts small blind $1
Dies1210: posts big blind $3
*** HOLE CARDS ***
italianhero4: folds
Uncalled bet ($2) returned to Dies1210
Dies1210 collected $2 from pot
Dies1210: doesn't show hand
*** SUMMARY ***
Total pot $2 | Rake $0
Seat 2: Dies1210 (big blind) collected ($2)
Seat 5: italianhero4 (button) (small blind) folded before Flop


PokerStars Hand #163497790539:  Hold'em Limit ($3/$6 USD) - 2016/12/25 11:34:42 ET
Table 'Alemannia' 6-max Seat #2 is the button
Seat 2: Dies1210 ($35.30 in chips)
Seat 5: italianhero4 ($44.24 in chips)
Dies1210: posts small blind $1
italianhero4: posts big blind $3
*** HOLE CARDS ***
Dies1210: raises $3 to $6
italianhero4: calls $3
*** FLOP *** [6d 3s Qh]
italianhero4: checks
Dies1210: bets $3
italianhero4: folds
Uncalled bet ($3) returned to Dies1210
Dies1210 collected $11.76 from pot
Dies1210: doesn't show hand
*** SUMMARY ***
Total pot $12 | Rake $0.24
Board [6d 3s Qh]
Seat 2: Dies1210 (button) (small blind) collected ($11.76)
Seat 5: italianhero4 (big blind) folded on the Flop


PokerStars Hand #163497784640:  Hold'em Limit ($3/$6 USD) - 2016/12/25 11:34:34 ET
Table 'Alemannia' 6-max Seat #5 is the button
Seat 2: Dies1210 ($38.30 in chips)
Seat 5: italianhero4 ($41.24 in chips)
italianhero4: posts small blind $1
Koraseg: is sitting out
Dies1210: posts big blind $3
*** HOLE CARDS ***
italianhero4: raises $3 to $6
Dies1210: folds
Uncalled bet ($3) returned to italianhero4
italianhero4 collected $6 from pot
*** SUMMARY ***
Total pot $6 | Rake $0
Seat 2: Dies1210 (big blind) folded before Flop
Seat 5: italianhero4 (button) (small blind) collected ($6)


PokerStars Hand #163497830936:  Hold'em Limit ($3/$6 USD) - 2016/12/25 11:35:33 ET
Table 'Alemannia' 6-max Seat #2 is the button
Seat 2: Dies1210 ($29.94 in chips)
Seat 5: italianhero4 ($48.74 in chips)
Dies1210: posts small blind $1
italianhero4: posts big blind $3
*** HOLE CARDS ***
Dies1210: calls $2
italianhero4: raises $3 to $6
Dies1210: calls $3
*** FLOP *** [Td 5c 9h]
italianhero4: bets $3
Dies1210: folds
Uncalled bet ($3) returned to italianhero4
italianhero4 collected $11.76 from pot
*** SUMMARY ***
Total pot $12 | Rake $0.24
Board [Td 5c 9h]
Seat 2: Dies1210 (button) (small blind) folded on the Flop
Seat 5: italianhero4 (big blind) collected ($11.76)


PokerStars Hand #163497819366:  Hold'em Limit ($3/$6 USD) - 2016/12/25 11:35:18 ET
Table 'Alemannia' 6-max Seat #5 is the button
Seat 2: Dies1210 ($44.94 in chips)
Seat 5: italianhero4 ($34.24 in chips)
italianhero4: posts small blind $1
Dies1210: posts big blind $3
*** HOLE CARDS ***
italianhero4: raises $3 to $6
Dies1210: calls $3
*** FLOP *** [6h 5s 4s]
Dies1210: checks
italianhero4: bets $3
Dies1210: calls $3
*** TURN *** [6h 5s 4s] [9c]
Dies1210: checks
italianhero4: bets $6
Dies1210: calls $6
*** RIVER *** [6h 5s 4s 9c] [8h]
Dies1210: checks
italianhero4: checks
*** SHOW DOWN ***
Dies1210: shows [As 3h] (high card Ace)
italianhero4: shows [4d Ac] (a pair of Fours)
italianhero4 collected $29.50 from pot
*** SUMMARY ***
Total pot $30 | Rake $0.50
Board [6h 5s 4s 9c 8h]
Seat 2: Dies1210 (big blind) showed [As 3h] and lost with high card Ace
Seat 5: italianhero4 (button) (small blind) showed [4d Ac] and won ($29.50) with a pair of Fours


PokerStars Hand #163497806204:  Hold'em Limit ($3/$6 USD) - 2016/12/25 11:35:01 ET
Table 'Alemannia' 6-max Seat #2 is the button
Seat 2: Dies1210 ($42.06 in chips)
Seat 5: italianhero4 ($37.24 in chips)
Dies1210: posts small blind $1
italianhero4: posts big blind $3
*** HOLE CARDS ***
Dies1210: calls $2
italianhero4: checks
*** FLOP *** [7d 2d 5s]
Koraseg leaves the table
italianhero4: checks
Dies1210: checks
*** TURN *** [7d 2d 5s] [4d]
italianhero4: checks
Dies1210: bets $6
italianhero4: folds
Uncalled bet ($6) returned to Dies1210
Dies1210 collected $5.88 from pot
Dies1210: doesn't show hand
*** SUMMARY ***
Total pot $6 | Rake $0.12
Board [7d 2d 5s 4d]
Seat 2: Dies1210 (button) (small blind) collected ($5.88)
Seat 5: italianhero4 (big blind) folded on the Turn


PokerStars Hand #163497848336:  Hold'em Limit ($3/$6 USD) - 2016/12/25 11:35:55 ET
Table 'Alemannia' 6-max Seat #2 is the button
Seat 2: Dies1210 ($11.94 in chips)
Seat 5: italianhero4 ($66.02 in chips)
Dies1210: posts small blind $1
italianhero4: posts big blind $3
*** HOLE CARDS ***
Dies1210: raises $3 to $6
italianhero4: raises $3 to $9
Dies1210: raises $2.94 to $11.94 and is all-in
Betting is capped
italianhero4: calls $2.94
*** FLOP *** [9h 2c 3h]
*** TURN *** [9h 2c 3h] [4s]
*** RIVER *** [9h 2c 3h 4s] [4c]
*** SHOW DOWN ***
italianhero4: shows [Ad 5d] (a straight, Ace to Five)
Dies1210: shows [6s Ah] (a pair of Fours)
italianhero4 collected $23.40 from pot
*** SUMMARY ***
Total pot $23.88 | Rake $0.48
Board [9h 2c 3h 4s 4c]
Seat 2: Dies1210 (button) (small blind) showed [6s Ah] and lost with a pair of Fours
Seat 5: italianhero4 (big blind) showed [Ad 5d] and won ($23.40) with a straight, Ace to Five


PokerStars Hand #163497839479:  Hold'em Limit ($3/$6 USD) - 2016/12/25 11:35:44 ET
Table 'Alemannia' 6-max Seat #5 is the button
Seat 2: Dies1210 ($23.94 in chips)
Seat 5: italianhero4 ($54.50 in chips)
italianhero4: posts small blind $1
Dies1210: posts big blind $3
*** HOLE CARDS ***
italianhero4: raises $3 to $6
Dies1210: raises $3 to $9
italianhero4: raises $3 to $12
Betting is capped
Dies1210: calls $3
*** FLOP *** [6d Jh Td]
Dies1210: checks
italianhero4: bets $3
Dies1210: folds
Uncalled bet ($3) returned to italianhero4
italianhero4 collected $23.52 from pot
*** SUMMARY ***
Total pot $24 | Rake $0.48
Board [6d Jh Td]
Seat 2: Dies1210 (big blind) folded on the Flop
Seat 5: italianhero4 (button) (small blind) collected ($23.52)


