PokerStars Hand #150276426070:  Hold'em Limit ($3/$6 USD) - 2016/03/13 6:16:22 ET
Table 'Alemannia' 6-max Seat #3 is the button
Seat 3: $hadyen ($73.61 in chips)
Seat 5: RockKillerTY ($76 in chips)
$hadyen: posts small blind $1
RockKillerTY: posts big blind $3
*** HOLE CARDS ***
$hadyen: folds
Uncalled bet ($2) returned to RockKillerTY
RockKillerTY collected $2 from pot
RockKillerTY: doesn't show hand
*** SUMMARY ***
Total pot $2 | Rake $0
Seat 3: $hadyen (button) (small blind) folded before Flop
Seat 5: RockKillerTY (big blind) collected ($2)


PokerStars Hand #150276419317:  Hold'em Limit ($3/$6 USD) - 2016/03/13 6:16:08 ET
Table 'Alemannia' 6-max Seat #5 is the button
Seat 3: $hadyen ($64.97 in chips)
Seat 5: RockKillerTY ($85 in chips)
RockKillerTY: posts small blind $1
$hadyen: posts big blind $3
*** HOLE CARDS ***
RockKillerTY: raises $3 to $6
$hadyen: calls $3
*** FLOP *** [2c Qd Jh]
$hadyen: checks
RockKillerTY: bets $3
$hadyen: calls $3
*** TURN *** [2c Qd Jh] [Kd]
$hadyen: checks
RockKillerTY: checks
*** RIVER *** [2c Qd Jh Kd] [2h]
$hadyen: bets $6
RockKillerTY: folds
Uncalled bet ($6) returned to $hadyen
$hadyen collected $17.64 from pot
$hadyen: doesn't show hand
*** SUMMARY ***
Total pot $18 | Rake $0.36
Board [2c Qd Jh Kd 2h]
Seat 3: $hadyen (big blind) collected ($17.64)
Seat 5: RockKillerTY (button) (small blind) folded on the River


PokerStars Hand #150276417145:  Hold'em Limit ($3/$6 USD) - 2016/03/13 6:16:04 ET
Table 'Alemannia' 6-max Seat #3 is the button
Seat 3: $hadyen ($65.97 in chips)
Seat 5: RockKillerTY ($84 in chips)
$hadyen: posts small blind $1
RockKillerTY: posts big blind $3
*** HOLE CARDS ***
$hadyen: folds
Uncalled bet ($2) returned to RockKillerTY
RockKillerTY collected $2 from pot
RockKillerTY: doesn't show hand
*** SUMMARY ***
Total pot $2 | Rake $0
Seat 3: $hadyen (button) (small blind) folded before Flop
Seat 5: RockKillerTY (big blind) collected ($2)


PokerStars Hand #150276410795:  Hold'em Limit ($3/$6 USD) - 2016/03/13 6:15:51 ET
Table 'Alemannia' 6-max Seat #5 is the button
Seat 3: $hadyen ($54.45 in chips)
Seat 5: RockKillerTY ($96 in chips)
RockKillerTY: posts small blind $1
$hadyen: posts big blind $3
*** HOLE CARDS ***
RockKillerTY: raises $3 to $6
$hadyen: calls $3
*** FLOP *** [8s 9d Jc]
$hadyen: checks
RockKillerTY: bets $3
$hadyen: raises $3 to $6
RockKillerTY: calls $3
*** TURN *** [8s 9d Jc] [Kh]
$hadyen: bets $6
RockKillerTY: folds
Uncalled bet ($6) returned to $hadyen
$hadyen collected $23.52 from pot
$hadyen: doesn't show hand
*** SUMMARY ***
Total pot $24 | Rake $0.48
Board [8s 9d Jc Kh]
Seat 3: $hadyen (big blind) collected ($23.52)
Seat 5: RockKillerTY (button) (small blind) folded on the Turn


PokerStars Hand #150276398782:  Hold'em Limit ($3/$6 USD) - 2016/03/13 6:15:26 ET
Table 'Alemannia' 6-max Seat #3 is the button
Seat 3: $hadyen ($30.95 in chips)
Seat 5: RockKillerTY ($120 in chips)
$hadyen: posts small blind $1
RockKillerTY: posts big blind $3
*** HOLE CARDS ***
$hadyen: raises $3 to $6
RockKillerTY: calls $3
*** FLOP *** [Kd 3d Ad]
RockKillerTY: checks
$hadyen: bets $3
RockKillerTY: raises $3 to $6
$hadyen: calls $3
*** TURN *** [Kd 3d Ad] [7s]
RockKillerTY: bets $6
$hadyen: raises $6 to $12
RockKillerTY: calls $6
*** RIVER *** [Kd 3d Ad 7s] [As]
RockKillerTY: checks
$hadyen: bets $6
RockKillerTY: folds
Uncalled bet ($6) returned to $hadyen
$hadyen collected $47.50 from pot
$hadyen: doesn't show hand
*** SUMMARY ***
Total pot $48 | Rake $0.50
Board [Kd 3d Ad 7s As]
Seat 3: $hadyen (button) (small blind) collected ($47.50)
Seat 5: RockKillerTY (big blind) folded on the River


PokerStars Hand #150276428166:  Hold'em Limit ($3/$6 USD) - 2016/03/13 6:16:27 ET
Table 'Alemannia' 6-max Seat #5 is the button
Seat 3: $hadyen ($72.61 in chips)
Seat 5: RockKillerTY ($77 in chips)
RockKillerTY: posts small blind $1
$hadyen: posts big blind $3
*** HOLE CARDS ***
RockKillerTY: raises $3 to $6
$hadyen: calls $3
*** FLOP *** [6c 9h 9c]
$hadyen: checks
RockKillerTY: bets $3
$hadyen: raises $3 to $6
RockKillerTY: calls $3
*** TURN *** [6c 9h 9c] [Kd]
$hadyen: bets $6
RockKillerTY: calls $6
*** RIVER *** [6c 9h 9c Kd] [3h]
$hadyen: bets $6
RockKillerTY: calls $6
*** SHOW DOWN ***
$hadyen: shows [9d 2d] (three of a kind, Nines)
RockKillerTY: mucks hand
$hadyen collected $47.50 from pot
*** SUMMARY ***
Total pot $48 | Rake $0.50
Board [6c 9h 9c Kd 3h]
Seat 3: $hadyen (big blind) showed [9d 2d] and won ($47.50) with three of a kind, Nines
Seat 5: RockKillerTY (button) (small blind) mucked


