PokerStars Hand #165277176786:  Hold'em Limit ($3/$6 USD) - 2017/01/27 21:29:43 ET
Table 'Aletta' 6-max Seat #4 is the button
Seat 4: AzureCaper ($72 in chips)
Seat 5: mowinmo ($60 in chips)
AzureCaper: posts small blind $1
mowinmo: posts big blind $3
*** HOLE CARDS ***
AzureCaper: folds
Uncalled bet ($2) returned to mowinmo
mowinmo collected $2 from pot
mowinmo: doesn't show hand
*** SUMMARY ***
Total pot $2 | Rake $0
Seat 4: AzureCaper (button) (small blind) folded before Flop
Seat 5: mowinmo (big blind) collected ($2)


PokerStars Hand #165277212907:  Hold'em Limit ($3/$6 USD) - 2017/01/27 21:30:59 ET
Table 'Aletta' 6-max Seat #4 is the button
Seat 4: AzureCaper ($83.52 in chips)
Seat 5: mowinmo ($49 in chips)
AzureCaper: posts small blind $1
mowinmo: posts big blind $3
*** HOLE CARDS ***
AzureCaper: raises $3 to $6
mowinmo: folds
Uncalled bet ($3) returned to AzureCaper
mowinmo leaves the table
AzureCaper collected $6 from pot
AzureCaper: doesn't show hand
*** SUMMARY ***
Total pot $6 | Rake $0
Seat 4: AzureCaper (button) (small blind) collected ($6)
Seat 5: mowinmo (big blind) folded before Flop


PokerStars Hand #165277180792:  Hold'em Limit ($3/$6 USD) - 2017/01/27 21:29:50 ET
Table 'Aletta' 6-max Seat #5 is the button
Seat 4: AzureCaper ($72 in chips)
Seat 5: mowinmo ($61 in chips)
mowinmo: posts small blind $1
AzureCaper: posts big blind $3
*** HOLE CARDS ***
mowinmo: raises $3 to $6
AzureCaper: calls $3
*** FLOP *** [Tc 9s 8d]
AzureCaper: checks
mowinmo: bets $3
AzureCaper: raises $3 to $6
mowinmo: calls $3
*** TURN *** [Tc 9s 8d] [5h]
AzureCaper: bets $6
mowinmo: folds
Uncalled bet ($6) returned to AzureCaper
AzureCaper collected $23.52 from pot
AzureCaper: doesn't show hand
*** SUMMARY ***
Total pot $24 | Rake $0.48
Board [Tc 9s 8d 5h]
Seat 4: AzureCaper (big blind) collected ($23.52)
Seat 5: mowinmo (button) (small blind) folded on the Turn


PokerStars Hand #165277299866:  Hold'em Limit ($3/$6 USD) - 2017/01/27 21:33:45 ET
Table 'Aletta' 6-max Seat #6 is the button
Seat 4: AzureCaper ($86.52 in chips)
Seat 6: mowinmo ($46 in chips)
mowinmo: posts small blind $1
AzureCaper: posts big blind $3
*** HOLE CARDS ***
mowinmo: raises $3 to $6
AzureCaper: raises $3 to $9
mowinmo: calls $3
*** FLOP *** [Kd 6h 4s]
AzureCaper: bets $3
mowinmo: calls $3
*** TURN *** [Kd 6h 4s] [9c]
AzureCaper: checks
mowinmo: checks
*** RIVER *** [Kd 6h 4s 9c] [Th]
AzureCaper: bets $6
mowinmo: calls $6
*** SHOW DOWN ***
AzureCaper: shows [Ts Ac] (a pair of Tens)
mowinmo: mucks hand
AzureCaper collected $35.50 from pot
*** SUMMARY ***
Total pot $36 | Rake $0.50
Board [Kd 6h 4s 9c Th]
Seat 4: AzureCaper (big blind) showed [Ts Ac] and won ($35.50) with a pair of Tens
Seat 6: mowinmo (button) (small blind) mucked


PokerStars Hand #165277322182:  Hold'em Limit ($3/$6 USD) - 2017/01/27 21:34:33 ET
Table 'Aletta' 6-max Seat #4 is the button
Seat 4: AzureCaper ($104.02 in chips)
Seat 6: mowinmo ($28 in chips)
AzureCaper: posts small blind $1
mowinmo: posts big blind $3
*** HOLE CARDS ***
AzureCaper: folds
Uncalled bet ($2) returned to mowinmo
mowinmo collected $2 from pot
mowinmo: doesn't show hand
*** SUMMARY ***
Total pot $2 | Rake $0
Seat 4: AzureCaper (button) (small blind) folded before Flop
Seat 6: mowinmo (big blind) collected ($2)


PokerStars Hand #165277327740:  Hold'em Limit ($3/$6 USD) - 2017/01/27 21:34:45 ET
Table 'Aletta' 6-max Seat #6 is the button
Seat 4: AzureCaper ($103.02 in chips)
Seat 6: mowinmo ($29 in chips)
mowinmo: posts small blind $1
AzureCaper: posts big blind $3
*** HOLE CARDS ***
mowinmo: folds
Uncalled bet ($2) returned to AzureCaper
AzureCaper collected $2 from pot
AzureCaper: doesn't show hand
*** SUMMARY ***
Total pot $2 | Rake $0
Seat 4: AzureCaper (big blind) collected ($2)
Seat 6: mowinmo (button) (small blind) folded before Flop


PokerStars Hand #165277338678:  Hold'em Limit ($3/$6 USD) - 2017/01/27 21:35:08 ET
Table 'Aletta' 6-max Seat #6 is the button
Seat 4: AzureCaper ($103.02 in chips)
Seat 6: mowinmo ($29 in chips)
mowinmo: posts small blind $1
AzureCaper: posts big blind $3
*** HOLE CARDS ***
mowinmo: calls $2
AzureCaper: checks
*** FLOP *** [5h 3h 7s]
AzureCaper: bets $3
mowinmo: calls $3
*** TURN *** [5h 3h 7s] [2c]
AzureCaper: bets $6
mowinmo: folds
Uncalled bet ($6) returned to AzureCaper
AzureCaper collected $11.76 from pot
AzureCaper: doesn't show hand
*** SUMMARY ***
Total pot $12 | Rake $0.24
Board [5h 3h 7s 2c]
Seat 4: AzureCaper (big blind) collected ($11.76)
Seat 6: mowinmo (button) (small blind) folded on the Turn


PokerStars Hand #165277351902:  Hold'em Limit ($3/$6 USD) - 2017/01/27 21:35:37 ET
Table 'Aletta' 6-max Seat #4 is the button
Seat 4: AzureCaper ($108.78 in chips)
Seat 6: mowinmo ($23 in chips)
AzureCaper: posts small blind $1
mowinmo: posts big blind $3
*** HOLE CARDS ***
AzureCaper: folds
Uncalled bet ($2) returned to mowinmo
mowinmo collected $2 from pot
mowinmo: doesn't show hand
*** SUMMARY ***
Total pot $2 | Rake $0
Seat 4: AzureCaper (button) (small blind) folded before Flop
Seat 6: mowinmo (big blind) collected ($2)


PokerStars Hand #165277331124:  Hold'em Limit ($3/$6 USD) - 2017/01/27 21:34:52 ET
Table 'Aletta' 6-max Seat #4 is the button
Seat 4: AzureCaper ($104.02 in chips)
Seat 6: mowinmo ($28 in chips)
AzureCaper: posts small blind $1
mowinmo: posts big blind $3
*** HOLE CARDS ***
AzureCaper: folds
Uncalled bet ($2) returned to mowinmo
mowinmo collected $2 from pot
mowinmo: doesn't show hand
*** SUMMARY ***
Total pot $2 | Rake $0
Seat 4: AzureCaper (button) (small blind) folded before Flop
Seat 6: mowinmo (big blind) collected ($2)


PokerStars Hand #165277360151:  Hold'em Limit ($3/$6 USD) - 2017/01/27 21:35:55 ET
Table 'Aletta' 6-max Seat #4 is the button
Seat 4: AzureCaper ($108.78 in chips)
Seat 6: mowinmo ($23 in chips)
AzureCaper: posts small blind $1
mowinmo: posts big blind $3
*** HOLE CARDS ***
AzureCaper: folds
Uncalled bet ($2) returned to mowinmo
mowinmo collected $2 from pot
mowinmo: doesn't show hand
*** SUMMARY ***
Total pot $2 | Rake $0
Seat 4: AzureCaper (button) (small blind) folded before Flop
Seat 6: mowinmo (big blind) collected ($2)


PokerStars Hand #165277377927:  Hold'em Limit ($3/$6 USD) - 2017/01/27 21:36:33 ET
Table 'Aletta' 6-max Seat #4 is the button
Seat 4: AzureCaper ($110.66 in chips)
Seat 6: mowinmo ($21 in chips)
AzureCaper: posts small blind $1
mowinmo: posts big blind $3
*** HOLE CARDS ***
AzureCaper: folds
Uncalled bet ($2) returned to mowinmo
mowinmo collected $2 from pot
*** SUMMARY ***
Total pot $2 | Rake $0
Seat 4: AzureCaper (button) (small blind) folded before Flop
Seat 6: mowinmo (big blind) collected ($2)


PokerStars Hand #165277364124:  Hold'em Limit ($3/$6 USD) - 2017/01/27 21:36:03 ET
Table 'Aletta' 6-max Seat #6 is the button
Seat 4: AzureCaper ($107.78 in chips)
Seat 6: mowinmo ($24 in chips)
mowinmo: posts small blind $1
AzureCaper: posts big blind $3
*** HOLE CARDS ***
mowinmo: calls $2
AzureCaper: checks
*** FLOP *** [2c 3h Ah]
AzureCaper: checks
mowinmo: checks
*** TURN *** [2c 3h Ah] [4h]
AzureCaper: bets $6
mowinmo: folds
Uncalled bet ($6) returned to AzureCaper
AzureCaper collected $5.88 from pot
AzureCaper: doesn't show hand
*** SUMMARY ***
Total pot $6 | Rake $0.12
Board [2c 3h Ah 4h]
Seat 4: AzureCaper (big blind) collected ($5.88)
Seat 6: mowinmo (button) (small blind) folded on the Turn


PokerStars Hand #165277356204:  Hold'em Limit ($3/$6 USD) - 2017/01/27 21:35:46 ET
Table 'Aletta' 6-max Seat #6 is the button
Seat 4: AzureCaper ($107.78 in chips)
Seat 6: mowinmo ($24 in chips)
mowinmo: posts small blind $1
AzureCaper: posts big blind $3
*** HOLE CARDS ***
mowinmo: folds
Uncalled bet ($2) returned to AzureCaper
AzureCaper collected $2 from pot
AzureCaper: doesn't show hand
*** SUMMARY ***
Total pot $2 | Rake $0
Seat 4: AzureCaper (big blind) collected ($2)
Seat 6: mowinmo (button) (small blind) folded before Flop


PokerStars Hand #165277380758:  Hold'em Limit ($3/$6 USD) - 2017/01/27 21:36:39 ET
Table 'Aletta' 6-max Seat #6 is the button
Seat 4: AzureCaper ($109.66 in chips)
Seat 6: mowinmo ($22 in chips)
mowinmo: posts small blind $1
AzureCaper: posts big blind $3
*** HOLE CARDS ***
mowinmo: calls $2
AzureCaper: raises $3 to $6
mowinmo: calls $3
*** FLOP *** [8s Ac 5c]
AzureCaper: bets $3
mowinmo: folds
Uncalled bet ($3) returned to AzureCaper
AzureCaper collected $11.76 from pot
AzureCaper: doesn't show hand
*** SUMMARY ***
Total pot $12 | Rake $0.24
Board [8s Ac 5c]
Seat 4: AzureCaper (big blind) collected ($11.76)
Seat 6: mowinmo (button) (small blind) folded on the Flop


PokerStars Hand #165277389497:  Hold'em Limit ($3/$6 USD) - 2017/01/27 21:36:58 ET
Table 'Aletta' 6-max Seat #4 is the button
Seat 4: AzureCaper ($115.42 in chips)
Seat 6: mowinmo ($16 in chips)
AzureCaper: posts small blind $1
mowinmo: posts big blind $3
*** HOLE CARDS ***
AzureCaper: folds
Uncalled bet ($2) returned to mowinmo
mowinmo collected $2 from pot
mowinmo: doesn't show hand
*** SUMMARY ***
Total pot $2 | Rake $0
Seat 4: AzureCaper (button) (small blind) folded before Flop
Seat 6: mowinmo (big blind) collected ($2)


PokerStars Hand #165277393961:  Hold'em Limit ($3/$6 USD) - 2017/01/27 21:37:08 ET
Table 'Aletta' 6-max Seat #6 is the button
Seat 4: AzureCaper ($114.42 in chips)
Seat 6: mowinmo ($17 in chips)
mowinmo: posts small blind $1
AzureCaper: posts big blind $3
*** HOLE CARDS ***
mowinmo: folds
Uncalled bet ($2) returned to AzureCaper
AzureCaper collected $2 from pot
AzureCaper: doesn't show hand
*** SUMMARY ***
Total pot $2 | Rake $0
Seat 4: AzureCaper (big blind) collected ($2)
Seat 6: mowinmo (button) (small blind) folded before Flop


PokerStars Hand #165277396951:  Hold'em Limit ($3/$6 USD) - 2017/01/27 21:37:14 ET
Table 'Aletta' 6-max Seat #4 is the button
Seat 4: AzureCaper ($115.42 in chips)
Seat 6: mowinmo ($16 in chips)
AzureCaper: posts small blind $1
mowinmo: posts big blind $3
*** HOLE CARDS ***
AzureCaper: raises $3 to $6
mowinmo: calls $3
*** FLOP *** [5d 4s 6c]
mowinmo: checks
AzureCaper: checks
*** TURN *** [5d 4s 6c] [8d]
mowinmo: bets $6
AzureCaper: folds
Uncalled bet ($6) returned to mowinmo
mowinmo collected $11.76 from pot
mowinmo: doesn't show hand
*** SUMMARY ***
Total pot $12 | Rake $0.24
Board [5d 4s 6c 8d]
Seat 4: AzureCaper (button) (small blind) folded on the Turn
Seat 6: mowinmo (big blind) collected ($11.76)


PokerStars Hand #165277409364:  Hold'em Limit ($3/$6 USD) - 2017/01/27 21:37:41 ET
Table 'Aletta' 6-max Seat #4 is the button
Seat 4: AzureCaper ($106.42 in chips)
Seat 6: mowinmo ($24.76 in chips)
AzureCaper: posts small blind $1
mowinmo: posts big blind $3
*** HOLE CARDS ***
AzureCaper: folds
Uncalled bet ($2) returned to mowinmo
mowinmo collected $2 from pot
mowinmo: doesn't show hand
*** SUMMARY ***
Total pot $2 | Rake $0
Seat 4: AzureCaper (button) (small blind) folded before Flop
Seat 6: mowinmo (big blind) collected ($2)


PokerStars Hand #165277405129:  Hold'em Limit ($3/$6 USD) - 2017/01/27 21:37:32 ET
Table 'Aletta' 6-max Seat #6 is the button
Seat 4: AzureCaper ($109.42 in chips)
Seat 6: mowinmo ($21.76 in chips)
mowinmo: posts small blind $1
AzureCaper: posts big blind $3
*** HOLE CARDS ***
mowinmo: raises $3 to $6
AzureCaper: folds
Uncalled bet ($3) returned to mowinmo
mowinmo collected $6 from pot
mowinmo: doesn't show hand
*** SUMMARY ***
Total pot $6 | Rake $0
Seat 4: AzureCaper (big blind) folded before Flop
Seat 6: mowinmo (button) (small blind) collected ($6)


PokerStars Hand #165277432263:  Hold'em Limit ($3/$6 USD) - 2017/01/27 21:38:31 ET
Table 'Aletta' 6-max Seat #6 is the button
Seat 4: AzureCaper ($111.06 in chips)
Seat 6: mowinmo ($19.76 in chips)
mowinmo: posts small blind $1
AzureCaper: posts big blind $3
*** HOLE CARDS ***
mowinmo: folds
Uncalled bet ($2) returned to AzureCaper
AzureCaper collected $2 from pot
AzureCaper: doesn't show hand
*** SUMMARY ***
Total pot $2 | Rake $0
Seat 4: AzureCaper (big blind) collected ($2)
Seat 6: mowinmo (button) (small blind) folded before Flop


PokerStars Hand #165277412211:  Hold'em Limit ($3/$6 USD) - 2017/01/27 21:37:47 ET
Table 'Aletta' 6-max Seat #6 is the button
Seat 4: AzureCaper ($105.42 in chips)
Seat 6: mowinmo ($25.76 in chips)
mowinmo: posts small blind $1
AzureCaper: posts big blind $3
*** HOLE CARDS ***
mowinmo: raises $3 to $6
AzureCaper: folds
Uncalled bet ($3) returned to mowinmo
mowinmo collected $6 from pot
mowinmo: doesn't show hand
*** SUMMARY ***
Total pot $6 | Rake $0
Seat 4: AzureCaper (big blind) folded before Flop
Seat 6: mowinmo (button) (small blind) collected ($6)


PokerStars Hand #165277437007:  Hold'em Limit ($3/$6 USD) - 2017/01/27 21:38:41 ET
Table 'Aletta' 6-max Seat #4 is the button
Seat 4: AzureCaper ($112.06 in chips)
Seat 6: mowinmo ($18.76 in chips)
AzureCaper: posts small blind $1
mowinmo: posts big blind $3
*** HOLE CARDS ***
AzureCaper: raises $3 to $6
mowinmo: calls $3
*** FLOP *** [Jh 2d Kd]
mowinmo: checks
AzureCaper: bets $3
mowinmo: folds
Uncalled bet ($3) returned to AzureCaper
AzureCaper collected $11.76 from pot
AzureCaper: doesn't show hand
*** SUMMARY ***
Total pot $12 | Rake $0.24
Board [Jh 2d Kd]
Seat 4: AzureCaper (button) (small blind) collected ($11.76)
Seat 6: mowinmo (big blind) folded on the Flop


PokerStars Hand #165277446014:  Hold'em Limit ($3/$6 USD) - 2017/01/27 21:39:01 ET
Table 'Aletta' 6-max Seat #6 is the button
Seat 4: AzureCaper ($117.82 in chips)
Seat 6: mowinmo ($12.76 in chips)
mowinmo: posts small blind $1
AzureCaper: posts big blind $3
*** HOLE CARDS ***
mowinmo: folds
Uncalled bet ($2) returned to AzureCaper
AzureCaper collected $2 from pot
AzureCaper: doesn't show hand
*** SUMMARY ***
Total pot $2 | Rake $0
Seat 4: AzureCaper (big blind) collected ($2)
Seat 6: mowinmo (button) (small blind) folded before Flop


PokerStars Hand #165277459615:  Hold'em Limit ($3/$6 USD) - 2017/01/27 21:39:31 ET
Table 'Aletta' 6-max Seat #6 is the button
Seat 4: AzureCaper ($107.06 in chips)
Seat 6: mowinmo ($23.05 in chips)
mowinmo: posts small blind $1
AzureCaper: posts big blind $3
*** HOLE CARDS ***
mowinmo: folds
Uncalled bet ($2) returned to AzureCaper
AzureCaper collected $2 from pot
AzureCaper: doesn't show hand
*** SUMMARY ***
Total pot $2 | Rake $0
Seat 4: AzureCaper (big blind) collected ($2)
Seat 6: mowinmo (button) (small blind) folded before Flop


PokerStars Hand #165277450424:  Hold'em Limit ($3/$6 USD) - 2017/01/27 21:39:11 ET
Table 'Aletta' 6-max Seat #4 is the button
Seat 4: AzureCaper ($118.82 in chips)
Seat 6: mowinmo ($11.76 in chips)
AzureCaper: posts small blind $1
mowinmo: posts big blind $3
*** HOLE CARDS ***
AzureCaper: raises $3 to $6
mowinmo: raises $3 to $9
AzureCaper: calls $3
*** FLOP *** [Js 5s 2c]
mowinmo: bets $2.76 and is all-in
AzureCaper: calls $2.76
*** TURN *** [Js 5s 2c] [2d]
*** RIVER *** [Js 5s 2c 2d] [4s]
*** SHOW DOWN ***
mowinmo: shows [9s Ks] (a flush, King high)
AzureCaper: shows [4c Ac] (two pair, Fours and Deuces)
mowinmo collected $23.05 from pot
*** SUMMARY ***
Total pot $23.52 | Rake $0.47
Board [Js 5s 2c 2d 4s]
Seat 4: AzureCaper (button) (small blind) showed [4c Ac] and lost with two pair, Fours and Deuces
Seat 6: mowinmo (big blind) showed [9s Ks] and won ($23.05) with a flush, King high


PokerStars Hand #165277470143:  Hold'em Limit ($3/$6 USD) - 2017/01/27 21:39:55 ET
Table 'Aletta' 6-max Seat #6 is the button
Seat 4: AzureCaper ($113.82 in chips)
Seat 6: mowinmo ($16.05 in chips)
mowinmo: posts small blind $1
AzureCaper: posts big blind $3
*** HOLE CARDS ***
mowinmo: raises $3 to $6
AzureCaper: calls $3
*** FLOP *** [5c 9d Qs]
AzureCaper: checks
mowinmo: bets $3
AzureCaper: folds
Uncalled bet ($3) returned to mowinmo
mowinmo collected $11.76 from pot
mowinmo: doesn't show hand
*** SUMMARY ***
Total pot $12 | Rake $0.24
Board [5c 9d Qs]
Seat 4: AzureCaper (big blind) folded on the Flop
Seat 6: mowinmo (button) (small blind) collected ($11.76)


PokerStars Hand #165277462763:  Hold'em Limit ($3/$6 USD) - 2017/01/27 21:39:38 ET
Table 'Aletta' 6-max Seat #4 is the button
Seat 4: AzureCaper ($108.06 in chips)
Seat 6: mowinmo ($22.05 in chips)
AzureCaper: posts small blind $1
mowinmo: posts big blind $3
*** HOLE CARDS ***
AzureCaper: raises $3 to $6
mowinmo: calls $3
*** FLOP *** [Td 4h Qs]
mowinmo: checks
AzureCaper: bets $3
mowinmo: folds
Uncalled bet ($3) returned to AzureCaper
AzureCaper collected $11.76 from pot
AzureCaper: doesn't show hand
*** SUMMARY ***
Total pot $12 | Rake $0.24
Board [Td 4h Qs]
Seat 4: AzureCaper (button) (small blind) collected ($11.76)
Seat 6: mowinmo (big blind) folded on the Flop


PokerStars Hand #165277500296:  Hold'em Limit ($3/$6 USD) - 2017/01/27 21:41:02 ET
Table 'Aletta' 6-max Seat #6 is the button
Seat 4: AzureCaper ($98.82 in chips)
Seat 6: mowinmo ($30.45 in chips)
mowinmo: posts small blind $1
AzureCaper: posts big blind $3
*** HOLE CARDS ***
mowinmo: folds
Uncalled bet ($2) returned to AzureCaper
AzureCaper collected $2 from pot
AzureCaper: doesn't show hand
*** SUMMARY ***
Total pot $2 | Rake $0
Seat 4: AzureCaper (big blind) collected ($2)
Seat 6: mowinmo (button) (small blind) folded before Flop


PokerStars Hand #165277478857:  Hold'em Limit ($3/$6 USD) - 2017/01/27 21:40:14 ET
Table 'Aletta' 6-max Seat #4 is the button
Seat 4: AzureCaper ($107.82 in chips)
Seat 6: mowinmo ($21.81 in chips)
AzureCaper: posts small blind $1
mowinmo: posts big blind $3
*** HOLE CARDS ***
AzureCaper: raises $3 to $6
mowinmo: calls $3
*** FLOP *** [7h 6d Jc]
mowinmo: checks
AzureCaper: bets $3
mowinmo: calls $3
*** TURN *** [7h 6d Jc] [Qs]
mowinmo: checks
AzureCaper: checks
*** RIVER *** [7h 6d Jc Qs] [Jd]
mowinmo: checks
AzureCaper: checks
*** SHOW DOWN ***
mowinmo: shows [Kc 6h] (two pair, Jacks and Sixes)
AzureCaper: mucks hand
mowinmo collected $17.64 from pot
*** SUMMARY ***
Total pot $18 | Rake $0.36
Board [7h 6d Jc Qs Jd]
Seat 4: AzureCaper (button) (small blind) mucked
Seat 6: mowinmo (big blind) showed [Kc 6h] and won ($17.64) with two pair, Jacks and Sixes


PokerStars Hand #165277528446:  Hold'em Limit ($3/$6 USD) - 2017/01/27 21:42:05 ET
Table 'Aletta' 6-max Seat #4 is the button
Seat 4: AzureCaper ($93.58 in chips)
Seat 6: mowinmo ($34.97 in chips)
AzureCaper: posts small blind $1
mowinmo: posts big blind $3
*** HOLE CARDS ***
AzureCaper: raises $3 to $6
mowinmo: calls $3
*** FLOP *** [7c Kc Jc]
mowinmo: checks
AzureCaper: bets $3
mowinmo: calls $3
*** TURN *** [7c Kc Jc] [Qc]
mowinmo: checks
AzureCaper: checks
*** RIVER *** [7c Kc Jc Qc] [Ac]
mowinmo: bets $6
AzureCaper: folds
Uncalled bet ($6) returned to mowinmo
mowinmo collected $17.64 from pot
mowinmo: doesn't show hand
*** SUMMARY ***
Total pot $18 | Rake $0.36
Board [7c Kc Jc Qc Ac]
Seat 4: AzureCaper (button) (small blind) folded on the River
Seat 6: mowinmo (big blind) collected ($17.64)


PokerStars Hand #165277522670:  Hold'em Limit ($3/$6 USD) - 2017/01/27 21:41:52 ET
Table 'Aletta' 6-max Seat #6 is the button
Seat 4: AzureCaper ($87.82 in chips)
Seat 6: mowinmo ($40.97 in chips)
mowinmo: posts small blind $1
AzureCaper: posts big blind $3
*** HOLE CARDS ***
mowinmo: calls $2
AzureCaper: raises $3 to $6
mowinmo: calls $3
*** FLOP *** [Kc 6h Js]
AzureCaper: bets $3
mowinmo: folds
Uncalled bet ($3) returned to AzureCaper
AzureCaper collected $11.76 from pot
AzureCaper: doesn't show hand
*** SUMMARY ***
Total pot $12 | Rake $0.24
Board [Kc 6h Js]
Seat 4: AzureCaper (big blind) collected ($11.76)
Seat 6: mowinmo (button) (small blind) folded on the Flop


PokerStars Hand #165277503660:  Hold'em Limit ($3/$6 USD) - 2017/01/27 21:41:09 ET
Table 'Aletta' 6-max Seat #4 is the button
Seat 4: AzureCaper ($99.82 in chips)
Seat 6: mowinmo ($29.45 in chips)
AzureCaper: posts small blind $1
mowinmo: posts big blind $3
*** HOLE CARDS ***
AzureCaper: raises $3 to $6
mowinmo: raises $3 to $9
AzureCaper: calls $3
*** FLOP *** [Qd Qh Ah]
mowinmo: checks
AzureCaper: bets $3
mowinmo: calls $3
*** TURN *** [Qd Qh Ah] [5d]
mowinmo: checks
AzureCaper: checks
*** RIVER *** [Qd Qh Ah 5d] [8s]
mowinmo: checks
AzureCaper: checks
*** SHOW DOWN ***
mowinmo: shows [Th Kc] (a pair of Queens)
AzureCaper: mucks hand
mowinmo collected $23.52 from pot
*** SUMMARY ***
Total pot $24 | Rake $0.48
Board [Qd Qh Ah 5d 8s]
Seat 4: AzureCaper (button) (small blind) mucked
Seat 6: mowinmo (big blind) showed [Th Kc] and won ($23.52) with a pair of Queens


PokerStars Hand #165277549912:  Hold'em Limit ($3/$6 USD) - 2017/01/27 21:42:53 ET
Table 'Aletta' 6-max Seat #4 is the button
Seat 4: AzureCaper ($96.10 in chips)
Seat 6: mowinmo ($31.61 in chips)
AzureCaper: posts small blind $1
mowinmo: posts big blind $3
*** HOLE CARDS ***
AzureCaper: raises $3 to $6
mowinmo: calls $3
*** FLOP *** [6h 9s Jc]
mowinmo: checks
AzureCaper: bets $3
mowinmo: calls $3
*** TURN *** [6h 9s Jc] [4s]
mowinmo: checks
AzureCaper: bets $6
mowinmo: calls $6
*** RIVER *** [6h 9s Jc 4s] [3c]
mowinmo: checks
AzureCaper: checks
*** SHOW DOWN ***
mowinmo: shows [7c Tc] (high card Jack)
AzureCaper: shows [Td 4d] (a pair of Fours)
AzureCaper collected $29.50 from pot
*** SUMMARY ***
Total pot $30 | Rake $0.50
Board [6h 9s Jc 4s 3c]
Seat 4: AzureCaper (button) (small blind) showed [Td 4d] and won ($29.50) with a pair of Fours
Seat 6: mowinmo (big blind) showed [7c Tc] and lost with high card Jack


PokerStars Hand #165277539955:  Hold'em Limit ($3/$6 USD) - 2017/01/27 21:42:31 ET
Table 'Aletta' 6-max Seat #6 is the button
Seat 4: AzureCaper ($84.58 in chips)
Seat 6: mowinmo ($43.61 in chips)
mowinmo: posts small blind $1
AzureCaper: posts big blind $3
*** HOLE CARDS ***
mowinmo: raises $3 to $6
AzureCaper: calls $3
*** FLOP *** [7d 2d 2c]
AzureCaper: checks
mowinmo: checks
*** TURN *** [7d 2d 2c] [6s]
AzureCaper: bets $6
mowinmo: calls $6
*** RIVER *** [7d 2d 2c 6s] [3s]
AzureCaper: bets $6
mowinmo: folds
Uncalled bet ($6) returned to AzureCaper
AzureCaper collected $23.52 from pot
AzureCaper: doesn't show hand
*** SUMMARY ***
Total pot $24 | Rake $0.48
Board [7d 2d 2c 6s 3s]
Seat 4: AzureCaper (big blind) collected ($23.52)
Seat 6: mowinmo (button) (small blind) folded on the River


PokerStars Hand #165277562188:  Hold'em Limit ($3/$6 USD) - 2017/01/27 21:43:21 ET
Table 'Aletta' 6-max Seat #6 is the button
Seat 4: AzureCaper ($110.60 in chips)
Seat 6: mowinmo ($16.61 in chips)
mowinmo: posts small blind $1
AzureCaper: posts big blind $3
*** HOLE CARDS ***
mowinmo: raises $3 to $6
AzureCaper: calls $3
*** FLOP *** [6s Js 4s]
AzureCaper: bets $3
mowinmo: calls $3
*** TURN *** [6s Js 4s] [Qh]
AzureCaper: bets $6
mowinmo: raises $1.61 to $7.61 and is all-in
AzureCaper: calls $1.61
*** RIVER *** [6s Js 4s Qh] [Jd]
*** SHOW DOWN ***
AzureCaper: shows [Jc 9h] (three of a kind, Jacks)
mowinmo: shows [Td Qs] (two pair, Queens and Jacks)
AzureCaper collected $32.72 from pot
*** SUMMARY ***
Total pot $33.22 | Rake $0.50
Board [6s Js 4s Qh Jd]
Seat 4: AzureCaper (big blind) showed [Jc 9h] and won ($32.72) with three of a kind, Jacks
Seat 6: mowinmo (button) (small blind) showed [Td Qs] and lost with two pair, Queens and Jacks


