PokerStars Hand #159367894232:  Hold'em Limit ($3/$6 USD) - 2016/10/02 7:32:06 ET
Table 'Aletta' 6-max Seat #6 is the button
Seat 4: Agrotait ($76 in chips)
Seat 6: TomTrooper ($596 in chips)
TomTrooper: posts small blind $1
Agrotait: posts big blind $3
*** HOLE CARDS ***
TomTrooper: folds
Uncalled bet ($2) returned to Agrotait
Agrotait collected $2 from pot
Agrotait: doesn't show hand
*** SUMMARY ***
Total pot $2 | Rake $0
Seat 4: Agrotait (big blind) collected ($2)
Seat 6: TomTrooper (button) (small blind) folded before Flop


PokerStars Hand #159367888073:  Hold'em Limit ($3/$6 USD) - 2016/10/02 7:31:54 ET
Table 'Aletta' 6-max Seat #4 is the button
Seat 4: Agrotait ($73 in chips)
Seat 6: TomTrooper ($599 in chips)
Agrotait: posts small blind $1
TomTrooper: posts big blind $3
*** HOLE CARDS ***
Agrotait: raises $3 to $6
TomTrooper: folds
Uncalled bet ($3) returned to Agrotait
Agrotait collected $6 from pot
Agrotait: doesn't show hand
*** SUMMARY ***
Total pot $6 | Rake $0
Seat 4: Agrotait (button) (small blind) collected ($6)
Seat 6: TomTrooper (big blind) folded before Flop


PokerStars Hand #159367923283:  Hold'em Limit ($3/$6 USD) - 2016/10/02 7:33:08 ET
Table 'Aletta' 6-max Seat #6 is the button
Seat 4: Agrotait ($115 in chips)
Seat 6: TomTrooper ($555.76 in chips)
TomTrooper: posts small blind $1
Agrotait: posts big blind $3
*** HOLE CARDS ***
TomTrooper: folds
Uncalled bet ($2) returned to Agrotait
Agrotait collected $2 from pot
Agrotait: doesn't show hand
*** SUMMARY ***
Total pot $2 | Rake $0
Seat 4: Agrotait (big blind) collected ($2)
Seat 6: TomTrooper (button) (small blind) folded before Flop


PokerStars Hand #159367912610:  Hold'em Limit ($3/$6 USD) - 2016/10/02 7:32:45 ET
Table 'Aletta' 6-max Seat #4 is the button
Seat 4: Agrotait ($94.50 in chips)
Seat 6: TomTrooper ($576.76 in chips)
Agrotait: posts small blind $1
TomTrooper: posts big blind $3
*** HOLE CARDS ***
Agrotait: raises $3 to $6
TomTrooper: calls $3
*** FLOP *** [2c 5c 5s]
TomTrooper: bets $3
Agrotait: calls $3
*** TURN *** [2c 5c 5s] [Kh]
TomTrooper: bets $6
Agrotait: calls $6
*** RIVER *** [2c 5c 5s Kh] [8d]
TomTrooper: bets $6
Agrotait: calls $6
*** SHOW DOWN ***
TomTrooper: shows [Tc 3c] (a pair of Fives)
Agrotait: shows [As 4d] (a pair of Fives - Ace kicker)
Agrotait collected $41.50 from pot
*** SUMMARY ***
Total pot $42 | Rake $0.50
Board [2c 5c 5s Kh 8d]
Seat 4: Agrotait (button) (small blind) showed [As 4d] and won ($41.50) with a pair of Fives
Seat 6: TomTrooper (big blind) showed [Tc 3c] and lost with a pair of Fives


PokerStars Hand #159367906055:  Hold'em Limit ($3/$6 USD) - 2016/10/02 7:32:31 ET
Table 'Aletta' 6-max Seat #6 is the button
Seat 4: Agrotait ($100.50 in chips)
Seat 6: TomTrooper ($571 in chips)
TomTrooper: posts small blind $1
Agrotait: posts big blind $3
*** HOLE CARDS ***
TomTrooper: raises $3 to $6
Agrotait: calls $3
*** FLOP *** [3h As 5d]
Agrotait: checks
TomTrooper: bets $3
Agrotait: folds
Uncalled bet ($3) returned to TomTrooper
TomTrooper collected $11.76 from pot
TomTrooper: doesn't show hand
*** SUMMARY ***
Total pot $12 | Rake $0.24
Board [3h As 5d]
Seat 4: Agrotait (big blind) folded on the Flop
Seat 6: TomTrooper (button) (small blind) collected ($11.76)


PokerStars Hand #159367896788:  Hold'em Limit ($3/$6 USD) - 2016/10/02 7:32:12 ET
Table 'Aletta' 6-max Seat #4 is the button
Seat 4: Agrotait ($77 in chips)
Seat 6: TomTrooper ($595 in chips)
Agrotait: posts small blind $1
TomTrooper: posts big blind $3
*** HOLE CARDS ***
Agrotait: raises $3 to $6
TomTrooper: raises $3 to $9
Agrotait: calls $3
*** FLOP *** [Jh Tc 8s]
TomTrooper: bets $3
Agrotait: calls $3
*** TURN *** [Jh Tc 8s] [3d]
TomTrooper: bets $6
Agrotait: calls $6
*** RIVER *** [Jh Tc 8s 3d] [Ks]
TomTrooper: bets $6
Agrotait: calls $6
*** SHOW DOWN ***
TomTrooper: shows [7h 7c] (a pair of Sevens)
Agrotait: shows [5s Js] (a pair of Jacks)
Agrotait collected $47.50 from pot
*** SUMMARY ***
Total pot $48 | Rake $0.50
Board [Jh Tc 8s 3d Ks]
Seat 4: Agrotait (button) (small blind) showed [5s Js] and won ($47.50) with a pair of Jacks
Seat 6: TomTrooper (big blind) showed [7h 7c] and lost with a pair of Sevens


PokerStars Hand #159367948483:  Hold'em Limit ($3/$6 USD) - 2016/10/02 7:34:01 ET
Table 'Aletta' 6-max Seat #6 is the button
Seat 4: Agrotait ($134.50 in chips)
Seat 6: TomTrooper ($535.52 in chips)
TomTrooper: posts small blind $1
Agrotait: posts big blind $3
*** HOLE CARDS ***
TomTrooper: folds
Uncalled bet ($2) returned to Agrotait
Agrotait collected $2 from pot
Agrotait: doesn't show hand
*** SUMMARY ***
Total pot $2 | Rake $0
Seat 4: Agrotait (big blind) collected ($2)
Seat 6: TomTrooper (button) (small blind) folded before Flop


PokerStars Hand #159367937176:  Hold'em Limit ($3/$6 USD) - 2016/10/02 7:33:37 ET
Table 'Aletta' 6-max Seat #4 is the button
Seat 4: Agrotait ($111 in chips)
Seat 6: TomTrooper ($559.52 in chips)
Agrotait: posts small blind $1
TomTrooper: posts big blind $3
*** HOLE CARDS ***
Agrotait: raises $3 to $6
TomTrooper: calls $3
*** FLOP *** [9s 2h Tc]
TomTrooper: bets $3
Agrotait: raises $3 to $6
TomTrooper: calls $3
*** TURN *** [9s 2h Tc] [Td]
TomTrooper: bets $6
Agrotait: calls $6
*** RIVER *** [9s 2h Tc Td] [4s]
TomTrooper: bets $6
Agrotait: calls $6
*** SHOW DOWN ***
TomTrooper: shows [7c 8h] (a pair of Tens)
Agrotait: shows [Qd Qh] (two pair, Queens and Tens)
Agrotait collected $47.50 from pot
*** SUMMARY ***
Total pot $48 | Rake $0.50
Board [9s 2h Tc Td 4s]
Seat 4: Agrotait (button) (small blind) showed [Qd Qh] and won ($47.50) with two pair, Queens and Tens
Seat 6: TomTrooper (big blind) showed [7c 8h] and lost with a pair of Tens


PokerStars Hand #159367934833:  Hold'em Limit ($3/$6 USD) - 2016/10/02 7:33:32 ET
Table 'Aletta' 6-max Seat #6 is the button
Seat 4: Agrotait ($110 in chips)
Seat 6: TomTrooper ($560.52 in chips)
TomTrooper: posts small blind $1
Agrotait: posts big blind $3
*** HOLE CARDS ***
TomTrooper: folds
Uncalled bet ($2) returned to Agrotait
Agrotait collected $2 from pot
Agrotait: doesn't show hand
*** SUMMARY ***
Total pot $2 | Rake $0
Seat 4: Agrotait (big blind) collected ($2)
Seat 6: TomTrooper (button) (small blind) folded before Flop


PokerStars Hand #159367925558:  Hold'em Limit ($3/$6 USD) - 2016/10/02 7:33:12 ET
Table 'Aletta' 6-max Seat #4 is the button
Seat 4: Agrotait ($116 in chips)
Seat 6: TomTrooper ($554.76 in chips)
Agrotait: posts small blind $1
TomTrooper: posts big blind $3
*** HOLE CARDS ***
Agrotait: raises $3 to $6
TomTrooper: calls $3
*** FLOP *** [8c 8d Qh]
TomTrooper: bets $3
Agrotait: folds
Uncalled bet ($3) returned to TomTrooper
TomTrooper collected $11.76 from pot
TomTrooper: doesn't show hand
*** SUMMARY ***
Total pot $12 | Rake $0.24
Board [8c 8d Qh]
Seat 4: Agrotait (button) (small blind) folded on the Flop
Seat 6: TomTrooper (big blind) collected ($11.76)


