PokerStars Hand #162095248530:  Hold'em Limit ($3/$6 USD) - 2016/11/28 12:27:34 ET
Table 'Alexandra' 6-max Seat #4 is the button
Seat 4: nicmct ($159.08 in chips)
Seat 6: paptec ($34.96 in chips)
nicmct: posts small blind $1
paptec: posts big blind $3
*** HOLE CARDS ***
nicmct: raises $3 to $6
paptec: calls $3
*** FLOP *** [Ac 5s Ts]
paptec: checks
nicmct: bets $3
paptec: raises $3 to $6
nicmct: calls $3
*** TURN *** [Ac 5s Ts] [Ah]
paptec: bets $6
nicmct: folds
Uncalled bet ($6) returned to paptec
paptec collected $23.52 from pot
*** SUMMARY ***
Total pot $24 | Rake $0.48
Board [Ac 5s Ts Ah]
Seat 4: nicmct (button) (small blind) folded on the Turn
Seat 6: paptec (big blind) collected ($23.52)


PokerStars Hand #162095234559:  Hold'em Limit ($3/$6 USD) - 2016/11/28 12:27:18 ET
Table 'Alexandra' 6-max Seat #4 is the button
Seat 4: nicmct ($166.08 in chips)
Seat 6: paptec ($28.20 in chips)
nicmct: posts small blind $1
paptec: posts big blind $3
*** HOLE CARDS ***
nicmct: folds
Uncalled bet ($2) returned to paptec
paptec collected $2 from pot
*** SUMMARY ***
Total pot $2 | Rake $0
Seat 4: nicmct (button) (small blind) folded before Flop
Seat 6: paptec (big blind) collected ($2)


PokerStars Hand #162095220091:  Hold'em Limit ($3/$6 USD) - 2016/11/28 12:27:00 ET
Table 'Alexandra' 6-max Seat #6 is the button
Seat 4: nicmct ($154.56 in chips)
Seat 6: paptec ($40.20 in chips)
paptec: posts small blind $1
nicmct: posts big blind $3
parnishka11 leaves the table
*** HOLE CARDS ***
paptec: raises $3 to $6
nicmct: calls $3
*** FLOP *** [Ks Ts Jd]
nicmct: checks
paptec: checks
*** TURN *** [Ks Ts Jd] [3h]
nicmct: bets $6
paptec: calls $6
*** RIVER *** [Ks Ts Jd 3h] [Jh]
nicmct: bets $6
paptec: folds
Uncalled bet ($6) returned to nicmct
nicmct collected $23.52 from pot
*** SUMMARY ***
Total pot $24 | Rake $0.48
Board [Ks Ts Jd 3h Jh]
Seat 4: nicmct (big blind) collected ($23.52)
Seat 6: paptec (button) (small blind) folded on the River


PokerStars Hand #162095239526:  Hold'em Limit ($3/$6 USD) - 2016/11/28 12:27:24 ET
Table 'Alexandra' 6-max Seat #6 is the button
Seat 4: nicmct ($165.08 in chips)
Seat 6: paptec ($29.20 in chips)
paptec: posts small blind $1
nicmct: posts big blind $3
*** HOLE CARDS ***
paptec: raises $3 to $6
nicmct: calls $3
*** FLOP *** [5c Qd 7s]
nicmct: checks
paptec: bets $3
nicmct: folds
Uncalled bet ($3) returned to paptec
paptec collected $11.76 from pot
*** SUMMARY ***
Total pot $12 | Rake $0.24
Board [5c Qd 7s]
Seat 4: nicmct (big blind) folded on the Flop
Seat 6: paptec (button) (small blind) collected ($11.76)


PokerStars Hand #162095277448:  Hold'em Limit ($3/$6 USD) - 2016/11/28 12:28:08 ET
Table 'Alexandra' 6-max Seat #6 is the button
Seat 4: nicmct ($149.84 in chips)
Seat 6: paptec ($43.48 in chips)
paptec: posts small blind $1
nicmct: posts big blind $3
*** HOLE CARDS ***
paptec: raises $3 to $6
nicmct: calls $3
*** FLOP *** [4c 7h 7d]
nicmct: checks
paptec: bets $3
nicmct: raises $3 to $6
paptec: calls $3
*** TURN *** [4c 7h 7d] [3h]
nicmct: bets $6
paptec: raises $6 to $12
nicmct: calls $6
*** RIVER *** [4c 7h 7d 3h] [4d]
nicmct: checks
paptec: bets $6
nicmct: calls $6
*** SHOW DOWN ***
paptec: shows [3c 3d] (a full house, Threes full of Sevens)
nicmct: mucks hand
paptec collected $59.50 from pot
*** SUMMARY ***
Total pot $60 | Rake $0.50
Board [4c 7h 7d 3h 4d]
Seat 4: nicmct (big blind) mucked
Seat 6: paptec (button) (small blind) showed [3c 3d] and won ($59.50) with a full house, Threes full of Sevens


PokerStars Hand #162095302068:  Hold'em Limit ($3/$6 USD) - 2016/11/28 12:28:38 ET
Table 'Alexandra' 6-max Seat #4 is the button
Seat 4: nicmct ($119.84 in chips)
Seat 6: paptec ($72.98 in chips)
nicmct: posts small blind $1
paptec: posts big blind $3
*** HOLE CARDS ***
nicmct: raises $3 to $6
paptec: raises $3 to $9
nicmct: calls $3
*** FLOP *** [Td Tc 4s]
paptec: bets $3
nicmct: folds
Uncalled bet ($3) returned to paptec
paptec collected $17.64 from pot
*** SUMMARY ***
Total pot $18 | Rake $0.36
Board [Td Tc 4s]
Seat 4: nicmct (button) (small blind) folded on the Flop
Seat 6: paptec (big blind) collected ($17.64)


PokerStars Hand #162095268263:  Hold'em Limit ($3/$6 USD) - 2016/11/28 12:27:58 ET
Table 'Alexandra' 6-max Seat #4 is the button
Seat 4: nicmct ($144.08 in chips)
Seat 6: paptec ($49.48 in chips)
nicmct: posts small blind $1
paptec: posts big blind $3
*** HOLE CARDS ***
nicmct: raises $3 to $6
paptec: calls $3
*** FLOP *** [Ks Qs 3c]
paptec: checks
nicmct: bets $3
paptec: folds
Uncalled bet ($3) returned to nicmct
nicmct collected $11.76 from pot
*** SUMMARY ***
Total pot $12 | Rake $0.24
Board [Ks Qs 3c]
Seat 4: nicmct (button) (small blind) collected ($11.76)
Seat 6: paptec (big blind) folded on the Flop


PokerStars Hand #162095262612:  Hold'em Limit ($3/$6 USD) - 2016/11/28 12:27:51 ET
Table 'Alexandra' 6-max Seat #6 is the button
Seat 4: nicmct ($147.08 in chips)
Seat 6: paptec ($46.48 in chips)
paptec: posts small blind $1
nicmct: posts big blind $3
*** HOLE CARDS ***
paptec: raises $3 to $6
nicmct: folds
Uncalled bet ($3) returned to paptec
paptec collected $6 from pot
*** SUMMARY ***
Total pot $6 | Rake $0
Seat 4: nicmct (big blind) folded before Flop
Seat 6: paptec (button) (small blind) collected ($6)


PokerStars Hand #162095316447:  Hold'em Limit ($3/$6 USD) - 2016/11/28 12:28:55 ET
Table 'Alexandra' 6-max Seat #4 is the button
Seat 4: nicmct ($111.84 in chips)
Seat 6: paptec ($80.62 in chips)
nicmct: posts small blind $1
paptec: posts big blind $3
*** HOLE CARDS ***
nicmct: folds
Uncalled bet ($2) returned to paptec
paptec collected $2 from pot
*** SUMMARY ***
Total pot $2 | Rake $0
Seat 4: nicmct (button) (small blind) folded before Flop
Seat 6: paptec (big blind) collected ($2)


PokerStars Hand #162095311754:  Hold'em Limit ($3/$6 USD) - 2016/11/28 12:28:50 ET
Table 'Alexandra' 6-max Seat #6 is the button
Seat 4: nicmct ($110.84 in chips)
Seat 6: paptec ($81.62 in chips)
paptec: posts small blind $1
nicmct: posts big blind $3
*** HOLE CARDS ***
paptec: folds
Uncalled bet ($2) returned to nicmct
nicmct collected $2 from pot
*** SUMMARY ***
Total pot $2 | Rake $0
Seat 4: nicmct (big blind) collected ($2)
Seat 6: paptec (button) (small blind) folded before Flop


PokerStars Hand #162095321026:  Hold'em Limit ($3/$6 USD) - 2016/11/28 12:29:01 ET
Table 'Alexandra' 6-max Seat #6 is the button
Seat 4: nicmct ($110.84 in chips)
Seat 6: paptec ($81.62 in chips)
paptec: posts small blind $1
nicmct: posts big blind $3
*** HOLE CARDS ***
paptec: raises $3 to $6
nicmct: calls $3
*** FLOP *** [5d 4c 9d]
nicmct: checks
paptec: bets $3
nicmct: calls $3
*** TURN *** [5d 4c 9d] [Kh]
nicmct: checks
paptec: checks
*** RIVER *** [5d 4c 9d Kh] [5h]
nicmct: bets $6
paptec: raises $6 to $12
nicmct: folds
Uncalled bet ($6) returned to paptec
paptec collected $29.50 from pot
*** SUMMARY ***
Total pot $30 | Rake $0.50
Board [5d 4c 9d Kh 5h]
Seat 4: nicmct (big blind) folded on the River
Seat 6: paptec (button) (small blind) collected ($29.50)


PokerStars Hand #162095338641:  Hold'em Limit ($3/$6 USD) - 2016/11/28 12:29:22 ET
Table 'Alexandra' 6-max Seat #4 is the button
Seat 4: nicmct ($95.84 in chips)
Seat 6: paptec ($96.12 in chips)
nicmct: posts small blind $1
paptec: posts big blind $3
*** HOLE CARDS ***
nicmct: raises $3 to $6
paptec: calls $3
*** FLOP *** [8h 3h 9c]
paptec: checks
nicmct: bets $3
paptec: raises $3 to $6
nicmct: folds
Uncalled bet ($3) returned to paptec
paptec collected $17.64 from pot
*** SUMMARY ***
Total pot $18 | Rake $0.36
Board [8h 3h 9c]
Seat 4: nicmct (button) (small blind) folded on the Flop
Seat 6: paptec (big blind) collected ($17.64)


PokerStars Hand #162098375040:  Hold'em Limit ($3/$6 USD) - 2016/11/28 13:26:15 ET
Table 'Alexandra' 6-max Seat #4 is the button
Seat 4: liamOS ($227.08 in chips)
Seat 5: KIT426 ($64.14 in chips)
liamOS: posts small blind $1
KIT426: posts big blind $3
*** HOLE CARDS ***
hairy1961 leaves the table
liamOS: folds
Uncalled bet ($2) returned to KIT426
KIT426 collected $2 from pot
*** SUMMARY ***
Total pot $2 | Rake $0
Seat 4: liamOS (button) (small blind) folded before Flop
Seat 5: KIT426 (big blind) collected ($2)


