PokerStars Hand #145723259263:  Hold'em Limit ($3/$6 USD) - 2015/12/22 0:03:53 ET
Table 'Alexandra' 2-max Seat #2 is the button
Seat 1: REZOLUTION84 ($60 in chips)
Seat 2: permafrost07 ($48.97 in chips)
permafrost07: posts small blind $1
REZOLUTION84: posts big blind $3
*** HOLE CARDS ***
permafrost07: raises $3 to $6
REZOLUTION84: calls $3
*** FLOP *** [Ac Qc Th]
REZOLUTION84: checks
permafrost07: checks
*** TURN *** [Ac Qc Th] [Ts]
REZOLUTION84: checks
permafrost07: checks
*** RIVER *** [Ac Qc Th Ts] [7h]
REZOLUTION84: bets $6
permafrost07: raises $6 to $12
REZOLUTION84: folds
Uncalled bet ($6) returned to permafrost07
permafrost07 collected $23.52 from pot
permafrost07: doesn't show hand
*** SUMMARY ***
Total pot $24 | Rake $0.48
Board [Ac Qc Th Ts 7h]
Seat 1: REZOLUTION84 (big blind) folded on the River
Seat 2: permafrost07 (button) (small blind) collected ($23.52)


PokerStars Hand #145723283470:  Hold'em Limit ($3/$6 USD) - 2015/12/22 0:05:15 ET
Table 'Alexandra' 2-max Seat #1 is the button
Seat 1: REZOLUTION84 ($65.76 in chips)
Seat 2: permafrost07 ($80.63 in chips)
REZOLUTION84: posts small blind $1
permafrost07: posts big blind $3
*** HOLE CARDS ***
REZOLUTION84: raises $3 to $6
permafrost07: folds
Uncalled bet ($3) returned to REZOLUTION84
REZOLUTION84 collected $6 from pot
REZOLUTION84: doesn't show hand
*** SUMMARY ***
Total pot $6 | Rake $0
Seat 1: REZOLUTION84 (button) (small blind) collected ($6)
Seat 2: permafrost07 (big blind) folded before Flop


PokerStars Hand #145723278298:  Hold'em Limit ($3/$6 USD) - 2015/12/22 0:04:57 ET
Table 'Alexandra' 2-max Seat #2 is the button
Seat 1: REZOLUTION84 ($60 in chips)
Seat 2: permafrost07 ($86.63 in chips)
permafrost07: posts small blind $1
REZOLUTION84: posts big blind $3
*** HOLE CARDS ***
permafrost07: raises $3 to $6
REZOLUTION84: calls $3
*** FLOP *** [Jc 5h Jh]
REZOLUTION84: checks
permafrost07: checks
*** TURN *** [Jc 5h Jh] [8c]
REZOLUTION84: bets $6
permafrost07: folds
Uncalled bet ($6) returned to REZOLUTION84
REZOLUTION84 collected $11.76 from pot
REZOLUTION84: doesn't show hand
*** SUMMARY ***
Total pot $12 | Rake $0.24
Board [Jc 5h Jh 8c]
Seat 1: REZOLUTION84 (big blind) collected ($11.76)
Seat 2: permafrost07 (button) (small blind) folded on the Turn


PokerStars Hand #145723274623:  Hold'em Limit ($3/$6 USD) - 2015/12/22 0:04:45 ET
Table 'Alexandra' 2-max Seat #1 is the button
Seat 1: REZOLUTION84 ($60 in chips)
Seat 2: permafrost07 ($77.99 in chips)
REZOLUTION84: posts small blind $1
permafrost07: posts big blind $3
*** HOLE CARDS ***
REZOLUTION84: raises $3 to $6
permafrost07: raises $3 to $9
REZOLUTION84: calls $3
*** FLOP *** [3h As Ks]
permafrost07: bets $3
REZOLUTION84: folds
Uncalled bet ($3) returned to permafrost07
permafrost07 collected $17.64 from pot
permafrost07: doesn't show hand
*** SUMMARY ***
Total pot $18 | Rake $0.36
Board [3h As Ks]
Seat 1: REZOLUTION84 (button) (small blind) folded on the Flop
Seat 2: permafrost07 (big blind) collected ($17.64)


PokerStars Hand #145723272697:  Hold'em Limit ($3/$6 USD) - 2015/12/22 0:04:38 ET
Table 'Alexandra' 2-max Seat #2 is the button
Seat 1: REZOLUTION84 ($60 in chips)
Seat 2: permafrost07 ($74.99 in chips)
permafrost07: posts small blind $1
REZOLUTION84: posts big blind $3
*** HOLE CARDS ***
permafrost07: raises $3 to $6
REZOLUTION84: folds
Uncalled bet ($3) returned to permafrost07
permafrost07 collected $6 from pot
permafrost07: doesn't show hand
*** SUMMARY ***
Total pot $6 | Rake $0
Seat 1: REZOLUTION84 (big blind) folded before Flop
Seat 2: permafrost07 (button) (small blind) collected ($6)


PokerStars Hand #145723266957:  Hold'em Limit ($3/$6 USD) - 2015/12/22 0:04:19 ET
Table 'Alexandra' 2-max Seat #1 is the button
Seat 1: REZOLUTION84 ($60 in chips)
Seat 2: permafrost07 ($60.49 in chips)
REZOLUTION84: posts small blind $1
permafrost07: posts big blind $3
*** HOLE CARDS ***
REZOLUTION84: raises $3 to $6
permafrost07: calls $3
*** FLOP *** [9h 5h 3s]
permafrost07: bets $3
REZOLUTION84: calls $3
*** TURN *** [9h 5h 3s] [9s]
permafrost07: bets $6
REZOLUTION84: calls $6
*** RIVER *** [9h 5h 3s 9s] [7h]
permafrost07: checks
REZOLUTION84: checks
*** SHOW DOWN ***
permafrost07: shows [Jc 3d] (two pair, Nines and Threes)
REZOLUTION84: mucks hand
permafrost07 collected $29.50 from pot
*** SUMMARY ***
Total pot $30 | Rake $0.50
Board [9h 5h 3s 9s 7h]
Seat 1: REZOLUTION84 (button) (small blind) mucked
Seat 2: permafrost07 (big blind) showed [Jc 3d] and won ($29.50) with two pair, Nines and Threes


PokerStars Hand #145723287068:  Hold'em Limit ($3/$6 USD) - 2015/12/22 0:05:27 ET
Table 'Alexandra' 2-max Seat #2 is the button
Seat 1: REZOLUTION84 ($68.76 in chips)
Seat 2: permafrost07 ($77.63 in chips)
permafrost07: posts small blind $1
REZOLUTION84: posts big blind $3
*** HOLE CARDS ***
permafrost07: raises $3 to $6
REZOLUTION84: raises $3 to $9
permafrost07: raises $3 to $12
Betting is capped
REZOLUTION84: calls $3
*** FLOP *** [Qc 2s Ks]
REZOLUTION84: checks
permafrost07: bets $3
REZOLUTION84: calls $3
*** TURN *** [Qc 2s Ks] [3c]
REZOLUTION84: checks
permafrost07: checks
*** RIVER *** [Qc 2s Ks 3c] [8h]
REZOLUTION84: checks
permafrost07: bets $6
REZOLUTION84: calls $6
*** SHOW DOWN ***
permafrost07: shows [Jh 7s] (high card King)
REZOLUTION84: shows [5h 5s] (a pair of Fives)
REZOLUTION84 collected $41.50 from pot
*** SUMMARY ***
Total pot $42 | Rake $0.50
Board [Qc 2s Ks 3c 8h]
Seat 1: REZOLUTION84 (big blind) showed [5h 5s] and won ($41.50) with a pair of Fives
Seat 2: permafrost07 (button) (small blind) showed [Jh 7s] and lost with high card King


PokerStars Hand #145723320214:  Hold'em Limit ($3/$6 USD) - 2015/12/22 0:07:20 ET
Table 'Alexandra' 2-max Seat #2 is the button
Seat 1: REZOLUTION84 ($81.76 in chips)
Seat 2: permafrost07 ($63.13 in chips)
permafrost07: posts small blind $1
REZOLUTION84: posts big blind $3
*** HOLE CARDS ***
permafrost07: raises $3 to $6
REZOLUTION84: calls $3
*** FLOP *** [2h Kd Ah]
REZOLUTION84: checks
permafrost07: bets $3
REZOLUTION84: folds
Uncalled bet ($3) returned to permafrost07
permafrost07 collected $11.76 from pot
*** SUMMARY ***
Total pot $12 | Rake $0.24
Board [2h Kd Ah]
Seat 1: REZOLUTION84 (big blind) folded on the Flop
Seat 2: permafrost07 (button) (small blind) collected ($11.76)


PokerStars Hand #145723318727:  Hold'em Limit ($3/$6 USD) - 2015/12/22 0:07:15 ET
Table 'Alexandra' 2-max Seat #1 is the button
Seat 1: REZOLUTION84 ($82.76 in chips)
Seat 2: permafrost07 ($62.13 in chips)
REZOLUTION84: posts small blind $1
permafrost07: posts big blind $3
*** HOLE CARDS ***
REZOLUTION84: folds
Uncalled bet ($2) returned to permafrost07
permafrost07 collected $2 from pot
permafrost07: doesn't show hand
*** SUMMARY ***
Total pot $2 | Rake $0
Seat 1: REZOLUTION84 (button) (small blind) folded before Flop
Seat 2: permafrost07 (big blind) collected ($2)


PokerStars Hand #145723310153:  Hold'em Limit ($3/$6 USD) - 2015/12/22 0:06:45 ET
Table 'Alexandra' 2-max Seat #2 is the button
Seat 1: REZOLUTION84 ($103.76 in chips)
Seat 2: permafrost07 ($41.63 in chips)
permafrost07: posts small blind $1
REZOLUTION84: posts big blind $3
*** HOLE CARDS ***
permafrost07: raises $3 to $6
REZOLUTION84: calls $3
*** FLOP *** [8c 5s Qh]
REZOLUTION84: checks
permafrost07: bets $3
REZOLUTION84: raises $3 to $6
permafrost07: raises $3 to $9
REZOLUTION84: calls $3
*** TURN *** [8c 5s Qh] [Qc]
REZOLUTION84: checks
permafrost07: checks
*** RIVER *** [8c 5s Qh Qc] [Td]
REZOLUTION84: bets $6
permafrost07: calls $6
*** SHOW DOWN ***
REZOLUTION84: shows [8s Ad] (two pair, Queens and Eights)
permafrost07: shows [Th Kc] (two pair, Queens and Tens)
permafrost07 collected $41.50 from pot
*** SUMMARY ***
Total pot $42 | Rake $0.50
Board [8c 5s Qh Qc Td]
Seat 1: REZOLUTION84 (big blind) showed [8s Ad] and lost with two pair, Queens and Eights
Seat 2: permafrost07 (button) (small blind) showed [Th Kc] and won ($41.50) with two pair, Queens and Tens


PokerStars Hand #145723301679:  Hold'em Limit ($3/$6 USD) - 2015/12/22 0:06:17 ET
Table 'Alexandra' 2-max Seat #1 is the button
Seat 1: REZOLUTION84 ($89.26 in chips)
Seat 2: permafrost07 ($56.63 in chips)
REZOLUTION84: posts small blind $1
permafrost07: posts big blind $3
*** HOLE CARDS ***
REZOLUTION84: raises $3 to $6
permafrost07: raises $3 to $9
REZOLUTION84: raises $3 to $12
Betting is capped
permafrost07: calls $3
*** FLOP *** [7s 6s 7d]
permafrost07: checks
REZOLUTION84: bets $3
permafrost07: calls $3
*** TURN *** [7s 6s 7d] [8s]
permafrost07: checks
REZOLUTION84: checks
*** RIVER *** [7s 6s 7d 8s] [9c]
permafrost07: checks
REZOLUTION84: checks
*** SHOW DOWN ***
permafrost07: shows [4d Qd] (a pair of Sevens)
REZOLUTION84: shows [Ks Ac] (a pair of Sevens - Ace kicker)
REZOLUTION84 collected $29.50 from pot
*** SUMMARY ***
Total pot $30 | Rake $0.50
Board [7s 6s 7d 8s 9c]
Seat 1: REZOLUTION84 (button) (small blind) showed [Ks Ac] and won ($29.50) with a pair of Sevens
Seat 2: permafrost07 (big blind) showed [4d Qd] and lost with a pair of Sevens


PokerStars Hand #145723339667:  Hold'em Limit ($3/$6 USD) - 2015/12/22 0:08:25 ET
Table 'Alexandra' 2-max Seat #1 is the button
Seat 1: REZOLUTION84 ($119.76 in chips)
Seat 2: permafrost07 ($23.89 in chips)
REZOLUTION84: posts small blind $1
permafrost07: posts big blind $3
*** HOLE CARDS ***
REZOLUTION84: folds
Uncalled bet ($2) returned to permafrost07
permafrost07 collected $2 from pot
permafrost07: doesn't show hand
*** SUMMARY ***
Total pot $2 | Rake $0
Seat 1: REZOLUTION84 (button) (small blind) folded before Flop
Seat 2: permafrost07 (big blind) collected ($2)


PokerStars Hand #145723332411:  Hold'em Limit ($3/$6 USD) - 2015/12/22 0:08:01 ET
Table 'Alexandra' 2-max Seat #2 is the button
Seat 1: REZOLUTION84 ($96.26 in chips)
Seat 2: permafrost07 ($47.89 in chips)
permafrost07: posts small blind $1
REZOLUTION84: posts big blind $3
*** HOLE CARDS ***
permafrost07: raises $3 to $6
REZOLUTION84: raises $3 to $9
permafrost07: raises $3 to $12
Betting is capped
REZOLUTION84: calls $3
*** FLOP *** [4h 7c 3d]
REZOLUTION84: checks
permafrost07: checks
*** TURN *** [4h 7c 3d] [Kc]
REZOLUTION84: bets $6
permafrost07: calls $6
*** RIVER *** [4h 7c 3d Kc] [2c]
REZOLUTION84: bets $6
permafrost07: calls $6
*** SHOW DOWN ***
REZOLUTION84: shows [Qd Qc] (a pair of Queens)
permafrost07: mucks hand
REZOLUTION84 collected $47.50 from pot
*** SUMMARY ***
Total pot $48 | Rake $0.50
Board [4h 7c 3d Kc 2c]
Seat 1: REZOLUTION84 (big blind) showed [Qd Qc] and won ($47.50) with a pair of Queens
Seat 2: permafrost07 (button) (small blind) mucked


PokerStars Hand #145723323322:  Hold'em Limit ($3/$6 USD) - 2015/12/22 0:07:30 ET
Table 'Alexandra' 2-max Seat #1 is the button
Seat 1: REZOLUTION84 ($75.76 in chips)
Seat 2: permafrost07 ($68.89 in chips)
REZOLUTION84: posts small blind $1
permafrost07: posts big blind $3
*** HOLE CARDS ***
REZOLUTION84: raises $3 to $6
permafrost07: raises $3 to $9
REZOLUTION84: calls $3
*** FLOP *** [Td 4s Ad]
permafrost07: checks
REZOLUTION84: checks
*** TURN *** [Td 4s Ad] [Ks]
permafrost07: bets $6
REZOLUTION84: raises $6 to $12
permafrost07: calls $6
*** RIVER *** [Td 4s Ad Ks] [7s]
permafrost07: checks
REZOLUTION84: bets $6
permafrost07: folds
Uncalled bet ($6) returned to REZOLUTION84
REZOLUTION84 collected $41.50 from pot
REZOLUTION84: doesn't show hand
*** SUMMARY ***
Total pot $42 | Rake $0.50
Board [Td 4s Ad Ks 7s]
Seat 1: REZOLUTION84 (button) (small blind) collected ($41.50)
Seat 2: permafrost07 (big blind) folded on the River


PokerStars Hand #145723352641:  Hold'em Limit ($3/$6 USD) - 2015/12/22 0:09:10 ET
Table 'Alexandra' 2-max Seat #2 is the button
Seat 1: REZOLUTION84 ($124.40 in chips)
Seat 2: permafrost07 ($18.89 in chips)
permafrost07: posts small blind $1
REZOLUTION84: posts big blind $3
*** HOLE CARDS ***
permafrost07: raises $3 to $6
REZOLUTION84: folds
Uncalled bet ($3) returned to permafrost07
permafrost07 collected $6 from pot
permafrost07: doesn't show hand
*** SUMMARY ***
Total pot $6 | Rake $0
Seat 1: REZOLUTION84 (big blind) folded before Flop
Seat 2: permafrost07 (button) (small blind) collected ($6)


PokerStars Hand #145723351168:  Hold'em Limit ($3/$6 USD) - 2015/12/22 0:09:04 ET
Table 'Alexandra' 2-max Seat #1 is the button
Seat 1: REZOLUTION84 ($125.40 in chips)
Seat 2: permafrost07 ($17.89 in chips)
REZOLUTION84: posts small blind $1
permafrost07: posts big blind $3
*** HOLE CARDS ***
REZOLUTION84: folds
Uncalled bet ($2) returned to permafrost07
permafrost07 collected $2 from pot
permafrost07: doesn't show hand
*** SUMMARY ***
Total pot $2 | Rake $0
Seat 1: REZOLUTION84 (button) (small blind) folded before Flop
Seat 2: permafrost07 (big blind) collected ($2)


PokerStars Hand #145723348941:  Hold'em Limit ($3/$6 USD) - 2015/12/22 0:08:57 ET
Table 'Alexandra' 2-max Seat #2 is the button
Seat 1: REZOLUTION84 ($124.40 in chips)
Seat 2: permafrost07 ($18.89 in chips)
permafrost07: posts small blind $1
REZOLUTION84: posts big blind $3
*** HOLE CARDS ***
permafrost07: folds
Uncalled bet ($2) returned to REZOLUTION84
REZOLUTION84 collected $2 from pot
REZOLUTION84: doesn't show hand
*** SUMMARY ***
Total pot $2 | Rake $0
Seat 1: REZOLUTION84 (big blind) collected ($2)
Seat 2: permafrost07 (button) (small blind) folded before Flop


PokerStars Hand #145723343378:  Hold'em Limit ($3/$6 USD) - 2015/12/22 0:08:38 ET
Table 'Alexandra' 2-max Seat #1 is the button
Seat 1: REZOLUTION84 ($115.76 in chips)
Seat 2: permafrost07 ($27.89 in chips)
REZOLUTION84: posts small blind $1
permafrost07: posts big blind $3
*** HOLE CARDS ***
REZOLUTION84: raises $3 to $6
permafrost07: calls $3
*** FLOP *** [Js 3c 8h]
permafrost07: bets $3
REZOLUTION84: calls $3
*** TURN *** [Js 3c 8h] [Kh]
permafrost07: checks
REZOLUTION84: bets $6
permafrost07: folds
Uncalled bet ($6) returned to REZOLUTION84
REZOLUTION84 collected $17.64 from pot
REZOLUTION84: doesn't show hand
*** SUMMARY ***
Total pot $18 | Rake $0.36
Board [Js 3c 8h Kh]
Seat 1: REZOLUTION84 (button) (small blind) collected ($17.64)
Seat 2: permafrost07 (big blind) folded on the Turn


PokerStars Hand #145723341109:  Hold'em Limit ($3/$6 USD) - 2015/12/22 0:08:30 ET
Table 'Alexandra' 2-max Seat #2 is the button
Seat 1: REZOLUTION84 ($118.76 in chips)
Seat 2: permafrost07 ($24.89 in chips)
permafrost07: posts small blind $1
REZOLUTION84: posts big blind $3
*** HOLE CARDS ***
permafrost07: raises $3 to $6
REZOLUTION84: folds
Uncalled bet ($3) returned to permafrost07
permafrost07 collected $6 from pot
permafrost07: doesn't show hand
*** SUMMARY ***
Total pot $6 | Rake $0
Seat 1: REZOLUTION84 (big blind) folded before Flop
Seat 2: permafrost07 (button) (small blind) collected ($6)


PokerStars Hand #145723354502:  Hold'em Limit ($3/$6 USD) - 2015/12/22 0:09:16 ET
Table 'Alexandra' 2-max Seat #1 is the button
Seat 1: REZOLUTION84 ($121.40 in chips)
Seat 2: permafrost07 ($21.89 in chips)
REZOLUTION84: posts small blind $1
permafrost07: posts big blind $3
*** HOLE CARDS ***
REZOLUTION84: raises $3 to $6
permafrost07: raises $3 to $9
REZOLUTION84: calls $3
*** FLOP *** [3d Ts 8d]
permafrost07: checks
REZOLUTION84: bets $3
permafrost07: calls $3
*** TURN *** [3d Ts 8d] [4h]
permafrost07: checks
REZOLUTION84: bets $6
permafrost07: calls $6
*** RIVER *** [3d Ts 8d 4h] [Ks]
permafrost07: bets $3.89 and is all-in
REZOLUTION84: calls $3.89
*** SHOW DOWN ***
permafrost07: shows [Kd 6h] (a pair of Kings)
REZOLUTION84: shows [Td Kc] (two pair, Kings and Tens)
REZOLUTION84 collected $43.28 from pot
*** SUMMARY ***
Total pot $43.78 | Rake $0.50
Board [3d Ts 8d 4h Ks]
Seat 1: REZOLUTION84 (button) (small blind) showed [Td Kc] and won ($43.28) with two pair, Kings and Tens
Seat 2: permafrost07 (big blind) showed [Kd 6h] and lost with a pair of Kings


