PokerStars Hand #146490405770:  Hold'em Limit ($3/$6 USD) - 2016/01/04 23:54:19 ET
Table 'Alfaterna' 6-max Seat #1 is the button
Seat 1: LifeisagameX ($60 in chips)
Seat 2: _fayzulllo_ ($72 in chips)
LifeisagameX: posts small blind $1
_fayzulllo_: posts big blind $3
*** HOLE CARDS ***
LifeisagameX: raises $3 to $6
_fayzulllo_: calls $3
*** FLOP *** [7s Th 9d]
_fayzulllo_: checks
Dark67 joins the table at seat #4
LifeisagameX: bets $3
_fayzulllo_: calls $3
*** TURN *** [7s Th 9d] [8s]
_fayzulllo_: checks
LifeisagameX: bets $6
_fayzulllo_: calls $6
*** RIVER *** [7s Th 9d 8s] [Ah]
_fayzulllo_: checks
LifeisagameX: bets $6
_fayzulllo_: calls $6
*** SHOW DOWN ***
LifeisagameX: shows [Js 8d] (a straight, Seven to Jack)
_fayzulllo_: mucks hand
LifeisagameX collected $41.50 from pot
*** SUMMARY ***
Total pot $42 | Rake $0.50
Board [7s Th 9d 8s Ah]
Seat 1: LifeisagameX (button) (small blind) showed [Js 8d] and won ($41.50) with a straight, Seven to Jack
Seat 2: _fayzulllo_ (big blind) mucked


PokerStars Hand #146490442075:  Hold'em Limit ($3/$6 USD) - 2016/01/04 23:56:29 ET
Table 'Alfaterna' 6-max Seat #1 is the button
Seat 1: LifeisagameX ($106.21 in chips)
Seat 2: _fayzulllo_ ($28 in chips)
LifeisagameX: posts small blind $1
_fayzulllo_: posts big blind $3
*** HOLE CARDS ***
LifeisagameX: raises $3 to $6
_fayzulllo_: raises $3 to $9
LifeisagameX: calls $3
*** FLOP *** [Ts 8s 3h]
_fayzulllo_: bets $3
LifeisagameX: calls $3
*** TURN *** [Ts 8s 3h] [Ks]
_fayzulllo_: checks
LifeisagameX: checks
*** RIVER *** [Ts 8s 3h Ks] [Ac]
_fayzulllo_: checks
LifeisagameX: bets $6
_fayzulllo_: calls $6
*** SHOW DOWN ***
LifeisagameX: shows [6h 7c] (high card Ace)
_fayzulllo_: shows [Qc Tc] (a pair of Tens)
_fayzulllo_ collected $35.50 from pot
*** SUMMARY ***
Total pot $36 | Rake $0.50
Board [Ts 8s 3h Ks Ac]
Seat 1: LifeisagameX (button) (small blind) showed [6h 7c] and lost with high card Ace
Seat 2: _fayzulllo_ (big blind) showed [Qc Tc] and won ($35.50) with a pair of Tens


PokerStars Hand #146490440434:  Hold'em Limit ($3/$6 USD) - 2016/01/04 23:56:23 ET
Table 'Alfaterna' 6-max Seat #2 is the button
Seat 1: LifeisagameX ($105.21 in chips)
Seat 2: _fayzulllo_ ($29 in chips)
_fayzulllo_: posts small blind $1
LifeisagameX: posts big blind $3
*** HOLE CARDS ***
_fayzulllo_: folds
Uncalled bet ($2) returned to LifeisagameX
LifeisagameX collected $2 from pot
LifeisagameX: doesn't show hand
*** SUMMARY ***
Total pot $2 | Rake $0
Seat 1: LifeisagameX (big blind) collected ($2)
Seat 2: _fayzulllo_ (button) (small blind) folded before Flop


PokerStars Hand #146490456907:  Hold'em Limit ($3/$6 USD) - 2016/01/04 23:57:24 ET
Table 'Alfaterna' 6-max Seat #2 is the button
Seat 1: LifeisagameX ($82.21 in chips)
Seat 2: _fayzulllo_ ($51.14 in chips)
_fayzulllo_: posts small blind $1
LifeisagameX: posts big blind $3
*** HOLE CARDS ***
_fayzulllo_: calls $2
LifeisagameX: raises $3 to $6
_fayzulllo_: calls $3
*** FLOP *** [6s 4h 3d]
LifeisagameX: bets $3
_fayzulllo_: calls $3
*** TURN *** [6s 4h 3d] [6d]
LifeisagameX: bets $6
_fayzulllo_: calls $6
*** RIVER *** [6s 4h 3d 6d] [2d]
LifeisagameX: checks
_fayzulllo_: checks
*** SHOW DOWN ***
LifeisagameX: shows [9s Th] (a pair of Sixes)
_fayzulllo_: shows [Jd 7c] (a pair of Sixes - Jack kicker)
_fayzulllo_ collected $29.50 from pot
*** SUMMARY ***
Total pot $30 | Rake $0.50
Board [6s 4h 3d 6d 2d]
Seat 1: LifeisagameX (big blind) showed [9s Th] and lost with a pair of Sixes
Seat 2: _fayzulllo_ (button) (small blind) showed [Jd 7c] and won ($29.50) with a pair of Sixes


PokerStars Hand #146490454610:  Hold'em Limit ($3/$6 USD) - 2016/01/04 23:57:16 ET
Table 'Alfaterna' 6-max Seat #1 is the button
Seat 1: LifeisagameX ($79.21 in chips)
Seat 2: _fayzulllo_ ($54.14 in chips)
LifeisagameX: posts small blind $1
_fayzulllo_: posts big blind $3
*** HOLE CARDS ***
LifeisagameX: raises $3 to $6
_fayzulllo_: folds
Uncalled bet ($3) returned to LifeisagameX
LifeisagameX collected $6 from pot
LifeisagameX: doesn't show hand
*** SUMMARY ***
Total pot $6 | Rake $0
Seat 1: LifeisagameX (button) (small blind) collected ($6)
Seat 2: _fayzulllo_ (big blind) folded before Flop


PokerStars Hand #146490448534:  Hold'em Limit ($3/$6 USD) - 2016/01/04 23:56:53 ET
Table 'Alfaterna' 6-max Seat #2 is the button
Seat 1: LifeisagameX ($88.21 in chips)
Seat 2: _fayzulllo_ ($45.50 in chips)
_fayzulllo_: posts small blind $1
LifeisagameX: posts big blind $3
*** HOLE CARDS ***
_fayzulllo_: calls $2
LifeisagameX: raises $3 to $6
_fayzulllo_: calls $3
*** FLOP *** [Kc Ah 7s]
LifeisagameX: bets $3
_fayzulllo_: calls $3
*** TURN *** [Kc Ah 7s] [Jd]
LifeisagameX: checks
_fayzulllo_: checks
*** RIVER *** [Kc Ah 7s Jd] [3d]
LifeisagameX: checks
_fayzulllo_: checks
*** SHOW DOWN ***
LifeisagameX: shows [6d Qs] (high card Ace)
_fayzulllo_: shows [Ts 7d] (a pair of Sevens)
_fayzulllo_ collected $17.64 from pot
*** SUMMARY ***
Total pot $18 | Rake $0.36
Board [Kc Ah 7s Jd 3d]
Seat 1: LifeisagameX (big blind) showed [6d Qs] and lost with high card Ace
Seat 2: _fayzulllo_ (button) (small blind) showed [Ts 7d] and won ($17.64) with a pair of Sevens


PokerStars Hand #146490464807:  Hold'em Limit ($3/$6 USD) - 2016/01/04 23:57:53 ET
Table 'Alfaterna' 6-max Seat #1 is the button
Seat 1: LifeisagameX ($67.21 in chips)
Seat 2: _fayzulllo_ ($65.64 in chips)
LifeisagameX: posts small blind $1
_fayzulllo_: posts big blind $3
*** HOLE CARDS ***
LifeisagameX: raises $3 to $6
_fayzulllo_: calls $3
*** FLOP *** [7h Qd 6h]
_fayzulllo_: checks
LifeisagameX: bets $3
_fayzulllo_: calls $3
*** TURN *** [7h Qd 6h] [Ad]
_fayzulllo_: checks
LifeisagameX: bets $6
_fayzulllo_: calls $6
*** RIVER *** [7h Qd 6h Ad] [5h]
_fayzulllo_: checks
LifeisagameX: bets $6
_fayzulllo_: folds
Uncalled bet ($6) returned to LifeisagameX
LifeisagameX collected $29.50 from pot
LifeisagameX: doesn't show hand
*** SUMMARY ***
Total pot $30 | Rake $0.50
Board [7h Qd 6h Ad 5h]
Seat 1: LifeisagameX (button) (small blind) collected ($29.50)
Seat 2: _fayzulllo_ (big blind) folded on the River


PokerStars Hand #146490486937:  Hold'em Limit ($3/$6 USD) - 2016/01/04 23:59:16 ET
Table 'Alfaterna' 6-max Seat #1 is the button
Seat 1: LifeisagameX ($99.21 in chips)
Seat 2: _fayzulllo_ ($32.64 in chips)
LifeisagameX: posts small blind $1
_fayzulllo_: posts big blind $3
*** HOLE CARDS ***
LifeisagameX: raises $3 to $6
_fayzulllo_: calls $3
*** FLOP *** [4c 2d 3d]
_fayzulllo_: checks
LifeisagameX: bets $3
_fayzulllo_: calls $3
*** TURN *** [4c 2d 3d] [Qd]
_fayzulllo_: checks
LifeisagameX: bets $6
_fayzulllo_: folds
Uncalled bet ($6) returned to LifeisagameX
LifeisagameX collected $17.64 from pot
LifeisagameX: doesn't show hand
*** SUMMARY ***
Total pot $18 | Rake $0.36
Board [4c 2d 3d Qd]
Seat 1: LifeisagameX (button) (small blind) collected ($17.64)
Seat 2: _fayzulllo_ (big blind) folded on the Turn


PokerStars Hand #146490476855:  Hold'em Limit ($3/$6 USD) - 2016/01/04 23:58:38 ET
Table 'Alfaterna' 6-max Seat #2 is the button
Seat 1: LifeisagameX ($81.71 in chips)
Seat 2: _fayzulllo_ ($50.64 in chips)
_fayzulllo_: posts small blind $1
LifeisagameX: posts big blind $3
*** HOLE CARDS ***
_fayzulllo_: calls $2
LifeisagameX: checks
*** FLOP *** [Th 4d 9d]
LifeisagameX: bets $3
_fayzulllo_: calls $3
*** TURN *** [Th 4d 9d] [6h]
LifeisagameX: bets $6
_fayzulllo_: calls $6
*** RIVER *** [Th 4d 9d 6h] [Qd]
LifeisagameX: bets $6
stelios39 joins the table at seat #3
_fayzulllo_: calls $6
*** SHOW DOWN ***
LifeisagameX: shows [4s Tc] (two pair, Tens and Fours)
_fayzulllo_: mucks hand
LifeisagameX collected $35.50 from pot
*** SUMMARY ***
Total pot $36 | Rake $0.50
Board [Th 4d 9d 6h Qd]
Seat 1: LifeisagameX (big blind) showed [4s Tc] and won ($35.50) with two pair, Tens and Fours
Seat 2: _fayzulllo_ (button) (small blind) mucked


PokerStars Hand #146490763463:  Hold'em Limit ($3/$6 USD) - 2016/01/05 0:14:55 ET
Table 'Alfaterna' 6-max Seat #6 is the button
Seat 3: stelios39 ($70.80 in chips)
Seat 6: baur017017 ($83.59 in chips)
baur017017: posts small blind $1
stelios39: posts big blind $3
*** HOLE CARDS ***
baur017017: raises $3 to $6
stelios39: calls $3
*** FLOP *** [Js 9d 6d]
_fayzulllo_ leaves the table
stelios39: checks
baur017017: bets $3
stelios39: calls $3
*** TURN *** [Js 9d 6d] [Qc]
stelios39: checks
baur017017: bets $6
stelios39: raises $6 to $12
baur017017: calls $6
*** RIVER *** [Js 9d 6d Qc] [5h]
stelios39: bets $6
baur017017: calls $6
*** SHOW DOWN ***
stelios39: shows [Qs Ac] (a pair of Queens)
baur017017: mucks hand
stelios39 collected $53.50 from pot
*** SUMMARY ***
Total pot $54 | Rake $0.50
Board [Js 9d 6d Qc 5h]
Seat 3: stelios39 (big blind) showed [Qs Ac] and won ($53.50) with a pair of Queens
Seat 6: baur017017 (button) (small blind) mucked


PokerStars Hand #146490772583:  Hold'em Limit ($3/$6 USD) - 2016/01/05 0:15:26 ET
Table 'Alfaterna' 6-max Seat #3 is the button
Seat 3: stelios39 ($97.30 in chips)
Seat 6: baur017017 ($56.59 in chips)
stelios39: posts small blind $1
baur017017: posts big blind $3
*** HOLE CARDS ***
stelios39: calls $2
baur017017: raises $3 to $6
stelios39: calls $3
*** FLOP *** [Jh Ks Jc]
baur017017: bets $3
stelios39: calls $3
*** TURN *** [Jh Ks Jc] [Jd]
baur017017: bets $6
stelios39: calls $6
*** RIVER *** [Jh Ks Jc Jd] [7s]
baur017017: bets $6
_fayzulllo_ joins the table at seat #4
stelios39: raises $6 to $12
baur017017: folds
Uncalled bet ($6) returned to stelios39
stelios39 collected $41.50 from pot
stelios39: doesn't show hand
*** SUMMARY ***
Total pot $42 | Rake $0.50
Board [Jh Ks Jc Jd 7s]
Seat 3: stelios39 (button) (small blind) collected ($41.50)
Seat 6: baur017017 (big blind) folded on the River


PokerStars Hand #146490780730:  Hold'em Limit ($3/$6 USD) - 2016/01/05 0:15:54 ET
Table 'Alfaterna' 6-max Seat #6 is the button
Seat 3: stelios39 ($117.80 in chips)
Seat 6: baur017017 ($35.59 in chips)
baur017017: posts small blind $1
stelios39: posts big blind $3
*** HOLE CARDS ***
baur017017: raises $3 to $6
stelios39: calls $3
*** FLOP *** [6h 9c 4c]
stelios39: checks
baur017017: bets $3
stelios39: calls $3
*** TURN *** [6h 9c 4c] [3c]
stelios39: checks
baur017017: bets $6
stelios39: calls $6
*** RIVER *** [6h 9c 4c 3c] [8h]
stelios39: checks
baur017017: bets $6
stelios39: calls $6
*** SHOW DOWN ***
baur017017: shows [9s Qd] (a pair of Nines)
stelios39: mucks hand
baur017017 collected $41.50 from pot
*** SUMMARY ***
Total pot $42 | Rake $0.50
Board [6h 9c 4c 3c 8h]
Seat 3: stelios39 (big blind) mucked
Seat 6: baur017017 (button) (small blind) showed [9s Qd] and won ($41.50) with a pair of Nines


PokerStars Hand #146490815201:  Hold'em Limit ($3/$6 USD) - 2016/01/05 0:17:51 ET
Table 'Alfaterna' 6-max Seat #3 is the button
Seat 3: stelios39 ($74.80 in chips)
Seat 4: _fayzulllo_ ($47 in chips)
stelios39: posts small blind $1
_fayzulllo_: posts big blind $3
*** HOLE CARDS ***
stelios39: raises $3 to $6
_fayzulllo_: calls $3
*** FLOP *** [Td As Kd]
_fayzulllo_: checks
stelios39: bets $3
_fayzulllo_: calls $3
*** TURN *** [Td As Kd] [Qs]
_fayzulllo_: checks
stelios39: checks
*** RIVER *** [Td As Kd Qs] [4c]
_fayzulllo_: bets $6
stelios39: folds
Uncalled bet ($6) returned to _fayzulllo_
_fayzulllo_ collected $17.64 from pot
_fayzulllo_: doesn't show hand
*** SUMMARY ***
Total pot $18 | Rake $0.36
Board [Td As Kd Qs 4c]
Seat 3: stelios39 (button) (small blind) folded on the River
Seat 4: _fayzulllo_ (big blind) collected ($17.64)


PokerStars Hand #146490811300:  Hold'em Limit ($3/$6 USD) - 2016/01/05 0:17:38 ET
Table 'Alfaterna' 6-max Seat #4 is the button
Seat 3: stelios39 ($73.80 in chips)
Seat 4: _fayzulllo_ ($48 in chips)
_fayzulllo_: posts small blind $1
stelios39: posts big blind $3
*** HOLE CARDS ***
baur017017 leaves the table
_fayzulllo_: folds
Uncalled bet ($2) returned to stelios39
stelios39 collected $2 from pot
stelios39: doesn't show hand
*** SUMMARY ***
Total pot $2 | Rake $0
Seat 3: stelios39 (big blind) collected ($2)
Seat 4: _fayzulllo_ (button) (small blind) folded before Flop


PokerStars Hand #146490836537:  Hold'em Limit ($3/$6 USD) - 2016/01/05 0:19:03 ET
Table 'Alfaterna' 6-max Seat #3 is the button
Seat 3: stelios39 ($32.80 in chips)
Seat 4: _fayzulllo_ ($87.78 in chips)
stelios39: posts small blind $1
_fayzulllo_: posts big blind $3
*** HOLE CARDS ***
stelios39: folds
Uncalled bet ($2) returned to _fayzulllo_
_fayzulllo_ collected $2 from pot
_fayzulllo_: doesn't show hand
*** SUMMARY ***
Total pot $2 | Rake $0
Seat 3: stelios39 (button) (small blind) folded before Flop
Seat 4: _fayzulllo_ (big blind) collected ($2)


PokerStars Hand #146490828502:  Hold'em Limit ($3/$6 USD) - 2016/01/05 0:18:36 ET
Table 'Alfaterna' 6-max Seat #4 is the button
Seat 3: stelios39 ($59.80 in chips)
Seat 4: _fayzulllo_ ($61.28 in chips)
_fayzulllo_: posts small blind $1
stelios39: posts big blind $3
*** HOLE CARDS ***
_fayzulllo_: calls $2
stelios39: raises $3 to $6
_fayzulllo_: calls $3
*** FLOP *** [As 9s Jc]
stelios39: bets $3
_fayzulllo_: calls $3
*** TURN *** [As 9s Jc] [9c]
stelios39: bets $6
_fayzulllo_: calls $6
*** RIVER *** [As 9s Jc 9c] [4c]
stelios39: bets $6
_fayzulllo_: raises $6 to $12
stelios39: calls $6
*** SHOW DOWN ***
_fayzulllo_: shows [9h Js] (a full house, Nines full of Jacks)
stelios39: mucks hand
_fayzulllo_ collected $53.50 from pot
*** SUMMARY ***
Total pot $54 | Rake $0.50
Board [As 9s Jc 9c 4c]
Seat 3: stelios39 (big blind) mucked
Seat 4: _fayzulllo_ (button) (small blind) showed [9h Js] and won ($53.50) with a full house, Nines full of Jacks


PokerStars Hand #146490826594:  Hold'em Limit ($3/$6 USD) - 2016/01/05 0:18:30 ET
Table 'Alfaterna' 6-max Seat #3 is the button
Seat 3: stelios39 ($56.80 in chips)
Seat 4: _fayzulllo_ ($64.28 in chips)
stelios39: posts small blind $1
_fayzulllo_: posts big blind $3
*** HOLE CARDS ***
stelios39: raises $3 to $6
_fayzulllo_: folds
Uncalled bet ($3) returned to stelios39
stelios39 collected $6 from pot
stelios39: doesn't show hand
*** SUMMARY ***
Total pot $6 | Rake $0
Seat 3: stelios39 (button) (small blind) collected ($6)
Seat 4: _fayzulllo_ (big blind) folded before Flop


PokerStars Hand #146490820896:  Hold'em Limit ($3/$6 USD) - 2016/01/05 0:18:10 ET
Table 'Alfaterna' 6-max Seat #4 is the button
Seat 3: stelios39 ($65.80 in chips)
Seat 4: _fayzulllo_ ($55.64 in chips)
_fayzulllo_: posts small blind $1
stelios39: posts big blind $3
*** HOLE CARDS ***
_fayzulllo_: raises $3 to $6
stelios39: calls $3
*** FLOP *** [Td Ks 3d]
stelios39: bets $3
_fayzulllo_: raises $3 to $6
stelios39: folds
Uncalled bet ($3) returned to _fayzulllo_
_fayzulllo_ collected $17.64 from pot
_fayzulllo_: doesn't show hand
*** SUMMARY ***
Total pot $18 | Rake $0.36
Board [Td Ks 3d]
Seat 3: stelios39 (big blind) folded on the Flop
Seat 4: _fayzulllo_ (button) (small blind) collected ($17.64)


PokerStars Hand #146490846552:  Hold'em Limit ($3/$6 USD) - 2016/01/05 0:19:37 ET
Table 'Alfaterna' 6-max Seat #3 is the button
Seat 3: stelios39 ($52.30 in chips)
Seat 4: _fayzulllo_ ($67.78 in chips)
stelios39: posts small blind $1
_fayzulllo_: posts big blind $3
*** HOLE CARDS ***
stelios39: calls $2
_fayzulllo_: raises $3 to $6
stelios39: calls $3
*** FLOP *** [4h 2s Ts]
_fayzulllo_: bets $3
stelios39: folds
Uncalled bet ($3) returned to _fayzulllo_
_fayzulllo_ collected $11.76 from pot
_fayzulllo_: doesn't show hand
*** SUMMARY ***
Total pot $12 | Rake $0.24
Board [4h 2s Ts]
Seat 3: stelios39 (button) (small blind) folded on the Flop
Seat 4: _fayzulllo_ (big blind) collected ($11.76)


PokerStars Hand #146490838475:  Hold'em Limit ($3/$6 USD) - 2016/01/05 0:19:10 ET
Table 'Alfaterna' 6-max Seat #4 is the button
Seat 3: stelios39 ($31.80 in chips)
Seat 4: _fayzulllo_ ($88.78 in chips)
_fayzulllo_: posts small blind $1
stelios39: posts big blind $3
*** HOLE CARDS ***
_fayzulllo_: calls $2
stelios39: raises $3 to $6
_fayzulllo_: calls $3
*** FLOP *** [3s 4s Kd]
stelios39: bets $3
_fayzulllo_: calls $3
*** TURN *** [3s 4s Kd] [Qc]
stelios39: bets $6
_fayzulllo_: calls $6
*** RIVER *** [3s 4s Kd Qc] [5s]
stelios39: bets $6
_fayzulllo_: calls $6
*** SHOW DOWN ***
stelios39: shows [6h 3h] (a pair of Threes)
_fayzulllo_: mucks hand
stelios39 collected $41.50 from pot
*** SUMMARY ***
Total pot $42 | Rake $0.50
Board [3s 4s Kd Qc 5s]
Seat 3: stelios39 (big blind) showed [6h 3h] and won ($41.50) with a pair of Threes
Seat 4: _fayzulllo_ (button) (small blind) mucked


PokerStars Hand #146490867590:  Hold'em Limit ($3/$6 USD) - 2016/01/05 0:20:50 ET
Table 'Alfaterna' 6-max Seat #3 is the button
Seat 3: stelios39 ($46.05 in chips)
Seat 4: _fayzulllo_ ($73.29 in chips)
stelios39: posts small blind $1
_fayzulllo_: posts big blind $3
*** HOLE CARDS ***
stelios39: calls $2
_fayzulllo_: raises $3 to $6
stelios39: calls $3
*** FLOP *** [2d 2h Qh]
_fayzulllo_: bets $3
stelios39: calls $3
*** TURN *** [2d 2h Qh] [4h]
_fayzulllo_: checks
stelios39: bets $6
_fayzulllo_: folds
Uncalled bet ($6) returned to stelios39
stelios39 collected $17.64 from pot
stelios39: doesn't show hand
*** SUMMARY ***
Total pot $18 | Rake $0.36
Board [2d 2h Qh 4h]
Seat 3: stelios39 (button) (small blind) collected ($17.64)
Seat 4: _fayzulllo_ (big blind) folded on the Turn


PokerStars Hand #146490865712:  Hold'em Limit ($3/$6 USD) - 2016/01/05 0:20:44 ET
Table 'Alfaterna' 6-max Seat #4 is the button
Seat 3: stelios39 ($45.05 in chips)
Seat 4: _fayzulllo_ ($74.29 in chips)
_fayzulllo_: posts small blind $1
stelios39: posts big blind $3
*** HOLE CARDS ***
_fayzulllo_: folds
Uncalled bet ($2) returned to stelios39
stelios39 collected $2 from pot
stelios39: doesn't show hand
*** SUMMARY ***
Total pot $2 | Rake $0
Seat 3: stelios39 (big blind) collected ($2)
Seat 4: _fayzulllo_ (button) (small blind) folded before Flop


PokerStars Hand #146490863733:  Hold'em Limit ($3/$6 USD) - 2016/01/05 0:20:36 ET
Table 'Alfaterna' 6-max Seat #3 is the button
Seat 3: stelios39 ($46.05 in chips)
Seat 4: _fayzulllo_ ($73.29 in chips)
stelios39: posts small blind $1
_fayzulllo_: posts big blind $3
*** HOLE CARDS ***
stelios39: folds
Uncalled bet ($2) returned to _fayzulllo_
_fayzulllo_ collected $2 from pot
_fayzulllo_: doesn't show hand
*** SUMMARY ***
Total pot $2 | Rake $0
Seat 3: stelios39 (button) (small blind) folded before Flop
Seat 4: _fayzulllo_ (big blind) collected ($2)


PokerStars Hand #146490861622:  Hold'em Limit ($3/$6 USD) - 2016/01/05 0:20:29 ET
Table 'Alfaterna' 6-max Seat #4 is the button
Seat 3: stelios39 ($45.05 in chips)
Seat 4: _fayzulllo_ ($74.29 in chips)
_fayzulllo_: posts small blind $1
stelios39: posts big blind $3
*** HOLE CARDS ***
_fayzulllo_: folds
Uncalled bet ($2) returned to stelios39
stelios39 collected $2 from pot
stelios39: doesn't show hand
*** SUMMARY ***
Total pot $2 | Rake $0
Seat 3: stelios39 (big blind) collected ($2)
Seat 4: _fayzulllo_ (button) (small blind) folded before Flop


PokerStars Hand #146490859975:  Hold'em Limit ($3/$6 USD) - 2016/01/05 0:20:24 ET
Table 'Alfaterna' 6-max Seat #3 is the button
Seat 3: stelios39 ($46.05 in chips)
Seat 4: _fayzulllo_ ($73.29 in chips)
stelios39: posts small blind $1
_fayzulllo_: posts big blind $3
*** HOLE CARDS ***
stelios39: folds
Uncalled bet ($2) returned to _fayzulllo_
_fayzulllo_ collected $2 from pot
_fayzulllo_: doesn't show hand
*** SUMMARY ***
Total pot $2 | Rake $0
Seat 3: stelios39 (button) (small blind) folded before Flop
Seat 4: _fayzulllo_ (big blind) collected ($2)


PokerStars Hand #146490853926:  Hold'em Limit ($3/$6 USD) - 2016/01/05 0:20:03 ET
Table 'Alfaterna' 6-max Seat #4 is the button
Seat 3: stelios39 ($46.30 in chips)
Seat 4: _fayzulllo_ ($73.54 in chips)
_fayzulllo_: posts small blind $1
stelios39: posts big blind $3
*** HOLE CARDS ***
_fayzulllo_: raises $3 to $6
stelios39: calls $3
*** FLOP *** [7h 6s Kd]
stelios39: checks
_fayzulllo_: checks
*** TURN *** [7h 6s Kd] [9d]
stelios39: bets $6
_fayzulllo_: calls $6
*** RIVER *** [7h 6s Kd 9d] [Ks]
stelios39: bets $6
_fayzulllo_: calls $6
*** SHOW DOWN ***
stelios39: shows [9h Jh] (two pair, Kings and Nines)
_fayzulllo_: shows [Js 9s] (two pair, Kings and Nines)
stelios39 collected $17.75 from pot
_fayzulllo_ collected $17.75 from pot
*** SUMMARY ***
Total pot $36 | Rake $0.50
Board [7h 6s Kd 9d Ks]
Seat 3: stelios39 (big blind) showed [9h Jh] and won ($17.75) with two pair, Kings and Nines
Seat 4: _fayzulllo_ (button) (small blind) showed [Js 9s] and won ($17.75) with two pair, Kings and Nines


PokerStars Hand #146490885262:  Hold'em Limit ($3/$6 USD) - 2016/01/05 0:21:50 ET
Table 'Alfaterna' 6-max Seat #4 is the button
Seat 3: stelios39 ($72.07 in chips)
Seat 4: _fayzulllo_ ($46.29 in chips)
_fayzulllo_: posts small blind $1
stelios39: posts big blind $3
*** HOLE CARDS ***
_fayzulllo_: raises $3 to $6
stelios39: calls $3
*** FLOP *** [2c 4d 9s]
stelios39: checks
_fayzulllo_: checks
*** TURN *** [2c 4d 9s] [Kd]
stelios39: checks
_fayzulllo_: bets $6
stelios39: calls $6
*** RIVER *** [2c 4d 9s Kd] [5s]
stelios39: checks
_fayzulllo_: bets $6
stelios39: calls $6
*** SHOW DOWN ***
_fayzulllo_: shows [5d 5h] (three of a kind, Fives)
stelios39: mucks hand
_fayzulllo_ collected $35.50 from pot
*** SUMMARY ***
Total pot $36 | Rake $0.50
Board [2c 4d 9s Kd 5s]
Seat 3: stelios39 (big blind) mucked
Seat 4: _fayzulllo_ (button) (small blind) showed [5d 5h] and won ($35.50) with three of a kind, Fives


PokerStars Hand #146490878794:  Hold'em Limit ($3/$6 USD) - 2016/01/05 0:21:28 ET
Table 'Alfaterna' 6-max Seat #3 is the button
Seat 3: stelios39 ($57.57 in chips)
Seat 4: _fayzulllo_ ($61.29 in chips)
stelios39: posts small blind $1
_fayzulllo_: posts big blind $3
*** HOLE CARDS ***
stelios39: raises $3 to $6
_fayzulllo_: calls $3
*** FLOP *** [7d 7h Jd]
_fayzulllo_: checks
stelios39: bets $3
_fayzulllo_: calls $3
*** TURN *** [7d 7h Jd] [Kd]
_fayzulllo_: checks
stelios39: checks
*** RIVER *** [7d 7h Jd Kd] [3c]
_fayzulllo_: bets $6
stelios39: calls $6
*** SHOW DOWN ***
_fayzulllo_: shows [4d 6s] (a pair of Sevens)
stelios39: shows [2h 2c] (two pair, Sevens and Deuces)
stelios39 collected $29.50 from pot
*** SUMMARY ***
Total pot $30 | Rake $0.50
Board [7d 7h Jd Kd 3c]
Seat 3: stelios39 (button) (small blind) showed [2h 2c] and won ($29.50) with two pair, Sevens and Deuces
Seat 4: _fayzulllo_ (big blind) showed [4d 6s] and lost with a pair of Sevens


PokerStars Hand #146490873185:  Hold'em Limit ($3/$6 USD) - 2016/01/05 0:21:09 ET
Table 'Alfaterna' 6-max Seat #4 is the button
Seat 3: stelios39 ($54.69 in chips)
Seat 4: _fayzulllo_ ($64.29 in chips)
_fayzulllo_: posts small blind $1
stelios39: posts big blind $3
*** HOLE CARDS ***
_fayzulllo_: calls $2
stelios39: checks
*** FLOP *** [5c Ts Jh]
stelios39: checks
_fayzulllo_: checks
*** TURN *** [5c Ts Jh] [6c]
stelios39: checks
_fayzulllo_: checks
*** RIVER *** [5c Ts Jh 6c] [Qd]
stelios39: bets $6
_fayzulllo_: folds
Uncalled bet ($6) returned to stelios39
stelios39 collected $5.88 from pot
stelios39: doesn't show hand
*** SUMMARY ***
Total pot $6 | Rake $0.12
Board [5c Ts Jh 6c Qd]
Seat 3: stelios39 (big blind) collected ($5.88)
Seat 4: _fayzulllo_ (button) (small blind) folded on the River


PokerStars Hand #146490898987:  Hold'em Limit ($3/$6 USD) - 2016/01/05 0:22:37 ET
Table 'Alfaterna' 6-max Seat #4 is the button
Seat 3: stelios39 ($59.83 in chips)
Seat 4: _fayzulllo_ ($57.79 in chips)
_fayzulllo_: posts small blind $1
stelios39: posts big blind $3
*** HOLE CARDS ***
_fayzulllo_: raises $3 to $6
stelios39: calls $3
*** FLOP *** [4h 2d 4d]
stelios39: checks
_fayzulllo_: checks
*** TURN *** [4h 2d 4d] [Jh]
stelios39: checks
_fayzulllo_: checks
*** RIVER *** [4h 2d 4d Jh] [2c]
stelios39: checks
_fayzulllo_: bets $6
stelios39: calls $6
*** SHOW DOWN ***
_fayzulllo_: shows [6h Ad] (two pair, Fours and Deuces)
stelios39: mucks hand
_fayzulllo_ collected $23.52 from pot
*** SUMMARY ***
Total pot $24 | Rake $0.48
Board [4h 2d 4d Jh 2c]
Seat 3: stelios39 (big blind) mucked
Seat 4: _fayzulllo_ (button) (small blind) showed [6h Ad] and won ($23.52) with two pair, Fours and Deuces


PokerStars Hand #146490890594:  Hold'em Limit ($3/$6 USD) - 2016/01/05 0:22:09 ET
Table 'Alfaterna' 6-max Seat #3 is the button
Seat 3: stelios39 ($54.07 in chips)
Seat 4: _fayzulllo_ ($63.79 in chips)
stelios39: posts small blind $1
_fayzulllo_: posts big blind $3
*** HOLE CARDS ***
stelios39: calls $2
_fayzulllo_: checks
*** FLOP *** [9c Qs 3d]
_fayzulllo_: checks
stelios39: bets $3
_fayzulllo_: calls $3
*** TURN *** [9c Qs 3d] [Tc]
_fayzulllo_: checks
stelios39: checks
*** RIVER *** [9c Qs 3d Tc] [3c]
_fayzulllo_: checks
stelios39: bets $6
_fayzulllo_: folds
Uncalled bet ($6) returned to stelios39
stelios39 collected $11.76 from pot
stelios39: doesn't show hand
*** SUMMARY ***
Total pot $12 | Rake $0.24
Board [9c Qs 3d Tc 3c]
Seat 3: stelios39 (button) (small blind) collected ($11.76)
Seat 4: _fayzulllo_ (big blind) folded on the River


PokerStars Hand #146490919109:  Hold'em Limit ($3/$6 USD) - 2016/01/05 0:23:45 ET
Table 'Alfaterna' 6-max Seat #3 is the button
Seat 3: stelios39 ($56.35 in chips)
Seat 4: _fayzulllo_ ($60.19 in chips)
stelios39: posts small blind $1
_fayzulllo_: posts big blind $3
*** HOLE CARDS ***
Hsj2012 joins the table at seat #6
stelios39: folds
Uncalled bet ($2) returned to _fayzulllo_
_fayzulllo_ collected $2 from pot
_fayzulllo_: doesn't show hand
*** SUMMARY ***
Total pot $2 | Rake $0
Seat 3: stelios39 (button) (small blind) folded before Flop
Seat 4: _fayzulllo_ (big blind) collected ($2)


PokerStars Hand #146490913829:  Hold'em Limit ($3/$6 USD) - 2016/01/05 0:23:27 ET
Table 'Alfaterna' 6-max Seat #4 is the button
Seat 3: stelios39 ($59.35 in chips)
Seat 4: _fayzulllo_ ($57.31 in chips)
_fayzulllo_: posts small blind $1
stelios39: posts big blind $3
*** HOLE CARDS ***
_fayzulllo_: calls $2
stelios39: checks
*** FLOP *** [4h 5h 7c]
stelios39: checks
_fayzulllo_: checks
*** TURN *** [4h 5h 7c] [Tc]
stelios39: checks
_fayzulllo_: bets $6
stelios39: folds
Uncalled bet ($6) returned to _fayzulllo_
_fayzulllo_ collected $5.88 from pot
_fayzulllo_: doesn't show hand
*** SUMMARY ***
Total pot $6 | Rake $0.12
Board [4h 5h 7c Tc]
Seat 3: stelios39 (big blind) folded on the Turn
Seat 4: _fayzulllo_ (button) (small blind) collected ($5.88)


PokerStars Hand #146490908491:  Hold'em Limit ($3/$6 USD) - 2016/01/05 0:23:10 ET
Table 'Alfaterna' 6-max Seat #3 is the button
Seat 3: stelios39 ($47.83 in chips)
Seat 4: _fayzulllo_ ($69.31 in chips)
stelios39: posts small blind $1
_fayzulllo_: posts big blind $3
*** HOLE CARDS ***
stelios39: raises $3 to $6
_fayzulllo_: calls $3
*** FLOP *** [Ac 2d 2h]
_fayzulllo_: checks
stelios39: bets $3
_fayzulllo_: raises $3 to $6
stelios39: raises $3 to $9
_fayzulllo_: folds
Uncalled bet ($3) returned to stelios39
stelios39 collected $23.52 from pot
stelios39: doesn't show hand
*** SUMMARY ***
Total pot $24 | Rake $0.48
Board [Ac 2d 2h]
Seat 3: stelios39 (button) (small blind) collected ($23.52)
Seat 4: _fayzulllo_ (big blind) folded on the Flop


PokerStars Hand #146491484886:  Hold'em Limit ($3/$6 USD) - 2016/01/05 0:56:01 ET
Table 'Alfaterna' 6-max Seat #4 is the button
Seat 3: stelios39 ($222.87 in chips)
Seat 4: carmello774 ($78.82 in chips)
carmello774: posts small blind $1
stelios39: posts big blind $3
*** HOLE CARDS ***
carmello774: raises $3 to $6
stelios39: calls $3
*** FLOP *** [Kd 5c 2c]
stelios39: checks
carmello774: bets $3
stelios39: calls $3
*** TURN *** [Kd 5c 2c] [9c]
stelios39: checks
carmello774: checks
*** RIVER *** [Kd 5c 2c 9c] [6h]
stelios39: bets $6
carmello774: folds
Uncalled bet ($6) returned to stelios39
stelios39 collected $17.64 from pot
stelios39: doesn't show hand
*** SUMMARY ***
Total pot $18 | Rake $0.36
Board [Kd 5c 2c 9c 6h]
Seat 3: stelios39 (big blind) collected ($17.64)
Seat 4: carmello774 (button) (small blind) folded on the River


PokerStars Hand #146491480034:  Hold'em Limit ($3/$6 USD) - 2016/01/05 0:55:42 ET
Table 'Alfaterna' 6-max Seat #3 is the button
Seat 3: stelios39 ($199.37 in chips)
Seat 4: carmello774 ($102.82 in chips)
stelios39: posts small blind $1
carmello774: posts big blind $3
*** HOLE CARDS ***
stelios39: raises $3 to $6
carmello774: raises $3 to $9
stelios39: calls $3
*** FLOP *** [6s 9c 9h]
carmello774: bets $3
stelios39: calls $3
*** TURN *** [6s 9c 9h] [8d]
carmello774: bets $6
stelios39: calls $6
*** RIVER *** [6s 9c 9h 8d] [8s]
carmello774: checks
stelios39: bets $6
carmello774: calls $6
*** SHOW DOWN ***
stelios39: shows [5d 8h] (a full house, Eights full of Nines)
carmello774: mucks hand
stelios39 collected $47.50 from pot
*** SUMMARY ***
Total pot $48 | Rake $0.50
Board [6s 9c 9h 8d 8s]
Seat 3: stelios39 (button) (small blind) showed [5d 8h] and won ($47.50) with a full house, Eights full of Nines
Seat 4: carmello774 (big blind) mucked


PokerStars Hand #146491475498:  Hold'em Limit ($3/$6 USD) - 2016/01/05 0:55:23 ET
Table 'Alfaterna' 6-max Seat #4 is the button
Seat 3: stelios39 ($220.37 in chips)
Seat 4: carmello774 ($82.32 in chips)
carmello774: posts small blind $1
stelios39: posts big blind $3
*** HOLE CARDS ***
carmello774: raises $3 to $6
stelios39: calls $3
*** FLOP *** [2s Ts 5c]
stelios39: bets $3
carmello774: calls $3
*** TURN *** [2s Ts 5c] [6s]
stelios39: bets $6
carmello774: raises $6 to $12
stelios39: calls $6
*** RIVER *** [2s Ts 5c 6s] [Ad]
stelios39: checks
carmello774: checks
*** SHOW DOWN ***
stelios39: shows [Js Kh] (high card Ace)
carmello774: shows [3s 2d] (a pair of Deuces)
carmello774 collected $41.50 from pot
*** SUMMARY ***
Total pot $42 | Rake $0.50
Board [2s Ts 5c 6s Ad]
Seat 3: stelios39 (big blind) showed [Js Kh] and lost with high card Ace
Seat 4: carmello774 (button) (small blind) showed [3s 2d] and won ($41.50) with a pair of Deuces


PokerStars Hand #146491474028:  Hold'em Limit ($3/$6 USD) - 2016/01/05 0:55:17 ET
Table 'Alfaterna' 6-max Seat #3 is the button
Seat 3: stelios39 ($221.37 in chips)
Seat 4: carmello774 ($81.32 in chips)
stelios39: posts small blind $1
carmello774: posts big blind $3
*** HOLE CARDS ***
stelios39: folds
Uncalled bet ($2) returned to carmello774
carmello774 collected $2 from pot
carmello774: doesn't show hand
*** SUMMARY ***
Total pot $2 | Rake $0
Seat 3: stelios39 (button) (small blind) folded before Flop
Seat 4: carmello774 (big blind) collected ($2)


PokerStars Hand #146491498061:  Hold'em Limit ($3/$6 USD) - 2016/01/05 0:56:53 ET
Table 'Alfaterna' 6-max Seat #4 is the button
Seat 3: stelios39 ($191.51 in chips)
Seat 4: carmello774 ($109.32 in chips)
carmello774: posts small blind $1
stelios39: posts big blind $3
*** HOLE CARDS ***
carmello774: raises $3 to $6
stelios39: calls $3
*** FLOP *** [8h 3s 4d]
stelios39: checks
carmello774: bets $3
stelios39: calls $3
*** TURN *** [8h 3s 4d] [3c]
stelios39: checks
carmello774: checks
*** RIVER *** [8h 3s 4d 3c] [Kc]
stelios39: bets $6
carmello774: folds
Uncalled bet ($6) returned to stelios39
stelios39 collected $17.64 from pot
stelios39: doesn't show hand
*** SUMMARY ***
Total pot $18 | Rake $0.36
Board [8h 3s 4d 3c Kc]
Seat 3: stelios39 (big blind) collected ($17.64)
Seat 4: carmello774 (button) (small blind) folded on the River


PokerStars Hand #146491492459:  Hold'em Limit ($3/$6 USD) - 2016/01/05 0:56:31 ET
Table 'Alfaterna' 6-max Seat #3 is the button
Seat 3: stelios39 ($227.51 in chips)
Seat 4: carmello774 ($73.82 in chips)
stelios39: posts small blind $1
carmello774: posts big blind $3
*** HOLE CARDS ***
stelios39: raises $3 to $6
carmello774: raises $3 to $9
stelios39: calls $3
*** FLOP *** [6c 9s 5c]
carmello774: bets $3
stelios39: calls $3
*** TURN *** [6c 9s 5c] [Kc]
carmello774: bets $6
stelios39: calls $6
*** RIVER *** [6c 9s 5c Kc] [9c]
carmello774: bets $6
stelios39: raises $6 to $12
carmello774: raises $6 to $18
stelios39: calls $6
*** SHOW DOWN ***
carmello774: shows [5h Ac] (a flush, Ace high)
stelios39: mucks hand
carmello774 collected $71.50 from pot
*** SUMMARY ***
Total pot $72 | Rake $0.50
Board [6c 9s 5c Kc 9c]
Seat 3: stelios39 (button) (small blind) mucked
Seat 4: carmello774 (big blind) showed [5h Ac] and won ($71.50) with a flush, Ace high


PokerStars Hand #146491490421:  Hold'em Limit ($3/$6 USD) - 2016/01/05 0:56:23 ET
Table 'Alfaterna' 6-max Seat #4 is the button
Seat 3: stelios39 ($230.51 in chips)
Seat 4: carmello774 ($70.82 in chips)
carmello774: posts small blind $1
stelios39: posts big blind $3
*** HOLE CARDS ***
carmello774: raises $3 to $6
stelios39: folds
Uncalled bet ($3) returned to carmello774
carmello774 collected $6 from pot
carmello774: doesn't show hand
*** SUMMARY ***
Total pot $6 | Rake $0
Seat 3: stelios39 (big blind) folded before Flop
Seat 4: carmello774 (button) (small blind) collected ($6)


PokerStars Hand #146491489128:  Hold'em Limit ($3/$6 USD) - 2016/01/05 0:56:18 ET
Table 'Alfaterna' 6-max Seat #3 is the button
Seat 3: stelios39 ($231.51 in chips)
Seat 4: carmello774 ($69.82 in chips)
stelios39: posts small blind $1
carmello774: posts big blind $3
*** HOLE CARDS ***
stelios39: folds
Uncalled bet ($2) returned to carmello774
carmello774 collected $2 from pot
carmello774: doesn't show hand
*** SUMMARY ***
Total pot $2 | Rake $0
Seat 3: stelios39 (button) (small blind) folded before Flop
Seat 4: carmello774 (big blind) collected ($2)


PokerStars Hand #146491502011:  Hold'em Limit ($3/$6 USD) - 2016/01/05 0:57:08 ET
Table 'Alfaterna' 6-max Seat #3 is the button
Seat 3: stelios39 ($200.15 in chips)
Seat 4: carmello774 ($100.32 in chips)
stelios39: posts small blind $1
carmello774: posts big blind $3
*** HOLE CARDS ***
stelios39: folds
Uncalled bet ($2) returned to carmello774
carmello774 collected $2 from pot
carmello774: doesn't show hand
*** SUMMARY ***
Total pot $2 | Rake $0
Seat 3: stelios39 (button) (small blind) folded before Flop
Seat 4: carmello774 (big blind) collected ($2)


PokerStars Hand #146491510886:  Hold'em Limit ($3/$6 USD) - 2016/01/05 0:57:43 ET
Table 'Alfaterna' 6-max Seat #4 is the button
Seat 3: stelios39 ($212.65 in chips)
Seat 4: carmello774 ($87.32 in chips)
carmello774: posts small blind $1
stelios39: posts big blind $3
*** HOLE CARDS ***
carmello774: raises $3 to $6
stelios39: calls $3
*** FLOP *** [6d 7h 5c]
stelios39: checks
carmello774: bets $3
stelios39: calls $3
*** TURN *** [6d 7h 5c] [6c]
stelios39: checks
carmello774: bets $6
stelios39: calls $6
*** RIVER *** [6d 7h 5c 6c] [Th]
stelios39: checks
carmello774: bets $6
stelios39: calls $6
*** SHOW DOWN ***
carmello774: shows [Jh Jc] (two pair, Jacks and Sixes)
stelios39: mucks hand
carmello774 collected $41.50 from pot
*** SUMMARY ***
Total pot $42 | Rake $0.50
Board [6d 7h 5c 6c Th]
Seat 3: stelios39 (big blind) mucked
Seat 4: carmello774 (button) (small blind) showed [Jh Jc] and won ($41.50) with two pair, Jacks and Sixes


PokerStars Hand #146491508625:  Hold'em Limit ($3/$6 USD) - 2016/01/05 0:57:35 ET
Table 'Alfaterna' 6-max Seat #3 is the button
Seat 3: stelios39 ($213.65 in chips)
Seat 4: carmello774 ($86.32 in chips)
stelios39: posts small blind $1
carmello774: posts big blind $3
*** HOLE CARDS ***
stelios39: folds
Uncalled bet ($2) returned to carmello774
carmello774 collected $2 from pot
carmello774: doesn't show hand
*** SUMMARY ***
Total pot $2 | Rake $0
Seat 3: stelios39 (button) (small blind) folded before Flop
Seat 4: carmello774 (big blind) collected ($2)


PokerStars Hand #146491503275:  Hold'em Limit ($3/$6 USD) - 2016/01/05 0:57:14 ET
Table 'Alfaterna' 6-max Seat #4 is the button
Seat 3: stelios39 ($199.15 in chips)
Seat 4: carmello774 ($101.32 in chips)
carmello774: posts small blind $1
stelios39: posts big blind $3
*** HOLE CARDS ***
carmello774: raises $3 to $6
stelios39: calls $3
*** FLOP *** [Kh 2d Ac]
stelios39: checks
carmello774: bets $3
stelios39: calls $3
*** TURN *** [Kh 2d Ac] [7d]
stelios39: checks
carmello774: bets $6
stelios39: calls $6
*** RIVER *** [Kh 2d Ac 7d] [Qh]
stelios39: checks
carmello774: checks
*** SHOW DOWN ***
stelios39: shows [Td Kd] (a pair of Kings)
carmello774: mucks hand
stelios39 collected $29.50 from pot
*** SUMMARY ***
Total pot $30 | Rake $0.50
Board [Kh 2d Ac 7d Qh]
Seat 3: stelios39 (big blind) showed [Td Kd] and won ($29.50) with a pair of Kings
Seat 4: carmello774 (button) (small blind) mucked


PokerStars Hand #146491523289:  Hold'em Limit ($3/$6 USD) - 2016/01/05 0:58:32 ET
Table 'Alfaterna' 6-max Seat #4 is the button
Seat 3: stelios39 ($209.15 in chips)
Seat 4: carmello774 ($89.82 in chips)
carmello774: posts small blind $1
stelios39: posts big blind $3
*** HOLE CARDS ***
carmello774: raises $3 to $6
stelios39: folds
Uncalled bet ($3) returned to carmello774
carmello774 collected $6 from pot
*** SUMMARY ***
Total pot $6 | Rake $0
Seat 3: stelios39 (big blind) folded before Flop
Seat 4: carmello774 (button) (small blind) collected ($6)


PokerStars Hand #146491516570:  Hold'em Limit ($3/$6 USD) - 2016/01/05 0:58:06 ET
Table 'Alfaterna' 6-max Seat #3 is the button
Seat 3: stelios39 ($191.65 in chips)
Seat 4: carmello774 ($107.82 in chips)
stelios39: posts small blind $1
carmello774: posts big blind $3
*** HOLE CARDS ***
stelios39: raises $3 to $6
carmello774: raises $3 to $9
stelios39: calls $3
*** FLOP *** [8s 4c 2d]
carmello774: bets $3
stelios39: calls $3
*** TURN *** [8s 4c 2d] [Ac]
carmello774: bets $6
stelios39: calls $6
*** RIVER *** [8s 4c 2d Ac] [9d]
carmello774: checks
stelios39: checks
*** SHOW DOWN ***
carmello774: shows [Kc Jh] (high card Ace)
stelios39: shows [4h Ks] (a pair of Fours)
stelios39 collected $35.50 from pot
*** SUMMARY ***
Total pot $36 | Rake $0.50
Board [8s 4c 2d Ac 9d]
Seat 3: stelios39 (button) (small blind) showed [4h Ks] and won ($35.50) with a pair of Fours
Seat 4: carmello774 (big blind) showed [Kc Jh] and lost with high card Ace


PokerStars Hand #146491531643:  Hold'em Limit ($3/$6 USD) - 2016/01/05 0:59:05 ET
Table 'Alfaterna' 6-max Seat #4 is the button
Seat 3: stelios39 ($229.65 in chips)
Seat 4: carmello774 ($68.82 in chips)
carmello774: posts small blind $1
stelios39: posts big blind $3
*** HOLE CARDS ***
carmello774: raises $3 to $6
stelios39: calls $3
*** FLOP *** [Qh Kd 9c]
stelios39: checks
carmello774: checks
*** TURN *** [Qh Kd 9c] [Jc]
stelios39: bets $6
carmello774: raises $6 to $12
stelios39: folds
Uncalled bet ($6) returned to carmello774
carmello774 collected $23.52 from pot
carmello774: doesn't show hand
*** SUMMARY ***
Total pot $24 | Rake $0.48
Board [Qh Kd 9c Jc]
Seat 3: stelios39 (big blind) folded on the Turn
Seat 4: carmello774 (button) (small blind) collected ($23.52)


PokerStars Hand #146491525043:  Hold'em Limit ($3/$6 USD) - 2016/01/05 0:58:39 ET
Table 'Alfaterna' 6-max Seat #3 is the button
Seat 3: stelios39 ($206.15 in chips)
Seat 4: carmello774 ($92.82 in chips)
stelios39: posts small blind $1
carmello774: posts big blind $3
*** HOLE CARDS ***
stelios39: raises $3 to $6
carmello774: raises $3 to $9
stelios39: calls $3
*** FLOP *** [6c 2c 6s]
carmello774: bets $3
stelios39: calls $3
*** TURN *** [6c 2c 6s] [7s]
carmello774: bets $6
stelios39: calls $6
*** RIVER *** [6c 2c 6s 7s] [9h]
carmello774: checks
stelios39: bets $6
carmello774: calls $6
*** SHOW DOWN ***
stelios39: shows [Ac Jc] (a pair of Sixes)
carmello774: mucks hand
stelios39 collected $47.50 from pot
*** SUMMARY ***
Total pot $48 | Rake $0.50
Board [6c 2c 6s 7s 9h]
Seat 3: stelios39 (button) (small blind) showed [Ac Jc] and won ($47.50) with a pair of Sixes
Seat 4: carmello774 (big blind) mucked


PokerStars Hand #146491536370:  Hold'em Limit ($3/$6 USD) - 2016/01/05 0:59:23 ET
Table 'Alfaterna' 6-max Seat #3 is the button
Seat 3: stelios39 ($217.65 in chips)
Seat 4: carmello774 ($80.34 in chips)
stelios39: posts small blind $1
carmello774: posts big blind $3
*** HOLE CARDS ***
stelios39: calls $2
carmello774: raises $3 to $6
stelios39: calls $3
*** FLOP *** [Ad Tc 5h]
carmello774: bets $3
stelios39: folds
Uncalled bet ($3) returned to carmello774
carmello774 collected $11.76 from pot
*** SUMMARY ***
Total pot $12 | Rake $0.24
Board [Ad Tc 5h]
Seat 3: stelios39 (button) (small blind) folded on the Flop
Seat 4: carmello774 (big blind) collected ($11.76)


PokerStars Hand #146491547957:  Hold'em Limit ($3/$6 USD) - 2016/01/05 1:00:09 ET
Table 'Alfaterna' 6-max Seat #3 is the button
Seat 3: stelios39 ($226.15 in chips)
Seat 4: carmello774 ($71.10 in chips)
stelios39: posts small blind $1
carmello774: posts big blind $3
*** HOLE CARDS ***
stelios39: folds
Uncalled bet ($2) returned to carmello774
carmello774 collected $2 from pot
*** SUMMARY ***
Total pot $2 | Rake $0
Seat 3: stelios39 (button) (small blind) folded before Flop
Seat 4: carmello774 (big blind) collected ($2)


PokerStars Hand #146491542281:  Hold'em Limit ($3/$6 USD) - 2016/01/05 0:59:47 ET
Table 'Alfaterna' 6-max Seat #4 is the button
Seat 3: stelios39 ($211.65 in chips)
Seat 4: carmello774 ($86.10 in chips)
carmello774: posts small blind $1
stelios39: posts big blind $3
*** HOLE CARDS ***
carmello774: raises $3 to $6
stelios39: calls $3
*** FLOP *** [8c 5d 6s]
stelios39: checks
carmello774: bets $3
stelios39: calls $3
*** TURN *** [8c 5d 6s] [5h]
stelios39: checks
carmello774: checks
*** RIVER *** [8c 5d 6s 5h] [Ah]
stelios39: bets $6
carmello774: calls $6
*** SHOW DOWN ***
stelios39: shows [Td Kc] (a pair of Fives)
carmello774: mucks hand
stelios39 collected $29.50 from pot
*** SUMMARY ***
Total pot $30 | Rake $0.50
Board [8c 5d 6s 5h Ah]
Seat 3: stelios39 (big blind) showed [Td Kc] and won ($29.50) with a pair of Fives
Seat 4: carmello774 (button) (small blind) mucked


PokerStars Hand #146491563128:  Hold'em Limit ($3/$6 USD) - 2016/01/05 1:01:07 ET
Table 'Alfaterna' 6-max Seat #4 is the button
Seat 3: stelios39 ($180.15 in chips)
Seat 4: carmello774 ($116.10 in chips)
carmello774: posts small blind $1
stelios39: posts big blind $3
*** HOLE CARDS ***
carmello774: raises $3 to $6
stelios39: calls $3
*** FLOP *** [As 3c Qs]
stelios39: bets $3
carmello774: folds
Uncalled bet ($3) returned to stelios39
stelios39 collected $11.76 from pot
stelios39: doesn't show hand
*** SUMMARY ***
Total pot $12 | Rake $0.24
Board [As 3c Qs]
Seat 3: stelios39 (big blind) collected ($11.76)
Seat 4: carmello774 (button) (small blind) folded on the Flop


PokerStars Hand #146491557619:  Hold'em Limit ($3/$6 USD) - 2016/01/05 1:00:47 ET
Table 'Alfaterna' 6-max Seat #3 is the button
Seat 3: stelios39 ($204.15 in chips)
Seat 4: carmello774 ($92.60 in chips)
stelios39: posts small blind $1
carmello774: posts big blind $3
*** HOLE CARDS ***
stelios39: raises $3 to $6
carmello774: raises $3 to $9
stelios39: calls $3
*** FLOP *** [3c 6s Qc]
carmello774: bets $3
stelios39: calls $3
*** TURN *** [3c 6s Qc] [9d]
carmello774: bets $6
stelios39: calls $6
*** RIVER *** [3c 6s Qc 9d] [5d]
carmello774: bets $6
stelios39: calls $6
*** SHOW DOWN ***
carmello774: shows [As 5h] (a pair of Fives)
stelios39: mucks hand
carmello774 collected $47.50 from pot
*** SUMMARY ***
Total pot $48 | Rake $0.50
Board [3c 6s Qc 9d 5d]
Seat 3: stelios39 (button) (small blind) mucked
Seat 4: carmello774 (big blind) showed [As 5h] and won ($47.50) with a pair of Fives


PokerStars Hand #146491550824:  Hold'em Limit ($3/$6 USD) - 2016/01/05 1:00:21 ET
Table 'Alfaterna' 6-max Seat #4 is the button
Seat 3: stelios39 ($225.15 in chips)
Seat 4: carmello774 ($72.10 in chips)
carmello774: posts small blind $1
stelios39: posts big blind $3
*** HOLE CARDS ***
carmello774: raises $3 to $6
stelios39: calls $3
*** FLOP *** [Qh Tc Jd]
stelios39: checks
carmello774: bets $3
stelios39: calls $3
*** TURN *** [Qh Tc Jd] [7h]
stelios39: checks
carmello774: bets $6
stelios39: calls $6
*** RIVER *** [Qh Tc Jd 7h] [7s]
stelios39: checks
carmello774: bets $6
stelios39: calls $6
*** SHOW DOWN ***
carmello774: shows [7d Jc] (a full house, Sevens full of Jacks)
stelios39: mucks hand
carmello774 collected $41.50 from pot
*** SUMMARY ***
Total pot $42 | Rake $0.50
Board [Qh Tc Jd 7h 7s]
Seat 3: stelios39 (big blind) mucked
Seat 4: carmello774 (button) (small blind) showed [7d Jc] and won ($41.50) with a full house, Sevens full of Jacks


PokerStars Hand #146491571713:  Hold'em Limit ($3/$6 USD) - 2016/01/05 1:01:39 ET
Table 'Alfaterna' 6-max Seat #4 is the button
Seat 3: stelios39 ($191.67 in chips)
Seat 4: carmello774 ($104.10 in chips)
carmello774: posts small blind $1
stelios39: posts big blind $3
*** HOLE CARDS ***
carmello774: folds
Uncalled bet ($2) returned to stelios39
stelios39 collected $2 from pot
stelios39: doesn't show hand
*** SUMMARY ***
Total pot $2 | Rake $0
Seat 3: stelios39 (big blind) collected ($2)
Seat 4: carmello774 (button) (small blind) folded before Flop


PokerStars Hand #146491567022:  Hold'em Limit ($3/$6 USD) - 2016/01/05 1:01:22 ET
Table 'Alfaterna' 6-max Seat #3 is the button
Seat 3: stelios39 ($185.91 in chips)
Seat 4: carmello774 ($110.10 in chips)
stelios39: posts small blind $1
carmello774: posts big blind $3
*** HOLE CARDS ***
stelios39: raises $3 to $6
carmello774: calls $3
*** FLOP *** [6h Qh As]
carmello774: checks
stelios39: bets $3
carmello774: folds
Uncalled bet ($3) returned to stelios39
stelios39 collected $11.76 from pot
stelios39: doesn't show hand
*** SUMMARY ***
Total pot $12 | Rake $0.24
Board [6h Qh As]
Seat 3: stelios39 (button) (small blind) collected ($11.76)
Seat 4: carmello774 (big blind) folded on the Flop


PokerStars Hand #146491573945:  Hold'em Limit ($3/$6 USD) - 2016/01/05 1:01:47 ET
Table 'Alfaterna' 6-max Seat #3 is the button
Seat 3: stelios39 ($192.67 in chips)
Seat 4: carmello774 ($103.10 in chips)
stelios39: posts small blind $1
carmello774: posts big blind $3
*** HOLE CARDS ***
stelios39: calls $2
carmello774: checks
*** FLOP *** [8c 3d 5c]
carmello774: checks
stelios39: bets $3
carmello774: raises $3 to $6
stelios39: calls $3
*** TURN *** [8c 3d 5c] [3s]
carmello774: bets $6
stelios39: calls $6
*** RIVER *** [8c 3d 5c 3s] [6c]
carmello774: bets $6
stelios39: raises $6 to $12
carmello774: calls $6
*** SHOW DOWN ***
stelios39: shows [7c 2c] (a flush, Eight high)
carmello774: mucks hand
stelios39 collected $53.50 from pot
*** SUMMARY ***
Total pot $54 | Rake $0.50
Board [8c 3d 5c 3s 6c]
Seat 3: stelios39 (button) (small blind) showed [7c 2c] and won ($53.50) with a flush, Eight high
Seat 4: carmello774 (big blind) mucked


PokerStars Hand #146491584932:  Hold'em Limit ($3/$6 USD) - 2016/01/05 1:02:27 ET
Table 'Alfaterna' 6-max Seat #4 is the button
Seat 3: stelios39 ($219.17 in chips)
Seat 4: carmello774 ($76.10 in chips)
carmello774: posts small blind $1
stelios39: posts big blind $3
*** HOLE CARDS ***
carmello774: raises $3 to $6
stelios39: calls $3
*** FLOP *** [3h 8c 9d]
stelios39: checks
carmello774: bets $3
stelios39: folds
Uncalled bet ($3) returned to carmello774
carmello774 collected $11.76 from pot
*** SUMMARY ***
Total pot $12 | Rake $0.24
Board [3h 8c 9d]
Seat 3: stelios39 (big blind) folded on the Flop
Seat 4: carmello774 (button) (small blind) collected ($11.76)


PokerStars Hand #146491601898:  Hold'em Limit ($3/$6 USD) - 2016/01/05 1:03:27 ET
Table 'Alfaterna' 6-max Seat #4 is the button
Seat 3: stelios39 ($192.17 in chips)
Seat 4: carmello774 ($102.36 in chips)
carmello774: posts small blind $1
stelios39: posts big blind $3
*** HOLE CARDS ***
carmello774: raises $3 to $6
stelios39: folds
Uncalled bet ($3) returned to carmello774
carmello774 collected $6 from pot
*** SUMMARY ***
Total pot $6 | Rake $0
Seat 3: stelios39 (big blind) folded before Flop
Seat 4: carmello774 (button) (small blind) collected ($6)


PokerStars Hand #146491592536:  Hold'em Limit ($3/$6 USD) - 2016/01/05 1:02:53 ET
Table 'Alfaterna' 6-max Seat #3 is the button
Seat 3: stelios39 ($213.17 in chips)
Seat 4: carmello774 ($81.86 in chips)
stelios39: posts small blind $1
carmello774: posts big blind $3
*** HOLE CARDS ***
stelios39: calls $2
carmello774: raises $3 to $6
stelios39: calls $3
*** FLOP *** [8h 2c Jc]
carmello774: bets $3
stelios39: raises $3 to $6
carmello774: raises $3 to $9
stelios39: calls $3
*** TURN *** [8h 2c Jc] [3s]
carmello774: bets $6
stelios39: calls $6
*** RIVER *** [8h 2c Jc 3s] [8c]
carmello774: bets $6
stelios39: folds
Uncalled bet ($6) returned to carmello774
carmello774 collected $41.50 from pot
carmello774: doesn't show hand
*** SUMMARY ***
Total pot $42 | Rake $0.50
Board [8h 2c Jc 3s 8c]
Seat 3: stelios39 (button) (small blind) folded on the River
Seat 4: carmello774 (big blind) collected ($41.50)


PokerStars Hand #146491603509:  Hold'em Limit ($3/$6 USD) - 2016/01/05 1:03:33 ET
Table 'Alfaterna' 6-max Seat #3 is the button
Seat 3: stelios39 ($189.17 in chips)
Seat 4: carmello774 ($105.36 in chips)
stelios39: posts small blind $1
carmello774: posts big blind $3
*** HOLE CARDS ***
stelios39: raises $3 to $6
carmello774: raises $3 to $9
stelios39: calls $3
*** FLOP *** [2c 8c 6h]
carmello774: bets $3
stelios39: calls $3
*** TURN *** [2c 8c 6h] [Qs]
carmello774: bets $6
stelios39: calls $6
*** RIVER *** [2c 8c 6h Qs] [9d]
carmello774: checks
stelios39: checks
*** SHOW DOWN ***
carmello774: shows [5s Ad] (high card Ace)
stelios39: shows [Jh Ac] (high card Ace - Queen+Jack kicker)
stelios39 collected $35.50 from pot
*** SUMMARY ***
Total pot $36 | Rake $0.50
Board [2c 8c 6h Qs 9d]
Seat 3: stelios39 (button) (small blind) showed [Jh Ac] and won ($35.50) with high card Ace
Seat 4: carmello774 (big blind) showed [5s Ad] and lost with high card Ace


PokerStars Hand #146491609535:  Hold'em Limit ($3/$6 USD) - 2016/01/05 1:03:54 ET
Table 'Alfaterna' 6-max Seat #4 is the button
Seat 3: stelios39 ($206.67 in chips)
Seat 4: carmello774 ($87.36 in chips)
carmello774: posts small blind $1
stelios39: posts big blind $3
*** HOLE CARDS ***
carmello774: raises $3 to $6
stelios39: calls $3
*** FLOP *** [Td 3h Ks]
stelios39: checks
carmello774: bets $3
stelios39: folds
Uncalled bet ($3) returned to carmello774
carmello774 collected $11.76 from pot
*** SUMMARY ***
Total pot $12 | Rake $0.24
Board [Td 3h Ks]
Seat 3: stelios39 (big blind) folded on the Flop
Seat 4: carmello774 (button) (small blind) collected ($11.76)


PokerStars Hand #146491624593:  Hold'em Limit ($3/$6 USD) - 2016/01/05 1:04:47 ET
Table 'Alfaterna' 6-max Seat #4 is the button
Seat 3: stelios39 ($224.17 in chips)
Seat 4: carmello774 ($69.12 in chips)
carmello774: posts small blind $1
stelios39: posts big blind $3
*** HOLE CARDS ***
carmello774: raises $3 to $6
stelios39: folds
Uncalled bet ($3) returned to carmello774
carmello774 collected $6 from pot
*** SUMMARY ***
Total pot $6 | Rake $0
Seat 3: stelios39 (big blind) folded before Flop
Seat 4: carmello774 (button) (small blind) collected ($6)


PokerStars Hand #146491614259:  Hold'em Limit ($3/$6 USD) - 2016/01/05 1:04:11 ET
Table 'Alfaterna' 6-max Seat #3 is the button
Seat 3: stelios39 ($200.67 in chips)
Seat 4: carmello774 ($93.12 in chips)
stelios39: posts small blind $1
carmello774: posts big blind $3
*** HOLE CARDS ***
stelios39: raises $3 to $6
carmello774: calls $3
*** FLOP *** [Qc 3d 9d]
carmello774: checks
stelios39: bets $3
carmello774: raises $3 to $6
stelios39: calls $3
*** TURN *** [Qc 3d 9d] [As]
carmello774: bets $6
stelios39: calls $6
*** RIVER *** [Qc 3d 9d As] [3s]
carmello774: bets $6
stelios39: raises $6 to $12
carmello774: folds
Uncalled bet ($6) returned to stelios39
stelios39 collected $47.50 from pot
stelios39: doesn't show hand
*** SUMMARY ***
Total pot $48 | Rake $0.50
Board [Qc 3d 9d As 3s]
Seat 3: stelios39 (button) (small blind) collected ($47.50)
Seat 4: carmello774 (big blind) folded on the River


PokerStars Hand #146491626857:  Hold'em Limit ($3/$6 USD) - 2016/01/05 1:04:55 ET
Table 'Alfaterna' 6-max Seat #3 is the button
Seat 3: stelios39 ($221.17 in chips)
Seat 4: carmello774 ($72.12 in chips)
stelios39: posts small blind $1
carmello774: posts big blind $3
*** HOLE CARDS ***
CE3000 joins the table at seat #5
stelios39: calls $2
carmello774: checks
*** FLOP *** [Ks 2s Qc]
carmello774: checks
stelios39: bets $3
carmello774: folds
Uncalled bet ($3) returned to stelios39
stelios39 collected $5.88 from pot
stelios39: doesn't show hand
*** SUMMARY ***
Total pot $6 | Rake $0.12
Board [Ks 2s Qc]
Seat 3: stelios39 (button) (small blind) collected ($5.88)
Seat 4: carmello774 (big blind) folded on the Flop


PokerStars Hand #146491673945:  Hold'em Limit ($3/$6 USD) - 2016/01/05 1:07:38 ET
Table 'Alfaterna' 6-max Seat #3 is the button
Seat 3: stelios39 ($218.51 in chips)
Seat 4: carmello774 ($100.32 in chips)
stelios39: posts small blind $1
carmello774: posts big blind $3
*** HOLE CARDS ***
stelios39: folds
Uncalled bet ($2) returned to carmello774
carmello774 collected $2 from pot
carmello774: doesn't show hand
*** SUMMARY ***
Total pot $2 | Rake $0
Seat 3: stelios39 (button) (small blind) folded before Flop
Seat 4: carmello774 (big blind) collected ($2)


PokerStars Hand #146491672245:  Hold'em Limit ($3/$6 USD) - 2016/01/05 1:07:32 ET
Table 'Alfaterna' 6-max Seat #4 is the button
Seat 3: stelios39 ($221.51 in chips)
Seat 4: carmello774 ($97.32 in chips)
carmello774: posts small blind $1
stelios39: posts big blind $3
*** HOLE CARDS ***
carmello774: raises $3 to $6
stelios39: folds
Uncalled bet ($3) returned to carmello774
CE3000 leaves the table
carmello774 collected $6 from pot
carmello774: doesn't show hand
*** SUMMARY ***
Total pot $6 | Rake $0
Seat 3: stelios39 (big blind) folded before Flop
Seat 4: carmello774 (button) (small blind) collected ($6)


PokerStars Hand #146491675693:  Hold'em Limit ($3/$6 USD) - 2016/01/05 1:07:44 ET
Table 'Alfaterna' 6-max Seat #4 is the button
Seat 3: stelios39 ($217.51 in chips)
Seat 4: carmello774 ($101.32 in chips)
carmello774: posts small blind $1
stelios39: posts big blind $3
*** HOLE CARDS ***
carmello774: raises $3 to $6
stelios39: calls $3
*** FLOP *** [9d 8h Qs]
stelios39: bets $3
carmello774: folds
Uncalled bet ($3) returned to stelios39
stelios39 collected $11.76 from pot
stelios39: doesn't show hand
*** SUMMARY ***
Total pot $12 | Rake $0.24
Board [9d 8h Qs]
Seat 3: stelios39 (big blind) collected ($11.76)
Seat 4: carmello774 (button) (small blind) folded on the Flop


PokerStars Hand #146491678961:  Hold'em Limit ($3/$6 USD) - 2016/01/05 1:07:56 ET
Table 'Alfaterna' 6-max Seat #3 is the button
Seat 3: stelios39 ($223.27 in chips)
Seat 4: carmello774 ($95.32 in chips)
stelios39: posts small blind $1
carmello774: posts big blind $3
*** HOLE CARDS ***
stelios39: calls $2
carmello774: checks
*** FLOP *** [6c 3h Kh]
carmello774: checks
stelios39: bets $3
carmello774: raises $3 to $6
stelios39: raises $3 to $9
carmello774: calls $3
*** TURN *** [6c 3h Kh] [Tc]
carmello774: checks
stelios39: checks
*** RIVER *** [6c 3h Kh Tc] [Js]
carmello774: bets $6
stelios39: folds
Uncalled bet ($6) returned to carmello774
carmello774 collected $23.52 from pot
carmello774: doesn't show hand
*** SUMMARY ***
Total pot $24 | Rake $0.48
Board [6c 3h Kh Tc Js]
Seat 3: stelios39 (button) (small blind) folded on the River
Seat 4: carmello774 (big blind) collected ($23.52)


PokerStars Hand #146491685122:  Hold'em Limit ($3/$6 USD) - 2016/01/05 1:08:17 ET
Table 'Alfaterna' 6-max Seat #4 is the button
Seat 3: stelios39 ($211.27 in chips)
Seat 4: carmello774 ($106.84 in chips)
carmello774: posts small blind $1
stelios39: posts big blind $3
*** HOLE CARDS ***
carmello774: raises $3 to $6
stelios39: calls $3
*** FLOP *** [6c 5d Th]
stelios39: checks
carmello774: checks
*** TURN *** [6c 5d Th] [Ah]
stelios39: bets $6
carmello774: folds
Uncalled bet ($6) returned to stelios39
stelios39 collected $11.76 from pot
stelios39: doesn't show hand
*** SUMMARY ***
Total pot $12 | Rake $0.24
Board [6c 5d Th Ah]
Seat 3: stelios39 (big blind) collected ($11.76)
Seat 4: carmello774 (button) (small blind) folded on the Turn


PokerStars Hand #146491689190:  Hold'em Limit ($3/$6 USD) - 2016/01/05 1:08:31 ET
Table 'Alfaterna' 6-max Seat #3 is the button
Seat 3: stelios39 ($217.03 in chips)
Seat 4: carmello774 ($100.84 in chips)
stelios39: posts small blind $1
carmello774: posts big blind $3
*** HOLE CARDS ***
stelios39: raises $3 to $6
carmello774: calls $3
*** FLOP *** [Th 7s 9d]
carmello774: checks
stelios39: bets $3
carmello774: calls $3
*** TURN *** [Th 7s 9d] [Kh]
carmello774: checks
stelios39: checks
*** RIVER *** [Th 7s 9d Kh] [8c]
carmello774: checks
stelios39: bets $6
carmello774: folds
Uncalled bet ($6) returned to stelios39
stelios39 collected $17.64 from pot
stelios39: doesn't show hand
*** SUMMARY ***
Total pot $18 | Rake $0.36
Board [Th 7s 9d Kh 8c]
Seat 3: stelios39 (button) (small blind) collected ($17.64)
Seat 4: carmello774 (big blind) folded on the River


PokerStars Hand #146491700438:  Hold'em Limit ($3/$6 USD) - 2016/01/05 1:09:10 ET
Table 'Alfaterna' 6-max Seat #3 is the button
Seat 3: stelios39 ($210.67 in chips)
Seat 4: carmello774 ($106.34 in chips)
stelios39: posts small blind $1
carmello774: posts big blind $3
*** HOLE CARDS ***
stelios39: folds
Uncalled bet ($2) returned to carmello774
carmello774 collected $2 from pot
carmello774: doesn't show hand
*** SUMMARY ***
Total pot $2 | Rake $0
Seat 3: stelios39 (button) (small blind) folded before Flop
Seat 4: carmello774 (big blind) collected ($2)


PokerStars Hand #146491694072:  Hold'em Limit ($3/$6 USD) - 2016/01/05 1:08:48 ET
Table 'Alfaterna' 6-max Seat #4 is the button
Seat 3: stelios39 ($225.67 in chips)
Seat 4: carmello774 ($91.84 in chips)
carmello774: posts small blind $1
stelios39: posts big blind $3
*** HOLE CARDS ***
carmello774: raises $3 to $6
stelios39: calls $3
*** FLOP *** [3s 5d 9d]
stelios39: checks
carmello774: bets $3
stelios39: calls $3
*** TURN *** [3s 5d 9d] [Kc]
stelios39: checks
carmello774: bets $6
stelios39: calls $6
*** RIVER *** [3s 5d 9d Kc] [Js]
stelios39: checks
carmello774: bets $6
stelios39: folds
Uncalled bet ($6) returned to carmello774
carmello774 collected $29.50 from pot
carmello774: doesn't show hand
*** SUMMARY ***
Total pot $30 | Rake $0.50
Board [3s 5d 9d Kc Js]
Seat 3: stelios39 (big blind) folded on the River
Seat 4: carmello774 (button) (small blind) collected ($29.50)


PokerStars Hand #146491702108:  Hold'em Limit ($3/$6 USD) - 2016/01/05 1:09:16 ET
Table 'Alfaterna' 6-max Seat #4 is the button
Seat 3: stelios39 ($209.67 in chips)
Seat 4: carmello774 ($107.34 in chips)
carmello774: posts small blind $1
stelios39: posts big blind $3
*** HOLE CARDS ***
carmello774: raises $3 to $6
stelios39: calls $3
*** FLOP *** [8c 3d 4c]
stelios39: checks
carmello774: bets $3
stelios39: calls $3
*** TURN *** [8c 3d 4c] [Qh]
stelios39: checks
carmello774: checks
*** RIVER *** [8c 3d 4c Qh] [Jd]
stelios39: bets $6
carmello774: calls $6
*** SHOW DOWN ***
stelios39: shows [4h 7c] (a pair of Fours)
carmello774: mucks hand
stelios39 collected $29.50 from pot
*** SUMMARY ***
Total pot $30 | Rake $0.50
Board [8c 3d 4c Qh Jd]
Seat 3: stelios39 (big blind) showed [4h 7c] and won ($29.50) with a pair of Fours
Seat 4: carmello774 (button) (small blind) mucked


PokerStars Hand #146491706823:  Hold'em Limit ($3/$6 USD) - 2016/01/05 1:09:33 ET
Table 'Alfaterna' 6-max Seat #3 is the button
Seat 3: stelios39 ($224.17 in chips)
Seat 4: carmello774 ($92.34 in chips)
stelios39: posts small blind $1
carmello774: posts big blind $3
*** HOLE CARDS ***
stelios39: folds
Uncalled bet ($2) returned to carmello774
carmello774 collected $2 from pot
carmello774: doesn't show hand
*** SUMMARY ***
Total pot $2 | Rake $0
Seat 3: stelios39 (button) (small blind) folded before Flop
Seat 4: carmello774 (big blind) collected ($2)


PokerStars Hand #146491709831:  Hold'em Limit ($3/$6 USD) - 2016/01/05 1:09:43 ET
Table 'Alfaterna' 6-max Seat #4 is the button
Seat 3: stelios39 ($223.17 in chips)
Seat 4: carmello774 ($93.34 in chips)
carmello774: posts small blind $1
stelios39: posts big blind $3
*** HOLE CARDS ***
carmello774: raises $3 to $6
stelios39: folds
Uncalled bet ($3) returned to carmello774
carmello774 collected $6 from pot
carmello774: doesn't show hand
*** SUMMARY ***
Total pot $6 | Rake $0
Seat 3: stelios39 (big blind) folded before Flop
Seat 4: carmello774 (button) (small blind) collected ($6)


PokerStars Hand #146491711634:  Hold'em Limit ($3/$6 USD) - 2016/01/05 1:09:49 ET
Table 'Alfaterna' 6-max Seat #3 is the button
Seat 3: stelios39 ($220.17 in chips)
Seat 4: carmello774 ($96.34 in chips)
stelios39: posts small blind $1
carmello774: posts big blind $3
*** HOLE CARDS ***
stelios39: calls $2
carmello774: raises $3 to $6
stelios39: calls $3
*** FLOP *** [Jd 9d 3c]
carmello774: bets $3
stelios39: calls $3
*** TURN *** [Jd 9d 3c] [8s]
carmello774: bets $6
stelios39: folds
Uncalled bet ($6) returned to carmello774
carmello774 collected $17.64 from pot
carmello774: doesn't show hand
*** SUMMARY ***
Total pot $18 | Rake $0.36
Board [Jd 9d 3c 8s]
Seat 3: stelios39 (button) (small blind) folded on the Turn
Seat 4: carmello774 (big blind) collected ($17.64)


PokerStars Hand #146491715833:  Hold'em Limit ($3/$6 USD) - 2016/01/05 1:10:04 ET
Table 'Alfaterna' 6-max Seat #4 is the button
Seat 3: stelios39 ($211.17 in chips)
Seat 4: carmello774 ($104.98 in chips)
carmello774: posts small blind $1
stelios39: posts big blind $3
*** HOLE CARDS ***
carmello774: raises $3 to $6
stelios39: raises $3 to $9
carmello774: calls $3
*** FLOP *** [3h 5h 7s]
stelios39: bets $3
carmello774: calls $3
*** TURN *** [3h 5h 7s] [6h]
stelios39: bets $6
carmello774: folds
Uncalled bet ($6) returned to stelios39
stelios39 collected $23.52 from pot
stelios39: doesn't show hand
*** SUMMARY ***
Total pot $24 | Rake $0.48
Board [3h 5h 7s 6h]
Seat 3: stelios39 (big blind) collected ($23.52)
Seat 4: carmello774 (button) (small blind) folded on the Turn


PokerStars Hand #146491723515:  Hold'em Limit ($3/$6 USD) - 2016/01/05 1:10:30 ET
Table 'Alfaterna' 6-max Seat #4 is the button
Seat 3: stelios39 ($221.69 in chips)
Seat 4: carmello774 ($93.98 in chips)
carmello774: posts small blind $1
stelios39: posts big blind $3
*** HOLE CARDS ***
carmello774: folds
Uncalled bet ($2) returned to stelios39
stelios39 collected $2 from pot
stelios39: doesn't show hand
*** SUMMARY ***
Total pot $2 | Rake $0
Seat 3: stelios39 (big blind) collected ($2)
Seat 4: carmello774 (button) (small blind) folded before Flop


PokerStars Hand #146491721962:  Hold'em Limit ($3/$6 USD) - 2016/01/05 1:10:25 ET
Table 'Alfaterna' 6-max Seat #3 is the button
Seat 3: stelios39 ($222.69 in chips)
Seat 4: carmello774 ($92.98 in chips)
stelios39: posts small blind $1
carmello774: posts big blind $3
*** HOLE CARDS ***
stelios39: folds
Uncalled bet ($2) returned to carmello774
carmello774 collected $2 from pot
carmello774: doesn't show hand
*** SUMMARY ***
Total pot $2 | Rake $0
Seat 3: stelios39 (button) (small blind) folded before Flop
Seat 4: carmello774 (big blind) collected ($2)


PokerStars Hand #146491726396:  Hold'em Limit ($3/$6 USD) - 2016/01/05 1:10:40 ET
Table 'Alfaterna' 6-max Seat #4 is the button
Seat 3: stelios39 ($221.69 in chips)
Seat 4: carmello774 ($93.98 in chips)
carmello774: posts small blind $1
stelios39: posts big blind $3
*** HOLE CARDS ***
carmello774: raises $3 to $6
stelios39: folds
Uncalled bet ($3) returned to carmello774
carmello774 collected $6 from pot
carmello774: doesn't show hand
*** SUMMARY ***
Total pot $6 | Rake $0
Seat 3: stelios39 (big blind) folded before Flop
Seat 4: carmello774 (button) (small blind) collected ($6)


PokerStars Hand #146491724951:  Hold'em Limit ($3/$6 USD) - 2016/01/05 1:10:35 ET
Table 'Alfaterna' 6-max Seat #3 is the button
Seat 3: stelios39 ($222.69 in chips)
Seat 4: carmello774 ($92.98 in chips)
stelios39: posts small blind $1
carmello774: posts big blind $3
*** HOLE CARDS ***
stelios39: folds
Uncalled bet ($2) returned to carmello774
carmello774 collected $2 from pot
carmello774: doesn't show hand
*** SUMMARY ***
Total pot $2 | Rake $0
Seat 3: stelios39 (button) (small blind) folded before Flop
Seat 4: carmello774 (big blind) collected ($2)


PokerStars Hand #146491728199:  Hold'em Limit ($3/$6 USD) - 2016/01/05 1:10:46 ET
Table 'Alfaterna' 6-max Seat #3 is the button
Seat 3: stelios39 ($218.69 in chips)
Seat 4: carmello774 ($96.98 in chips)
stelios39: posts small blind $1
carmello774: posts big blind $3
*** HOLE CARDS ***
stelios39: raises $3 to $6
carmello774: calls $3
*** FLOP *** [4d 8d 2s]
carmello774: checks
stelios39: bets $3
carmello774: raises $3 to $6
stelios39: calls $3
*** TURN *** [4d 8d 2s] [2h]
carmello774: bets $6
stelios39: calls $6
*** RIVER *** [4d 8d 2s 2h] [Kd]
carmello774: bets $6
stelios39: calls $6
*** SHOW DOWN ***
carmello774: shows [Ac 8s] (two pair, Eights and Deuces)
stelios39: mucks hand
carmello774 collected $47.50 from pot
*** SUMMARY ***
Total pot $48 | Rake $0.50
Board [4d 8d 2s 2h Kd]
Seat 3: stelios39 (button) (small blind) mucked
Seat 4: carmello774 (big blind) showed [Ac 8s] and won ($47.50) with two pair, Eights and Deuces


PokerStars Hand #146491738185:  Hold'em Limit ($3/$6 USD) - 2016/01/05 1:11:21 ET
Table 'Alfaterna' 6-max Seat #3 is the button
Seat 3: stelios39 ($179.69 in chips)
Seat 4: carmello774 ($134.98 in chips)
stelios39: posts small blind $1
carmello774: posts big blind $3
*** HOLE CARDS ***
stelios39: folds
Uncalled bet ($2) returned to carmello774
carmello774 collected $2 from pot
carmello774: doesn't show hand
*** SUMMARY ***
Total pot $2 | Rake $0
Seat 3: stelios39 (button) (small blind) folded before Flop
Seat 4: carmello774 (big blind) collected ($2)


PokerStars Hand #146491733366:  Hold'em Limit ($3/$6 USD) - 2016/01/05 1:11:05 ET
Table 'Alfaterna' 6-max Seat #4 is the button
Seat 3: stelios39 ($194.69 in chips)
Seat 4: carmello774 ($120.48 in chips)
carmello774: posts small blind $1
stelios39: posts big blind $3
*** HOLE CARDS ***
carmello774: raises $3 to $6
stelios39: calls $3
*** FLOP *** [Qs Qh 2c]
stelios39: checks
carmello774: bets $3
stelios39: calls $3
*** TURN *** [Qs Qh 2c] [2d]
stelios39: checks
carmello774: checks
*** RIVER *** [Qs Qh 2c 2d] [7h]
stelios39: bets $6
carmello774: calls $6
*** SHOW DOWN ***
stelios39: shows [5c 8h] (two pair, Queens and Deuces)
carmello774: shows [Kd 4s] (two pair, Queens and Deuces - King kicker)
carmello774 collected $29.50 from pot
*** SUMMARY ***
Total pot $30 | Rake $0.50
Board [Qs Qh 2c 2d 7h]
Seat 3: stelios39 (big blind) showed [5c 8h] and lost with two pair, Queens and Deuces
Seat 4: carmello774 (button) (small blind) showed [Kd 4s] and won ($29.50) with two pair, Queens and Deuces


PokerStars Hand #146491739632:  Hold'em Limit ($3/$6 USD) - 2016/01/05 1:11:26 ET
Table 'Alfaterna' 6-max Seat #4 is the button
Seat 3: stelios39 ($178.69 in chips)
Seat 4: carmello774 ($135.98 in chips)
carmello774: posts small blind $1
stelios39: posts big blind $3
*** HOLE CARDS ***
carmello774: raises $3 to $6
stelios39: calls $3
*** FLOP *** [Js 4h Kd]
stelios39: checks
carmello774: bets $3
stelios39: folds
Uncalled bet ($3) returned to carmello774
carmello774 collected $11.76 from pot
carmello774: doesn't show hand
*** SUMMARY ***
Total pot $12 | Rake $0.24
Board [Js 4h Kd]
Seat 3: stelios39 (big blind) folded on the Flop
Seat 4: carmello774 (button) (small blind) collected ($11.76)


PokerStars Hand #146491742997:  Hold'em Limit ($3/$6 USD) - 2016/01/05 1:11:38 ET
Table 'Alfaterna' 6-max Seat #3 is the button
Seat 3: stelios39 ($172.69 in chips)
Seat 4: carmello774 ($141.74 in chips)
stelios39: posts small blind $1
carmello774: posts big blind $3
*** HOLE CARDS ***
stelios39: raises $3 to $6
carmello774: raises $3 to $9
stelios39: calls $3
*** FLOP *** [4s 8s 7h]
carmello774: bets $3
stelios39: calls $3
*** TURN *** [4s 8s 7h] [3s]
carmello774: bets $6
stelios39: raises $6 to $12
carmello774: calls $6
*** RIVER *** [4s 8s 7h 3s] [7c]
carmello774: checks
stelios39: bets $6
carmello774: folds
Uncalled bet ($6) returned to stelios39
stelios39 collected $47.50 from pot
stelios39: doesn't show hand
*** SUMMARY ***
Total pot $48 | Rake $0.50
Board [4s 8s 7h 3s 7c]
Seat 3: stelios39 (button) (small blind) collected ($47.50)
Seat 4: carmello774 (big blind) folded on the River


PokerStars Hand #146491748683:  Hold'em Limit ($3/$6 USD) - 2016/01/05 1:11:58 ET
Table 'Alfaterna' 6-max Seat #4 is the button
Seat 3: stelios39 ($196.19 in chips)
Seat 4: carmello774 ($117.74 in chips)
carmello774: posts small blind $1
stelios39: posts big blind $3
*** HOLE CARDS ***
carmello774: raises $3 to $6
stelios39: calls $3
*** FLOP *** [4s 3s 3h]
stelios39: checks
carmello774: bets $3
stelios39: calls $3
*** TURN *** [4s 3s 3h] [Jh]
stelios39: checks
carmello774: bets $6
stelios39: folds
Uncalled bet ($6) returned to carmello774
carmello774 collected $17.64 from pot
carmello774: doesn't show hand
*** SUMMARY ***
Total pot $18 | Rake $0.36
Board [4s 3s 3h Jh]
Seat 3: stelios39 (big blind) folded on the Turn
Seat 4: carmello774 (button) (small blind) collected ($17.64)


PokerStars Hand #146491759360:  Hold'em Limit ($3/$6 USD) - 2016/01/05 1:12:35 ET
Table 'Alfaterna' 6-max Seat #4 is the button
Seat 3: stelios39 ($154.19 in chips)
Seat 4: carmello774 ($158.88 in chips)
carmello774: posts small blind $1
stelios39: posts big blind $3
*** HOLE CARDS ***
carmello774: raises $3 to $6
stelios39: raises $3 to $9
carmello774: calls $3
*** FLOP *** [Js 9d 9h]
stelios39: bets $3
carmello774: calls $3
*** TURN *** [Js 9d 9h] [Jh]
stelios39: bets $6
carmello774: calls $6
*** RIVER *** [Js 9d 9h Jh] [Ks]
stelios39: bets $6
carmello774: raises $6 to $12
stelios39: calls $6
*** SHOW DOWN ***
carmello774: shows [Kc 2d] (two pair, Kings and Jacks)
stelios39: mucks hand
carmello774 collected $59.50 from pot
*** SUMMARY ***
Total pot $60 | Rake $0.50
Board [Js 9d 9h Jh Ks]
Seat 3: stelios39 (big blind) mucked
Seat 4: carmello774 (button) (small blind) showed [Kc 2d] and won ($59.50) with two pair, Kings and Jacks


PokerStars Hand #146491764337:  Hold'em Limit ($3/$6 USD) - 2016/01/05 1:12:52 ET
Table 'Alfaterna' 6-max Seat #3 is the button
Seat 3: stelios39 ($124.19 in chips)
Seat 4: carmello774 ($188.38 in chips)
stelios39: posts small blind $1
carmello774: posts big blind $3
*** HOLE CARDS ***
stelios39: raises $3 to $6
carmello774: raises $3 to $9
stelios39: calls $3
*** FLOP *** [2c Qs Th]
carmello774: bets $3
stelios39: calls $3
*** TURN *** [2c Qs Th] [6c]
carmello774: bets $6
stelios39: calls $6
*** RIVER *** [2c Qs Th 6c] [3h]
carmello774: bets $6
stelios39: calls $6
*** SHOW DOWN ***
carmello774: shows [Kh Qc] (a pair of Queens)
stelios39: mucks hand
carmello774 collected $47.50 from pot
*** SUMMARY ***
Total pot $48 | Rake $0.50
Board [2c Qs Th 6c 3h]
Seat 3: stelios39 (button) (small blind) mucked
Seat 4: carmello774 (big blind) showed [Kh Qc] and won ($47.50) with a pair of Queens


PokerStars Hand #146491768206:  Hold'em Limit ($3/$6 USD) - 2016/01/05 1:13:06 ET
Table 'Alfaterna' 6-max Seat #4 is the button
Seat 3: stelios39 ($100.19 in chips)
Seat 4: carmello774 ($211.88 in chips)
carmello774: posts small blind $1
stelios39: posts big blind $3
*** HOLE CARDS ***
carmello774: raises $3 to $6
stelios39: calls $3
*** FLOP *** [Ad 7c Tc]
stelios39: bets $3
carmello774: folds
Uncalled bet ($3) returned to stelios39
stelios39 collected $11.76 from pot
stelios39: doesn't show hand
*** SUMMARY ***
Total pot $12 | Rake $0.24
Board [Ad 7c Tc]
Seat 3: stelios39 (big blind) collected ($11.76)
Seat 4: carmello774 (button) (small blind) folded on the Flop


PokerStars Hand #146491753341:  Hold'em Limit ($3/$6 USD) - 2016/01/05 1:12:14 ET
Table 'Alfaterna' 6-max Seat #3 is the button
Seat 3: stelios39 ($187.19 in chips)
Seat 4: carmello774 ($126.38 in chips)
stelios39: posts small blind $1
carmello774: posts big blind $3
*** HOLE CARDS ***
stelios39: raises $3 to $6
carmello774: calls $3
*** FLOP *** [Qh 7h 5s]
carmello774: checks
stelios39: bets $3
carmello774: calls $3
*** TURN *** [Qh 7h 5s] [As]
carmello774: checks
stelios39: bets $6
carmello774: raises $6 to $12
stelios39: raises $6 to $18
carmello774: raises $6 to $24
Betting is capped
stelios39: calls $6
*** RIVER *** [Qh 7h 5s As] [Qd]
carmello774: checks
stelios39: checks
*** SHOW DOWN ***
carmello774: shows [Ah 5d] (two pair, Aces and Queens)
stelios39: mucks hand
carmello774 collected $65.50 from pot
*** SUMMARY ***
Total pot $66 | Rake $0.50
Board [Qh 7h 5s As Qd]
Seat 3: stelios39 (button) (small blind) mucked
Seat 4: carmello774 (big blind) showed [Ah 5d] and won ($65.50) with two pair, Aces and Queens


PokerStars Hand #146491779385:  Hold'em Limit ($3/$6 USD) - 2016/01/05 1:13:45 ET
Table 'Alfaterna' 6-max Seat #3 is the button
Seat 3: stelios39 ($108.45 in chips)
Seat 4: carmello774 ($202.38 in chips)
stelios39: posts small blind $1
carmello774: posts big blind $3
*** HOLE CARDS ***
stelios39: raises $3 to $6
carmello774: calls $3
*** FLOP *** [Td 9h Ad]
carmello774: checks
stelios39: bets $3
carmello774: folds
Uncalled bet ($3) returned to stelios39
stelios39 collected $11.76 from pot
stelios39: doesn't show hand
*** SUMMARY ***
Total pot $12 | Rake $0.24
Board [Td 9h Ad]
Seat 3: stelios39 (button) (small blind) collected ($11.76)
Seat 4: carmello774 (big blind) folded on the Flop


PokerStars Hand #146491782187:  Hold'em Limit ($3/$6 USD) - 2016/01/05 1:13:55 ET
Table 'Alfaterna' 6-max Seat #4 is the button
Seat 3: stelios39 ($114.21 in chips)
Seat 4: carmello774 ($196.38 in chips)
carmello774: posts small blind $1
stelios39: posts big blind $3
*** HOLE CARDS ***
carmello774: raises $3 to $6
stelios39: calls $3
*** FLOP *** [6d Qd 4s]
stelios39: bets $3
carmello774: calls $3
*** TURN *** [6d Qd 4s] [Ah]
stelios39: bets $6
carmello774: raises $6 to $12
stelios39: calls $6
*** RIVER *** [6d Qd 4s Ah] [Qh]
stelios39: checks
carmello774: checks
*** SHOW DOWN ***
stelios39: shows [Js Ts] (a pair of Queens)
carmello774: shows [4h Jc] (two pair, Queens and Fours)
carmello774 collected $41.50 from pot
*** SUMMARY ***
Total pot $42 | Rake $0.50
Board [6d Qd 4s Ah Qh]
Seat 3: stelios39 (big blind) showed [Js Ts] and lost with a pair of Queens
Seat 4: carmello774 (button) (small blind) showed [4h Jc] and won ($41.50) with two pair, Queens and Fours


PokerStars Hand #146491786854:  Hold'em Limit ($3/$6 USD) - 2016/01/05 1:14:12 ET
Table 'Alfaterna' 6-max Seat #3 is the button
Seat 3: stelios39 ($93.21 in chips)
Seat 4: carmello774 ($216.88 in chips)
stelios39: posts small blind $1
carmello774: posts big blind $3
*** HOLE CARDS ***
stelios39: raises $3 to $6
carmello774: calls $3
*** FLOP *** [5d 9h As]
carmello774: checks
stelios39: bets $3
carmello774: folds
Uncalled bet ($3) returned to stelios39
stelios39 collected $11.76 from pot
stelios39: doesn't show hand
*** SUMMARY ***
Total pot $12 | Rake $0.24
Board [5d 9h As]
Seat 3: stelios39 (button) (small blind) collected ($11.76)
Seat 4: carmello774 (big blind) folded on the Flop


PokerStars Hand #146491770979:  Hold'em Limit ($3/$6 USD) - 2016/01/05 1:13:15 ET
Table 'Alfaterna' 6-max Seat #3 is the button
Seat 3: stelios39 ($105.95 in chips)
Seat 4: carmello774 ($205.88 in chips)
stelios39: posts small blind $1
carmello774: posts big blind $3
*** HOLE CARDS ***
stelios39: raises $3 to $6
carmello774: raises $3 to $9
stelios39: calls $3
*** FLOP *** [3d Ac 7c]
carmello774: bets $3
stelios39: calls $3
*** TURN *** [3d Ac 7c] [6c]
carmello774: bets $6
stelios39: calls $6
*** RIVER *** [3d Ac 7c 6c] [Kc]
carmello774: bets $6
stelios39: calls $6
*** SHOW DOWN ***
carmello774: shows [8s Ah] (a pair of Aces)
stelios39: shows [Kd 4c] (a flush, Ace high)
stelios39 collected $47.50 from pot
*** SUMMARY ***
Total pot $48 | Rake $0.50
Board [3d Ac 7c 6c Kc]
Seat 3: stelios39 (button) (small blind) showed [Kd 4c] and won ($47.50) with a flush, Ace high
Seat 4: carmello774 (big blind) showed [8s Ah] and lost with a pair of Aces


PokerStars Hand #146491775106:  Hold'em Limit ($3/$6 USD) - 2016/01/05 1:13:30 ET
Table 'Alfaterna' 6-max Seat #4 is the button
Seat 3: stelios39 ($129.45 in chips)
Seat 4: carmello774 ($181.88 in chips)
carmello774: posts small blind $1
stelios39: posts big blind $3
*** HOLE CARDS ***
carmello774: raises $3 to $6
stelios39: calls $3
*** FLOP *** [2h 5s 7d]
stelios39: checks
carmello774: bets $3
stelios39: calls $3
*** TURN *** [2h 5s 7d] [Jd]
stelios39: checks
carmello774: bets $6
stelios39: calls $6
*** RIVER *** [2h 5s 7d Jd] [2d]
stelios39: checks
carmello774: bets $6
stelios39: calls $6
*** SHOW DOWN ***
carmello774: shows [7c 5d] (two pair, Sevens and Fives)
stelios39: mucks hand
carmello774 collected $41.50 from pot
*** SUMMARY ***
Total pot $42 | Rake $0.50
Board [2h 5s 7d Jd 2d]
Seat 3: stelios39 (big blind) mucked
Seat 4: carmello774 (button) (small blind) showed [7c 5d] and won ($41.50) with two pair, Sevens and Fives


PokerStars Hand #146491796420:  Hold'em Limit ($3/$6 USD) - 2016/01/05 1:14:45 ET
Table 'Alfaterna' 6-max Seat #4 is the button
Seat 3: stelios39 ($106.61 in chips)
Seat 4: carmello774 ($202.88 in chips)
carmello774: posts small blind $1
stelios39: posts big blind $3
*** HOLE CARDS ***
carmello774: raises $3 to $6
stelios39: calls $3
*** FLOP *** [Tc 4s 7h]
stelios39: bets $3
carmello774: raises $3 to $6
stelios39: calls $3
*** TURN *** [Tc 4s 7h] [Jc]
stelios39: checks
carmello774: checks
*** RIVER *** [Tc 4s 7h Jc] [Js]
stelios39: bets $6
carmello774: calls $6
*** SHOW DOWN ***
stelios39: shows [8d 6d] (a pair of Jacks)
carmello774: shows [Kh 9c] (a pair of Jacks - King kicker)
carmello774 collected $35.50 from pot
*** SUMMARY ***
Total pot $36 | Rake $0.50
Board [Tc 4s 7h Jc Js]
Seat 3: stelios39 (big blind) showed [8d 6d] and lost with a pair of Jacks
Seat 4: carmello774 (button) (small blind) showed [Kh 9c] and won ($35.50) with a pair of Jacks


PokerStars Hand #146491801572:  Hold'em Limit ($3/$6 USD) - 2016/01/05 1:15:03 ET
Table 'Alfaterna' 6-max Seat #3 is the button
Seat 3: stelios39 ($88.61 in chips)
Seat 4: carmello774 ($220.38 in chips)
stelios39: posts small blind $1
carmello774: posts big blind $3
*** HOLE CARDS ***
stelios39: raises $3 to $6
carmello774: calls $3
*** FLOP *** [3d 9d 7c]
carmello774: checks
stelios39: bets $3
carmello774: folds
Uncalled bet ($3) returned to stelios39
stelios39 collected $11.76 from pot
stelios39: doesn't show hand
*** SUMMARY ***
Total pot $12 | Rake $0.24
Board [3d 9d 7c]
Seat 3: stelios39 (button) (small blind) collected ($11.76)
Seat 4: carmello774 (big blind) folded on the Flop


PokerStars Hand #146491805268:  Hold'em Limit ($3/$6 USD) - 2016/01/05 1:15:16 ET
Table 'Alfaterna' 6-max Seat #4 is the button
Seat 3: stelios39 ($94.37 in chips)
Seat 4: carmello774 ($214.38 in chips)
carmello774: posts small blind $1
stelios39: posts big blind $3
*** HOLE CARDS ***
carmello774: raises $3 to $6
stelios39: folds
Uncalled bet ($3) returned to carmello774
carmello774 collected $6 from pot
carmello774: doesn't show hand
*** SUMMARY ***
Total pot $6 | Rake $0
Seat 3: stelios39 (big blind) folded before Flop
Seat 4: carmello774 (button) (small blind) collected ($6)


PokerStars Hand #146491794986:  Hold'em Limit ($3/$6 USD) - 2016/01/05 1:14:40 ET
Table 'Alfaterna' 6-max Seat #3 is the button
Seat 3: stelios39 ($107.61 in chips)
Seat 4: carmello774 ($201.88 in chips)
stelios39: posts small blind $1
carmello774: posts big blind $3
*** HOLE CARDS ***
stelios39: folds
Uncalled bet ($2) returned to carmello774
carmello774 collected $2 from pot
carmello774: doesn't show hand
*** SUMMARY ***
Total pot $2 | Rake $0
Seat 3: stelios39 (button) (small blind) folded before Flop
Seat 4: carmello774 (big blind) collected ($2)


PokerStars Hand #146491789693:  Hold'em Limit ($3/$6 USD) - 2016/01/05 1:14:22 ET
Table 'Alfaterna' 6-max Seat #4 is the button
Seat 3: stelios39 ($98.97 in chips)
Seat 4: carmello774 ($210.88 in chips)
carmello774: posts small blind $1
stelios39: posts big blind $3
*** HOLE CARDS ***
carmello774: raises $3 to $6
stelios39: calls $3
*** FLOP *** [Ac 8s 2c]
stelios39: checks
carmello774: bets $3
stelios39: calls $3
*** TURN *** [Ac 8s 2c] [Tc]
stelios39: checks
carmello774: checks
*** RIVER *** [Ac 8s 2c Tc] [Jd]
stelios39: bets $6
carmello774: folds
Uncalled bet ($6) returned to stelios39
stelios39 collected $17.64 from pot
stelios39: doesn't show hand
*** SUMMARY ***
Total pot $18 | Rake $0.36
Board [Ac 8s 2c Tc Jd]
Seat 3: stelios39 (big blind) collected ($17.64)
Seat 4: carmello774 (button) (small blind) folded on the River


PokerStars Hand #146491806770:  Hold'em Limit ($3/$6 USD) - 2016/01/05 1:15:21 ET
Table 'Alfaterna' 6-max Seat #3 is the button
Seat 3: stelios39 ($91.37 in chips)
Seat 4: carmello774 ($217.38 in chips)
stelios39: posts small blind $1
carmello774: posts big blind $3
*** HOLE CARDS ***
stelios39: raises $3 to $6
carmello774: calls $3
*** FLOP *** [7c 4d Ad]
carmello774: checks
stelios39: bets $3
carmello774: raises $3 to $6
stelios39: calls $3
*** TURN *** [7c 4d Ad] [8s]
carmello774: bets $6
stelios39: calls $6
*** RIVER *** [7c 4d Ad 8s] [2c]
carmello774: bets $6
stelios39: folds
Uncalled bet ($6) returned to carmello774
carmello774 collected $35.50 from pot
carmello774: doesn't show hand
*** SUMMARY ***
Total pot $36 | Rake $0.50
Board [7c 4d Ad 8s 2c]
Seat 3: stelios39 (button) (small blind) folded on the River
Seat 4: carmello774 (big blind) collected ($35.50)


PokerStars Hand #146491814858:  Hold'em Limit ($3/$6 USD) - 2016/01/05 1:15:49 ET
Table 'Alfaterna' 6-max Seat #3 is the button
Seat 3: stelios39 ($104.13 in chips)
Seat 4: carmello774 ($237.88 in chips)
stelios39: posts small blind $1
carmello774: posts big blind $3
*** HOLE CARDS ***
stelios39: raises $3 to $6
carmello774: folds
Uncalled bet ($3) returned to stelios39
stelios39 collected $6 from pot
stelios39: doesn't show hand
*** SUMMARY ***
Total pot $6 | Rake $0
Seat 3: stelios39 (button) (small blind) collected ($6)
Seat 4: carmello774 (big blind) folded before Flop


PokerStars Hand #146491811784:  Hold'em Limit ($3/$6 USD) - 2016/01/05 1:15:38 ET
Table 'Alfaterna' 6-max Seat #4 is the button
Seat 3: stelios39 ($73.37 in chips)
Seat 4: carmello774 ($234.88 in chips)
carmello774: posts small blind $1
stelios39: posts big blind $3
*** HOLE CARDS ***
carmello774: raises $3 to $6
stelios39: folds
Uncalled bet ($3) returned to carmello774
carmello774 collected $6 from pot
carmello774: doesn't show hand
*** SUMMARY ***
Total pot $6 | Rake $0
Seat 3: stelios39 (big blind) folded before Flop
Seat 4: carmello774 (button) (small blind) collected ($6)


PokerStars Hand #146491816604:  Hold'em Limit ($3/$6 USD) - 2016/01/05 1:15:55 ET
Table 'Alfaterna' 6-max Seat #4 is the button
Seat 3: stelios39 ($107.13 in chips)
Seat 4: carmello774 ($234.88 in chips)
carmello774: posts small blind $1
stelios39: posts big blind $3
*** HOLE CARDS ***
carmello774: raises $3 to $6
stelios39: calls $3
*** FLOP *** [2s Jh As]
stelios39: bets $3
carmello774: folds
Uncalled bet ($3) returned to stelios39
stelios39 collected $11.76 from pot
stelios39: doesn't show hand
*** SUMMARY ***
Total pot $12 | Rake $0.24
Board [2s Jh As]
Seat 3: stelios39 (big blind) collected ($11.76)
Seat 4: carmello774 (button) (small blind) folded on the Flop


PokerStars Hand #146491819372:  Hold'em Limit ($3/$6 USD) - 2016/01/05 1:16:05 ET
Table 'Alfaterna' 6-max Seat #3 is the button
Seat 3: stelios39 ($112.89 in chips)
Seat 4: carmello774 ($228.88 in chips)
stelios39: posts small blind $1
carmello774: posts big blind $3
*** HOLE CARDS ***
stelios39: raises $3 to $6
carmello774: calls $3
*** FLOP *** [8d 2h 7h]
carmello774: checks
stelios39: bets $3
carmello774: folds
Uncalled bet ($3) returned to stelios39
stelios39 collected $11.76 from pot
stelios39: doesn't show hand
*** SUMMARY ***
Total pot $12 | Rake $0.24
Board [8d 2h 7h]
Seat 3: stelios39 (button) (small blind) collected ($11.76)
Seat 4: carmello774 (big blind) folded on the Flop


PokerStars Hand #146491822417:  Hold'em Limit ($3/$6 USD) - 2016/01/05 1:16:16 ET
Table 'Alfaterna' 6-max Seat #4 is the button
Seat 3: stelios39 ($118.65 in chips)
Seat 4: carmello774 ($222.88 in chips)
carmello774: posts small blind $1
stelios39: posts big blind $3
*** HOLE CARDS ***
carmello774: raises $3 to $6
stelios39: folds
Uncalled bet ($3) returned to carmello774
carmello774 collected $6 from pot
carmello774: doesn't show hand
*** SUMMARY ***
Total pot $6 | Rake $0
Seat 3: stelios39 (big blind) folded before Flop
Seat 4: carmello774 (button) (small blind) collected ($6)


PokerStars Hand #146491835643:  Hold'em Limit ($3/$6 USD) - 2016/01/05 1:17:02 ET
Table 'Alfaterna' 6-max Seat #4 is the button
Seat 3: stelios39 ($118.05 in chips)
Seat 4: carmello774 ($222.40 in chips)
carmello774: posts small blind $1
stelios39: posts big blind $3
*** HOLE CARDS ***
carmello774: raises $3 to $6
stelios39: calls $3
*** FLOP *** [Ad Jh 3h]
stelios39: checks
carmello774: checks
*** TURN *** [Ad Jh 3h] [Jd]
stelios39: bets $6
carmello774: calls $6
*** RIVER *** [Ad Jh 3h Jd] [3d]
stelios39: bets $6
carmello774: calls $6
*** SHOW DOWN ***
stelios39: shows [2c Ah] (two pair, Aces and Jacks)
carmello774: mucks hand
stelios39 collected $35.50 from pot
*** SUMMARY ***
Total pot $36 | Rake $0.50
Board [Ad Jh 3h Jd 3d]
Seat 3: stelios39 (big blind) showed [2c Ah] and won ($35.50) with two pair, Aces and Jacks
Seat 4: carmello774 (button) (small blind) mucked


PokerStars Hand #146491824124:  Hold'em Limit ($3/$6 USD) - 2016/01/05 1:16:22 ET
Table 'Alfaterna' 6-max Seat #3 is the button
Seat 3: stelios39 ($115.65 in chips)
Seat 4: carmello774 ($225.88 in chips)
stelios39: posts small blind $1
carmello774: posts big blind $3
*** HOLE CARDS ***
stelios39: raises $3 to $6
carmello774: raises $3 to $9
stelios39: calls $3
*** FLOP *** [Jh 6s 5c]
carmello774: bets $3
stelios39: calls $3
*** TURN *** [Jh 6s 5c] [Qd]
carmello774: bets $6
stelios39: folds
Uncalled bet ($6) returned to carmello774
carmello774 collected $23.52 from pot
carmello774: doesn't show hand
*** SUMMARY ***
Total pot $24 | Rake $0.48
Board [Jh 6s 5c Qd]
Seat 3: stelios39 (button) (small blind) folded on the Turn
Seat 4: carmello774 (big blind) collected ($23.52)


PokerStars Hand #146491827845:  Hold'em Limit ($3/$6 USD) - 2016/01/05 1:16:35 ET
Table 'Alfaterna' 6-max Seat #4 is the button
Seat 3: stelios39 ($103.65 in chips)
Seat 4: carmello774 ($237.40 in chips)
carmello774: posts small blind $1
stelios39: posts big blind $3
*** HOLE CARDS ***
carmello774: raises $3 to $6
stelios39: calls $3
*** FLOP *** [5d As 6c]
stelios39: bets $3
carmello774: folds
Uncalled bet ($3) returned to stelios39
stelios39 collected $11.76 from pot
stelios39: doesn't show hand
*** SUMMARY ***
Total pot $12 | Rake $0.24
Board [5d As 6c]
Seat 3: stelios39 (big blind) collected ($11.76)
Seat 4: carmello774 (button) (small blind) folded on the Flop


PokerStars Hand #146491831560:  Hold'em Limit ($3/$6 USD) - 2016/01/05 1:16:47 ET
Table 'Alfaterna' 6-max Seat #3 is the button
Seat 3: stelios39 ($109.41 in chips)
Seat 4: carmello774 ($231.40 in chips)
stelios39: posts small blind $1
carmello774: posts big blind $3
*** HOLE CARDS ***
stelios39: raises $3 to $6
carmello774: calls $3
*** FLOP *** [Qh 3d 2c]
carmello774: checks
stelios39: bets $3
carmello774: calls $3
*** TURN *** [Qh 3d 2c] [4h]
carmello774: checks
stelios39: bets $6
carmello774: folds
Uncalled bet ($6) returned to stelios39
stelios39 collected $17.64 from pot
stelios39: doesn't show hand
*** SUMMARY ***
Total pot $18 | Rake $0.36
Board [Qh 3d 2c 4h]
Seat 3: stelios39 (button) (small blind) collected ($17.64)
Seat 4: carmello774 (big blind) folded on the Turn


PokerStars Hand #146491857848:  Hold'em Limit ($3/$6 USD) - 2016/01/05 1:18:20 ET
Table 'Alfaterna' 6-max Seat #3 is the button
Seat 3: stelios39 ($103.31 in chips)
Seat 4: carmello774 ($235.90 in chips)
stelios39: posts small blind $1
carmello774: posts big blind $3
*** HOLE CARDS ***
stelios39: folds
Uncalled bet ($2) returned to carmello774
carmello774 collected $2 from pot
carmello774: doesn't show hand
*** SUMMARY ***
Total pot $2 | Rake $0
Seat 3: stelios39 (button) (small blind) folded before Flop
Seat 4: carmello774 (big blind) collected ($2)


PokerStars Hand #146491850599:  Hold'em Limit ($3/$6 USD) - 2016/01/05 1:17:54 ET
Table 'Alfaterna' 6-max Seat #4 is the button
Seat 3: stelios39 ($142.31 in chips)
Seat 4: carmello774 ($197.40 in chips)
carmello774: posts small blind $1
stelios39: posts big blind $3
*** HOLE CARDS ***
carmello774: raises $3 to $6
stelios39: calls $3
*** FLOP *** [8s Js Th]
stelios39: checks
carmello774: bets $3
stelios39: calls $3
*** TURN *** [8s Js Th] [Ad]
stelios39: checks
carmello774: bets $6
stelios39: raises $6 to $12
carmello774: raises $6 to $18
stelios39: raises $6 to $24
Betting is capped
carmello774: calls $6
*** RIVER *** [8s Js Th Ad] [9c]
stelios39: bets $6
carmello774: calls $6
*** SHOW DOWN ***
stelios39: shows [Td Tc] (three of a kind, Tens)
carmello774: shows [9d 7s] (a straight, Seven to Jack)
carmello774 collected $77.50 from pot
*** SUMMARY ***
Total pot $78 | Rake $0.50
Board [8s Js Th Ad 9c]
Seat 3: stelios39 (big blind) showed [Td Tc] and lost with three of a kind, Tens
Seat 4: carmello774 (button) (small blind) showed [9d 7s] and won ($77.50) with a straight, Seven to Jack


PokerStars Hand #146491841127:  Hold'em Limit ($3/$6 USD) - 2016/01/05 1:17:21 ET
Table 'Alfaterna' 6-max Seat #3 is the button
Seat 3: stelios39 ($135.55 in chips)
Seat 4: carmello774 ($204.40 in chips)
stelios39: posts small blind $1
carmello774: posts big blind $3
*** HOLE CARDS ***
stelios39: calls $2
carmello774: checks
*** FLOP *** [2s Th As]
carmello774: checks
stelios39: bets $3
carmello774: folds
Uncalled bet ($3) returned to stelios39
stelios39 collected $5.88 from pot
stelios39: doesn't show hand
*** SUMMARY ***
Total pot $6 | Rake $0.12
Board [2s Th As]
Seat 3: stelios39 (button) (small blind) collected ($5.88)
Seat 4: carmello774 (big blind) folded on the Flop


PokerStars Hand #146491845611:  Hold'em Limit ($3/$6 USD) - 2016/01/05 1:17:37 ET
Table 'Alfaterna' 6-max Seat #4 is the button
Seat 3: stelios39 ($138.43 in chips)
Seat 4: carmello774 ($201.40 in chips)
carmello774: posts small blind $1
stelios39: posts big blind $3
*** HOLE CARDS ***
carmello774: folds
Uncalled bet ($2) returned to stelios39
stelios39 collected $2 from pot
stelios39: doesn't show hand
*** SUMMARY ***
Total pot $2 | Rake $0
Seat 3: stelios39 (big blind) collected ($2)
Seat 4: carmello774 (button) (small blind) folded before Flop


PokerStars Hand #146491847182:  Hold'em Limit ($3/$6 USD) - 2016/01/05 1:17:42 ET
Table 'Alfaterna' 6-max Seat #3 is the button
Seat 3: stelios39 ($139.43 in chips)
Seat 4: carmello774 ($200.40 in chips)
stelios39: posts small blind $1
carmello774: posts big blind $3
*** HOLE CARDS ***
stelios39: calls $2
carmello774: checks
*** FLOP *** [3c Kd 9c]
carmello774: checks
stelios39: bets $3
carmello774: folds
Uncalled bet ($3) returned to stelios39
stelios39 collected $5.88 from pot
stelios39: doesn't show hand
*** SUMMARY ***
Total pot $6 | Rake $0.12
Board [3c Kd 9c]
Seat 3: stelios39 (button) (small blind) collected ($5.88)
Seat 4: carmello774 (big blind) folded on the Flop


PokerStars Hand #146491872695:  Hold'em Limit ($3/$6 USD) - 2016/01/05 1:19:11 ET
Table 'Alfaterna' 6-max Seat #3 is the button
Seat 3: stelios39 ($109.81 in chips)
Seat 4: carmello774 ($228.40 in chips)
stelios39: posts small blind $1
carmello774: posts big blind $3
*** HOLE CARDS ***
stelios39: raises $3 to $6
carmello774: folds
Uncalled bet ($3) returned to stelios39
stelios39 collected $6 from pot
stelios39: doesn't show hand
*** SUMMARY ***
Total pot $6 | Rake $0
Seat 3: stelios39 (button) (small blind) collected ($6)
Seat 4: carmello774 (big blind) folded before Flop


PokerStars Hand #146491867819:  Hold'em Limit ($3/$6 USD) - 2016/01/05 1:18:54 ET
Table 'Alfaterna' 6-max Seat #4 is the button
Seat 3: stelios39 ($130.81 in chips)
Seat 4: carmello774 ($207.90 in chips)
carmello774: posts small blind $1
stelios39: posts big blind $3
*** HOLE CARDS ***
carmello774: raises $3 to $6
stelios39: calls $3
*** FLOP *** [Kd Jd 7h]
stelios39: checks
carmello774: bets $3
stelios39: calls $3
*** TURN *** [Kd Jd 7h] [5s]
stelios39: checks
carmello774: bets $6
stelios39: calls $6
*** RIVER *** [Kd Jd 7h 5s] [4h]
stelios39: checks
carmello774: bets $6
stelios39: calls $6
*** SHOW DOWN ***
carmello774: shows [4d 7d] (two pair, Sevens and Fours)
stelios39: mucks hand
carmello774 collected $41.50 from pot
*** SUMMARY ***
Total pot $42 | Rake $0.50
Board [Kd Jd 7h 5s 4h]
Seat 3: stelios39 (big blind) mucked
Seat 4: carmello774 (button) (small blind) showed [4d 7d] and won ($41.50) with two pair, Sevens and Fours


PokerStars Hand #146491864414:  Hold'em Limit ($3/$6 USD) - 2016/01/05 1:18:43 ET
Table 'Alfaterna' 6-max Seat #3 is the button
Seat 3: stelios39 ($131.81 in chips)
Seat 4: carmello774 ($206.90 in chips)
stelios39: posts small blind $1
carmello774: posts big blind $3
*** HOLE CARDS ***
stelios39: folds
Uncalled bet ($2) returned to carmello774
carmello774 collected $2 from pot
carmello774: doesn't show hand
*** SUMMARY ***
Total pot $2 | Rake $0
Seat 3: stelios39 (button) (small blind) folded before Flop
Seat 4: carmello774 (big blind) collected ($2)


PokerStars Hand #146491859443:  Hold'em Limit ($3/$6 USD) - 2016/01/05 1:18:25 ET
Table 'Alfaterna' 6-max Seat #4 is the button
Seat 3: stelios39 ($102.31 in chips)
Seat 4: carmello774 ($236.90 in chips)
carmello774: posts small blind $1
stelios39: posts big blind $3
*** HOLE CARDS ***
carmello774: raises $3 to $6
stelios39: calls $3
*** FLOP *** [5s 4h 7s]
stelios39: checks
carmello774: checks
*** TURN *** [5s 4h 7s] [7d]
stelios39: bets $6
carmello774: calls $6
*** RIVER *** [5s 4h 7s 7d] [Qs]
stelios39: bets $6
carmello774: raises $6 to $12
stelios39: raises $6 to $18
carmello774: calls $6
*** SHOW DOWN ***
stelios39: shows [As Ts] (a flush, Ace high)
carmello774: mucks hand
stelios39 collected $59.50 from pot
*** SUMMARY ***
Total pot $60 | Rake $0.50
Board [5s 4h 7s 7d Qs]
Seat 3: stelios39 (big blind) showed [As Ts] and won ($59.50) with a flush, Ace high
Seat 4: carmello774 (button) (small blind) mucked


PokerStars Hand #146491888887:  Hold'em Limit ($3/$6 USD) - 2016/01/05 1:20:08 ET
Table 'Alfaterna' 6-max Seat #3 is the button
Seat 3: stelios39 ($123.95 in chips)
Seat 4: carmello774 ($212.90 in chips)
stelios39: posts small blind $1
carmello774: posts big blind $3
*** HOLE CARDS ***
stelios39: folds
Uncalled bet ($2) returned to carmello774
carmello774 collected $2 from pot
carmello774: doesn't show hand
*** SUMMARY ***
Total pot $2 | Rake $0
Seat 3: stelios39 (button) (small blind) folded before Flop
Seat 4: carmello774 (big blind) collected ($2)


PokerStars Hand #146491883796:  Hold'em Limit ($3/$6 USD) - 2016/01/05 1:19:50 ET
Table 'Alfaterna' 6-max Seat #4 is the button
Seat 3: stelios39 ($144.95 in chips)
Seat 4: carmello774 ($192.40 in chips)
carmello774: posts small blind $1
stelios39: posts big blind $3
*** HOLE CARDS ***
carmello774: raises $3 to $6
stelios39: calls $3
*** FLOP *** [Qs 6c As]
stelios39: checks
carmello774: bets $3
stelios39: calls $3
*** TURN *** [Qs 6c As] [2h]
stelios39: checks
carmello774: bets $6
stelios39: calls $6
*** RIVER *** [Qs 6c As 2h] [6h]
stelios39: checks
carmello774: bets $6
stelios39: calls $6
*** SHOW DOWN ***
carmello774: shows [8s 6s] (three of a kind, Sixes)
stelios39: mucks hand
carmello774 collected $41.50 from pot
*** SUMMARY ***
Total pot $42 | Rake $0.50
Board [Qs 6c As 2h 6h]
Seat 3: stelios39 (big blind) mucked
Seat 4: carmello774 (button) (small blind) showed [8s 6s] and won ($41.50) with three of a kind, Sixes


PokerStars Hand #146491878229:  Hold'em Limit ($3/$6 USD) - 2016/01/05 1:19:31 ET
Table 'Alfaterna' 6-max Seat #3 is the button
Seat 3: stelios39 ($121.45 in chips)
Seat 4: carmello774 ($216.40 in chips)
stelios39: posts small blind $1
carmello774: posts big blind $3
*** HOLE CARDS ***
stelios39: raises $3 to $6
carmello774: raises $3 to $9
stelios39: calls $3
*** FLOP *** [5h 2s 5s]
carmello774: bets $3
stelios39: calls $3
*** TURN *** [5h 2s 5s] [Qh]
carmello774: checks
stelios39: bets $6
carmello774: calls $6
*** RIVER *** [5h 2s 5s Qh] [Jh]
carmello774: checks
stelios39: bets $6
carmello774: calls $6
*** SHOW DOWN ***
stelios39: shows [7c 7h] (two pair, Sevens and Fives)
carmello774: mucks hand
stelios39 collected $47.50 from pot
*** SUMMARY ***
Total pot $48 | Rake $0.50
Board [5h 2s 5s Qh Jh]
Seat 3: stelios39 (button) (small blind) showed [7c 7h] and won ($47.50) with two pair, Sevens and Fives
Seat 4: carmello774 (big blind) mucked


PokerStars Hand #146491874482:  Hold'em Limit ($3/$6 USD) - 2016/01/05 1:19:18 ET
Table 'Alfaterna' 6-max Seat #4 is the button
Seat 3: stelios39 ($112.81 in chips)
Seat 4: carmello774 ($225.40 in chips)
carmello774: posts small blind $1
stelios39: posts big blind $3
*** HOLE CARDS ***
carmello774: raises $3 to $6
stelios39: calls $3
*** FLOP *** [4s Ac 7h]
stelios39: checks
carmello774: bets $3
stelios39: raises $3 to $6
carmello774: folds
Uncalled bet ($3) returned to stelios39
stelios39 collected $17.64 from pot
stelios39: doesn't show hand
*** SUMMARY ***
Total pot $18 | Rake $0.36
Board [4s Ac 7h]
Seat 3: stelios39 (big blind) collected ($17.64)
Seat 4: carmello774 (button) (small blind) folded on the Flop


PokerStars Hand #146491906445:  Hold'em Limit ($3/$6 USD) - 2016/01/05 1:21:10 ET
Table 'Alfaterna' 6-max Seat #4 is the button
Seat 3: stelios39 ($91.71 in chips)
Seat 4: carmello774 ($244.04 in chips)
carmello774: posts small blind $1
stelios39: posts big blind $3
*** HOLE CARDS ***
carmello774: raises $3 to $6
stelios39: folds
Uncalled bet ($3) returned to carmello774
carmello774 collected $6 from pot
carmello774: doesn't show hand
*** SUMMARY ***
Total pot $6 | Rake $0
Seat 3: stelios39 (big blind) folded before Flop
Seat 4: carmello774 (button) (small blind) collected ($6)


PokerStars Hand #146491904982:  Hold'em Limit ($3/$6 USD) - 2016/01/05 1:21:04 ET
Table 'Alfaterna' 6-max Seat #3 is the button
Seat 3: stelios39 ($92.71 in chips)
Seat 4: carmello774 ($243.04 in chips)
stelios39: posts small blind $1
carmello774: posts big blind $3
*** HOLE CARDS ***
stelios39: folds
Uncalled bet ($2) returned to carmello774
carmello774 collected $2 from pot
carmello774: doesn't show hand
*** SUMMARY ***
Total pot $2 | Rake $0
Seat 3: stelios39 (button) (small blind) folded before Flop
Seat 4: carmello774 (big blind) collected ($2)


PokerStars Hand #146491901455:  Hold'em Limit ($3/$6 USD) - 2016/01/05 1:20:52 ET
Table 'Alfaterna' 6-max Seat #4 is the button
Seat 3: stelios39 ($101.71 in chips)
Seat 4: carmello774 ($234.40 in chips)
carmello774: posts small blind $1
stelios39: posts big blind $3
*** HOLE CARDS ***
carmello774: raises $3 to $6
stelios39: calls $3
*** FLOP *** [Ts 6h As]
stelios39: bets $3
carmello774: raises $3 to $6
stelios39: folds
Uncalled bet ($3) returned to carmello774
carmello774 collected $17.64 from pot
carmello774: doesn't show hand
*** SUMMARY ***
Total pot $18 | Rake $0.36
Board [Ts 6h As]
Seat 3: stelios39 (big blind) folded on the Flop
Seat 4: carmello774 (button) (small blind) collected ($17.64)


PokerStars Hand #146491896497:  Hold'em Limit ($3/$6 USD) - 2016/01/05 1:20:35 ET
Table 'Alfaterna' 6-max Seat #3 is the button
Seat 3: stelios39 ($95.95 in chips)
Seat 4: carmello774 ($240.40 in chips)
stelios39: posts small blind $1
carmello774: posts big blind $3
*** HOLE CARDS ***
stelios39: raises $3 to $6
carmello774: calls $3
*** FLOP *** [Ks 9c Tc]
carmello774: checks
stelios39: bets $3
carmello774: folds
Uncalled bet ($3) returned to stelios39
stelios39 collected $11.76 from pot
stelios39: doesn't show hand
*** SUMMARY ***
Total pot $12 | Rake $0.24
Board [Ks 9c Tc]
Seat 3: stelios39 (button) (small blind) collected ($11.76)
Seat 4: carmello774 (big blind) folded on the Flop


PokerStars Hand #146491890383:  Hold'em Limit ($3/$6 USD) - 2016/01/05 1:20:13 ET
Table 'Alfaterna' 6-max Seat #4 is the button
Seat 3: stelios39 ($122.95 in chips)
Seat 4: carmello774 ($213.90 in chips)
carmello774: posts small blind $1
stelios39: posts big blind $3
*** HOLE CARDS ***
carmello774: raises $3 to $6
stelios39: calls $3
*** FLOP *** [Td 6s Kd]
stelios39: checks
carmello774: bets $3
stelios39: raises $3 to $6
carmello774: raises $3 to $9
stelios39: calls $3
*** TURN *** [Td 6s Kd] [5c]
stelios39: checks
carmello774: bets $6
stelios39: calls $6
*** RIVER *** [Td 6s Kd 5c] [9s]
stelios39: checks
carmello774: bets $6
stelios39: calls $6
*** SHOW DOWN ***
carmello774: shows [4d Kh] (a pair of Kings)
stelios39: mucks hand
carmello774 collected $53.50 from pot
*** SUMMARY ***
Total pot $54 | Rake $0.50
Board [Td 6s Kd 5c 9s]
Seat 3: stelios39 (big blind) mucked
Seat 4: carmello774 (button) (small blind) showed [4d Kh] and won ($53.50) with a pair of Kings


PokerStars Hand #146491923085:  Hold'em Limit ($3/$6 USD) - 2016/01/05 1:22:07 ET
Table 'Alfaterna' 6-max Seat #3 is the button
Seat 3: stelios39 ($99.11 in chips)
Seat 4: carmello774 ($236.04 in chips)
stelios39: posts small blind $1
carmello774: posts big blind $3
*** HOLE CARDS ***
stelios39: calls $2
carmello774: checks
*** FLOP *** [Qs 3s 9d]
carmello774: checks
stelios39: bets $3
carmello774: raises $3 to $6
stelios39: calls $3
*** TURN *** [Qs 3s 9d] [3c]
carmello774: checks
stelios39: checks
*** RIVER *** [Qs 3s 9d 3c] [8s]
carmello774: bets $6
stelios39: calls $6
*** SHOW DOWN ***
carmello774: shows [Qh 4d] (two pair, Queens and Threes)
stelios39: mucks hand
carmello774 collected $29.50 from pot
*** SUMMARY ***
Total pot $30 | Rake $0.50
Board [Qs 3s 9d 3c 8s]
Seat 3: stelios39 (button) (small blind) mucked
Seat 4: carmello774 (big blind) showed [Qh 4d] and won ($29.50) with two pair, Queens and Threes


PokerStars Hand #146491918300:  Hold'em Limit ($3/$6 USD) - 2016/01/05 1:21:51 ET
Table 'Alfaterna' 6-max Seat #4 is the button
Seat 3: stelios39 ($90.47 in chips)
Seat 4: carmello774 ($245.04 in chips)
carmello774: posts small blind $1
stelios39: posts big blind $3
*** HOLE CARDS ***
carmello774: raises $3 to $6
stelios39: calls $3
*** FLOP *** [Kc Jh 4s]
stelios39: checks
carmello774: bets $3
stelios39: calls $3
*** TURN *** [Kc Jh 4s] [3c]
stelios39: checks
carmello774: checks
*** RIVER *** [Kc Jh 4s 3c] [Ah]
stelios39: bets $6
carmello774: folds
Uncalled bet ($6) returned to stelios39
stelios39 collected $17.64 from pot
stelios39: doesn't show hand
*** SUMMARY ***
Total pot $18 | Rake $0.36
Board [Kc Jh 4s 3c Ah]
Seat 3: stelios39 (big blind) collected ($17.64)
Seat 4: carmello774 (button) (small blind) folded on the River


PokerStars Hand #146491915329:  Hold'em Limit ($3/$6 USD) - 2016/01/05 1:21:41 ET
Table 'Alfaterna' 6-max Seat #3 is the button
Seat 3: stelios39 ($84.71 in chips)
Seat 4: carmello774 ($251.04 in chips)
stelios39: posts small blind $1
carmello774: posts big blind $3
*** HOLE CARDS ***
stelios39: raises $3 to $6
carmello774: calls $3
*** FLOP *** [Ah Kh 9d]
carmello774: checks
stelios39: bets $3
carmello774: folds
Uncalled bet ($3) returned to stelios39
stelios39 collected $11.76 from pot
stelios39: doesn't show hand
*** SUMMARY ***
Total pot $12 | Rake $0.24
Board [Ah Kh 9d]
Seat 3: stelios39 (button) (small blind) collected ($11.76)
Seat 4: carmello774 (big blind) folded on the Flop


PokerStars Hand #146491913539:  Hold'em Limit ($3/$6 USD) - 2016/01/05 1:21:35 ET
Table 'Alfaterna' 6-max Seat #4 is the button
Seat 3: stelios39 ($87.71 in chips)
Seat 4: carmello774 ($248.04 in chips)
carmello774: posts small blind $1
stelios39: posts big blind $3
*** HOLE CARDS ***
carmello774: raises $3 to $6
stelios39: folds
Uncalled bet ($3) returned to carmello774
carmello774 collected $6 from pot
carmello774: doesn't show hand
*** SUMMARY ***
Total pot $6 | Rake $0
Seat 3: stelios39 (big blind) folded before Flop
Seat 4: carmello774 (button) (small blind) collected ($6)


PokerStars Hand #146491909780:  Hold'em Limit ($3/$6 USD) - 2016/01/05 1:21:21 ET
Table 'Alfaterna' 6-max Seat #3 is the button
Seat 3: stelios39 ($88.71 in chips)
Seat 4: carmello774 ($247.04 in chips)
stelios39: posts small blind $1
carmello774: posts big blind $3
*** HOLE CARDS ***
stelios39: folds
Uncalled bet ($2) returned to carmello774
carmello774 collected $2 from pot
carmello774: doesn't show hand
*** SUMMARY ***
Total pot $2 | Rake $0
Seat 3: stelios39 (button) (small blind) folded before Flop
Seat 4: carmello774 (big blind) collected ($2)


PokerStars Hand #146491942666:  Hold'em Limit ($3/$6 USD) - 2016/01/05 1:23:14 ET
Table 'Alfaterna' 6-max Seat #3 is the button
Seat 3: stelios39 ($110.13 in chips)
Seat 4: carmello774 ($223.54 in chips)
stelios39: posts small blind $1
carmello774: posts big blind $3
*** HOLE CARDS ***
stelios39: folds
Uncalled bet ($2) returned to carmello774
carmello774 collected $2 from pot
carmello774: doesn't show hand
*** SUMMARY ***
Total pot $2 | Rake $0
Seat 3: stelios39 (button) (small blind) folded before Flop
Seat 4: carmello774 (big blind) collected ($2)


PokerStars Hand #146491938235:  Hold'em Limit ($3/$6 USD) - 2016/01/05 1:22:59 ET
Table 'Alfaterna' 6-max Seat #4 is the button
Seat 3: stelios39 ($101.49 in chips)
Seat 4: carmello774 ($232.54 in chips)
carmello774: posts small blind $1
stelios39: posts big blind $3
*** HOLE CARDS ***
carmello774: raises $3 to $6
stelios39: calls $3
*** FLOP *** [3d 8d 2h]
stelios39: checks
carmello774: bets $3
stelios39: calls $3
*** TURN *** [3d 8d 2h] [9c]
stelios39: checks
carmello774: checks
*** RIVER *** [3d 8d 2h 9c] [2d]
stelios39: bets $6
carmello774: folds
Uncalled bet ($6) returned to stelios39
stelios39 collected $17.64 from pot
stelios39: doesn't show hand
*** SUMMARY ***
Total pot $18 | Rake $0.36
Board [3d 8d 2h 9c 2d]
Seat 3: stelios39 (big blind) collected ($17.64)
Seat 4: carmello774 (button) (small blind) folded on the River


PokerStars Hand #146491933276:  Hold'em Limit ($3/$6 USD) - 2016/01/05 1:22:42 ET
Table 'Alfaterna' 6-max Seat #3 is the button
Seat 3: stelios39 ($98.61 in chips)
Seat 4: carmello774 ($235.54 in chips)
stelios39: posts small blind $1
carmello774: posts big blind $3
*** HOLE CARDS ***
stelios39: calls $2
carmello774: checks
*** FLOP *** [8h Jc 4h]
carmello774: checks
stelios39: checks
*** TURN *** [8h Jc 4h] [Kd]
carmello774: checks
stelios39: bets $6
carmello774: folds
Uncalled bet ($6) returned to stelios39
stelios39 collected $5.88 from pot
stelios39: doesn't show hand
*** SUMMARY ***
Total pot $6 | Rake $0.12
Board [8h Jc 4h Kd]
Seat 3: stelios39 (button) (small blind) collected ($5.88)
Seat 4: carmello774 (big blind) folded on the Turn


PokerStars Hand #146491928399:  Hold'em Limit ($3/$6 USD) - 2016/01/05 1:22:25 ET
Table 'Alfaterna' 6-max Seat #4 is the button
Seat 3: stelios39 ($84.11 in chips)
Seat 4: carmello774 ($250.54 in chips)
carmello774: posts small blind $1
stelios39: posts big blind $3
*** HOLE CARDS ***
carmello774: raises $3 to $6
stelios39: calls $3
*** FLOP *** [6s 3d 5s]
stelios39: checks
carmello774: bets $3
stelios39: calls $3
*** TURN *** [6s 3d 5s] [Js]
stelios39: checks
carmello774: bets $6
stelios39: calls $6
*** RIVER *** [6s 3d 5s Js] [9d]
stelios39: checks
carmello774: checks
*** SHOW DOWN ***
stelios39: shows [9c 5d] (two pair, Nines and Fives)
carmello774: mucks hand
stelios39 collected $29.50 from pot
*** SUMMARY ***
Total pot $30 | Rake $0.50
Board [6s 3d 5s Js 9d]
Seat 3: stelios39 (big blind) showed [9c 5d] and won ($29.50) with two pair, Nines and Fives
Seat 4: carmello774 (button) (small blind) mucked


PokerStars Hand #146491956680:  Hold'em Limit ($3/$6 USD) - 2016/01/05 1:24:02 ET
Table 'Alfaterna' 6-max Seat #3 is the button
Seat 3: stelios39 ($80.13 in chips)
Seat 4: carmello774 ($252.54 in chips)
stelios39: posts small blind $1
carmello774: posts big blind $3
*** HOLE CARDS ***
stelios39: folds
Uncalled bet ($2) returned to carmello774
carmello774 collected $2 from pot
carmello774: doesn't show hand
*** SUMMARY ***
Total pot $2 | Rake $0
Seat 3: stelios39 (button) (small blind) folded before Flop
Seat 4: carmello774 (big blind) collected ($2)


PokerStars Hand #146491955225:  Hold'em Limit ($3/$6 USD) - 2016/01/05 1:23:57 ET
Table 'Alfaterna' 6-max Seat #4 is the button
Seat 3: stelios39 ($79.13 in chips)
Seat 4: carmello774 ($253.54 in chips)
carmello774: posts small blind $1
stelios39: posts big blind $3
*** HOLE CARDS ***
carmello774: folds
Uncalled bet ($2) returned to stelios39
stelios39 collected $2 from pot
stelios39: doesn't show hand
*** SUMMARY ***
Total pot $2 | Rake $0
Seat 3: stelios39 (big blind) collected ($2)
Seat 4: carmello774 (button) (small blind) folded before Flop


PokerStars Hand #146491949991:  Hold'em Limit ($3/$6 USD) - 2016/01/05 1:23:39 ET
Table 'Alfaterna' 6-max Seat #3 is the button
Seat 3: stelios39 ($94.13 in chips)
Seat 4: carmello774 ($239.04 in chips)
stelios39: posts small blind $1
carmello774: posts big blind $3
*** HOLE CARDS ***
stelios39: raises $3 to $6
carmello774: calls $3
*** FLOP *** [3h 6d Jd]
carmello774: checks
stelios39: bets $3
carmello774: calls $3
*** TURN *** [3h 6d Jd] [6c]
carmello774: checks
stelios39: checks
*** RIVER *** [3h 6d Jd 6c] [4c]
carmello774: checks
stelios39: bets $6
carmello774: calls $6
*** SHOW DOWN ***
stelios39: shows [9s 7d] (a pair of Sixes)
carmello774: shows [8h Kd] (a pair of Sixes - King kicker)
carmello774 collected $29.50 from pot
*** SUMMARY ***
Total pot $30 | Rake $0.50
Board [3h 6d Jd 6c 4c]
Seat 3: stelios39 (button) (small blind) showed [9s 7d] and lost with a pair of Sixes
Seat 4: carmello774 (big blind) showed [8h Kd] and won ($29.50) with a pair of Sixes


PokerStars Hand #146491944220:  Hold'em Limit ($3/$6 USD) - 2016/01/05 1:23:19 ET
Table 'Alfaterna' 6-max Seat #4 is the button
Seat 3: stelios39 ($109.13 in chips)
Seat 4: carmello774 ($224.54 in chips)
carmello774: posts small blind $1
stelios39: posts big blind $3
*** HOLE CARDS ***
carmello774: raises $3 to $6
stelios39: calls $3
*** FLOP *** [Qd Ah Js]
stelios39: bets $3
carmello774: calls $3
*** TURN *** [Qd Ah Js] [Kh]
stelios39: checks
carmello774: bets $6
stelios39: calls $6
*** RIVER *** [Qd Ah Js Kh] [8c]
stelios39: checks
carmello774: checks
*** SHOW DOWN ***
stelios39: shows [4h 9h] (high card Ace)
carmello774: shows [7s Jd] (a pair of Jacks)
carmello774 collected $29.50 from pot
*** SUMMARY ***
Total pot $30 | Rake $0.50
Board [Qd Ah Js Kh 8c]
Seat 3: stelios39 (big blind) showed [4h 9h] and lost with high card Ace
Seat 4: carmello774 (button) (small blind) showed [7s Jd] and won ($29.50) with a pair of Jacks


PokerStars Hand #146491976126:  Hold'em Limit ($3/$6 USD) - 2016/01/05 1:25:08 ET
Table 'Alfaterna' 6-max Seat #4 is the button
Seat 3: stelios39 ($57.89 in chips)
Seat 4: carmello774 ($273.68 in chips)
carmello774: posts small blind $1
stelios39: posts big blind $3
*** HOLE CARDS ***
carmello774: raises $3 to $6
stelios39: calls $3
*** FLOP *** [9h 4h Qd]
stelios39: checks
carmello774: bets $3
stelios39: folds
Uncalled bet ($3) returned to carmello774
carmello774 collected $11.76 from pot
carmello774: doesn't show hand
*** SUMMARY ***
Total pot $12 | Rake $0.24
Board [9h 4h Qd]
Seat 3: stelios39 (big blind) folded on the Flop
Seat 4: carmello774 (button) (small blind) collected ($11.76)


PokerStars Hand #146491970768:  Hold'em Limit ($3/$6 USD) - 2016/01/05 1:24:50 ET
Table 'Alfaterna' 6-max Seat #3 is the button
Seat 3: stelios39 ($78.89 in chips)
Seat 4: carmello774 ($253.18 in chips)
stelios39: posts small blind $1
carmello774: posts big blind $3
*** HOLE CARDS ***
stelios39: calls $2
carmello774: checks
*** FLOP *** [6s Ks 4h]
carmello774: checks
stelios39: bets $3
carmello774: raises $3 to $6
stelios39: calls $3
*** TURN *** [6s Ks 4h] [9d]
carmello774: bets $6
stelios39: calls $6
*** RIVER *** [6s Ks 4h 9d] [7h]
carmello774: bets $6
stelios39: calls $6
*** SHOW DOWN ***
carmello774: shows [5d 3d] (a straight, Three to Seven)
stelios39: mucks hand
carmello774 collected $41.50 from pot
*** SUMMARY ***
Total pot $42 | Rake $0.50
Board [6s Ks 4h 9d 7h]
Seat 3: stelios39 (button) (small blind) mucked
Seat 4: carmello774 (big blind) showed [5d 3d] and won ($41.50) with a straight, Three to Seven


PokerStars Hand #146491967812:  Hold'em Limit ($3/$6 USD) - 2016/01/05 1:24:40 ET
Table 'Alfaterna' 6-max Seat #4 is the button
Seat 3: stelios39 ($73.13 in chips)
Seat 4: carmello774 ($259.18 in chips)
carmello774: posts small blind $1
stelios39: posts big blind $3
*** HOLE CARDS ***
carmello774: raises $3 to $6
stelios39: calls $3
*** FLOP *** [9h 8h Ts]
stelios39: bets $3
carmello774: folds
Uncalled bet ($3) returned to stelios39
stelios39 collected $11.76 from pot
stelios39: doesn't show hand
*** SUMMARY ***
Total pot $12 | Rake $0.24
Board [9h 8h Ts]
Seat 3: stelios39 (big blind) collected ($11.76)
Seat 4: carmello774 (button) (small blind) folded on the Flop


PokerStars Hand #146491965886:  Hold'em Limit ($3/$6 USD) - 2016/01/05 1:24:33 ET
Table 'Alfaterna' 6-max Seat #3 is the button
Seat 3: stelios39 ($70.13 in chips)
Seat 4: carmello774 ($262.18 in chips)
stelios39: posts small blind $1
carmello774: posts big blind $3
*** HOLE CARDS ***
stelios39: raises $3 to $6
carmello774: folds
Uncalled bet ($3) returned to stelios39
stelios39 collected $6 from pot
stelios39: doesn't show hand
*** SUMMARY ***
Total pot $6 | Rake $0
Seat 3: stelios39 (button) (small blind) collected ($6)
Seat 4: carmello774 (big blind) folded before Flop


PokerStars Hand #146491959499:  Hold'em Limit ($3/$6 USD) - 2016/01/05 1:24:12 ET
Table 'Alfaterna' 6-max Seat #4 is the button
Seat 3: stelios39 ($79.13 in chips)
Seat 4: carmello774 ($253.54 in chips)
carmello774: posts small blind $1
stelios39: posts big blind $3
*** HOLE CARDS ***
carmello774: raises $3 to $6
stelios39: calls $3
*** FLOP *** [6c Ad 6s]
stelios39: bets $3
carmello774: calls $3
*** TURN *** [6c Ad 6s] [9h]
stelios39: checks
carmello774: bets $6
stelios39: folds
Uncalled bet ($6) returned to carmello774
carmello774 collected $17.64 from pot
carmello774: doesn't show hand
*** SUMMARY ***
Total pot $18 | Rake $0.36
Board [6c Ad 6s 9h]
Seat 3: stelios39 (big blind) folded on the Turn
Seat 4: carmello774 (button) (small blind) collected ($17.64)


PokerStars Hand #146491992345:  Hold'em Limit ($3/$6 USD) - 2016/01/05 1:26:04 ET
Table 'Alfaterna' 6-max Seat #3 is the button
Seat 3: stelios39 ($155.89 in chips)
Seat 4: carmello774 ($234.44 in chips)
stelios39: posts small blind $1
carmello774: posts big blind $3
*** HOLE CARDS ***
stelios39: raises $3 to $6
carmello774: raises $3 to $9
stelios39: calls $3
*** FLOP *** [3c 4s 7h]
carmello774: bets $3
stelios39: calls $3
*** TURN *** [3c 4s 7h] [Ts]
carmello774: checks
stelios39: checks
*** RIVER *** [3c 4s 7h Ts] [9c]
carmello774: bets $6
stelios39: calls $6
*** SHOW DOWN ***
carmello774: shows [7c Ac] (a pair of Sevens)
stelios39: mucks hand
carmello774 collected $35.50 from pot
*** SUMMARY ***
Total pot $36 | Rake $0.50
Board [3c 4s 7h Ts 9c]
Seat 3: stelios39 (button) (small blind) mucked
Seat 4: carmello774 (big blind) showed [7c Ac] and won ($35.50) with a pair of Sevens


PokerStars Hand #146491986107:  Hold'em Limit ($3/$6 USD) - 2016/01/05 1:25:43 ET
Table 'Alfaterna' 6-max Seat #4 is the button
Seat 3: stelios39 ($135.39 in chips)
Seat 4: carmello774 ($255.44 in chips)
carmello774: posts small blind $1
stelios39: posts big blind $3
*** HOLE CARDS ***
carmello774: raises $3 to $6
stelios39: calls $3
*** FLOP *** [Ac 8d 7s]
stelios39: checks
carmello774: bets $3
stelios39: raises $3 to $6
carmello774: raises $3 to $9
stelios39: calls $3
*** TURN *** [Ac 8d 7s] [3c]
stelios39: checks
carmello774: bets $6
stelios39: calls $6
*** RIVER *** [Ac 8d 7s 3c] [Ts]
stelios39: checks
carmello774: checks
*** SHOW DOWN ***
stelios39: shows [6d 9s] (a straight, Six to Ten)
carmello774: mucks hand
stelios39 collected $41.50 from pot
*** SUMMARY ***
Total pot $42 | Rake $0.50
Board [Ac 8d 7s 3c Ts]
Seat 3: stelios39 (big blind) showed [6d 9s] and won ($41.50) with a straight, Six to Ten
Seat 4: carmello774 (button) (small blind) mucked


PokerStars Hand #146491980898:  Hold'em Limit ($3/$6 USD) - 2016/01/05 1:25:25 ET
Table 'Alfaterna' 6-max Seat #3 is the button
Seat 3: stelios39 ($111.89 in chips)
Seat 4: carmello774 ($279.44 in chips)
stelios39: posts small blind $1
carmello774: posts big blind $3
*** HOLE CARDS ***
stelios39: raises $3 to $6
carmello774: raises $3 to $9
stelios39: calls $3
*** FLOP *** [Qd 2d 7c]
carmello774: bets $3
stelios39: calls $3
*** TURN *** [Qd 2d 7c] [6s]
carmello774: bets $6
stelios39: calls $6
*** RIVER *** [Qd 2d 7c 6s] [2c]
carmello774: checks
stelios39: bets $6
carmello774: calls $6
*** SHOW DOWN ***
stelios39: shows [8d 6c] (two pair, Sixes and Deuces)
carmello774: mucks hand
stelios39 collected $47.50 from pot
*** SUMMARY ***
Total pot $48 | Rake $0.50
Board [Qd 2d 7c 6s 2c]
Seat 3: stelios39 (button) (small blind) showed [8d 6c] and won ($47.50) with two pair, Sixes and Deuces
Seat 4: carmello774 (big blind) mucked


PokerStars Hand #146492011480:  Hold'em Limit ($3/$6 USD) - 2016/01/05 1:27:11 ET
Table 'Alfaterna' 6-max Seat #4 is the button
Seat 3: stelios39 ($101.65 in chips)
Seat 4: carmello774 ($286.72 in chips)
carmello774: posts small blind $1
stelios39: posts big blind $3
*** HOLE CARDS ***
carmello774: raises $3 to $6
stelios39: folds
Uncalled bet ($3) returned to carmello774
carmello774 collected $6 from pot
carmello774: doesn't show hand
*** SUMMARY ***
Total pot $6 | Rake $0
Seat 3: stelios39 (big blind) folded before Flop
Seat 4: carmello774 (button) (small blind) collected ($6)


PokerStars Hand #146492007293:  Hold'em Limit ($3/$6 USD) - 2016/01/05 1:26:56 ET
Table 'Alfaterna' 6-max Seat #3 is the button
Seat 3: stelios39 ($125.65 in chips)
Seat 4: carmello774 ($263.22 in chips)
stelios39: posts small blind $1
carmello774: posts big blind $3
*** HOLE CARDS ***
stelios39: raises $3 to $6
carmello774: raises $3 to $9
stelios39: calls $3
*** FLOP *** [4d As 5d]
carmello774: bets $3
stelios39: calls $3
*** TURN *** [4d As 5d] [8c]
carmello774: bets $6
stelios39: calls $6
*** RIVER *** [4d As 5d 8c] [4s]
carmello774: bets $6
stelios39: calls $6
*** SHOW DOWN ***
carmello774: shows [8s 6s] (two pair, Eights and Fours)
stelios39: mucks hand
carmello774 collected $47.50 from pot
*** SUMMARY ***
Total pot $48 | Rake $0.50
Board [4d As 5d 8c 4s]
Seat 3: stelios39 (button) (small blind) mucked
Seat 4: carmello774 (big blind) showed [8s 6s] and won ($47.50) with two pair, Eights and Fours


PokerStars Hand #146492004425:  Hold'em Limit ($3/$6 USD) - 2016/01/05 1:26:46 ET
Table 'Alfaterna' 6-max Seat #4 is the button
Seat 3: stelios39 ($119.89 in chips)
Seat 4: carmello774 ($269.22 in chips)
carmello774: posts small blind $1
stelios39: posts big blind $3
*** HOLE CARDS ***
carmello774: raises $3 to $6
stelios39: calls $3
*** FLOP *** [4s 2c Qs]
stelios39: bets $3
carmello774: folds
Uncalled bet ($3) returned to stelios39
stelios39 collected $11.76 from pot
stelios39: doesn't show hand
*** SUMMARY ***
Total pot $12 | Rake $0.24
Board [4s 2c Qs]
Seat 3: stelios39 (big blind) collected ($11.76)
Seat 4: carmello774 (button) (small blind) folded on the Flop


PokerStars Hand #146492001287:  Hold'em Limit ($3/$6 USD) - 2016/01/05 1:26:35 ET
Table 'Alfaterna' 6-max Seat #3 is the button
Seat 3: stelios39 ($128.89 in chips)
Seat 4: carmello774 ($260.58 in chips)
stelios39: posts small blind $1
carmello774: posts big blind $3
*** HOLE CARDS ***
stelios39: raises $3 to $6
carmello774: raises $3 to $9
stelios39: calls $3
*** FLOP *** [3c Kh Jh]
carmello774: bets $3
stelios39: folds
Uncalled bet ($3) returned to carmello774
carmello774 collected $17.64 from pot
carmello774: doesn't show hand
*** SUMMARY ***
Total pot $18 | Rake $0.36
Board [3c Kh Jh]
Seat 3: stelios39 (button) (small blind) folded on the Flop
Seat 4: carmello774 (big blind) collected ($17.64)


PokerStars Hand #146491998139:  Hold'em Limit ($3/$6 USD) - 2016/01/05 1:26:24 ET
Table 'Alfaterna' 6-max Seat #4 is the button
Seat 3: stelios39 ($137.89 in chips)
Seat 4: carmello774 ($251.94 in chips)
carmello774: posts small blind $1
stelios39: posts big blind $3
*** HOLE CARDS ***
carmello774: raises $3 to $6
stelios39: calls $3
*** FLOP *** [3h Jc Ah]
stelios39: bets $3
carmello774: raises $3 to $6
stelios39: folds
Uncalled bet ($3) returned to carmello774
carmello774 collected $17.64 from pot
carmello774: doesn't show hand
*** SUMMARY ***
Total pot $18 | Rake $0.36
Board [3h Jc Ah]
Seat 3: stelios39 (big blind) folded on the Flop
Seat 4: carmello774 (button) (small blind) collected ($17.64)


PokerStars Hand #146492027767:  Hold'em Limit ($3/$6 USD) - 2016/01/05 1:28:07 ET
Table 'Alfaterna' 6-max Seat #4 is the button
Seat 3: stelios39 ($55.28 in chips)
Seat 4: carmello774 ($336.36 in chips)
carmello774: posts small blind $1
stelios39: posts big blind $3
*** HOLE CARDS ***
carmello774: raises $3 to $6
stelios39: calls $3
*** FLOP *** [4d Ts 2c]
stelios39: bets $3
carmello774: calls $3
*** TURN *** [4d Ts 2c] [Kh]
stelios39: bets $6
carmello774: raises $6 to $12
stelios39: folds
Uncalled bet ($6) returned to carmello774
carmello774 collected $29.50 from pot
carmello774: doesn't show hand
*** SUMMARY ***
Total pot $30 | Rake $0.50
Board [4d Ts 2c Kh]
Seat 3: stelios39 (big blind) folded on the Turn
Seat 4: carmello774 (button) (small blind) collected ($29.50)


PokerStars Hand #146492024562:  Hold'em Limit ($3/$6 USD) - 2016/01/05 1:27:56 ET
Table 'Alfaterna' 6-max Seat #3 is the button
Seat 3: stelios39 ($64.28 in chips)
Seat 4: carmello774 ($327.72 in chips)
stelios39: posts small blind $1
carmello774: posts big blind $3
*** HOLE CARDS ***
stelios39: raises $3 to $6
carmello774: raises $3 to $9
stelios39: calls $3
*** FLOP *** [Qc Jc Tc]
carmello774: bets $3
stelios39: folds
Uncalled bet ($3) returned to carmello774
carmello774 collected $17.64 from pot
carmello774: doesn't show hand
*** SUMMARY ***
Total pot $18 | Rake $0.36
Board [Qc Jc Tc]
Seat 3: stelios39 (button) (small blind) folded on the Flop
Seat 4: carmello774 (big blind) collected ($17.64)


PokerStars Hand #146492018379:  Hold'em Limit ($3/$6 USD) - 2016/01/05 1:27:35 ET
Table 'Alfaterna' 6-max Seat #4 is the button
Seat 3: stelios39 ($88.28 in chips)
Seat 4: carmello774 ($304.22 in chips)
carmello774: posts small blind $1
stelios39: posts big blind $3
*** HOLE CARDS ***
carmello774: raises $3 to $6
stelios39: calls $3
*** FLOP *** [8h 8d Jc]
stelios39: bets $3
carmello774: raises $3 to $6
stelios39: raises $3 to $9
carmello774: raises $3 to $12
Betting is capped
stelios39: calls $3
*** TURN *** [8h 8d Jc] [Jh]
stelios39: checks
carmello774: checks
*** RIVER *** [8h 8d Jc Jh] [4s]
stelios39: checks
carmello774: bets $6
stelios39: calls $6
*** SHOW DOWN ***
carmello774: shows [Kh Ad] (two pair, Jacks and Eights)
stelios39: mucks hand
carmello774 collected $47.50 from pot
*** SUMMARY ***
Total pot $48 | Rake $0.50
Board [8h 8d Jc Jh 4s]
Seat 3: stelios39 (big blind) mucked
Seat 4: carmello774 (button) (small blind) showed [Kh Ad] and won ($47.50) with two pair, Jacks and Eights


PokerStars Hand #146492013347:  Hold'em Limit ($3/$6 USD) - 2016/01/05 1:27:17 ET
Table 'Alfaterna' 6-max Seat #3 is the button
Seat 3: stelios39 ($98.65 in chips)
Seat 4: carmello774 ($289.72 in chips)
stelios39: posts small blind $1
carmello774: posts big blind $3
*** HOLE CARDS ***
stelios39: raises $3 to $6
carmello774: calls $3
*** FLOP *** [2s 2h 5d]
carmello774: checks
stelios39: bets $3
carmello774: calls $3
*** TURN *** [2s 2h 5d] [Ad]
carmello774: checks
stelios39: bets $6
carmello774: raises $6 to $12
stelios39: folds
Uncalled bet ($6) returned to carmello774
carmello774 collected $29.50 from pot
carmello774: doesn't show hand
*** SUMMARY ***
Total pot $30 | Rake $0.50
Board [2s 2h 5d Ad]
Seat 3: stelios39 (button) (small blind) folded on the Turn
Seat 4: carmello774 (big blind) collected ($29.50)


PokerStars Hand #146492031706:  Hold'em Limit ($3/$6 USD) - 2016/01/05 1:28:21 ET
Table 'Alfaterna' 6-max Seat #3 is the button
Seat 3: stelios39 ($40.28 in chips)
Seat 4: carmello774 ($350.86 in chips)
stelios39: posts small blind $1
carmello774: posts big blind $3
*** HOLE CARDS ***
stelios39: folds
Uncalled bet ($2) returned to carmello774
carmello774 collected $2 from pot
carmello774: doesn't show hand
*** SUMMARY ***
Total pot $2 | Rake $0
Seat 3: stelios39 (button) (small blind) folded before Flop
Seat 4: carmello774 (big blind) collected ($2)


PokerStars Hand #146492041030:  Hold'em Limit ($3/$6 USD) - 2016/01/05 1:28:54 ET
Table 'Alfaterna' 6-max Seat #4 is the button
Seat 3: stelios39 ($141.14 in chips)
Seat 4: carmello774 ($348.86 in chips)
carmello774: posts small blind $1
stelios39: posts big blind $3
*** HOLE CARDS ***
carmello774: raises $3 to $6
stelios39: calls $3
*** FLOP *** [Jd 9h 7s]
stelios39: bets $3
carmello774: raises $3 to $6
stelios39: calls $3
*** TURN *** [Jd 9h 7s] [Jc]
stelios39: checks
carmello774: checks
*** RIVER *** [Jd 9h 7s Jc] [Js]
stelios39: checks
carmello774: bets $6
stelios39: calls $6
*** SHOW DOWN ***
carmello774: shows [5s 8c] (three of a kind, Jacks)
stelios39: shows [5c Ad] (three of a kind, Jacks - Ace kicker)
stelios39 collected $35.50 from pot
*** SUMMARY ***
Total pot $36 | Rake $0.50
Board [Jd 9h 7s Jc Js]
Seat 3: stelios39 (big blind) showed [5c Ad] and won ($35.50) with three of a kind, Jacks
Seat 4: carmello774 (button) (small blind) showed [5s 8c] and lost with three of a kind, Jacks


PokerStars Hand #146492038276:  Hold'em Limit ($3/$6 USD) - 2016/01/05 1:28:44 ET
Table 'Alfaterna' 6-max Seat #3 is the button
Seat 3: stelios39 ($135.38 in chips)
Seat 4: carmello774 ($354.86 in chips)
stelios39: posts small blind $1
carmello774: posts big blind $3
*** HOLE CARDS ***
stelios39: raises $3 to $6
carmello774: calls $3
*** FLOP *** [2h 9s 4h]
carmello774: checks
stelios39: bets $3
carmello774: folds
Uncalled bet ($3) returned to stelios39
stelios39 collected $11.76 from pot
stelios39: doesn't show hand
*** SUMMARY ***
Total pot $12 | Rake $0.24
Board [2h 9s 4h]
Seat 3: stelios39 (button) (small blind) collected ($11.76)
Seat 4: carmello774 (big blind) folded on the Flop


PokerStars Hand #146492033271:  Hold'em Limit ($3/$6 USD) - 2016/01/05 1:28:26 ET
Table 'Alfaterna' 6-max Seat #4 is the button
Seat 3: stelios39 ($39.28 in chips)
Seat 4: carmello774 ($351.86 in chips)
carmello774: posts small blind $1
stelios39: posts big blind $3
*** HOLE CARDS ***
carmello774: raises $3 to $6
stelios39: folds
Uncalled bet ($3) returned to carmello774
carmello774 collected $6 from pot
carmello774: doesn't show hand
*** SUMMARY ***
Total pot $6 | Rake $0
Seat 3: stelios39 (big blind) folded before Flop
Seat 4: carmello774 (button) (small blind) collected ($6)


PokerStars Hand #146492046342:  Hold'em Limit ($3/$6 USD) - 2016/01/05 1:29:12 ET
Table 'Alfaterna' 6-max Seat #3 is the button
Seat 3: stelios39 ($158.64 in chips)
Seat 4: carmello774 ($330.86 in chips)
stelios39: posts small blind $1
carmello774: posts big blind $3
*** HOLE CARDS ***
stelios39: calls $2
carmello774: checks
*** FLOP *** [Js As 2s]
carmello774: checks
stelios39: bets $3
carmello774: folds
Uncalled bet ($3) returned to stelios39
stelios39 collected $5.88 from pot
stelios39: doesn't show hand
*** SUMMARY ***
Total pot $6 | Rake $0.12
Board [Js As 2s]
Seat 3: stelios39 (button) (small blind) collected ($5.88)
Seat 4: carmello774 (big blind) folded on the Flop


PokerStars Hand #146492055756:  Hold'em Limit ($3/$6 USD) - 2016/01/05 1:29:45 ET
Table 'Alfaterna' 6-max Seat #4 is the button
Seat 3: stelios39 ($175.02 in chips)
Seat 4: carmello774 ($313.86 in chips)
carmello774: posts small blind $1
stelios39: posts big blind $3
*** HOLE CARDS ***
carmello774: raises $3 to $6
stelios39: calls $3
*** FLOP *** [Qc 3d 8h]
stelios39: checks
carmello774: bets $3
stelios39: calls $3
*** TURN *** [Qc 3d 8h] [3h]
stelios39: checks
carmello774: bets $6
stelios39: raises $6 to $12
carmello774: calls $6
*** RIVER *** [Qc 3d 8h 3h] [9c]
stelios39: bets $6
carmello774: raises $6 to $12
stelios39: calls $6
*** SHOW DOWN ***
carmello774: shows [As Qd] (two pair, Queens and Threes)
stelios39: mucks hand
carmello774 collected $65.50 from pot
*** SUMMARY ***
Total pot $66 | Rake $0.50
Board [Qc 3d 8h 3h 9c]
Seat 3: stelios39 (big blind) mucked
Seat 4: carmello774 (button) (small blind) showed [As Qd] and won ($65.50) with two pair, Queens and Threes


PokerStars Hand #146492054378:  Hold'em Limit ($3/$6 USD) - 2016/01/05 1:29:40 ET
Table 'Alfaterna' 6-max Seat #3 is the button
Seat 3: stelios39 ($176.02 in chips)
Seat 4: carmello774 ($312.86 in chips)
stelios39: posts small blind $1
carmello774: posts big blind $3
*** HOLE CARDS ***
stelios39: folds
Uncalled bet ($2) returned to carmello774
carmello774 collected $2 from pot
carmello774: doesn't show hand
*** SUMMARY ***
Total pot $2 | Rake $0
Seat 3: stelios39 (button) (small blind) folded before Flop
Seat 4: carmello774 (big blind) collected ($2)


PokerStars Hand #146492049424:  Hold'em Limit ($3/$6 USD) - 2016/01/05 1:29:23 ET
Table 'Alfaterna' 6-max Seat #4 is the button
Seat 3: stelios39 ($161.52 in chips)
Seat 4: carmello774 ($327.86 in chips)
carmello774: posts small blind $1
stelios39: posts big blind $3
*** HOLE CARDS ***
carmello774: raises $3 to $6
stelios39: calls $3
*** FLOP *** [6s 5h Kd]
stelios39: checks
carmello774: bets $3
stelios39: calls $3
*** TURN *** [6s 5h Kd] [3s]
stelios39: checks
carmello774: bets $6
stelios39: calls $6
*** RIVER *** [6s 5h Kd 3s] [4c]
stelios39: checks
carmello774: checks
*** SHOW DOWN ***
stelios39: shows [5s 4h] (two pair, Fives and Fours)
carmello774: mucks hand
stelios39 collected $29.50 from pot
*** SUMMARY ***
Total pot $30 | Rake $0.50
Board [6s 5h Kd 3s 4c]
Seat 3: stelios39 (big blind) showed [5s 4h] and won ($29.50) with two pair, Fives and Fours
Seat 4: carmello774 (button) (small blind) mucked


PokerStars Hand #146492061195:  Hold'em Limit ($3/$6 USD) - 2016/01/05 1:30:03 ET
Table 'Alfaterna' 6-max Seat #3 is the button
Seat 3: stelios39 ($142.02 in chips)
Seat 4: carmello774 ($346.36 in chips)
stelios39: posts small blind $1
carmello774: posts big blind $3
*** HOLE CARDS ***
stelios39: raises $3 to $6
carmello774: raises $3 to $9
stelios39: calls $3
*** FLOP *** [7d 3c Ah]
carmello774: bets $3
stelios39: calls $3
*** TURN *** [7d 3c Ah] [5d]
carmello774: bets $6
stelios39: folds
Uncalled bet ($6) returned to carmello774
carmello774 collected $23.52 from pot
carmello774: doesn't show hand
*** SUMMARY ***
Total pot $24 | Rake $0.48
Board [7d 3c Ah 5d]
Seat 3: stelios39 (button) (small blind) folded on the Turn
Seat 4: carmello774 (big blind) collected ($23.52)


PokerStars Hand #146492075204:  Hold'em Limit ($3/$6 USD) - 2016/01/05 1:30:52 ET
Table 'Alfaterna' 6-max Seat #3 is the button
Seat 3: stelios39 ($141.52 in chips)
Seat 4: carmello774 ($345.52 in chips)
stelios39: posts small blind $1
carmello774: posts big blind $3
*** HOLE CARDS ***
stelios39: raises $3 to $6
carmello774: raises $3 to $9
stelios39: calls $3
*** FLOP *** [9s Td Th]
carmello774: bets $3
stelios39: calls $3
*** TURN *** [9s Td Th] [2s]
carmello774: bets $6
stelios39: raises $6 to $12
carmello774: calls $6
*** RIVER *** [9s Td Th 2s] [8s]
carmello774: checks
stelios39: bets $6
carmello774: calls $6
*** SHOW DOWN ***
stelios39: shows [8d Ts] (a full house, Tens full of Eights)
carmello774: mucks hand
stelios39 collected $59.50 from pot
*** SUMMARY ***
Total pot $60 | Rake $0.50
Board [9s Td Th 2s 8s]
Seat 3: stelios39 (button) (small blind) showed [8d Ts] and won ($59.50) with a full house, Tens full of Eights
Seat 4: carmello774 (big blind) mucked


PokerStars Hand #146492073702:  Hold'em Limit ($3/$6 USD) - 2016/01/05 1:30:46 ET
Table 'Alfaterna' 6-max Seat #4 is the button
Seat 3: stelios39 ($144.52 in chips)
Seat 4: carmello774 ($342.52 in chips)
carmello774: posts small blind $1
stelios39: posts big blind $3
*** HOLE CARDS ***
carmello774: raises $3 to $6
stelios39: folds
Uncalled bet ($3) returned to carmello774
carmello774 collected $6 from pot
carmello774: doesn't show hand
*** SUMMARY ***
Total pot $6 | Rake $0
Seat 3: stelios39 (big blind) folded before Flop
Seat 4: carmello774 (button) (small blind) collected ($6)


PokerStars Hand #146492068486:  Hold'em Limit ($3/$6 USD) - 2016/01/05 1:30:28 ET
Table 'Alfaterna' 6-max Seat #3 is the button
Seat 3: stelios39 ($121.02 in chips)
Seat 4: carmello774 ($366.52 in chips)
stelios39: posts small blind $1
carmello774: posts big blind $3
*** HOLE CARDS ***
stelios39: raises $3 to $6
carmello774: raises $3 to $9
stelios39: calls $3
*** FLOP *** [8d 7d 4h]
carmello774: bets $3
stelios39: calls $3
*** TURN *** [8d 7d 4h] [8c]
carmello774: checks
stelios39: bets $6
carmello774: calls $6
*** RIVER *** [8d 7d 4h 8c] [2d]
carmello774: checks
stelios39: bets $6
carmello774: calls $6
*** SHOW DOWN ***
stelios39: shows [8s Qs] (three of a kind, Eights)
carmello774: mucks hand
stelios39 collected $47.50 from pot
*** SUMMARY ***
Total pot $48 | Rake $0.50
Board [8d 7d 4h 8c 2d]
Seat 3: stelios39 (button) (small blind) showed [8s Qs] and won ($47.50) with three of a kind, Eights
Seat 4: carmello774 (big blind) mucked


PokerStars Hand #146492065149:  Hold'em Limit ($3/$6 USD) - 2016/01/05 1:30:17 ET
Table 'Alfaterna' 6-max Seat #4 is the button
Seat 3: stelios39 ($130.02 in chips)
Seat 4: carmello774 ($357.88 in chips)
carmello774: posts small blind $1
stelios39: posts big blind $3
*** HOLE CARDS ***
carmello774: raises $3 to $6
stelios39: calls $3
*** FLOP *** [7c Ad 8h]
stelios39: bets $3
carmello774: raises $3 to $6
stelios39: folds
Uncalled bet ($3) returned to carmello774
carmello774 collected $17.64 from pot
carmello774: doesn't show hand
*** SUMMARY ***
Total pot $18 | Rake $0.36
Board [7c Ad 8h]
Seat 3: stelios39 (big blind) folded on the Flop
Seat 4: carmello774 (button) (small blind) collected ($17.64)


