PokerStars Hand #157216339697:  Hold'em Limit ($3/$6 USD) - 2016/08/13 6:11:40 ET
Table 'Alfaterna II' 10-max Seat #1 is the button
Seat 1: Ag3r0n ($72 in chips)
Seat 2: batman-K8 ($253.73 in chips)
Ag3r0n: posts small blind $1
batman-K8: posts big blind $3
*** HOLE CARDS ***
Ag3r0n: raises $3 to $6
batman-K8: calls $3
*** FLOP *** [Js 2c 3h]
batman-K8: bets $3
Ag3r0n: folds
Uncalled bet ($3) returned to batman-K8
batman-K8 collected $11.76 from pot
*** SUMMARY ***
Total pot $12 | Rake $0.24
Board [Js 2c 3h]
Seat 1: Ag3r0n (button) (small blind) folded on the Flop
Seat 2: batman-K8 (big blind) collected ($11.76)


PokerStars Hand #157216333297:  Hold'em Limit ($3/$6 USD) - 2016/08/13 6:11:23 ET
Table 'Alfaterna II' 10-max Seat #1 is the button
Seat 1: Ag3r0n ($72 in chips)
Seat 2: batman-K8 ($246.97 in chips)
Ag3r0n: posts small blind $1
batman-K8: posts big blind $3
*** HOLE CARDS ***
Ag3r0n: folds
Uncalled bet ($2) returned to batman-K8
batman-K8 collected $2 from pot
*** SUMMARY ***
Total pot $2 | Rake $0
Seat 1: Ag3r0n (button) (small blind) folded before Flop
Seat 2: batman-K8 (big blind) collected ($2)


PokerStars Hand #157216335474:  Hold'em Limit ($3/$6 USD) - 2016/08/13 6:11:29 ET
Table 'Alfaterna II' 10-max Seat #2 is the button
Seat 1: Ag3r0n ($72 in chips)
Seat 2: batman-K8 ($247.97 in chips)
batman-K8: posts small blind $1
Murrrr_@T joins the table at seat #3
Ag3r0n: posts big blind $3
*** HOLE CARDS ***
batman-K8: raises $3 to $6
Ag3r0n: calls $3
*** FLOP *** [Kh 3d 2d]
Ag3r0n: checks
batman-K8: bets $3
Ag3r0n: folds
Uncalled bet ($3) returned to batman-K8
batman-K8 collected $11.76 from pot
*** SUMMARY ***
Total pot $12 | Rake $0.24
Board [Kh 3d 2d]
Seat 1: Ag3r0n (big blind) folded on the Flop
Seat 2: batman-K8 (button) (small blind) collected ($11.76)


PokerStars Hand #157216613958:  Hold'em Limit ($3/$6 USD) - 2016/08/13 6:23:34 ET
Table 'Alfaterna II' 10-max Seat #1 is the button
Seat 1: Ag3r0n ($118.36 in chips)
Seat 4: Pelurile ($89.90 in chips)
Ag3r0n: posts small blind $1
Murrrr_@T: is sitting out
Pelurile: posts big blind $3
*** HOLE CARDS ***
Murrrr_@T leaves the table
Ag3r0n: raises $3 to $6
Pelurile: calls $3
*** FLOP *** [Qh Kh 3c]
Pelurile: checks
Ag3r0n: bets $3
Pelurile: folds
Uncalled bet ($3) returned to Ag3r0n
Ag3r0n collected $11.76 from pot
*** SUMMARY ***
Total pot $12 | Rake $0.24
Board [Qh Kh 3c]
Seat 1: Ag3r0n (button) (small blind) collected ($11.76)
Seat 4: Pelurile (big blind) folded on the Flop


