PokerStars Hand #151108227871:  Hold'em Limit ($3/$6 USD) - 2016/03/29 7:24:52 ET
Table 'Alfirk' 10-max Seat #6 is the button
Seat 1: Caxa922 ($29 in chips)
Seat 6: Agrotait ($73 in chips)
Agrotait: posts small blind $1
Caxa922: posts big blind $3
*** HOLE CARDS ***
Agrotait: raises $3 to $6
Caxa922: calls $3
*** FLOP *** [2s Jd 6d]
Caxa922: checks
Agrotait: bets $3
Caxa922: calls $3
*** TURN *** [2s Jd 6d] [6h]
Caxa922: checks
Agrotait: checks
*** RIVER *** [2s Jd 6d 6h] [7s]
Caxa922: checks
Agrotait: checks
*** SHOW DOWN ***
Caxa922: shows [9s 5d] (a pair of Sixes)
Agrotait: shows [5s Ah] (a pair of Sixes - Ace kicker)
Agrotait collected $17.64 from pot
*** SUMMARY ***
Total pot $18 | Rake $0.36
Board [2s Jd 6d 6h 7s]
Seat 1: Caxa922 (big blind) showed [9s 5d] and lost with a pair of Sixes
Seat 6: Agrotait (button) (small blind) showed [5s Ah] and won ($17.64) with a pair of Sixes


PokerStars Hand #151108272797:  Hold'em Limit ($3/$6 USD) - 2016/03/29 7:26:20 ET
Table 'Alfirk' 10-max Seat #1 is the button
Seat 1: Caxa922 ($11 in chips)
Seat 6: Agrotait ($90.40 in chips)
Caxa922: posts small blind $1
Agrotait: posts big blind $3
*** HOLE CARDS ***
Caxa922: raises $3 to $6
Agrotait: calls $3
*** FLOP *** [9c Ks 6c]
Agrotait: checks
Caxa922: bets $3
Agrotait: folds
Uncalled bet ($3) returned to Caxa922
Caxa922 collected $11.76 from pot
Caxa922: doesn't show hand
*** SUMMARY ***
Total pot $12 | Rake $0.24
Board [9c Ks 6c]
Seat 1: Caxa922 (button) (small blind) collected ($11.76)
Seat 6: Agrotait (big blind) folded on the Flop


PokerStars Hand #151108256075:  Hold'em Limit ($3/$6 USD) - 2016/03/29 7:25:47 ET
Table 'Alfirk' 10-max Seat #1 is the button
Seat 1: Caxa922 ($20 in chips)
Seat 6: Agrotait ($81.64 in chips)
Caxa922: posts small blind $1
Agrotait: posts big blind $3
*** HOLE CARDS ***
Caxa922: calls $2
Agrotait: raises $3 to $6
Caxa922: calls $3
*** FLOP *** [Ks Ts Ah]
Agrotait: bets $3
Caxa922: folds
Uncalled bet ($3) returned to Agrotait
Agrotait collected $11.76 from pot
Agrotait: doesn't show hand
*** SUMMARY ***
Total pot $12 | Rake $0.24
Board [Ks Ts Ah]
Seat 1: Caxa922 (button) (small blind) folded on the Flop
Seat 6: Agrotait (big blind) collected ($11.76)


PokerStars Hand #151108268345:  Hold'em Limit ($3/$6 USD) - 2016/03/29 7:26:11 ET
Table 'Alfirk' 10-max Seat #6 is the button
Seat 1: Caxa922 ($14 in chips)
Seat 6: Agrotait ($87.40 in chips)
Agrotait: posts small blind $1
Caxa922: posts big blind $3
*** HOLE CARDS ***
Agrotait: raises $3 to $6
Caxa922: folds
Uncalled bet ($3) returned to Agrotait
Agrotait collected $6 from pot
Agrotait: doesn't show hand
*** SUMMARY ***
Total pot $6 | Rake $0
Seat 1: Caxa922 (big blind) folded before Flop
Seat 6: Agrotait (button) (small blind) collected ($6)


PokerStars Hand #151108290195:  Hold'em Limit ($3/$6 USD) - 2016/03/29 7:26:55 ET
Table 'Alfirk' 10-max Seat #6 is the button
Seat 1: Caxa922 ($16.76 in chips)
Seat 6: Agrotait ($84.40 in chips)
Agrotait: posts small blind $1
Caxa922: posts big blind $3
*** HOLE CARDS ***
Agrotait: raises $3 to $6
Caxa922: raises $3 to $9
Agrotait: calls $3
*** FLOP *** [Td 7c 9s]
Caxa922: bets $3
Agrotait: calls $3
*** TURN *** [Td 7c 9s] [As]
Caxa922: bets $4.76 and is all-in
Agrotait: calls $4.76
*** RIVER *** [Td 7c 9s As] [4h]
*** SHOW DOWN ***
Caxa922: shows [8h Ah] (a pair of Aces)
Agrotait: shows [7s Jd] (a pair of Sevens)
Caxa922 collected $33.02 from pot
*** SUMMARY ***
Total pot $33.52 | Rake $0.50
Board [Td 7c 9s As 4h]
Seat 1: Caxa922 (big blind) showed [8h Ah] and won ($33.02) with a pair of Aces
Seat 6: Agrotait (button) (small blind) showed [7s Jd] and lost with a pair of Sevens


PokerStars Hand #151108317521:  Hold'em Limit ($3/$6 USD) - 2016/03/29 7:27:48 ET
Table 'Alfirk' 10-max Seat #6 is the button
Seat 1: Caxa922 ($44.54 in chips)
Seat 6: Agrotait ($72 in chips)
Agrotait: posts small blind $1
Caxa922: posts big blind $3
*** HOLE CARDS ***
Agrotait: folds
Uncalled bet ($2) returned to Caxa922
Caxa922 collected $2 from pot
Caxa922: doesn't show hand
*** SUMMARY ***
Total pot $2 | Rake $0
Seat 1: Caxa922 (big blind) collected ($2)
Seat 6: Agrotait (button) (small blind) folded before Flop


PokerStars Hand #151108305547:  Hold'em Limit ($3/$6 USD) - 2016/03/29 7:27:25 ET
Table 'Alfirk' 10-max Seat #1 is the button
Seat 1: Caxa922 ($33.02 in chips)
Seat 6: Agrotait ($67.64 in chips)
Caxa922: posts small blind $1
Agrotait: posts big blind $3
*** HOLE CARDS ***
Caxa922: raises $3 to $6
Agrotait: raises $3 to $9
Caxa922: calls $3
*** FLOP *** [6c 2c Kh]
Agrotait: bets $3
Caxa922: calls $3
*** TURN *** [6c 2c Kh] [6h]
Agrotait: checks
Caxa922: checks
*** RIVER *** [6c 2c Kh 6h] [8d]
Agrotait: checks
Caxa922: bets $6
Agrotait: folds
Uncalled bet ($6) returned to Caxa922
Caxa922 collected $23.52 from pot
Caxa922: doesn't show hand
*** SUMMARY ***
Total pot $24 | Rake $0.48
Board [6c 2c Kh 6h 8d]
Seat 1: Caxa922 (button) (small blind) collected ($23.52)
Seat 6: Agrotait (big blind) folded on the River


PokerStars Hand #151108322943:  Hold'em Limit ($3/$6 USD) - 2016/03/29 7:27:59 ET
Table 'Alfirk' 10-max Seat #1 is the button
Seat 1: Caxa922 ($45.54 in chips)
Seat 6: Agrotait ($71 in chips)
Caxa922: posts small blind $1
Agrotait: posts big blind $3
*** HOLE CARDS ***
Caxa922: folds
Uncalled bet ($2) returned to Agrotait
Agrotait collected $2 from pot
Agrotait: doesn't show hand
*** SUMMARY ***
Total pot $2 | Rake $0
Seat 1: Caxa922 (button) (small blind) folded before Flop
Seat 6: Agrotait (big blind) collected ($2)


PokerStars Hand #151108325721:  Hold'em Limit ($3/$6 USD) - 2016/03/29 7:28:04 ET
Table 'Alfirk' 10-max Seat #6 is the button
Seat 1: Caxa922 ($44.54 in chips)
Seat 6: Agrotait ($72 in chips)
Agrotait: posts small blind $1
Caxa922: posts big blind $3
*** HOLE CARDS ***
Agrotait: raises $3 to $6
Caxa922: calls $3
*** FLOP *** [Js 6d 7s]
Caxa922: checks
Agrotait: bets $3
Caxa922: calls $3
*** TURN *** [Js 6d 7s] [2c]
Caxa922: checks
Agrotait: checks
*** RIVER *** [Js 6d 7s 2c] [7c]
Caxa922: checks
Agrotait: bets $6
Caxa922: folds
Uncalled bet ($6) returned to Agrotait
Agrotait collected $17.64 from pot
Agrotait: doesn't show hand
*** SUMMARY ***
Total pot $18 | Rake $0.36
Board [Js 6d 7s 2c 7c]
Seat 1: Caxa922 (big blind) folded on the River
Seat 6: Agrotait (button) (small blind) collected ($17.64)


PokerStars Hand #151108356043:  Hold'em Limit ($3/$6 USD) - 2016/03/29 7:29:05 ET
Table 'Alfirk' 10-max Seat #6 is the button
Seat 1: Caxa922 ($5.54 in chips)
Seat 6: Agrotait ($110.14 in chips)
Agrotait: posts small blind $1
Caxa922: posts big blind $3
*** HOLE CARDS ***
Agrotait: folds
Uncalled bet ($2) returned to Caxa922
Caxa922 collected $2 from pot
Caxa922: doesn't show hand
*** SUMMARY ***
Total pot $2 | Rake $0
Seat 1: Caxa922 (big blind) collected ($2)
Seat 6: Agrotait (button) (small blind) folded before Flop


PokerStars Hand #151108337235:  Hold'em Limit ($3/$6 USD) - 2016/03/29 7:28:27 ET
Table 'Alfirk' 10-max Seat #1 is the button
Seat 1: Caxa922 ($35.54 in chips)
Seat 6: Agrotait ($80.64 in chips)
Caxa922: posts small blind $1
Agrotait: posts big blind $3
*** HOLE CARDS ***
Caxa922: calls $2
Agrotait: raises $3 to $6
Caxa922: calls $3
*** FLOP *** [3h 6d 5h]
Agrotait: bets $3
Caxa922: raises $3 to $6
Agrotait: raises $3 to $9
Caxa922: raises $3 to $12
Betting is capped
Agrotait: calls $3
*** TURN *** [3h 6d 5h] [9s]
Agrotait: checks
Caxa922: bets $6
Agrotait: calls $6
*** RIVER *** [3h 6d 5h 9s] [6c]
Agrotait: checks
Caxa922: bets $6
Agrotait: calls $6
*** SHOW DOWN ***
Caxa922: shows [5s 2c] (two pair, Sixes and Fives)
Agrotait: shows [7s 7d] (two pair, Sevens and Sixes)
Agrotait collected $59.50 from pot
*** SUMMARY ***
Total pot $60 | Rake $0.50
Board [3h 6d 5h 9s 6c]
Seat 1: Caxa922 (button) (small blind) showed [5s 2c] and lost with two pair, Sixes and Fives
Seat 6: Agrotait (big blind) showed [7s 7d] and won ($59.50) with two pair, Sevens and Sixes


PokerStars Hand #151108358966:  Hold'em Limit ($3/$6 USD) - 2016/03/29 7:29:11 ET
Table 'Alfirk' 10-max Seat #1 is the button
Seat 1: Caxa922 ($6.54 in chips)
Seat 6: Agrotait ($109.14 in chips)
Caxa922: posts small blind $1
Agrotait: posts big blind $3
*** HOLE CARDS ***
Caxa922: raises $3 to $6
Agrotait: folds
Uncalled bet ($3) returned to Caxa922
Caxa922 collected $6 from pot
Caxa922: doesn't show hand
*** SUMMARY ***
Total pot $6 | Rake $0
Seat 1: Caxa922 (button) (small blind) collected ($6)
Seat 6: Agrotait (big blind) folded before Flop


PokerStars Hand #151108369849:  Hold'em Limit ($3/$6 USD) - 2016/03/29 7:29:32 ET
Table 'Alfirk' 10-max Seat #1 is the button
Seat 1: Caxa922 ($18.70 in chips)
Seat 6: Agrotait ($96.60 in chips)
Caxa922: posts small blind $1
Agrotait: posts big blind $3
*** HOLE CARDS ***
Caxa922: raises $3 to $6
Agrotait: calls $3
*** FLOP *** [Jh 5s Qs]
Agrotait: checks
Caxa922: checks
*** TURN *** [Jh 5s Qs] [4s]
Agrotait: bets $6
Caxa922: raises $6 to $12
Agrotait: raises $6 to $18
Caxa922: calls $0.70 and is all-in
Uncalled bet ($5.30) returned to Agrotait
*** RIVER *** [Jh 5s Qs 4s] [5d]
*** SHOW DOWN ***
Agrotait: shows [Js 7h] (two pair, Jacks and Fives)
Caxa922: shows [4c Tc] (two pair, Fives and Fours)
Agrotait collected $36.90 from pot
*** SUMMARY ***
Total pot $37.40 | Rake $0.50
Board [Jh 5s Qs 4s 5d]
Seat 1: Caxa922 (button) (small blind) showed [4c Tc] and lost with two pair, Fives and Fours
Seat 6: Agrotait (big blind) showed [Js 7h] and won ($36.90) with two pair, Jacks and Fives


PokerStars Hand #151108362482:  Hold'em Limit ($3/$6 USD) - 2016/03/29 7:29:18 ET
Table 'Alfirk' 10-max Seat #6 is the button
Seat 1: Caxa922 ($9.54 in chips)
Seat 6: Agrotait ($106.14 in chips)
Agrotait: posts small blind $1
Caxa922: posts big blind $3
*** HOLE CARDS ***
Agrotait: raises $3 to $6
Caxa922: raises $3 to $9
Agrotait: calls $3
*** FLOP *** [6c 7h Qs]
Caxa922: bets $0.54 and is all-in
Agrotait: calls $0.54
*** TURN *** [6c 7h Qs] [8c]
*** RIVER *** [6c 7h Qs 8c] [2h]
*** SHOW DOWN ***
Caxa922: shows [Qc 8s] (two pair, Queens and Eights)
Agrotait: shows [9s 6d] (a pair of Sixes)
Caxa922 collected $18.70 from pot
*** SUMMARY ***
Total pot $19.08 | Rake $0.38
Board [6c 7h Qs 8c 2h]
Seat 1: Caxa922 (big blind) showed [Qc 8s] and won ($18.70) with two pair, Queens and Eights
Seat 6: Agrotait (button) (small blind) showed [9s 6d] and lost with a pair of Sixes


PokerStars Hand #151108390159:  Hold'em Limit ($3/$6 USD) - 2016/03/29 7:30:12 ET
Table 'Alfirk' 10-max Seat #6 is the button
Seat 1: Caxa922 ($54 in chips)
Seat 6: Agrotait ($114.80 in chips)
Agrotait: posts small blind $1
Caxa922: posts big blind $3
*** HOLE CARDS ***
Agrotait: folds
Uncalled bet ($2) returned to Caxa922
Caxa922 collected $2 from pot
Caxa922: doesn't show hand
*** SUMMARY ***
Total pot $2 | Rake $0
Seat 1: Caxa922 (big blind) collected ($2)
Seat 6: Agrotait (button) (small blind) folded before Flop


PokerStars Hand #151108410550:  Hold'em Limit ($3/$6 USD) - 2016/03/29 7:30:53 ET
Table 'Alfirk' 10-max Seat #6 is the button
Seat 1: Caxa922 ($81.50 in chips)
Seat 6: Agrotait ($86.80 in chips)
Agrotait: posts small blind $1
Caxa922: posts big blind $3
*** HOLE CARDS ***
Agrotait: folds
Uncalled bet ($2) returned to Caxa922
Caxa922 collected $2 from pot
Caxa922: doesn't show hand
*** SUMMARY ***
Total pot $2 | Rake $0
Seat 1: Caxa922 (big blind) collected ($2)
Seat 6: Agrotait (button) (small blind) folded before Flop


PokerStars Hand #151108394664:  Hold'em Limit ($3/$6 USD) - 2016/03/29 7:30:22 ET
Table 'Alfirk' 10-max Seat #1 is the button
Seat 1: Caxa922 ($55 in chips)
Seat 6: Agrotait ($113.80 in chips)
Caxa922: posts small blind $1
Agrotait: posts big blind $3
*** HOLE CARDS ***
Caxa922: raises $3 to $6
Agrotait: calls $3
*** FLOP *** [5c 2d 8d]
Agrotait: checks
Caxa922: bets $3
Agrotait: calls $3
*** TURN *** [5c 2d 8d] [9h]
Agrotait: bets $6
Caxa922: calls $6
*** RIVER *** [5c 2d 8d 9h] [Jc]
Agrotait: bets $6
Caxa922: raises $6 to $12
Agrotait: calls $6
*** SHOW DOWN ***
Caxa922: shows [Ts Qs] (a straight, Eight to Queen)
Agrotait: mucks hand
Caxa922 collected $53.50 from pot
*** SUMMARY ***
Total pot $54 | Rake $0.50
Board [5c 2d 8d 9h Jc]
Seat 1: Caxa922 (button) (small blind) showed [Ts Qs] and won ($53.50) with a straight, Eight to Queen
Seat 6: Agrotait (big blind) mucked


PokerStars Hand #151108412965:  Hold'em Limit ($3/$6 USD) - 2016/03/29 7:30:58 ET
Table 'Alfirk' 10-max Seat #1 is the button
Seat 1: Caxa922 ($82.50 in chips)
Seat 6: Agrotait ($85.80 in chips)
Caxa922: posts small blind $1
Agrotait: posts big blind $3
*** HOLE CARDS ***
Caxa922: calls $2
Agrotait: raises $3 to $6
Caxa922: calls $3
*** FLOP *** [6s Td 5s]
Agrotait: bets $3
Caxa922: folds
Uncalled bet ($3) returned to Agrotait
Agrotait collected $11.76 from pot
Agrotait: doesn't show hand
*** SUMMARY ***
Total pot $12 | Rake $0.24
Board [6s Td 5s]
Seat 1: Caxa922 (button) (small blind) folded on the Flop
Seat 6: Agrotait (big blind) collected ($11.76)


PokerStars Hand #151108420030:  Hold'em Limit ($3/$6 USD) - 2016/03/29 7:31:12 ET
Table 'Alfirk' 10-max Seat #6 is the button
Seat 1: Caxa922 ($76.50 in chips)
Seat 6: Agrotait ($91.56 in chips)
Agrotait: posts small blind $1
Caxa922: posts big blind $3
*** HOLE CARDS ***
Agrotait: raises $3 to $6
Caxa922: calls $3
*** FLOP *** [7d Qh 5h]
Caxa922: checks
Agrotait: bets $3
Caxa922: calls $3
*** TURN *** [7d Qh 5h] [9h]
Caxa922: checks
Agrotait: bets $6
sskpoker joins the table at seat #2
Caxa922: calls $6
*** RIVER *** [7d Qh 5h 9h] [Td]
Caxa922: checks
Agrotait: bets $6
Caxa922: calls $6
*** SHOW DOWN ***
Agrotait: shows [Jh 3h] (a flush, Queen high)
Caxa922: mucks hand
Agrotait collected $41.50 from pot
*** SUMMARY ***
Total pot $42 | Rake $0.50
Board [7d Qh 5h 9h Td]
Seat 1: Caxa922 (big blind) mucked
Seat 6: Agrotait (button) (small blind) showed [Jh 3h] and won ($41.50) with a flush, Queen high


PokerStars Hand #151108718570:  Hold'em Limit ($3/$6 USD) - 2016/03/29 7:40:58 ET
Table 'Alfirk' 10-max Seat #2 is the button
Seat 2: sskpoker ($145.76 in chips)
Seat 3: pdsnr ($92.89 in chips)
sskpoker: posts small blind $1
pdsnr: posts big blind $3
*** HOLE CARDS ***
sskpoker: raises $3 to $6
pdsnr: folds
Uncalled bet ($3) returned to sskpoker
sskpoker collected $6 from pot
*** SUMMARY ***
Total pot $6 | Rake $0
Seat 2: sskpoker (button) (small blind) collected ($6)
Seat 3: pdsnr (big blind) folded before Flop


PokerStars Hand #151108705551:  Hold'em Limit ($3/$6 USD) - 2016/03/29 7:40:33 ET
Table 'Alfirk' 10-max Seat #3 is the button
Seat 2: sskpoker ($131.26 in chips)
Seat 3: pdsnr ($107.89 in chips)
pdsnr: posts small blind $1
Agrotait: is sitting out
sskpoker: posts big blind $3
*** HOLE CARDS ***
pdsnr: raises $3 to $6
sskpoker: calls $3
*** FLOP *** [6h 2s 5d]
sskpoker: checks
pdsnr: bets $3
sskpoker: calls $3
*** TURN *** [6h 2s 5d] [2h]
sskpoker: checks
pdsnr: bets $6
Agrotait leaves the table
sskpoker: calls $6
*** RIVER *** [6h 2s 5d 2h] [8h]
sskpoker: checks
pdsnr: checks
*** SHOW DOWN ***
sskpoker: shows [Kc 5h] (two pair, Fives and Deuces)
pdsnr: mucks hand
sskpoker collected $29.50 from pot
*** SUMMARY ***
Total pot $30 | Rake $0.50
Board [6h 2s 5d 2h 8h]
Seat 2: sskpoker (big blind) showed [Kc 5h] and won ($29.50) with two pair, Fives and Deuces
Seat 3: pdsnr (button) (small blind) mucked


PokerStars Hand #151108722664:  Hold'em Limit ($3/$6 USD) - 2016/03/29 7:41:06 ET
Table 'Alfirk' 10-max Seat #3 is the button
Seat 2: sskpoker ($148.76 in chips)
Seat 3: pdsnr ($89.89 in chips)
pdsnr: posts small blind $1
sskpoker: posts big blind $3
*** HOLE CARDS ***
pdsnr: raises $3 to $6
sskpoker: calls $3
*** FLOP *** [3s 3c 6h]
sskpoker: checks
pdsnr: bets $3
boom65 joins the table at seat #6
sskpoker: calls $3
*** TURN *** [3s 3c 6h] [6c]
sskpoker: checks
pdsnr: bets $6
sskpoker: folds
Uncalled bet ($6) returned to pdsnr
pdsnr collected $17.64 from pot
*** SUMMARY ***
Total pot $18 | Rake $0.36
Board [3s 3c 6h 6c]
Seat 2: sskpoker (big blind) folded on the Turn
Seat 3: pdsnr (button) (small blind) collected ($17.64)


PokerStars Hand #151108732510:  Hold'em Limit ($3/$6 USD) - 2016/03/29 7:41:25 ET
Table 'Alfirk' 10-max Seat #2 is the button
Seat 2: sskpoker ($139.76 in chips)
Seat 3: pdsnr ($98.53 in chips)
sskpoker: posts small blind $1
pdsnr: posts big blind $3
*** HOLE CARDS ***
sskpoker: raises $3 to $6
pdsnr: calls $3
*** FLOP *** [Td 2h 5d]
pdsnr: checks
sskpoker: bets $3
pdsnr: raises $3 to $6
sskpoker: calls $3
*** TURN *** [Td 2h 5d] [As]
pdsnr: checks
sskpoker: checks
*** RIVER *** [Td 2h 5d As] [Qs]
pdsnr: bets $6
sskpoker: calls $6
*** SHOW DOWN ***
pdsnr: shows [3c 6h] (high card Ace)
sskpoker: shows [Th 7d] (a pair of Tens)
sskpoker collected $35.50 from pot
*** SUMMARY ***
Total pot $36 | Rake $0.50
Board [Td 2h 5d As Qs]
Seat 2: sskpoker (button) (small blind) showed [Th 7d] and won ($35.50) with a pair of Tens
Seat 3: pdsnr (big blind) showed [3c 6h] and lost with high card Ace


PokerStars Hand #151108782342:  Hold'em Limit ($3/$6 USD) - 2016/03/29 7:43:02 ET
Table 'Alfirk' 10-max Seat #6 is the button
Seat 2: sskpoker ($131.26 in chips)
Seat 6: boom65 ($43 in chips)
boom65: posts small blind $1
sskpoker: posts big blind $3
*** HOLE CARDS ***
boom65: raises $3 to $6
sskpoker: folds
Uncalled bet ($3) returned to boom65
boom65 collected $6 from pot
*** SUMMARY ***
Total pot $6 | Rake $0
Seat 2: sskpoker (big blind) folded before Flop
Seat 6: boom65 (button) (small blind) collected ($6)


PokerStars Hand #151108778582:  Hold'em Limit ($3/$6 USD) - 2016/03/29 7:42:54 ET
Table 'Alfirk' 10-max Seat #2 is the button
Seat 2: sskpoker ($128.26 in chips)
Seat 6: boom65 ($46 in chips)
sskpoker: posts small blind $1
boom65: posts big blind $3
*** HOLE CARDS ***
sskpoker: raises $3 to $6
boom65: folds
Uncalled bet ($3) returned to sskpoker
sskpoker collected $6 from pot
*** SUMMARY ***
Total pot $6 | Rake $0
Seat 2: sskpoker (button) (small blind) collected ($6)
Seat 6: boom65 (big blind) folded before Flop


PokerStars Hand #151108786318:  Hold'em Limit ($3/$6 USD) - 2016/03/29 7:43:09 ET
Table 'Alfirk' 10-max Seat #2 is the button
Seat 2: sskpoker ($128.26 in chips)
Seat 6: boom65 ($46 in chips)
sskpoker: posts small blind $1
boom65: posts big blind $3
*** HOLE CARDS ***
sskpoker: folds
Uncalled bet ($2) returned to boom65
boom65 collected $2 from pot
*** SUMMARY ***
Total pot $2 | Rake $0
Seat 2: sskpoker (button) (small blind) folded before Flop
Seat 6: boom65 (big blind) collected ($2)


PokerStars Hand #151108788829:  Hold'em Limit ($3/$6 USD) - 2016/03/29 7:43:14 ET
Table 'Alfirk' 10-max Seat #6 is the button
Seat 2: sskpoker ($127.26 in chips)
Seat 6: boom65 ($47 in chips)
boom65: posts small blind $1
sskpoker: posts big blind $3
*** HOLE CARDS ***
boom65: calls $2
sskpoker: checks
*** FLOP *** [3h 7s As]
sskpoker: checks
boom65: checks
*** TURN *** [3h 7s As] [5d]
sskpoker: checks
boom65: bets $6
sskpoker: calls $6
*** RIVER *** [3h 7s As 5d] [Tc]
sskpoker: checks
boom65: bets $6
Agrotait joins the table at seat #7
sskpoker: calls $6
*** SHOW DOWN ***
boom65: shows [8h 4h] (high card Ace)
sskpoker: shows [3d Kc] (a pair of Threes)
sskpoker collected $29.50 from pot
*** SUMMARY ***
Total pot $30 | Rake $0.50
Board [3h 7s As 5d Tc]
Seat 2: sskpoker (big blind) showed [3d Kc] and won ($29.50) with a pair of Threes
Seat 6: boom65 (button) (small blind) showed [8h 4h] and lost with high card Ace


