PokerStars Hand #166070913806:  Hold'em Limit ($3/$6 USD) - 2017/02/11 20:38:33 ET
Table 'Alfirk II' 6-max Seat #4 is the button
Seat 4: 4iginark ($56.23 in chips)
Seat 6: NoVebra ($172.55 in chips)
4iginark: posts small blind $1
NoVebra: posts big blind $3
*** HOLE CARDS ***
4iginark: folds
Uncalled bet ($2) returned to NoVebra
NoVebra collected $2 from pot
NoVebra: doesn't show hand
*** SUMMARY ***
Total pot $2 | Rake $0
Seat 4: 4iginark (button) (small blind) folded before Flop
Seat 6: NoVebra (big blind) collected ($2)


PokerStars Hand #166070902815:  Hold'em Limit ($3/$6 USD) - 2017/02/11 20:38:12 ET
Table 'Alfirk II' 6-max Seat #6 is the button
Seat 4: 4iginark ($38.73 in chips)
Seat 6: NoVebra ($190.55 in chips)
NoVebra: posts small blind $1
4iginark: posts big blind $3
*** HOLE CARDS ***
NoVebra: raises $3 to $6
4iginark: raises $3 to $9
NoVebra: calls $3
*** FLOP *** [Ac Qs As]
4iginark: bets $3
NoVebra: calls $3
*** TURN *** [Ac Qs As] [Qh]
4iginark: bets $6
NoVebra: calls $6
*** RIVER *** [Ac Qs As Qh] [Jh]
4iginark: bets $6
NoVebra: folds
Uncalled bet ($6) returned to 4iginark
4iginark collected $35.50 from pot
4iginark: doesn't show hand
*** SUMMARY ***
Total pot $36 | Rake $0.50
Board [Ac Qs As Qh Jh]
Seat 4: 4iginark (big blind) collected ($35.50)
Seat 6: NoVebra (button) (small blind) folded on the River


PokerStars Hand #166070891792:  Hold'em Limit ($3/$6 USD) - 2017/02/11 20:37:52 ET
Table 'Alfirk II' 6-max Seat #4 is the button
Seat 4: 4iginark ($44.73 in chips)
Seat 6: NoVebra ($184.79 in chips)
4iginark: posts small blind $1
bubsski: is sitting out
NoVebra: posts big blind $3
*** HOLE CARDS ***
bubsski leaves the table
4iginark: calls $2
NoVebra: raises $3 to $6
4iginark: calls $3
*** FLOP *** [Qc 9c Ah]
NoVebra: bets $3
4iginark: folds
Uncalled bet ($3) returned to NoVebra
NoVebra collected $11.76 from pot
NoVebra: doesn't show hand
*** SUMMARY ***
Total pot $12 | Rake $0.24
Board [Qc 9c Ah]
Seat 4: 4iginark (button) (small blind) folded on the Flop
Seat 6: NoVebra (big blind) collected ($11.76)


PokerStars Hand #166070917313:  Hold'em Limit ($3/$6 USD) - 2017/02/11 20:38:39 ET
Table 'Alfirk II' 6-max Seat #6 is the button
Seat 4: 4iginark ($55.23 in chips)
Seat 6: NoVebra ($173.55 in chips)
NoVebra: posts small blind $1
4iginark: posts big blind $3
*** HOLE CARDS ***
NoVebra: folds
Uncalled bet ($2) returned to 4iginark
4iginark collected $2 from pot
4iginark: doesn't show hand
*** SUMMARY ***
Total pot $2 | Rake $0
Seat 4: 4iginark (big blind) collected ($2)
Seat 6: NoVebra (button) (small blind) folded before Flop


PokerStars Hand #166070920036:  Hold'em Limit ($3/$6 USD) - 2017/02/11 20:38:44 ET
Table 'Alfirk II' 6-max Seat #4 is the button
Seat 4: 4iginark ($56.23 in chips)
Seat 6: NoVebra ($172.55 in chips)
4iginark: posts small blind $1
NoVebra: posts big blind $3
*** HOLE CARDS ***
4iginark: calls $2
NoVebra: raises $3 to $6
4iginark: calls $3
*** FLOP *** [7c Jc 2c]
NoVebra: bets $3
4iginark: calls $3
*** TURN *** [7c Jc 2c] [Ah]
NoVebra: bets $6
4iginark: calls $6
*** RIVER *** [7c Jc 2c Ah] [3s]
NoVebra: bets $6
4iginark: calls $6
*** SHOW DOWN ***
NoVebra: shows [Kh Kd] (a pair of Kings)
4iginark: mucks hand
NoVebra collected $41.50 from pot
*** SUMMARY ***
Total pot $42 | Rake $0.50
Board [7c Jc 2c Ah 3s]
Seat 4: 4iginark (button) (small blind) mucked
Seat 6: NoVebra (big blind) showed [Kh Kd] and won ($41.50) with a pair of Kings


PokerStars Hand #166070932596:  Hold'em Limit ($3/$6 USD) - 2017/02/11 20:39:08 ET
Table 'Alfirk II' 6-max Seat #6 is the button
Seat 4: 4iginark ($35.23 in chips)
Seat 6: NoVebra ($193.05 in chips)
NoVebra: posts small blind $1
4iginark: posts big blind $3
*** HOLE CARDS ***
NoVebra: raises $3 to $6
4iginark: folds
Uncalled bet ($3) returned to NoVebra
Yordan34b20 joins the table at seat #5
NoVebra collected $6 from pot
NoVebra: doesn't show hand
*** SUMMARY ***
Total pot $6 | Rake $0
Seat 4: 4iginark (big blind) folded before Flop
Seat 6: NoVebra (button) (small blind) collected ($6)


PokerStars Hand #166070975575:  Hold'em Limit ($3/$6 USD) - 2017/02/11 20:40:29 ET
Table 'Alfirk II' 6-max Seat #6 is the button
Seat 4: 4iginark ($104.04 in chips)
Seat 6: NoVebra ($163.05 in chips)
NoVebra: posts small blind $1
4iginark: posts big blind $3
*** HOLE CARDS ***
NoVebra: folds
Uncalled bet ($2) returned to 4iginark
4iginark collected $2 from pot
4iginark: doesn't show hand
*** SUMMARY ***
Total pot $2 | Rake $0
Seat 4: 4iginark (big blind) collected ($2)
Seat 6: NoVebra (button) (small blind) folded before Flop


PokerStars Hand #166070978205:  Hold'em Limit ($3/$6 USD) - 2017/02/11 20:40:34 ET
Table 'Alfirk II' 6-max Seat #4 is the button
Seat 4: 4iginark ($105.04 in chips)
Seat 6: NoVebra ($162.05 in chips)
Yordan34b20 leaves the table
4iginark: posts small blind $1
NoVebra: posts big blind $3
*** HOLE CARDS ***
4iginark: calls $2
NoVebra: checks
*** FLOP *** [5h 7h Qs]
NoVebra: bets $3
4iginark: calls $3
*** TURN *** [5h 7h Qs] [Th]
NoVebra: bets $6
4iginark: folds
Uncalled bet ($6) returned to NoVebra
NoVebra collected $11.76 from pot
NoVebra: doesn't show hand
*** SUMMARY ***
Total pot $12 | Rake $0.24
Board [5h 7h Qs Th]
Seat 4: 4iginark (button) (small blind) folded on the Turn
Seat 6: NoVebra (big blind) collected ($11.76)


