PokerStars Hand #159599121437:  Hold'em Limit ($3/$6 USD) - 2016/10/07 11:29:10 ET
Table 'Alfirk II' 6-max Seat #1 is the button
Seat 1: nedo1414 ($171.66 in chips)
Seat 4: Actionni13 ($150 in chips)
nedo1414: posts small blind $1
Actionni13: posts big blind $3
*** HOLE CARDS ***
nedo1414: folds
Uncalled bet ($2) returned to Actionni13
Actionni13 collected $2 from pot
Actionni13: doesn't show hand
*** SUMMARY ***
Total pot $2 | Rake $0
Seat 1: nedo1414 (button) (small blind) folded before Flop
Seat 4: Actionni13 (big blind) collected ($2)


PokerStars Hand #159599112220:  Hold'em Limit ($3/$6 USD) - 2016/10/07 11:28:55 ET
Table 'Alfirk II' 6-max Seat #4 is the button
Seat 1: nedo1414 ($160.14 in chips)
Seat 4: Actionni13 ($151 in chips)
Actionni13: posts small blind $1
nedo1414: posts big blind $3
*** HOLE CARDS ***
Actionni13: raises $3 to $6
nedo1414: calls $3
*** FLOP *** [As 5s 3h]
nedo1414: checks
Actionni13: bets $3
nedo1414: raises $3 to $6
Actionni13: calls $3
*** TURN *** [As 5s 3h] [Qc]
nedo1414: bets $6
Actionni13: folds
Uncalled bet ($6) returned to nedo1414
nedo1414 collected $23.52 from pot
nedo1414: doesn't show hand
*** SUMMARY ***
Total pot $24 | Rake $0.48
Board [As 5s 3h Qc]
Seat 1: nedo1414 (big blind) collected ($23.52)
Seat 4: Actionni13 (button) (small blind) folded on the Turn


PokerStars Hand #159599107468:  Hold'em Limit ($3/$6 USD) - 2016/10/07 11:28:48 ET
Table 'Alfirk II' 6-max Seat #1 is the button
Seat 1: nedo1414 ($161.14 in chips)
Seat 4: Actionni13 ($150 in chips)
nedo1414: posts small blind $1
Actionni13: posts big blind $3
*** HOLE CARDS ***
nedo1414: folds
Uncalled bet ($2) returned to Actionni13
Actionni13 collected $2 from pot
Actionni13: doesn't show hand
*** SUMMARY ***
Total pot $2 | Rake $0
Seat 1: nedo1414 (button) (small blind) folded before Flop
Seat 4: Actionni13 (big blind) collected ($2)


PokerStars Hand #159599093550:  Hold'em Limit ($3/$6 USD) - 2016/10/07 11:28:26 ET
Table 'Alfirk II' 6-max Seat #4 is the button
Seat 1: nedo1414 ($128.64 in chips)
Seat 4: Actionni13 ($150 in chips)
Actionni13: posts small blind $1
nedo1414: posts big blind $3
*** HOLE CARDS ***
Actionni13: raises $3 to $6
nedo1414: calls $3
*** FLOP *** [5s 6d Kd]
nedo1414: checks
Actionni13: bets $3
nedo1414: raises $3 to $6
Actionni13: raises $3 to $9
nedo1414: calls $3
*** TURN *** [5s 6d Kd] [5d]
nedo1414: checks
Actionni13: bets $6
nedo1414: raises $6 to $12
Actionni13: calls $6
*** RIVER *** [5s 6d Kd 5d] [5h]
nedo1414: bets $6
Actionni13: calls $6
*** SHOW DOWN ***
nedo1414: shows [3d Td] (a flush, King high)
Actionni13: mucks hand
nedo1414 collected $65.50 from pot
*** SUMMARY ***
Total pot $66 | Rake $0.50
Board [5s 6d Kd 5d 5h]
Seat 1: nedo1414 (big blind) showed [3d Td] and won ($65.50) with a flush, King high
Seat 4: Actionni13 (button) (small blind) mucked


PokerStars Hand #159599080629:  Hold'em Limit ($3/$6 USD) - 2016/10/07 11:28:06 ET
Table 'Alfirk II' 6-max Seat #1 is the button
Seat 1: nedo1414 ($120 in chips)
Seat 4: Actionni13 ($150 in chips)
nedo1414: posts small blind $1
Actionni13: posts big blind $3
*** HOLE CARDS ***
nedo1414: raises $3 to $6
Actionni13: calls $3
*** FLOP *** [3s Kc 5s]
Actionni13: checks
nedo1414: bets $3
Actionni13: calls $3
*** TURN *** [3s Kc 5s] [9h]
Actionni13: checks
nedo1414: bets $6
Actionni13: folds
Uncalled bet ($6) returned to nedo1414
nedo1414 collected $17.64 from pot
nedo1414: doesn't show hand
*** SUMMARY ***
Total pot $18 | Rake $0.36
Board [3s Kc 5s 9h]
Seat 1: nedo1414 (button) (small blind) collected ($17.64)
Seat 4: Actionni13 (big blind) folded on the Turn


PokerStars Hand #159599153180:  Hold'em Limit ($3/$6 USD) - 2016/10/07 11:30:00 ET
Table 'Alfirk II' 6-max Seat #4 is the button
Seat 1: nedo1414 ($170.30 in chips)
Seat 4: Actionni13 ($150.64 in chips)
Actionni13: posts small blind $1
nedo1414: posts big blind $3
*** HOLE CARDS ***
Actionni13: raises $3 to $6
nedo1414: calls $3
*** FLOP *** [5c Th Qd]
nedo1414: checks
Actionni13: bets $3
nedo1414: folds
Uncalled bet ($3) returned to Actionni13
Actionni13 collected $11.76 from pot
Actionni13: doesn't show hand
*** SUMMARY ***
Total pot $12 | Rake $0.24
Board [5c Th Qd]
Seat 1: nedo1414 (big blind) folded on the Flop
Seat 4: Actionni13 (button) (small blind) collected ($11.76)


PokerStars Hand #159599139426:  Hold'em Limit ($3/$6 USD) - 2016/10/07 11:29:38 ET
Table 'Alfirk II' 6-max Seat #1 is the button
Seat 1: nedo1414 ($161.66 in chips)
Seat 4: Actionni13 ($159.64 in chips)
nedo1414: posts small blind $1
Actionni13: posts big blind $3
*** HOLE CARDS ***
nedo1414: raises $3 to $6
Actionni13: calls $3
*** FLOP *** [Tc Ah 4c]
Actionni13: checks
nedo1414: bets $3
Actionni13: calls $3
*** TURN *** [Tc Ah 4c] [5h]
Actionni13: checks
nedo1414: bets $6
Actionni13: folds
Uncalled bet ($6) returned to nedo1414
nedo1414 collected $17.64 from pot
nedo1414: doesn't show hand
*** SUMMARY ***
Total pot $18 | Rake $0.36
Board [Tc Ah 4c 5h]
Seat 1: nedo1414 (button) (small blind) collected ($17.64)
Seat 4: Actionni13 (big blind) folded on the Turn


PokerStars Hand #159599124419:  Hold'em Limit ($3/$6 USD) - 2016/10/07 11:29:15 ET
Table 'Alfirk II' 6-max Seat #4 is the button
Seat 1: nedo1414 ($170.66 in chips)
Seat 4: Actionni13 ($151 in chips)
Actionni13: posts small blind $1
nedo1414: posts big blind $3
*** HOLE CARDS ***
Actionni13: raises $3 to $6
nedo1414: calls $3
*** FLOP *** [Qc 4h Tc]
nedo1414: checks
Actionni13: bets $3
nedo1414: calls $3
*** TURN *** [Qc 4h Tc] [8d]
nedo1414: checks
Actionni13: checks
*** RIVER *** [Qc 4h Tc 8d] [Qh]
nedo1414: checks
Actionni13: checks
*** SHOW DOWN ***
nedo1414: shows [2c 7c] (a pair of Queens)
Actionni13: shows [5h As] (a pair of Queens - Ace kicker)
Actionni13 collected $17.64 from pot
*** SUMMARY ***
Total pot $18 | Rake $0.36
Board [Qc 4h Tc 8d Qh]
Seat 1: nedo1414 (big blind) showed [2c 7c] and lost with a pair of Queens
Seat 4: Actionni13 (button) (small blind) showed [5h As] and won ($17.64) with a pair of Queens


PokerStars Hand #159599198734:  Hold'em Limit ($3/$6 USD) - 2016/10/07 11:31:12 ET
Table 'Alfirk II' 6-max Seat #1 is the button
Seat 1: nedo1414 ($150.80 in chips)
Seat 4: Actionni13 ($168.90 in chips)
nedo1414: posts small blind $1
Actionni13: posts big blind $3
*** HOLE CARDS ***
nedo1414: folds
Uncalled bet ($2) returned to Actionni13
Actionni13 collected $2 from pot
Actionni13: doesn't show hand
*** SUMMARY ***
Total pot $2 | Rake $0
Seat 1: nedo1414 (button) (small blind) folded before Flop
Seat 4: Actionni13 (big blind) collected ($2)


PokerStars Hand #159599192736:  Hold'em Limit ($3/$6 USD) - 2016/10/07 11:31:02 ET
Table 'Alfirk II' 6-max Seat #4 is the button
Seat 1: nedo1414 ($153.80 in chips)
Seat 4: Actionni13 ($165.90 in chips)
Actionni13: posts small blind $1
nedo1414: posts big blind $3
*** HOLE CARDS ***
Actionni13: raises $3 to $6
nedo1414: folds
Uncalled bet ($3) returned to Actionni13
Actionni13 collected $6 from pot
Actionni13: doesn't show hand
*** SUMMARY ***
Total pot $6 | Rake $0
Seat 1: nedo1414 (big blind) folded before Flop
Seat 4: Actionni13 (button) (small blind) collected ($6)


PokerStars Hand #159599178286:  Hold'em Limit ($3/$6 USD) - 2016/10/07 11:30:39 ET
Table 'Alfirk II' 6-max Seat #1 is the button
Seat 1: nedo1414 ($130.30 in chips)
Seat 4: Actionni13 ($189.90 in chips)
nedo1414: posts small blind $1
Actionni13: posts big blind $3
*** HOLE CARDS ***
nedo1414: raises $3 to $6
Actionni13: calls $3
*** FLOP *** [5s 4c 4h]
Actionni13: checks
nedo1414: bets $3
Actionni13: raises $3 to $6
nedo1414: calls $3
*** TURN *** [5s 4c 4h] [7h]
Actionni13: bets $6
nedo1414: calls $6
*** RIVER *** [5s 4c 4h 7h] [7s]
Actionni13: bets $6
nedo1414: calls $6
*** SHOW DOWN ***
Actionni13: shows [6c 8s] (a straight, Four to Eight)
nedo1414: shows [4d Qs] (a full house, Fours full of Sevens)
nedo1414 collected $47.50 from pot
*** SUMMARY ***
Total pot $48 | Rake $0.50
Board [5s 4c 4h 7h 7s]
Seat 1: nedo1414 (button) (small blind) showed [4d Qs] and won ($47.50) with a full house, Fours full of Sevens
Seat 4: Actionni13 (big blind) showed [6c 8s] and lost with a straight, Four to Eight


PokerStars Hand #159599164839:  Hold'em Limit ($3/$6 USD) - 2016/10/07 11:30:18 ET
Table 'Alfirk II' 6-max Seat #4 is the button
Seat 1: nedo1414 ($163.30 in chips)
Seat 4: Actionni13 ($157.40 in chips)
Actionni13: posts small blind $1
nedo1414: posts big blind $3
*** HOLE CARDS ***
Actionni13: raises $3 to $6
nedo1414: raises $3 to $9
Actionni13: calls $3
*** FLOP *** [Th 8s 4s]
nedo1414: bets $3
Actionni13: raises $3 to $6
nedo1414: raises $3 to $9
Actionni13: raises $3 to $12
Betting is capped
nedo1414: calls $3
*** TURN *** [Th 8s 4s] [7d]
nedo1414: checks
Actionni13: bets $6
nedo1414: calls $6
*** RIVER *** [Th 8s 4s 7d] [5h]
nedo1414: checks
Actionni13: bets $6
nedo1414: calls $6
*** SHOW DOWN ***
Actionni13: shows [Td 8d] (two pair, Tens and Eights)
nedo1414: mucks hand
Actionni13 collected $65.50 from pot
*** SUMMARY ***
Total pot $66 | Rake $0.50
Board [Th 8s 4s 7d 5h]
Seat 1: nedo1414 (big blind) mucked
Seat 4: Actionni13 (button) (small blind) showed [Td 8d] and won ($65.50) with two pair, Tens and Eights


PokerStars Hand #159599162040:  Hold'em Limit ($3/$6 USD) - 2016/10/07 11:30:13 ET
Table 'Alfirk II' 6-max Seat #1 is the button
Seat 1: nedo1414 ($164.30 in chips)
Seat 4: Actionni13 ($156.40 in chips)
nedo1414: posts small blind $1
Actionni13: posts big blind $3
*** HOLE CARDS ***
nedo1414: folds
Uncalled bet ($2) returned to Actionni13
Actionni13 collected $2 from pot
Actionni13: doesn't show hand
*** SUMMARY ***
Total pot $2 | Rake $0
Seat 1: nedo1414 (button) (small blind) folded before Flop
Seat 4: Actionni13 (big blind) collected ($2)


PokerStars Hand #159599229885:  Hold'em Limit ($3/$6 USD) - 2016/10/07 11:32:01 ET
Table 'Alfirk II' 6-max Seat #4 is the button
Seat 1: nedo1414 ($143.30 in chips)
Seat 4: Actionni13 ($175.40 in chips)
Actionni13: posts small blind $1
nedo1414: posts big blind $3
*** HOLE CARDS ***
Actionni13: raises $3 to $6
nedo1414: calls $3
*** FLOP *** [Ah 2s Jh]
nedo1414: checks
Actionni13: bets $3
nedo1414: folds
Uncalled bet ($3) returned to Actionni13
Actionni13 collected $11.76 from pot
Actionni13: doesn't show hand
*** SUMMARY ***
Total pot $12 | Rake $0.24
Board [Ah 2s Jh]
Seat 1: nedo1414 (big blind) folded on the Flop
Seat 4: Actionni13 (button) (small blind) collected ($11.76)


PokerStars Hand #159599216120:  Hold'em Limit ($3/$6 USD) - 2016/10/07 11:31:39 ET
Table 'Alfirk II' 6-max Seat #1 is the button
Seat 1: nedo1414 ($119.80 in chips)
Seat 4: Actionni13 ($199.40 in chips)
nedo1414: posts small blind $1
Actionni13: posts big blind $3
*** HOLE CARDS ***
nedo1414: raises $3 to $6
Actionni13: calls $3
*** FLOP *** [7h 5s Ts]
Actionni13: checks
nedo1414: bets $3
Actionni13: raises $3 to $6
nedo1414: calls $3
*** TURN *** [7h 5s Ts] [5h]
Actionni13: bets $6
nedo1414: raises $6 to $12
Actionni13: calls $6
*** RIVER *** [7h 5s Ts 5h] [3d]
Actionni13: checks
nedo1414: bets $6
Actionni13: folds
Uncalled bet ($6) returned to nedo1414
nedo1414 collected $47.50 from pot
nedo1414: doesn't show hand
*** SUMMARY ***
Total pot $48 | Rake $0.50
Board [7h 5s Ts 5h 3d]
Seat 1: nedo1414 (button) (small blind) collected ($47.50)
Seat 4: Actionni13 (big blind) folded on the River


PokerStars Hand #159599201749:  Hold'em Limit ($3/$6 USD) - 2016/10/07 11:31:16 ET
Table 'Alfirk II' 6-max Seat #4 is the button
Seat 1: nedo1414 ($149.80 in chips)
Seat 4: Actionni13 ($169.90 in chips)
Actionni13: posts small blind $1
nedo1414: posts big blind $3
*** HOLE CARDS ***
Actionni13: raises $3 to $6
nedo1414: raises $3 to $9
Actionni13: calls $3
*** FLOP *** [8d 8h 2d]
nedo1414: bets $3
Actionni13: calls $3
*** TURN *** [8d 8h 2d] [9c]
nedo1414: bets $6
Actionni13: raises $6 to $12
nedo1414: calls $6
*** RIVER *** [8d 8h 2d 9c] [Qd]
nedo1414: checks
Actionni13: bets $6
nedo1414: calls $6
*** SHOW DOWN ***
Actionni13: shows [As 8c] (three of a kind, Eights)
nedo1414: mucks hand
Actionni13 collected $59.50 from pot
*** SUMMARY ***
Total pot $60 | Rake $0.50
Board [8d 8h 2d 9c Qd]
Seat 1: nedo1414 (big blind) mucked
Seat 4: Actionni13 (button) (small blind) showed [As 8c] and won ($59.50) with three of a kind, Eights


PokerStars Hand #159599237309:  Hold'em Limit ($3/$6 USD) - 2016/10/07 11:32:13 ET
Table 'Alfirk II' 6-max Seat #1 is the button
Seat 1: nedo1414 ($137.30 in chips)
Seat 4: Actionni13 ($181.16 in chips)
nedo1414: posts small blind $1
Actionni13: posts big blind $3
*** HOLE CARDS ***
nedo1414: raises $3 to $6
Actionni13: calls $3
*** FLOP *** [Qc 3c 4d]
Actionni13: checks
nedo1414: bets $3
Actionni13: calls $3
*** TURN *** [Qc 3c 4d] [Jh]
Actionni13: checks
nedo1414: checks
*** RIVER *** [Qc 3c 4d Jh] [9s]
Actionni13: checks
nedo1414: checks
*** SHOW DOWN ***
Actionni13: shows [7c Tc] (high card Queen)
nedo1414: shows [Ad 5h] (high card Ace)
nedo1414 collected $17.64 from pot
*** SUMMARY ***
Total pot $18 | Rake $0.36
Board [Qc 3c 4d Jh 9s]
Seat 1: nedo1414 (button) (small blind) showed [Ad 5h] and won ($17.64) with high card Ace
Seat 4: Actionni13 (big blind) showed [7c Tc] and lost with high card Queen


PokerStars Hand #159599339739:  Hold'em Limit ($3/$6 USD) - 2016/10/07 11:34:53 ET
Table 'Alfirk II' 6-max Seat #4 is the button
Seat 4: Actionni13 ($172.16 in chips)
Seat 5: kdcl ($163.30 in chips)
Actionni13: posts small blind $1
kdcl: posts big blind $3
*** HOLE CARDS ***
Actionni13: raises $3 to $6
kdcl: raises $3 to $9
Actionni13: calls $3
*** FLOP *** [Qs 2s Qh]
kdcl: bets $3
Actionni13: calls $3
*** TURN *** [Qs 2s Qh] [5s]
kdcl: bets $6
Actionni13: folds
Uncalled bet ($6) returned to kdcl
kdcl collected $23.52 from pot
*** SUMMARY ***
Total pot $24 | Rake $0.48
Board [Qs 2s Qh 5s]
Seat 4: Actionni13 (button) (small blind) folded on the Turn
Seat 5: kdcl (big blind) collected ($23.52)


PokerStars Hand #159599349413:  Hold'em Limit ($3/$6 USD) - 2016/10/07 11:35:08 ET
Table 'Alfirk II' 6-max Seat #5 is the button
Seat 4: Actionni13 ($160.16 in chips)
Seat 5: kdcl ($174.82 in chips)
kdcl: posts small blind $1
Actionni13: posts big blind $3
*** HOLE CARDS ***
kdcl: raises $3 to $6
Actionni13: raises $3 to $9
kdcl: calls $3
*** FLOP *** [3d Qd 4c]
Actionni13: bets $3
kdcl: calls $3
*** TURN *** [3d Qd 4c] [8d]
Actionni13: bets $6
kdcl: calls $6
*** RIVER *** [3d Qd 4c 8d] [4h]
Actionni13: checks
kdcl: bets $6
Actionni13: calls $6
*** SHOW DOWN ***
kdcl: shows [8h Th] (two pair, Eights and Fours)
Actionni13: mucks hand
kdcl collected $47.50 from pot
*** SUMMARY ***
Total pot $48 | Rake $0.50
Board [3d Qd 4c 8d 4h]
Seat 4: Actionni13 (big blind) mucked
Seat 5: kdcl (button) (small blind) showed [8h Th] and won ($47.50) with two pair, Eights and Fours


PokerStars Hand #159599366519:  Hold'em Limit ($3/$6 USD) - 2016/10/07 11:35:35 ET
Table 'Alfirk II' 6-max Seat #4 is the button
Seat 4: Actionni13 ($150 in chips)
Seat 5: kdcl ($198.32 in chips)
Actionni13: posts small blind $1
kdcl: posts big blind $3
*** HOLE CARDS ***
Actionni13: raises $3 to $6
kdcl: raises $3 to $9
Actionni13: calls $3
*** FLOP *** [2s 9s Kd]
kdcl: bets $3
Actionni13: folds
Uncalled bet ($3) returned to kdcl
kdcl collected $17.64 from pot
*** SUMMARY ***
Total pot $18 | Rake $0.36
Board [2s 9s Kd]
Seat 4: Actionni13 (button) (small blind) folded on the Flop
Seat 5: kdcl (big blind) collected ($17.64)


PokerStars Hand #159599374549:  Hold'em Limit ($3/$6 USD) - 2016/10/07 11:35:47 ET
Table 'Alfirk II' 6-max Seat #5 is the button
Seat 4: Actionni13 ($150 in chips)
Seat 5: kdcl ($206.96 in chips)
kdcl: posts small blind $1
Actionni13: posts big blind $3
*** HOLE CARDS ***
kdcl: raises $3 to $6
Actionni13: calls $3
*** FLOP *** [5h Td Ad]
Actionni13: checks
kdcl: checks
*** TURN *** [5h Td Ad] [5c]
Actionni13: checks
kdcl: bets $6
Actionni13: folds
Uncalled bet ($6) returned to kdcl
kdcl collected $11.76 from pot
*** SUMMARY ***
Total pot $12 | Rake $0.24
Board [5h Td Ad 5c]
Seat 4: Actionni13 (big blind) folded on the Turn
Seat 5: kdcl (button) (small blind) collected ($11.76)


PokerStars Hand #159599396660:  Hold'em Limit ($3/$6 USD) - 2016/10/07 11:36:21 ET
Table 'Alfirk II' 6-max Seat #5 is the button
Seat 4: Actionni13 ($161.52 in chips)
Seat 5: kdcl ($200.72 in chips)
kdcl: posts small blind $1
Actionni13: posts big blind $3
*** HOLE CARDS ***
kdcl: folds
Uncalled bet ($2) returned to Actionni13
Actionni13 collected $2 from pot
Actionni13: doesn't show hand
*** SUMMARY ***
Total pot $2 | Rake $0
Seat 4: Actionni13 (big blind) collected ($2)
Seat 5: kdcl (button) (small blind) folded before Flop


PokerStars Hand #159599384325:  Hold'em Limit ($3/$6 USD) - 2016/10/07 11:36:02 ET
Table 'Alfirk II' 6-max Seat #4 is the button
Seat 4: Actionni13 ($150 in chips)
Seat 5: kdcl ($212.72 in chips)
Actionni13: posts small blind $1
kdcl: posts big blind $3
*** HOLE CARDS ***
Actionni13: raises $3 to $6
kdcl: raises $3 to $9
Actionni13: calls $3
*** FLOP *** [8h 2d Ah]
kdcl: bets $3
Actionni13: calls $3
*** TURN *** [8h 2d Ah] [2c]
kdcl: checks
Actionni13: bets $6
kdcl: folds
Uncalled bet ($6) returned to Actionni13
Actionni13 collected $23.52 from pot
Actionni13: doesn't show hand
*** SUMMARY ***
Total pot $24 | Rake $0.48
Board [8h 2d Ah 2c]
Seat 4: Actionni13 (button) (small blind) collected ($23.52)
Seat 5: kdcl (big blind) folded on the Turn


PokerStars Hand #159599399937:  Hold'em Limit ($3/$6 USD) - 2016/10/07 11:36:26 ET
Table 'Alfirk II' 6-max Seat #4 is the button
Seat 4: Actionni13 ($162.52 in chips)
Seat 5: kdcl ($199.72 in chips)
Actionni13: posts small blind $1
kdcl: posts big blind $3
*** HOLE CARDS ***
Actionni13: folds
Uncalled bet ($2) returned to kdcl
kdcl collected $2 from pot
*** SUMMARY ***
Total pot $2 | Rake $0
Seat 4: Actionni13 (button) (small blind) folded before Flop
Seat 5: kdcl (big blind) collected ($2)


PokerStars Hand #159599407560:  Hold'em Limit ($3/$6 USD) - 2016/10/07 11:36:38 ET
Table 'Alfirk II' 6-max Seat #5 is the button
Seat 4: Actionni13 ($161.52 in chips)
Seat 5: kdcl ($200.72 in chips)
kdcl: posts small blind $1
Actionni13: posts big blind $3
*** HOLE CARDS ***
kdcl: raises $3 to $6
Actionni13: folds
Uncalled bet ($3) returned to kdcl
kdcl collected $6 from pot
*** SUMMARY ***
Total pot $6 | Rake $0
Seat 4: Actionni13 (big blind) folded before Flop
Seat 5: kdcl (button) (small blind) collected ($6)


PokerStars Hand #159599411698:  Hold'em Limit ($3/$6 USD) - 2016/10/07 11:36:45 ET
Table 'Alfirk II' 6-max Seat #4 is the button
Seat 4: Actionni13 ($158.52 in chips)
Seat 5: kdcl ($203.72 in chips)
Actionni13: posts small blind $1
kdcl: posts big blind $3
*** HOLE CARDS ***
Actionni13: raises $3 to $6
kdcl: folds
Uncalled bet ($3) returned to Actionni13
Actionni13 collected $6 from pot
Actionni13: doesn't show hand
*** SUMMARY ***
Total pot $6 | Rake $0
Seat 4: Actionni13 (button) (small blind) collected ($6)
Seat 5: kdcl (big blind) folded before Flop


PokerStars Hand #159599416420:  Hold'em Limit ($3/$6 USD) - 2016/10/07 11:36:52 ET
Table 'Alfirk II' 6-max Seat #5 is the button
Seat 4: Actionni13 ($161.52 in chips)
Seat 5: kdcl ($200.72 in chips)
kdcl: posts small blind $1
Actionni13: posts big blind $3
*** HOLE CARDS ***
kdcl: raises $3 to $6
Actionni13: calls $3
*** FLOP *** [2h Qd 8h]
Actionni13: checks
kdcl: bets $3
Actionni13: calls $3
*** TURN *** [2h Qd 8h] [8s]
Actionni13: checks
kdcl: bets $6
Actionni13: folds
Uncalled bet ($6) returned to kdcl
kdcl collected $17.64 from pot
skogsbarn joins the table at seat #2
*** SUMMARY ***
Total pot $18 | Rake $0.36
Board [2h Qd 8h 8s]
Seat 4: Actionni13 (big blind) folded on the Turn
Seat 5: kdcl (button) (small blind) collected ($17.64)


PokerStars Hand #159599431990:  Hold'em Limit ($3/$6 USD) - 2016/10/07 11:37:16 ET
Table 'Alfirk II' 6-max Seat #4 is the button
Seat 4: Actionni13 ($152.52 in chips)
Seat 5: kdcl ($209.36 in chips)
Actionni13: posts small blind $1
kdcl: posts big blind $3
*** HOLE CARDS ***
Actionni13: folds
Uncalled bet ($2) returned to kdcl
kdcl collected $2 from pot
*** SUMMARY ***
Total pot $2 | Rake $0
Seat 4: Actionni13 (button) (small blind) folded before Flop
Seat 5: kdcl (big blind) collected ($2)


PokerStars Hand #159600203000:  Hold'em Limit ($3/$6 USD) - 2016/10/07 11:57:29 ET
Table 'Alfirk II' 6-max Seat #4 is the button
Seat 4: Actionni13 ($186.12 in chips)
Seat 5: kdcl ($236.12 in chips)
Actionni13: posts small blind $1
kdcl: posts big blind $3
*** HOLE CARDS ***
Actionni13: raises $3 to $6
kdcl: raises $3 to $9
Actionni13: calls $3
*** FLOP *** [6d Qc 4h]
kdcl: bets $3
Actionni13: folds
Uncalled bet ($3) returned to kdcl
kdcl collected $17.64 from pot
*** SUMMARY ***
Total pot $18 | Rake $0.36
Board [6d Qc 4h]
Seat 4: Actionni13 (button) (small blind) folded on the Flop
Seat 5: kdcl (big blind) collected ($17.64)


PokerStars Hand #159600191066:  Hold'em Limit ($3/$6 USD) - 2016/10/07 11:57:07 ET
Table 'Alfirk II' 6-max Seat #5 is the button
Seat 4: Actionni13 ($171.62 in chips)
Seat 5: kdcl ($251.12 in chips)
kdcl: posts small blind $1
skogsbarn was removed from the table for failing to post
Actionni13: posts big blind $3
*** HOLE CARDS ***
kdcl: raises $3 to $6
Actionni13: calls $3
*** FLOP *** [8d Th Ts]
Actionni13: checks
kdcl: bets $3
Actionni13: calls $3
*** TURN *** [8d Th Ts] [6s]
Actionni13: checks
planty74 joins the table at seat #6
kdcl: checks
*** RIVER *** [8d Th Ts 6s] [4d]
Actionni13: bets $6
kdcl: calls $6
*** SHOW DOWN ***
Actionni13: shows [8h 4h] (two pair, Tens and Eights)
kdcl: mucks hand
Actionni13 collected $29.50 from pot
*** SUMMARY ***
Total pot $30 | Rake $0.50
Board [8d Th Ts 6s 4d]
Seat 4: Actionni13 (big blind) showed [8h 4h] and won ($29.50) with two pair, Tens and Eights
Seat 5: kdcl (button) (small blind) mucked


PokerStars Hand #159605509788:  Hold'em Limit ($3/$6 USD) - 2016/10/07 14:03:32 ET
Table 'Alfirk II' 6-max Seat #5 is the button
Seat 4: rocky 7 ($115.64 in chips)
Seat 5: Miele104 ($275.75 in chips)
Miele104: posts small blind $1
CrongCrong: is sitting out
rocky 7: posts big blind $3
*** HOLE CARDS ***
Miele104: raises $3 to $6
CrongCrong leaves the table
rocky 7: raises $3 to $9
Miele104: calls $3
*** FLOP *** [Qh Jh Ac]
rocky 7: checks
Miele104: checks
*** TURN *** [Qh Jh Ac] [8s]
rocky 7: bets $6
Miele104: calls $6
*** RIVER *** [Qh Jh Ac 8s] [4s]
rocky 7: bets $6
Miele104: folds
Uncalled bet ($6) returned to rocky 7
rocky 7 collected $29.50 from pot
rocky 7: doesn't show hand
*** SUMMARY ***
Total pot $30 | Rake $0.50
Board [Qh Jh Ac 8s 4s]
Seat 4: rocky 7 (big blind) collected ($29.50)
Seat 5: Miele104 (button) (small blind) folded on the River


PokerStars Hand #159608158262:  Hold'em Limit ($3/$6 USD) - 2016/10/07 15:02:00 ET
Table 'Alfirk II' 6-max Seat #3 is the button
Seat 3: freak70344 ($113.62 in chips)
Seat 4: GRAILKO ($182 in chips)
freak70344: posts small blind $1
GRAILKO: posts big blind $3
*** HOLE CARDS ***
freak70344: calls $2
GRAILKO: checks
*** FLOP *** [9s 5c 4h]
GRAILKO: bets $3
freak70344: calls $3
*** TURN *** [9s 5c 4h] [6d]
GRAILKO: bets $6
freak70344: folds
Uncalled bet ($6) returned to GRAILKO
GRAILKO collected $11.76 from pot
GRAILKO: doesn't show hand
*** SUMMARY ***
Total pot $12 | Rake $0.24
Board [9s 5c 4h 6d]
Seat 3: freak70344 (button) (small blind) folded on the Turn
Seat 4: GRAILKO (big blind) collected ($11.76)


PokerStars Hand #159608135936:  Hold'em Limit ($3/$6 USD) - 2016/10/07 15:01:31 ET
Table 'Alfirk II' 6-max Seat #4 is the button
Seat 3: freak70344 ($96.12 in chips)
Seat 4: GRAILKO ($200 in chips)
GRAILKO: posts small blind $1
freak70344: posts big blind $3
*** HOLE CARDS ***
GRAILKO: raises $3 to $6
freak70344: raises $3 to $9
GRAILKO: calls $3
*** FLOP *** [9c 9d 2s]
freak70344: bets $3
GRAILKO: calls $3
*** TURN *** [9c 9d 2s] [Jh]
freak70344: bets $6
GRAILKO: calls $6
*** RIVER *** [9c 9d 2s Jh] [Td]
freak70344: bets $6
GRAILKO: folds
Uncalled bet ($6) returned to freak70344
freak70344 collected $35.50 from pot
freak70344: doesn't show hand
*** SUMMARY ***
Total pot $36 | Rake $0.50
Board [9c 9d 2s Jh Td]
Seat 3: freak70344 (big blind) collected ($35.50)
Seat 4: GRAILKO (button) (small blind) folded on the River


PokerStars Hand #159608182132:  Hold'em Limit ($3/$6 USD) - 2016/10/07 15:02:30 ET
Table 'Alfirk II' 6-max Seat #3 is the button
Seat 3: freak70344 ($104.62 in chips)
Seat 4: GRAILKO ($190.76 in chips)
freak70344: posts small blind $1
GRAILKO: posts big blind $3
*** HOLE CARDS ***
freak70344: folds
Uncalled bet ($2) returned to GRAILKO
GRAILKO collected $2 from pot
GRAILKO: doesn't show hand
*** SUMMARY ***
Total pot $2 | Rake $0
Seat 3: freak70344 (button) (small blind) folded before Flop
Seat 4: GRAILKO (big blind) collected ($2)


PokerStars Hand #159608175764:  Hold'em Limit ($3/$6 USD) - 2016/10/07 15:02:22 ET
Table 'Alfirk II' 6-max Seat #4 is the button
Seat 3: freak70344 ($107.62 in chips)
Seat 4: GRAILKO ($187.76 in chips)
GRAILKO: posts small blind $1
freak70344: posts big blind $3
*** HOLE CARDS ***
GRAILKO: raises $3 to $6
Kahoot1 joins the table at seat #2
freak70344: folds
Uncalled bet ($3) returned to GRAILKO
GRAILKO collected $6 from pot
GRAILKO: doesn't show hand
*** SUMMARY ***
Total pot $6 | Rake $0
Seat 3: freak70344 (big blind) folded before Flop
Seat 4: GRAILKO (button) (small blind) collected ($6)


PokerStars Hand #159608407750:  Hold'em Limit ($3/$6 USD) - 2016/10/07 15:07:09 ET
Table 'Alfirk II' 6-max Seat #2 is the button
Seat 2: Kahoot1 ($122.26 in chips)
Seat 4: GRAILKO ($209.14 in chips)
Kahoot1: posts small blind $1
GRAILKO: posts big blind $3
*** HOLE CARDS ***
Kahoot1: raises $3 to $6
GRAILKO: raises $3 to $9
Kahoot1: calls $3
*** FLOP *** [Qs 3h 2c]
GRAILKO: bets $3
Kahoot1: calls $3
*** TURN *** [Qs 3h 2c] [Jh]
GRAILKO: bets $6
Kahoot1: folds
Uncalled bet ($6) returned to GRAILKO
GRAILKO collected $23.52 from pot
GRAILKO: doesn't show hand
*** SUMMARY ***
Total pot $24 | Rake $0.48
Board [Qs 3h 2c Jh]
Seat 2: Kahoot1 (button) (small blind) folded on the Turn
Seat 4: GRAILKO (big blind) collected ($23.52)


PokerStars Hand #159608397752:  Hold'em Limit ($3/$6 USD) - 2016/10/07 15:06:57 ET
Table 'Alfirk II' 6-max Seat #4 is the button
Seat 2: Kahoot1 ($128.26 in chips)
Seat 4: GRAILKO ($203.38 in chips)
GRAILKO: posts small blind $1
Kahoot1: posts big blind $3
*** HOLE CARDS ***
GRAILKO: raises $3 to $6
freak70344 leaves the table
Kahoot1: calls $3
*** FLOP *** [Tc Qc 9c]
Kahoot1: checks
GRAILKO: bets $3
Kahoot1: folds
Uncalled bet ($3) returned to GRAILKO
GRAILKO collected $11.76 from pot
GRAILKO: doesn't show hand
*** SUMMARY ***
Total pot $12 | Rake $0.24
Board [Tc Qc 9c]
Seat 2: Kahoot1 (big blind) folded on the Flop
Seat 4: GRAILKO (button) (small blind) collected ($11.76)


PokerStars Hand #159608393461:  Hold'em Limit ($3/$6 USD) - 2016/10/07 15:06:52 ET
Table 'Alfirk II' 6-max Seat #2 is the button
Seat 2: Kahoot1 ($129.26 in chips)
Seat 4: GRAILKO ($202.38 in chips)
Kahoot1: posts small blind $1
GRAILKO: posts big blind $3
*** HOLE CARDS ***
Kahoot1: folds
Uncalled bet ($2) returned to GRAILKO
GRAILKO collected $2 from pot
GRAILKO: doesn't show hand
*** SUMMARY ***
Total pot $2 | Rake $0
Seat 2: Kahoot1 (button) (small blind) folded before Flop
Seat 4: GRAILKO (big blind) collected ($2)


