PokerStars Hand #148269177882:  Hold'em Limit ($3/$6 USD) - 2016/02/05 6:36:51 ET
Table 'Alfirk' 2-max Seat #2 is the button
Seat 1: VolkovDmitri ($120 in chips)
Seat 2: knysi ($33.60 in chips)
knysi: posts small blind $1
VolkovDmitri: posts big blind $3
*** HOLE CARDS ***
knysi: raises $3 to $6
VolkovDmitri: calls $3
*** FLOP *** [3d Ad 6s]
VolkovDmitri: checks
knysi: checks
*** TURN *** [3d Ad 6s] [6h]
VolkovDmitri: checks
knysi: checks
*** RIVER *** [3d Ad 6s 6h] [Ts]
VolkovDmitri: checks
knysi: bets $6
VolkovDmitri: folds
Uncalled bet ($6) returned to knysi
knysi collected $11.76 from pot
knysi: doesn't show hand
*** SUMMARY ***
Total pot $12 | Rake $0.24
Board [3d Ad 6s 6h Ts]
Seat 1: VolkovDmitri (big blind) folded on the River
Seat 2: knysi (button) (small blind) collected ($11.76)


PokerStars Hand #148269200673:  Hold'em Limit ($3/$6 USD) - 2016/02/05 6:37:31 ET
Table 'Alfirk' 2-max Seat #1 is the button
Seat 1: VolkovDmitri ($120 in chips)
Seat 2: knysi ($39.36 in chips)
VolkovDmitri: posts small blind $1
knysi: posts big blind $3
*** HOLE CARDS ***
VolkovDmitri: raises $3 to $6
knysi: calls $3
*** FLOP *** [Jd Jh Tc]
knysi: checks
VolkovDmitri: bets $3
knysi: calls $3
*** TURN *** [Jd Jh Tc] [4s]
knysi: checks
VolkovDmitri: checks
*** RIVER *** [Jd Jh Tc 4s] [4c]
knysi: bets $6
VolkovDmitri: calls $6
*** SHOW DOWN ***
knysi: shows [Ad Ah] (two pair, Aces and Jacks)
VolkovDmitri: mucks hand
knysi collected $29.50 from pot
*** SUMMARY ***
Total pot $30 | Rake $0.50
Board [Jd Jh Tc 4s 4c]
Seat 1: VolkovDmitri (button) (small blind) mucked
Seat 2: knysi (big blind) showed [Ad Ah] and won ($29.50) with two pair, Aces and Jacks


PokerStars Hand #148269266344:  Hold'em Limit ($3/$6 USD) - 2016/02/05 6:39:28 ET
Table 'Alfirk' 2-max Seat #2 is the button
Seat 1: VolkovDmitri ($137.40 in chips)
Seat 2: knysi ($47.38 in chips)
knysi: posts small blind $1
VolkovDmitri: posts big blind $3
*** HOLE CARDS ***
knysi: folds
Uncalled bet ($2) returned to VolkovDmitri
VolkovDmitri collected $2 from pot
VolkovDmitri: doesn't show hand
*** SUMMARY ***
Total pot $2 | Rake $0
Seat 1: VolkovDmitri (big blind) collected ($2)
Seat 2: knysi (button) (small blind) folded before Flop


PokerStars Hand #148269260880:  Hold'em Limit ($3/$6 USD) - 2016/02/05 6:39:18 ET
Table 'Alfirk' 2-max Seat #1 is the button
Seat 1: VolkovDmitri ($134.40 in chips)
Seat 2: knysi ($50.38 in chips)
VolkovDmitri: posts small blind $1
knysi: posts big blind $3
*** HOLE CARDS ***
VolkovDmitri: raises $3 to $6
knysi: folds
Uncalled bet ($3) returned to VolkovDmitri
VolkovDmitri collected $6 from pot
VolkovDmitri: doesn't show hand
*** SUMMARY ***
Total pot $6 | Rake $0
Seat 1: VolkovDmitri (button) (small blind) collected ($6)
Seat 2: knysi (big blind) folded before Flop


PokerStars Hand #148269247687:  Hold'em Limit ($3/$6 USD) - 2016/02/05 6:38:55 ET
Table 'Alfirk' 2-max Seat #2 is the button
Seat 1: VolkovDmitri ($125.76 in chips)
Seat 2: knysi ($59.38 in chips)
knysi: posts small blind $1
VolkovDmitri: posts big blind $3
*** HOLE CARDS ***
knysi: raises $3 to $6
VolkovDmitri: calls $3
*** FLOP *** [Th 9d 8h]
VolkovDmitri: bets $3
knysi: calls $3
*** TURN *** [Th 9d 8h] [Ts]
VolkovDmitri: bets $6
knysi: folds
Uncalled bet ($6) returned to VolkovDmitri
VolkovDmitri collected $17.64 from pot
VolkovDmitri: doesn't show hand
*** SUMMARY ***
Total pot $18 | Rake $0.36
Board [Th 9d 8h Ts]
Seat 1: VolkovDmitri (big blind) collected ($17.64)
Seat 2: knysi (button) (small blind) folded on the Turn


PokerStars Hand #148269239658:  Hold'em Limit ($3/$6 USD) - 2016/02/05 6:38:41 ET
Table 'Alfirk' 2-max Seat #1 is the button
Seat 1: VolkovDmitri ($120 in chips)
Seat 2: knysi ($65.38 in chips)
VolkovDmitri: posts small blind $1
knysi: posts big blind $3
*** HOLE CARDS ***
VolkovDmitri: raises $3 to $6
knysi: calls $3
*** FLOP *** [Tc 5h 2d]
knysi: checks
VolkovDmitri: bets $3
knysi: folds
Uncalled bet ($3) returned to VolkovDmitri
VolkovDmitri collected $11.76 from pot
VolkovDmitri: doesn't show hand
*** SUMMARY ***
Total pot $12 | Rake $0.24
Board [Tc 5h 2d]
Seat 1: VolkovDmitri (button) (small blind) collected ($11.76)
Seat 2: knysi (big blind) folded on the Flop


PokerStars Hand #148269221804:  Hold'em Limit ($3/$6 USD) - 2016/02/05 6:38:09 ET
Table 'Alfirk' 2-max Seat #2 is the button
Seat 1: VolkovDmitri ($120 in chips)
Seat 2: knysi ($53.86 in chips)
knysi: posts small blind $1
VolkovDmitri: posts big blind $3
*** HOLE CARDS ***
knysi: raises $3 to $6
VolkovDmitri: raises $3 to $9
knysi: calls $3
*** FLOP *** [7s 9h Ks]
VolkovDmitri: bets $3
knysi: calls $3
*** TURN *** [7s 9h Ks] [6s]
VolkovDmitri: checks
knysi: checks
*** RIVER *** [7s 9h Ks 6s] [2d]
VolkovDmitri: checks
knysi: checks
*** SHOW DOWN ***
VolkovDmitri: shows [Ad Qh] (high card Ace)
knysi: shows [2h Qs] (a pair of Deuces)
knysi collected $23.52 from pot
*** SUMMARY ***
Total pot $24 | Rake $0.48
Board [7s 9h Ks 6s 2d]
Seat 1: VolkovDmitri (big blind) showed [Ad Qh] and lost with high card Ace
Seat 2: knysi (button) (small blind) showed [2h Qs] and won ($23.52) with a pair of Deuces


PokerStars Hand #148269284313:  Hold'em Limit ($3/$6 USD) - 2016/02/05 6:40:00 ET
Table 'Alfirk' 2-max Seat #1 is the button
Seat 1: VolkovDmitri ($149.90 in chips)
Seat 2: knysi ($34.38 in chips)
VolkovDmitri: posts small blind $1
knysi: posts big blind $3
*** HOLE CARDS ***
VolkovDmitri: raises $3 to $6
knysi: calls $3
*** FLOP *** [5c 6c Ks]
knysi: checks
VolkovDmitri: bets $3
knysi: calls $3
*** TURN *** [5c 6c Ks] [8c]
knysi: checks
VolkovDmitri: checks
*** RIVER *** [5c 6c Ks 8c] [Js]
knysi: bets $6
VolkovDmitri: folds
Uncalled bet ($6) returned to knysi
knysi collected $17.64 from pot
knysi: doesn't show hand
*** SUMMARY ***
Total pot $18 | Rake $0.36
Board [5c 6c Ks 8c Js]
Seat 1: VolkovDmitri (button) (small blind) folded on the River
Seat 2: knysi (big blind) collected ($17.64)


PokerStars Hand #148269280657:  Hold'em Limit ($3/$6 USD) - 2016/02/05 6:39:53 ET
Table 'Alfirk' 2-max Seat #2 is the button
Seat 1: VolkovDmitri ($152.90 in chips)
Seat 2: knysi ($31.38 in chips)
knysi: posts small blind $1
VolkovDmitri: posts big blind $3
*** HOLE CARDS ***
knysi: raises $3 to $6
VolkovDmitri: folds
Uncalled bet ($3) returned to knysi
knysi collected $6 from pot
knysi: doesn't show hand
*** SUMMARY ***
Total pot $6 | Rake $0
Seat 1: VolkovDmitri (big blind) folded before Flop
Seat 2: knysi (button) (small blind) collected ($6)


PokerStars Hand #148269269158:  Hold'em Limit ($3/$6 USD) - 2016/02/05 6:39:33 ET
Table 'Alfirk' 2-max Seat #1 is the button
Seat 1: VolkovDmitri ($138.40 in chips)
Seat 2: knysi ($46.38 in chips)
VolkovDmitri: posts small blind $1
knysi: posts big blind $3
*** HOLE CARDS ***
VolkovDmitri: raises $3 to $6
knysi: calls $3
*** FLOP *** [8h 2h 3h]
knysi: checks
VolkovDmitri: bets $3
knysi: calls $3
*** TURN *** [8h 2h 3h] [7d]
knysi: checks
VolkovDmitri: bets $6
knysi: calls $6
*** RIVER *** [8h 2h 3h 7d] [6h]
knysi: checks
VolkovDmitri: bets $6
knysi: folds
Uncalled bet ($6) returned to VolkovDmitri
VolkovDmitri collected $29.50 from pot
VolkovDmitri: doesn't show hand
*** SUMMARY ***
Total pot $30 | Rake $0.50
Board [8h 2h 3h 7d 6h]
Seat 1: VolkovDmitri (button) (small blind) collected ($29.50)
Seat 2: knysi (big blind) folded on the River


PokerStars Hand #148269334329:  Hold'em Limit ($3/$6 USD) - 2016/02/05 6:41:28 ET
Table 'Alfirk' 2-max Seat #2 is the button
Seat 1: VolkovDmitri ($135.66 in chips)
Seat 2: knysi ($47.30 in chips)
knysi: posts small blind $1
VolkovDmitri: posts big blind $3
*** HOLE CARDS ***
knysi: folds
Uncalled bet ($2) returned to VolkovDmitri
VolkovDmitri collected $2 from pot
VolkovDmitri: doesn't show hand
*** SUMMARY ***
Total pot $2 | Rake $0
Seat 1: VolkovDmitri (big blind) collected ($2)
Seat 2: knysi (button) (small blind) folded before Flop


PokerStars Hand #148269330242:  Hold'em Limit ($3/$6 USD) - 2016/02/05 6:41:21 ET
Table 'Alfirk' 2-max Seat #1 is the button
Seat 1: VolkovDmitri ($132.66 in chips)
Seat 2: knysi ($50.30 in chips)
VolkovDmitri: posts small blind $1
knysi: posts big blind $3
*** HOLE CARDS ***
VolkovDmitri: raises $3 to $6
knysi: folds
Uncalled bet ($3) returned to VolkovDmitri
VolkovDmitri collected $6 from pot
VolkovDmitri: doesn't show hand
*** SUMMARY ***
Total pot $6 | Rake $0
Seat 1: VolkovDmitri (button) (small blind) collected ($6)
Seat 2: knysi (big blind) folded before Flop


PokerStars Hand #148269327422:  Hold'em Limit ($3/$6 USD) - 2016/02/05 6:41:16 ET
Table 'Alfirk' 2-max Seat #2 is the button
Seat 1: VolkovDmitri ($131.66 in chips)
Seat 2: knysi ($51.30 in chips)
knysi: posts small blind $1
VolkovDmitri: posts big blind $3
*** HOLE CARDS ***
knysi: folds
Uncalled bet ($2) returned to VolkovDmitri
VolkovDmitri collected $2 from pot
VolkovDmitri: doesn't show hand
*** SUMMARY ***
Total pot $2 | Rake $0
Seat 1: VolkovDmitri (big blind) collected ($2)
Seat 2: knysi (button) (small blind) folded before Flop


PokerStars Hand #148269323493:  Hold'em Limit ($3/$6 USD) - 2016/02/05 6:41:09 ET
Table 'Alfirk' 2-max Seat #1 is the button
Seat 1: VolkovDmitri ($128.66 in chips)
Seat 2: knysi ($54.30 in chips)
VolkovDmitri: posts small blind $1
knysi: posts big blind $3
*** HOLE CARDS ***
VolkovDmitri: raises $3 to $6
knysi: folds
Uncalled bet ($3) returned to VolkovDmitri
VolkovDmitri collected $6 from pot
VolkovDmitri: doesn't show hand
*** SUMMARY ***
Total pot $6 | Rake $0
Seat 1: VolkovDmitri (button) (small blind) collected ($6)
Seat 2: knysi (big blind) folded before Flop


PokerStars Hand #148269315161:  Hold'em Limit ($3/$6 USD) - 2016/02/05 6:40:54 ET
Table 'Alfirk' 2-max Seat #2 is the button
Seat 1: VolkovDmitri ($134.66 in chips)
Seat 2: knysi ($48.54 in chips)
knysi: posts small blind $1
VolkovDmitri: posts big blind $3
*** HOLE CARDS ***
knysi: raises $3 to $6
VolkovDmitri: calls $3
*** FLOP *** [8h 3h Ac]
VolkovDmitri: checks
knysi: checks
*** TURN *** [8h 3h Ac] [9c]
VolkovDmitri: checks
knysi: bets $6
VolkovDmitri: folds
Uncalled bet ($6) returned to knysi
knysi collected $11.76 from pot
knysi: doesn't show hand
*** SUMMARY ***
Total pot $12 | Rake $0.24
Board [8h 3h Ac 9c]
Seat 1: VolkovDmitri (big blind) folded on the Turn
Seat 2: knysi (button) (small blind) collected ($11.76)


PokerStars Hand #148269309100:  Hold'em Limit ($3/$6 USD) - 2016/02/05 6:40:44 ET
Table 'Alfirk' 2-max Seat #1 is the button
Seat 1: VolkovDmitri ($128.90 in chips)
Seat 2: knysi ($54.54 in chips)
VolkovDmitri: posts small blind $1
knysi: posts big blind $3
*** HOLE CARDS ***
VolkovDmitri: raises $3 to $6
knysi: calls $3
*** FLOP *** [Ac 6s 4h]
knysi: checks
VolkovDmitri: bets $3
knysi: folds
Uncalled bet ($3) returned to VolkovDmitri
VolkovDmitri collected $11.76 from pot
VolkovDmitri: doesn't show hand
*** SUMMARY ***
Total pot $12 | Rake $0.24
Board [Ac 6s 4h]
Seat 1: VolkovDmitri (button) (small blind) collected ($11.76)
Seat 2: knysi (big blind) folded on the Flop


PokerStars Hand #148269296408:  Hold'em Limit ($3/$6 USD) - 2016/02/05 6:40:21 ET
Table 'Alfirk' 2-max Seat #2 is the button
Seat 1: VolkovDmitri ($140.90 in chips)
Seat 2: knysi ($43.02 in chips)
knysi: posts small blind $1
VolkovDmitri: posts big blind $3
*** HOLE CARDS ***
knysi: raises $3 to $6
VolkovDmitri: calls $3
*** FLOP *** [Jc Qh 5c]
VolkovDmitri: checks
knysi: checks
*** TURN *** [Jc Qh 5c] [7d]
VolkovDmitri: bets $6
knysi: calls $6
*** RIVER *** [Jc Qh 5c 7d] [7s]
VolkovDmitri: checks
knysi: checks
*** SHOW DOWN ***
VolkovDmitri: shows [9h 8s] (a pair of Sevens)
knysi: shows [5s Kd] (two pair, Sevens and Fives)
knysi collected $23.52 from pot
*** SUMMARY ***
Total pot $24 | Rake $0.48
Board [Jc Qh 5c 7d 7s]
Seat 1: VolkovDmitri (big blind) showed [9h 8s] and lost with a pair of Sevens
Seat 2: knysi (button) (small blind) showed [5s Kd] and won ($23.52) with two pair, Sevens and Fives


PokerStars Hand #148269359156:  Hold'em Limit ($3/$6 USD) - 2016/02/05 6:42:11 ET
Table 'Alfirk' 2-max Seat #2 is the button
Seat 1: VolkovDmitri ($136.42 in chips)
Seat 2: knysi ($45.94 in chips)
knysi: posts small blind $1
VolkovDmitri: posts big blind $3
*** HOLE CARDS ***
knysi: raises $3 to $6
VolkovDmitri: calls $3
*** FLOP *** [Ad 9c Jh]
VolkovDmitri: checks
knysi: bets $3
VolkovDmitri: folds
Uncalled bet ($3) returned to knysi
knysi collected $11.76 from pot
knysi: doesn't show hand
*** SUMMARY ***
Total pot $12 | Rake $0.24
Board [Ad 9c Jh]
Seat 1: VolkovDmitri (big blind) folded on the Flop
Seat 2: knysi (button) (small blind) collected ($11.76)


PokerStars Hand #148269347724:  Hold'em Limit ($3/$6 USD) - 2016/02/05 6:41:52 ET
Table 'Alfirk' 2-max Seat #1 is the button
Seat 1: VolkovDmitri ($145.42 in chips)
Seat 2: knysi ($37.30 in chips)
VolkovDmitri: posts small blind $1
knysi: posts big blind $3
*** HOLE CARDS ***
VolkovDmitri: raises $3 to $6
knysi: calls $3
*** FLOP *** [5c Ac 5d]
knysi: checks
VolkovDmitri: bets $3
knysi: calls $3
*** TURN *** [5c Ac 5d] [Td]
knysi: checks
VolkovDmitri: checks
*** RIVER *** [5c Ac 5d Td] [8h]
knysi: bets $6
VolkovDmitri: folds
Uncalled bet ($6) returned to knysi
knysi collected $17.64 from pot
knysi: doesn't show hand
*** SUMMARY ***
Total pot $18 | Rake $0.36
Board [5c Ac 5d Td 8h]
Seat 1: VolkovDmitri (button) (small blind) folded on the River
Seat 2: knysi (big blind) collected ($17.64)


PokerStars Hand #148269341092:  Hold'em Limit ($3/$6 USD) - 2016/02/05 6:41:40 ET
Table 'Alfirk' 2-max Seat #2 is the button
Seat 1: VolkovDmitri ($139.66 in chips)
Seat 2: knysi ($43.30 in chips)
knysi: posts small blind $1
VolkovDmitri: posts big blind $3
*** HOLE CARDS ***
knysi: raises $3 to $6
VolkovDmitri: calls $3
*** FLOP *** [4s 3d 7s]
VolkovDmitri: checks
knysi: checks
*** TURN *** [4s 3d 7s] [6h]
VolkovDmitri: bets $6
knysi: folds
Uncalled bet ($6) returned to VolkovDmitri
VolkovDmitri collected $11.76 from pot
VolkovDmitri: doesn't show hand
*** SUMMARY ***
Total pot $12 | Rake $0.24
Board [4s 3d 7s 6h]
Seat 1: VolkovDmitri (big blind) collected ($11.76)
Seat 2: knysi (button) (small blind) folded on the Turn


PokerStars Hand #148269336998:  Hold'em Limit ($3/$6 USD) - 2016/02/05 6:41:33 ET
Table 'Alfirk' 2-max Seat #1 is the button
Seat 1: VolkovDmitri ($136.66 in chips)
Seat 2: knysi ($46.30 in chips)
VolkovDmitri: posts small blind $1
knysi: posts big blind $3
*** HOLE CARDS ***
VolkovDmitri: raises $3 to $6
knysi: folds
Uncalled bet ($3) returned to VolkovDmitri
VolkovDmitri collected $6 from pot
VolkovDmitri: doesn't show hand
*** SUMMARY ***
Total pot $6 | Rake $0
Seat 1: VolkovDmitri (button) (small blind) collected ($6)
Seat 2: knysi (big blind) folded before Flop


PokerStars Hand #148269398179:  Hold'em Limit ($3/$6 USD) - 2016/02/05 6:43:19 ET
Table 'Alfirk' 2-max Seat #2 is the button
Seat 1: VolkovDmitri ($127.06 in chips)
Seat 2: knysi ($54.34 in chips)
knysi: posts small blind $1
VolkovDmitri: posts big blind $3
*** HOLE CARDS ***
knysi: raises $3 to $6
VolkovDmitri: folds
Uncalled bet ($3) returned to knysi
knysi collected $6 from pot
knysi: doesn't show hand
*** SUMMARY ***
Total pot $6 | Rake $0
Seat 1: VolkovDmitri (big blind) folded before Flop
Seat 2: knysi (button) (small blind) collected ($6)


PokerStars Hand #148269382658:  Hold'em Limit ($3/$6 USD) - 2016/02/05 6:42:52 ET
Table 'Alfirk' 2-max Seat #1 is the button
Seat 1: VolkovDmitri ($136.06 in chips)
Seat 2: knysi ($45.70 in chips)
VolkovDmitri: posts small blind $1
knysi: posts big blind $3
*** HOLE CARDS ***
VolkovDmitri: raises $3 to $6
knysi: calls $3
*** FLOP *** [8c Ts Ac]
knysi: checks
VolkovDmitri: bets $3
knysi: calls $3
*** TURN *** [8c Ts Ac] [As]
knysi: checks
VolkovDmitri: checks
*** RIVER *** [8c Ts Ac As] [7c]
knysi: bets $6
VolkovDmitri: folds
Uncalled bet ($6) returned to knysi
knysi collected $17.64 from pot
knysi: doesn't show hand
*** SUMMARY ***
Total pot $18 | Rake $0.36
Board [8c Ts Ac As 7c]
Seat 1: VolkovDmitri (button) (small blind) folded on the River
Seat 2: knysi (big blind) collected ($17.64)


PokerStars Hand #148269376605:  Hold'em Limit ($3/$6 USD) - 2016/02/05 6:42:41 ET
Table 'Alfirk' 2-max Seat #2 is the button
Seat 1: VolkovDmitri ($139.06 in chips)
Seat 2: knysi ($42.70 in chips)
knysi: posts small blind $1
VolkovDmitri: posts big blind $3
*** HOLE CARDS ***
knysi: raises $3 to $6
VolkovDmitri: folds
Uncalled bet ($3) returned to knysi
knysi collected $6 from pot
knysi: doesn't show hand
*** SUMMARY ***
Total pot $6 | Rake $0
Seat 1: VolkovDmitri (big blind) folded before Flop
Seat 2: knysi (button) (small blind) collected ($6)


PokerStars Hand #148269365627:  Hold'em Limit ($3/$6 USD) - 2016/02/05 6:42:22 ET
Table 'Alfirk' 2-max Seat #1 is the button
Seat 1: VolkovDmitri ($130.42 in chips)
Seat 2: knysi ($51.70 in chips)
VolkovDmitri: posts small blind $1
knysi: posts big blind $3
*** HOLE CARDS ***
VolkovDmitri: raises $3 to $6
knysi: calls $3
*** FLOP *** [Js 5s Tc]
knysi: checks
VolkovDmitri: bets $3
knysi: calls $3
*** TURN *** [Js 5s Tc] [3c]
knysi: checks
VolkovDmitri: bets $6
knysi: folds
Uncalled bet ($6) returned to VolkovDmitri
VolkovDmitri collected $17.64 from pot
VolkovDmitri: doesn't show hand
*** SUMMARY ***
Total pot $18 | Rake $0.36
Board [Js 5s Tc 3c]
Seat 1: VolkovDmitri (button) (small blind) collected ($17.64)
Seat 2: knysi (big blind) folded on the Turn


PokerStars Hand #148269422611:  Hold'em Limit ($3/$6 USD) - 2016/02/05 6:44:01 ET
Table 'Alfirk' 2-max Seat #2 is the button
Seat 1: VolkovDmitri ($129.82 in chips)
Seat 2: knysi ($51.34 in chips)
knysi: posts small blind $1
VolkovDmitri: posts big blind $3
*** HOLE CARDS ***
knysi: raises $3 to $6
VolkovDmitri: calls $3
*** FLOP *** [4h Js 7h]
VolkovDmitri: checks
knysi: checks
*** TURN *** [4h Js 7h] [As]
VolkovDmitri: checks
knysi: bets $6
VolkovDmitri: folds
Uncalled bet ($6) returned to knysi
knysi collected $11.76 from pot
knysi: doesn't show hand
*** SUMMARY ***
Total pot $12 | Rake $0.24
Board [4h Js 7h As]
Seat 1: VolkovDmitri (big blind) folded on the Turn
Seat 2: knysi (button) (small blind) collected ($11.76)


PokerStars Hand #148269401744:  Hold'em Limit ($3/$6 USD) - 2016/02/05 6:43:25 ET
Table 'Alfirk' 2-max Seat #1 is the button
Seat 1: VolkovDmitri ($124.06 in chips)
Seat 2: knysi ($57.34 in chips)
VolkovDmitri: posts small blind $1
knysi: posts big blind $3
*** HOLE CARDS ***
VolkovDmitri: raises $3 to $6
knysi: calls $3
*** FLOP *** [2c Td Kc]
knysi: checks
VolkovDmitri: bets $3
knysi: folds
Uncalled bet ($3) returned to VolkovDmitri
VolkovDmitri collected $11.76 from pot
VolkovDmitri: doesn't show hand
*** SUMMARY ***
Total pot $12 | Rake $0.24
Board [2c Td Kc]
Seat 1: VolkovDmitri (button) (small blind) collected ($11.76)
Seat 2: knysi (big blind) folded on the Flop


PokerStars Hand #148269464196:  Hold'em Limit ($3/$6 USD) - 2016/02/05 6:45:13 ET
Table 'Alfirk' 2-max Seat #2 is the button
Seat 1: VolkovDmitri ($120 in chips)
Seat 2: knysi ($71.60 in chips)
knysi: posts small blind $1
VolkovDmitri: posts big blind $3
*** HOLE CARDS ***
knysi: raises $3 to $6
VolkovDmitri: calls $3
*** FLOP *** [8c 3d 8s]
VolkovDmitri: checks
knysi: bets $3
VolkovDmitri: folds
Uncalled bet ($3) returned to knysi
knysi collected $11.76 from pot
knysi: doesn't show hand
*** SUMMARY ***
Total pot $12 | Rake $0.24
Board [8c 3d 8s]
Seat 1: VolkovDmitri (big blind) folded on the Flop
Seat 2: knysi (button) (small blind) collected ($11.76)


PokerStars Hand #148269433776:  Hold'em Limit ($3/$6 USD) - 2016/02/05 6:44:20 ET
Table 'Alfirk' 2-max Seat #1 is the button
Seat 1: VolkovDmitri ($123.82 in chips)
Seat 2: knysi ($57.10 in chips)
VolkovDmitri: posts small blind $1
knysi: posts big blind $3
*** HOLE CARDS ***
VolkovDmitri: raises $3 to $6
knysi: calls $3
*** FLOP *** [2h 8h 4h]
knysi: checks
VolkovDmitri: bets $3
knysi: calls $3
*** TURN *** [2h 8h 4h] [Ks]
knysi: checks
VolkovDmitri: checks
*** RIVER *** [2h 8h 4h Ks] [2s]
knysi: bets $6
VolkovDmitri: calls $6
*** SHOW DOWN ***
knysi: shows [Kh 4s] (two pair, Kings and Fours)
VolkovDmitri: mucks hand
knysi collected $29.50 from pot
*** SUMMARY ***
Total pot $30 | Rake $0.50
Board [2h 8h 4h Ks 2s]
Seat 1: VolkovDmitri (button) (small blind) mucked
Seat 2: knysi (big blind) showed [Kh 4s] and won ($29.50) with two pair, Kings and Fours


PokerStars Hand #148269477546:  Hold'em Limit ($3/$6 USD) - 2016/02/05 6:45:35 ET
Table 'Alfirk' 2-max Seat #1 is the button
Seat 1: VolkovDmitri ($120 in chips)
Seat 2: knysi ($77.36 in chips)
VolkovDmitri: posts small blind $1
knysi: posts big blind $3
*** HOLE CARDS ***
VolkovDmitri: raises $3 to $6
knysi: calls $3
*** FLOP *** [Kd Qs 9d]
knysi: checks
VolkovDmitri: bets $3
knysi: calls $3
*** TURN *** [Kd Qs 9d] [2d]
knysi: checks
VolkovDmitri: bets $6
knysi: calls $6
*** RIVER *** [Kd Qs 9d 2d] [5h]
knysi: checks
VolkovDmitri: bets $6
knysi: raises $6 to $12
VolkovDmitri: calls $6
*** SHOW DOWN ***
knysi: shows [Kh 2h] (two pair, Kings and Deuces)
VolkovDmitri: mucks hand
knysi collected $53.50 from pot
*** SUMMARY ***
Total pot $54 | Rake $0.50
Board [Kd Qs 9d 2d 5h]
Seat 1: VolkovDmitri (button) (small blind) mucked
Seat 2: knysi (big blind) showed [Kh 2h] and won ($53.50) with two pair, Kings and Deuces


PokerStars Hand #148269495202:  Hold'em Limit ($3/$6 USD) - 2016/02/05 6:46:06 ET
Table 'Alfirk' 2-max Seat #2 is the button
Seat 1: VolkovDmitri ($120 in chips)
Seat 2: knysi ($103.86 in chips)
knysi: posts small blind $1
VolkovDmitri: posts big blind $3
*** HOLE CARDS ***
knysi: raises $3 to $6
VolkovDmitri: calls $3
*** FLOP *** [2s 8c 2d]
VolkovDmitri: checks
knysi: bets $3
VolkovDmitri: calls $3
*** TURN *** [2s 8c 2d] [5s]
VolkovDmitri: checks
knysi: bets $6
VolkovDmitri: calls $6
*** RIVER *** [2s 8c 2d 5s] [Js]
VolkovDmitri: checks
knysi: checks
*** SHOW DOWN ***
VolkovDmitri: shows [6d Kc] (a pair of Deuces)
knysi: shows [7s 8h] (two pair, Eights and Deuces)
knysi collected $29.50 from pot
*** SUMMARY ***
Total pot $30 | Rake $0.50
Board [2s 8c 2d 5s Js]
Seat 1: VolkovDmitri (big blind) showed [6d Kc] and lost with a pair of Deuces
Seat 2: knysi (button) (small blind) showed [7s 8h] and won ($29.50) with two pair, Eights and Deuces


PokerStars Hand #148269565152:  Hold'em Limit ($3/$6 USD) - 2016/02/05 6:48:05 ET
Table 'Alfirk' 2-max Seat #2 is the button
Seat 1: VolkovDmitri ($149.26 in chips)
Seat 2: knysi ($88.36 in chips)
knysi: posts small blind $1
VolkovDmitri: posts big blind $3
*** HOLE CARDS ***
knysi: raises $3 to $6
VolkovDmitri: calls $3
*** FLOP *** [Kc 9s Ac]
VolkovDmitri: checks
knysi: bets $3
VolkovDmitri: raises $3 to $6
knysi: calls $3
*** TURN *** [Kc 9s Ac] [5s]
VolkovDmitri: bets $6
knysi: calls $6
*** RIVER *** [Kc 9s Ac 5s] [Qc]
VolkovDmitri: bets $6
knysi: folds
Uncalled bet ($6) returned to VolkovDmitri
VolkovDmitri collected $35.50 from pot
VolkovDmitri: doesn't show hand
*** SUMMARY ***
Total pot $36 | Rake $0.50
Board [Kc 9s Ac 5s Qc]
Seat 1: VolkovDmitri (big blind) collected ($35.50)
Seat 2: knysi (button) (small blind) folded on the River


PokerStars Hand #148269562302:  Hold'em Limit ($3/$6 USD) - 2016/02/05 6:48:00 ET
Table 'Alfirk' 2-max Seat #1 is the button
Seat 1: VolkovDmitri ($146.26 in chips)
Seat 2: knysi ($91.36 in chips)
VolkovDmitri: posts small blind $1
knysi: posts big blind $3
*** HOLE CARDS ***
VolkovDmitri: raises $3 to $6
knysi: folds
Uncalled bet ($3) returned to VolkovDmitri
VolkovDmitri collected $6 from pot
VolkovDmitri: doesn't show hand
*** SUMMARY ***
Total pot $6 | Rake $0
Seat 1: VolkovDmitri (button) (small blind) collected ($6)
Seat 2: knysi (big blind) folded before Flop


PokerStars Hand #148269554366:  Hold'em Limit ($3/$6 USD) - 2016/02/05 6:47:47 ET
Table 'Alfirk' 2-max Seat #2 is the button
Seat 1: VolkovDmitri ($140.50 in chips)
Seat 2: knysi ($97.36 in chips)
knysi: posts small blind $1
VolkovDmitri: posts big blind $3
*** HOLE CARDS ***
knysi: raises $3 to $6
VolkovDmitri: calls $3
*** FLOP *** [6c 9h 4c]
VolkovDmitri: checks
knysi: checks
*** TURN *** [6c 9h 4c] [6s]
VolkovDmitri: bets $6
knysi: folds
Uncalled bet ($6) returned to VolkovDmitri
VolkovDmitri collected $11.76 from pot
VolkovDmitri: doesn't show hand
*** SUMMARY ***
Total pot $12 | Rake $0.24
Board [6c 9h 4c 6s]
Seat 1: VolkovDmitri (big blind) collected ($11.76)
Seat 2: knysi (button) (small blind) folded on the Turn


PokerStars Hand #148269525806:  Hold'em Limit ($3/$6 USD) - 2016/02/05 6:46:58 ET
Table 'Alfirk' 2-max Seat #1 is the button
Seat 1: VolkovDmitri ($120 in chips)
Seat 2: knysi ($118.36 in chips)
VolkovDmitri: posts small blind $1
knysi: posts big blind $3
*** HOLE CARDS ***
VolkovDmitri: raises $3 to $6
knysi: calls $3
*** FLOP *** [Ks 6h Js]
knysi: checks
VolkovDmitri: bets $3
knysi: calls $3
*** TURN *** [Ks 6h Js] [6c]
knysi: checks
VolkovDmitri: bets $6
knysi: calls $6
*** RIVER *** [Ks 6h Js 6c] [Kh]
knysi: checks
VolkovDmitri: bets $6
knysi: calls $6
*** SHOW DOWN ***
VolkovDmitri: shows [Kd Jc] (a full house, Kings full of Jacks)
knysi: mucks hand
VolkovDmitri collected $41.50 from pot
*** SUMMARY ***
Total pot $42 | Rake $0.50
Board [Ks 6h Js 6c Kh]
Seat 1: VolkovDmitri (button) (small blind) showed [Kd Jc] and won ($41.50) with a full house, Kings full of Jacks
Seat 2: knysi (big blind) mucked


PokerStars Hand #148269610755:  Hold'em Limit ($3/$6 USD) - 2016/02/05 6:49:23 ET
Table 'Alfirk' 2-max Seat #1 is the button
Seat 1: VolkovDmitri ($161.76 in chips)
Seat 2: knysi ($75.12 in chips)
VolkovDmitri: posts small blind $1
knysi: posts big blind $3
*** HOLE CARDS ***
VolkovDmitri: raises $3 to $6
knysi: folds
Uncalled bet ($3) returned to VolkovDmitri
VolkovDmitri collected $6 from pot
VolkovDmitri: doesn't show hand
*** SUMMARY ***
Total pot $6 | Rake $0
Seat 1: VolkovDmitri (button) (small blind) collected ($6)
Seat 2: knysi (big blind) folded before Flop


PokerStars Hand #148269595651:  Hold'em Limit ($3/$6 USD) - 2016/02/05 6:48:57 ET
Table 'Alfirk' 2-max Seat #2 is the button
Seat 1: VolkovDmitri ($160.76 in chips)
Seat 2: knysi ($76.12 in chips)
knysi: posts small blind $1
VolkovDmitri: posts big blind $3
*** HOLE CARDS ***
knysi: folds
Uncalled bet ($2) returned to VolkovDmitri
VolkovDmitri collected $2 from pot
VolkovDmitri: doesn't show hand
*** SUMMARY ***
Total pot $2 | Rake $0
Seat 1: VolkovDmitri (big blind) collected ($2)
Seat 2: knysi (button) (small blind) folded before Flop


PokerStars Hand #148269581399:  Hold'em Limit ($3/$6 USD) - 2016/02/05 6:48:33 ET
Table 'Alfirk' 2-max Seat #1 is the button
Seat 1: VolkovDmitri ($166.76 in chips)
Seat 2: knysi ($70.36 in chips)
VolkovDmitri: posts small blind $1
knysi: posts big blind $3
*** HOLE CARDS ***
VolkovDmitri: raises $3 to $6
knysi: calls $3
*** FLOP *** [8c 7s Jc]
knysi: checks
VolkovDmitri: checks
*** TURN *** [8c 7s Jc] [5c]
knysi: bets $6
VolkovDmitri: folds
Uncalled bet ($6) returned to knysi
knysi collected $11.76 from pot
knysi: doesn't show hand
*** SUMMARY ***
Total pot $12 | Rake $0.24
Board [8c 7s Jc 5c]
Seat 1: VolkovDmitri (button) (small blind) folded on the Turn
Seat 2: knysi (big blind) collected ($11.76)


PokerStars Hand #148269630297:  Hold'em Limit ($3/$6 USD) - 2016/02/05 6:49:57 ET
Table 'Alfirk' 2-max Seat #1 is the button
Seat 1: VolkovDmitri ($173.40 in chips)
Seat 2: knysi ($63.12 in chips)
VolkovDmitri: posts small blind $1
knysi: posts big blind $3
*** HOLE CARDS ***
VolkovDmitri: raises $3 to $6
knysi: calls $3
*** FLOP *** [Jc 3s 7h]
knysi: checks
VolkovDmitri: bets $3
knysi: calls $3
*** TURN *** [Jc 3s 7h] [Jd]
knysi: checks
VolkovDmitri: checks
*** RIVER *** [Jc 3s 7h Jd] [7s]
knysi: bets $6
VolkovDmitri: calls $6
*** SHOW DOWN ***
knysi: shows [Kh Jh] (a full house, Jacks full of Sevens)
VolkovDmitri: mucks hand
knysi collected $29.50 from pot
*** SUMMARY ***
Total pot $30 | Rake $0.50
Board [Jc 3s 7h Jd 7s]
Seat 1: VolkovDmitri (button) (small blind) mucked
Seat 2: knysi (big blind) showed [Kh Jh] and won ($29.50) with a full house, Jacks full of Sevens


PokerStars Hand #148269616540:  Hold'em Limit ($3/$6 USD) - 2016/02/05 6:49:33 ET
Table 'Alfirk' 2-max Seat #2 is the button
Seat 1: VolkovDmitri ($164.76 in chips)
Seat 2: knysi ($72.12 in chips)
knysi: posts small blind $1
VolkovDmitri: posts big blind $3
*** HOLE CARDS ***
knysi: raises $3 to $6
VolkovDmitri: raises $3 to $9
knysi: calls $3
*** FLOP *** [5s 7d Kh]
VolkovDmitri: bets $3
knysi: folds
Uncalled bet ($3) returned to VolkovDmitri
VolkovDmitri collected $17.64 from pot
VolkovDmitri: doesn't show hand
*** SUMMARY ***
Total pot $18 | Rake $0.36
Board [5s 7d Kh]
Seat 1: VolkovDmitri (big blind) collected ($17.64)
Seat 2: knysi (button) (small blind) folded on the Flop


PokerStars Hand #148269661892:  Hold'em Limit ($3/$6 USD) - 2016/02/05 6:50:52 ET
Table 'Alfirk' 2-max Seat #1 is the button
Seat 1: VolkovDmitri ($175.90 in chips)
Seat 2: knysi ($59.62 in chips)
VolkovDmitri: posts small blind $1
knysi: posts big blind $3
*** HOLE CARDS ***
VolkovDmitri: raises $3 to $6
knysi: calls $3
*** FLOP *** [8d Qs 6d]
knysi: checks
VolkovDmitri: bets $3
knysi: calls $3
*** TURN *** [8d Qs 6d] [Qc]
knysi: checks
VolkovDmitri: checks
*** RIVER *** [8d Qs 6d Qc] [Kh]
knysi: bets $6
VolkovDmitri: folds
Uncalled bet ($6) returned to knysi
knysi collected $17.64 from pot
knysi: doesn't show hand
*** SUMMARY ***
Total pot $18 | Rake $0.36
Board [8d Qs 6d Qc Kh]
Seat 1: VolkovDmitri (button) (small blind) folded on the River
Seat 2: knysi (big blind) collected ($17.64)


PokerStars Hand #148269648364:  Hold'em Limit ($3/$6 USD) - 2016/02/05 6:50:28 ET
Table 'Alfirk' 2-max Seat #2 is the button
Seat 1: VolkovDmitri ($158.40 in chips)
Seat 2: knysi ($77.62 in chips)
knysi: posts small blind $1
VolkovDmitri: posts big blind $3
*** HOLE CARDS ***
knysi: raises $3 to $6
VolkovDmitri: calls $3
*** FLOP *** [Ah 3d Qc]
VolkovDmitri: checks
knysi: checks
*** TURN *** [Ah 3d Qc] [Jd]
VolkovDmitri: bets $6
knysi: calls $6
*** RIVER *** [Ah 3d Qc Jd] [Ac]
VolkovDmitri: bets $6
knysi: calls $6
*** SHOW DOWN ***
VolkovDmitri: shows [6d Qd] (two pair, Aces and Queens)
knysi: mucks hand
VolkovDmitri collected $35.50 from pot
*** SUMMARY ***
Total pot $36 | Rake $0.50
Board [Ah 3d Qc Jd Ac]
Seat 1: VolkovDmitri (big blind) showed [6d Qd] and won ($35.50) with two pair, Aces and Queens
Seat 2: knysi (button) (small blind) mucked


PokerStars Hand #148269700502:  Hold'em Limit ($3/$6 USD) - 2016/02/05 6:51:58 ET
Table 'Alfirk' 2-max Seat #1 is the button
Seat 1: VolkovDmitri ($160.90 in chips)
Seat 2: knysi ($74.02 in chips)
VolkovDmitri: posts small blind $1
knysi: posts big blind $3
*** HOLE CARDS ***
VolkovDmitri: folds
Uncalled bet ($2) returned to knysi
knysi collected $2 from pot
knysi: doesn't show hand
*** SUMMARY ***
Total pot $2 | Rake $0
Seat 1: VolkovDmitri (button) (small blind) folded before Flop
Seat 2: knysi (big blind) collected ($2)


PokerStars Hand #148269687287:  Hold'em Limit ($3/$6 USD) - 2016/02/05 6:51:35 ET
Table 'Alfirk' 2-max Seat #2 is the button
Seat 1: VolkovDmitri ($166.90 in chips)
Seat 2: knysi ($68.26 in chips)
knysi: posts small blind $1
VolkovDmitri: posts big blind $3
*** HOLE CARDS ***
knysi: raises $3 to $6
VolkovDmitri: calls $3
*** FLOP *** [Th Kh 4h]
VolkovDmitri: checks
knysi: bets $3
VolkovDmitri: folds
Uncalled bet ($3) returned to knysi
knysi collected $11.76 from pot
knysi: doesn't show hand
*** SUMMARY ***
Total pot $12 | Rake $0.24
Board [Th Kh 4h]
Seat 1: VolkovDmitri (big blind) folded on the Flop
Seat 2: knysi (button) (small blind) collected ($11.76)


PokerStars Hand #148269706818:  Hold'em Limit ($3/$6 USD) - 2016/02/05 6:52:09 ET
Table 'Alfirk' 2-max Seat #2 is the button
Seat 1: VolkovDmitri ($159.90 in chips)
Seat 2: knysi ($75.02 in chips)
knysi: posts small blind $1
VolkovDmitri: posts big blind $3
*** HOLE CARDS ***
knysi: raises $3 to $6
VolkovDmitri: calls $3
*** FLOP *** [2s 5s 5c]
VolkovDmitri: checks
knysi: bets $3
VolkovDmitri: raises $3 to $6
knysi: calls $3
*** TURN *** [2s 5s 5c] [7d]
VolkovDmitri: bets $6
knysi: calls $6
*** RIVER *** [2s 5s 5c 7d] [8c]
VolkovDmitri: bets $6
knysi: calls $6
*** SHOW DOWN ***
VolkovDmitri: shows [8s 6c] (two pair, Eights and Fives)
knysi: mucks hand
VolkovDmitri collected $47.50 from pot
*** SUMMARY ***
Total pot $48 | Rake $0.50
Board [2s 5s 5c 7d 8c]
Seat 1: VolkovDmitri (big blind) showed [8s 6c] and won ($47.50) with two pair, Eights and Fives
Seat 2: knysi (button) (small blind) mucked


PokerStars Hand #148269734109:  Hold'em Limit ($3/$6 USD) - 2016/02/05 6:52:56 ET
Table 'Alfirk' 2-max Seat #1 is the button
Seat 1: VolkovDmitri ($183.40 in chips)
Seat 2: knysi ($51.02 in chips)
VolkovDmitri: posts small blind $1
knysi: posts big blind $3
*** HOLE CARDS ***
VolkovDmitri: raises $3 to $6
knysi: calls $3
*** FLOP *** [Ad 6h 2c]
knysi: checks
VolkovDmitri: bets $3
knysi: folds
Uncalled bet ($3) returned to VolkovDmitri
VolkovDmitri collected $11.76 from pot
VolkovDmitri: doesn't show hand
*** SUMMARY ***
Total pot $12 | Rake $0.24
Board [Ad 6h 2c]
Seat 1: VolkovDmitri (button) (small blind) collected ($11.76)
Seat 2: knysi (big blind) folded on the Flop


PokerStars Hand #148269744453:  Hold'em Limit ($3/$6 USD) - 2016/02/05 6:53:14 ET
Table 'Alfirk' 2-max Seat #2 is the button
Seat 1: VolkovDmitri ($189.16 in chips)
Seat 2: knysi ($45.02 in chips)
knysi: posts small blind $1
VolkovDmitri: posts big blind $3
*** HOLE CARDS ***
knysi: raises $3 to $6
VolkovDmitri: calls $3
*** FLOP *** [8h Jc 4c]
VolkovDmitri: bets $3
knysi: calls $3
*** TURN *** [8h Jc 4c] [Td]
VolkovDmitri: checks
knysi: bets $6
VolkovDmitri: folds
Uncalled bet ($6) returned to knysi
knysi collected $17.64 from pot
knysi: doesn't show hand
*** SUMMARY ***
Total pot $18 | Rake $0.36
Board [8h Jc 4c Td]
Seat 1: VolkovDmitri (big blind) folded on the Turn
Seat 2: knysi (button) (small blind) collected ($17.64)


PokerStars Hand #148269763752:  Hold'em Limit ($3/$6 USD) - 2016/02/05 6:53:47 ET
Table 'Alfirk' 2-max Seat #1 is the button
Seat 1: VolkovDmitri ($180.16 in chips)
Seat 2: knysi ($53.66 in chips)
VolkovDmitri: posts small blind $1
knysi: posts big blind $3
*** HOLE CARDS ***
VolkovDmitri: raises $3 to $6
knysi: calls $3
*** FLOP *** [8c Js 4d]
knysi: checks
VolkovDmitri: bets $3
knysi: calls $3
*** TURN *** [8c Js 4d] [6s]
knysi: checks
VolkovDmitri: checks
*** RIVER *** [8c Js 4d 6s] [9s]
knysi: checks
VolkovDmitri: checks
*** SHOW DOWN ***
knysi: shows [Qd 5c] (high card Queen)
VolkovDmitri: shows [Th Kc] (high card King)
VolkovDmitri collected $17.64 from pot
*** SUMMARY ***
Total pot $18 | Rake $0.36
Board [8c Js 4d 6s 9s]
Seat 1: VolkovDmitri (button) (small blind) showed [Th Kc] and won ($17.64) with high card King
Seat 2: knysi (big blind) showed [Qd 5c] and lost with high card Queen


PokerStars Hand #148269777165:  Hold'em Limit ($3/$6 USD) - 2016/02/05 6:54:10 ET
Table 'Alfirk' 2-max Seat #1 is the button
Seat 1: VolkovDmitri ($189.80 in chips)
Seat 2: knysi ($43.66 in chips)
VolkovDmitri: posts small blind $1
knysi: posts big blind $3
*** HOLE CARDS ***
VolkovDmitri: folds
Uncalled bet ($2) returned to knysi
knysi collected $2 from pot
knysi: doesn't show hand
*** SUMMARY ***
Total pot $2 | Rake $0
Seat 1: VolkovDmitri (button) (small blind) folded before Flop
Seat 2: knysi (big blind) collected ($2)


PokerStars Hand #148269774272:  Hold'em Limit ($3/$6 USD) - 2016/02/05 6:54:05 ET
Table 'Alfirk' 2-max Seat #2 is the button
Seat 1: VolkovDmitri ($188.80 in chips)
Seat 2: knysi ($44.66 in chips)
knysi: posts small blind $1
VolkovDmitri: posts big blind $3
*** HOLE CARDS ***
knysi: folds
Uncalled bet ($2) returned to VolkovDmitri
VolkovDmitri collected $2 from pot
VolkovDmitri: doesn't show hand
*** SUMMARY ***
Total pot $2 | Rake $0
Seat 1: VolkovDmitri (big blind) collected ($2)
Seat 2: knysi (button) (small blind) folded before Flop


PokerStars Hand #148269780330:  Hold'em Limit ($3/$6 USD) - 2016/02/05 6:54:16 ET
Table 'Alfirk' 2-max Seat #2 is the button
Seat 1: VolkovDmitri ($188.80 in chips)
Seat 2: knysi ($44.66 in chips)
knysi: posts small blind $1
VolkovDmitri: posts big blind $3
*** HOLE CARDS ***
knysi: raises $3 to $6
VolkovDmitri: calls $3
*** FLOP *** [7h As Ad]
VolkovDmitri: checks
knysi: bets $3
VolkovDmitri: folds
Uncalled bet ($3) returned to knysi
knysi collected $11.76 from pot
knysi: doesn't show hand
*** SUMMARY ***
Total pot $12 | Rake $0.24
Board [7h As Ad]
Seat 1: VolkovDmitri (big blind) folded on the Flop
Seat 2: knysi (button) (small blind) collected ($11.76)


PokerStars Hand #148269788549:  Hold'em Limit ($3/$6 USD) - 2016/02/05 6:54:30 ET
Table 'Alfirk' 2-max Seat #1 is the button
Seat 1: VolkovDmitri ($182.80 in chips)
Seat 2: knysi ($50.42 in chips)
VolkovDmitri: posts small blind $1
knysi: posts big blind $3
*** HOLE CARDS ***
VolkovDmitri: raises $3 to $6
knysi: calls $3
*** FLOP *** [4s 6h Ac]
knysi: checks
VolkovDmitri: bets $3
knysi: calls $3
*** TURN *** [4s 6h Ac] [Th]
knysi: checks
VolkovDmitri: bets $6
knysi: folds
Uncalled bet ($6) returned to VolkovDmitri
VolkovDmitri collected $17.64 from pot
VolkovDmitri: doesn't show hand
*** SUMMARY ***
Total pot $18 | Rake $0.36
Board [4s 6h Ac Th]
Seat 1: VolkovDmitri (button) (small blind) collected ($17.64)
Seat 2: knysi (big blind) folded on the Turn


PokerStars Hand #148269797361:  Hold'em Limit ($3/$6 USD) - 2016/02/05 6:54:45 ET
Table 'Alfirk' 2-max Seat #2 is the button
Seat 1: VolkovDmitri ($191.44 in chips)
Seat 2: knysi ($41.42 in chips)
knysi: posts small blind $1
VolkovDmitri: posts big blind $3
*** HOLE CARDS ***
knysi: raises $3 to $6
VolkovDmitri: folds
Uncalled bet ($3) returned to knysi
knysi collected $6 from pot
knysi: doesn't show hand
*** SUMMARY ***
Total pot $6 | Rake $0
Seat 1: VolkovDmitri (big blind) folded before Flop
Seat 2: knysi (button) (small blind) collected ($6)


PokerStars Hand #148269800878:  Hold'em Limit ($3/$6 USD) - 2016/02/05 6:54:51 ET
Table 'Alfirk' 2-max Seat #1 is the button
Seat 1: VolkovDmitri ($188.44 in chips)
Seat 2: knysi ($44.42 in chips)
VolkovDmitri: posts small blind $1
knysi: posts big blind $3
*** HOLE CARDS ***
VolkovDmitri: raises $3 to $6
knysi: calls $3
*** FLOP *** [7h 2c Jh]
knysi: checks
VolkovDmitri: bets $3
knysi: calls $3
*** TURN *** [7h 2c Jh] [Qc]
knysi: checks
VolkovDmitri: bets $6
knysi: calls $6
*** RIVER *** [7h 2c Jh Qc] [4h]
knysi: checks
VolkovDmitri: checks
*** SHOW DOWN ***
knysi: shows [Jd 3c] (a pair of Jacks)
VolkovDmitri: mucks hand
knysi collected $29.50 from pot
*** SUMMARY ***
Total pot $30 | Rake $0.50
Board [7h 2c Jh Qc 4h]
Seat 1: VolkovDmitri (button) (small blind) mucked
Seat 2: knysi (big blind) showed [Jd 3c] and won ($29.50) with a pair of Jacks


PokerStars Hand #148269814441:  Hold'em Limit ($3/$6 USD) - 2016/02/05 6:55:15 ET
Table 'Alfirk' 2-max Seat #2 is the button
Seat 1: VolkovDmitri ($173.44 in chips)
Seat 2: knysi ($58.92 in chips)
knysi: posts small blind $1
VolkovDmitri: posts big blind $3
*** HOLE CARDS ***
knysi: folds
Uncalled bet ($2) returned to VolkovDmitri
VolkovDmitri collected $2 from pot
VolkovDmitri: doesn't show hand
*** SUMMARY ***
Total pot $2 | Rake $0
Seat 1: VolkovDmitri (big blind) collected ($2)
Seat 2: knysi (button) (small blind) folded before Flop


PokerStars Hand #148269816859:  Hold'em Limit ($3/$6 USD) - 2016/02/05 6:55:19 ET
Table 'Alfirk' 2-max Seat #1 is the button
Seat 1: VolkovDmitri ($174.44 in chips)
Seat 2: knysi ($57.92 in chips)
VolkovDmitri: posts small blind $1
knysi: posts big blind $3
*** HOLE CARDS ***
VolkovDmitri: raises $3 to $6
knysi: calls $3
*** FLOP *** [8h 5c Ad]
knysi: checks
VolkovDmitri: bets $3
knysi: calls $3
*** TURN *** [8h 5c Ad] [2c]
knysi: checks
VolkovDmitri: bets $6
knysi: raises $6 to $12
VolkovDmitri: raises $6 to $18
knysi: raises $6 to $24
Betting is capped
VolkovDmitri: calls $6
*** RIVER *** [8h 5c Ad 2c] [Qh]
knysi: bets $6
VolkovDmitri: raises $6 to $12
knysi: calls $6
*** SHOW DOWN ***
VolkovDmitri: shows [3s 4d] (a straight, Ace to Five)
knysi: mucks hand
VolkovDmitri collected $89.50 from pot
*** SUMMARY ***
Total pot $90 | Rake $0.50
Board [8h 5c Ad 2c Qh]
Seat 1: VolkovDmitri (button) (small blind) showed [3s 4d] and won ($89.50) with a straight, Ace to Five
Seat 2: knysi (big blind) mucked


PokerStars Hand #148269844158:  Hold'em Limit ($3/$6 USD) - 2016/02/05 6:56:15 ET
Table 'Alfirk' 2-max Seat #2 is the button
Seat 1: VolkovDmitri ($218.94 in chips)
Seat 2: knysi ($12.92 in chips)
knysi: posts small blind $1
VolkovDmitri: posts big blind $3
*** HOLE CARDS ***
knysi: raises $3 to $6
VolkovDmitri: raises $3 to $9
knysi: calls $3
*** FLOP *** [Ks Kd 3d]
VolkovDmitri: bets $3
knysi: folds
Uncalled bet ($3) returned to VolkovDmitri
VolkovDmitri collected $17.64 from pot
VolkovDmitri: doesn't show hand
*** SUMMARY ***
Total pot $18 | Rake $0.36
Board [Ks Kd 3d]
Seat 1: VolkovDmitri (big blind) collected ($17.64)
Seat 2: knysi (button) (small blind) folded on the Flop


PokerStars Hand #148269850950:  Hold'em Limit ($3/$6 USD) - 2016/02/05 6:56:29 ET
Table 'Alfirk' 2-max Seat #1 is the button
Seat 1: VolkovDmitri ($227.58 in chips)
Seat 2: knysi ($3.92 in chips)
VolkovDmitri: posts small blind $1
knysi: posts big blind $3
*** HOLE CARDS ***
VolkovDmitri: raises $3 to $6
knysi: calls $0.92 and is all-in
Uncalled bet ($2.08) returned to VolkovDmitri
*** FLOP *** [6d 6s Kh]
*** TURN *** [6d 6s Kh] [8h]
*** RIVER *** [6d 6s Kh 8h] [5c]
*** SHOW DOWN ***
knysi: shows [Jc 8c] (two pair, Eights and Sixes)
VolkovDmitri: shows [5h 8d] (two pair, Eights and Sixes)
knysi collected $3.84 from pot
VolkovDmitri collected $3.84 from pot
*** SUMMARY ***
Total pot $7.84 | Rake $0.16
Board [6d 6s Kh 8h 5c]
Seat 1: VolkovDmitri (button) (small blind) showed [5h 8d] and won ($3.84) with two pair, Eights and Sixes
Seat 2: knysi (big blind) showed [Jc 8c] and won ($3.84) with two pair, Eights and Sixes


PokerStars Hand #148269857486:  Hold'em Limit ($3/$6 USD) - 2016/02/05 6:56:42 ET
Table 'Alfirk' 2-max Seat #2 is the button
Seat 1: VolkovDmitri ($227.50 in chips)
Seat 2: knysi ($3.84 in chips)
knysi: posts small blind $1
VolkovDmitri: posts big blind $3
*** HOLE CARDS ***
knysi: raises $0.84 to $3.84 and is all-in
VolkovDmitri: calls $0.84
*** FLOP *** [5c Jc 4c]
*** TURN *** [5c Jc 4c] [8s]
*** RIVER *** [5c Jc 4c 8s] [Ad]
*** SHOW DOWN ***
VolkovDmitri: shows [9c Qh] (high card Ace)
knysi: shows [Js Th] (a pair of Jacks)
knysi collected $7.53 from pot
*** SUMMARY ***
Total pot $7.68 | Rake $0.15
Board [5c Jc 4c 8s Ad]
Seat 1: VolkovDmitri (big blind) showed [9c Qh] and lost with high card Ace
Seat 2: knysi (button) (small blind) showed [Js Th] and won ($7.53) with a pair of Jacks


PokerStars Hand #148269863456:  Hold'em Limit ($3/$6 USD) - 2016/02/05 6:56:54 ET
Table 'Alfirk' 2-max Seat #1 is the button
Seat 1: VolkovDmitri ($223.66 in chips)
Seat 2: knysi ($7.53 in chips)
VolkovDmitri: posts small blind $1
knysi: posts big blind $3
*** HOLE CARDS ***
VolkovDmitri: raises $3 to $6
knysi: raises $1.53 to $7.53 and is all-in
VolkovDmitri: calls $1.53
*** FLOP *** [3s 8s 4c]
*** TURN *** [3s 8s 4c] [Qs]
*** RIVER *** [3s 8s 4c Qs] [Ah]
*** SHOW DOWN ***
knysi: shows [6c 4s] (a pair of Fours)
VolkovDmitri: shows [9c 9h] (a pair of Nines)
VolkovDmitri collected $14.76 from pot
*** SUMMARY ***
Total pot $15.06 | Rake $0.30
Board [3s 8s 4c Qs Ah]
Seat 1: VolkovDmitri (button) (small blind) showed [9c 9h] and won ($14.76) with a pair of Nines
Seat 2: knysi (big blind) showed [6c 4s] and lost with a pair of Fours


