PokerStars Hand #150869679928:  Hold'em Limit ($3/$6 USD) - 2016/03/24 16:43:27 ET
Table 'Alfreda' 6-max Seat #4 is the button
Seat 2: sussie118 ($43.47 in chips)
Seat 4: Azrarn ($114 in chips)
Azrarn: posts small blind $1
sussie118: posts big blind $3
*** HOLE CARDS ***
Azrarn: raises $3 to $6
sussie118: calls $3
*** FLOP *** [9h 8c Qs]
KingYang2008 joins the table at seat #3
sussie118: checks
Azrarn: bets $3
sussie118: folds
Uncalled bet ($3) returned to Azrarn
Azrarn collected $11.76 from pot
Azrarn: doesn't show hand
*** SUMMARY ***
Total pot $12 | Rake $0.24
Board [9h 8c Qs]
Seat 2: sussie118 (big blind) folded on the Flop
Seat 4: Azrarn (button) (small blind) collected ($11.76)


PokerStars Hand #150869649271:  Hold'em Limit ($3/$6 USD) - 2016/03/24 16:42:55 ET
Table 'Alfreda' 6-max Seat #2 is the button
Seat 2: sussie118 ($37.71 in chips)
Seat 4: Azrarn ($120 in chips)
sussie118: posts small blind $1
Azrarn: posts big blind $3
*** HOLE CARDS ***
sussie118: raises $3 to $6
Azrarn: calls $3
*** FLOP *** [5c 4c 3c]
Azrarn: checks
sussie118: bets $3
Azrarn: folds
Uncalled bet ($3) returned to sussie118
sussie118 collected $11.76 from pot
*** SUMMARY ***
Total pot $12 | Rake $0.24
Board [5c 4c 3c]
Seat 2: sussie118 (button) (small blind) collected ($11.76)
Seat 4: Azrarn (big blind) folded on the Flop


PokerStars Hand #150870962964:  Hold'em Limit ($3/$6 USD) - 2016/03/24 17:04:42 ET
Table 'Alfreda' 6-max Seat #3 is the button
Seat 2: BuzovaPro ($72 in chips)
Seat 3: bentinck113 ($95 in chips)
bentinck113: posts small blind $1
ToDaFelt: is sitting out
BuzovaPro: posts big blind $3
*** HOLE CARDS ***
ToDaFelt leaves the table
bentinck113: calls $2
BuzovaPro: checks
*** FLOP *** [Ad 8c Tc]
BuzovaPro: checks
bentinck113: bets $3
eldanis leaves the table
BuzovaPro: folds
Uncalled bet ($3) returned to bentinck113
bentinck113 collected $5.88 from pot
bentinck113: doesn't show hand
*** SUMMARY ***
Total pot $6 | Rake $0.12
Board [Ad 8c Tc]
Seat 2: BuzovaPro (big blind) folded on the Flop
Seat 3: bentinck113 (button) (small blind) collected ($5.88)


