PokerStars Hand #149171007222:  Hold'em Limit ($3/$6 USD) - 2016/02/21 8:02:06 ET
Table 'Algebar II' 6-max Seat #4 is the button
Seat 3: poooohpooh ($90 in chips)
Seat 4: Agrotait ($101.50 in chips)
Agrotait: posts small blind $1
poooohpooh: posts big blind $3
*** HOLE CARDS ***
Agrotait: folds
Uncalled bet ($2) returned to poooohpooh
poooohpooh collected $2 from pot
poooohpooh: doesn't show hand
*** SUMMARY ***
Total pot $2 | Rake $0
Seat 3: poooohpooh (big blind) collected ($2)
Seat 4: Agrotait (button) (small blind) folded before Flop


PokerStars Hand #149170985388:  Hold'em Limit ($3/$6 USD) - 2016/02/21 8:01:36 ET
Table 'Algebar II' 6-max Seat #3 is the button
Seat 3: poooohpooh ($120 in chips)
Seat 4: Agrotait ($72 in chips)
poooohpooh: posts small blind $1
Agrotait: posts big blind $3
*** HOLE CARDS ***
poooohpooh: raises $3 to $6
Agrotait: raises $3 to $9
poooohpooh: raises $3 to $12
Betting is capped
Agrotait: calls $3
*** FLOP *** [3c 9c 6c]
Agrotait: checks
poooohpooh: bets $3
Agrotait: raises $3 to $6
poooohpooh: calls $3
*** TURN *** [3c 9c 6c] [6s]
Agrotait: bets $6
poooohpooh: calls $6
*** RIVER *** [3c 9c 6c 6s] [Td]
Agrotait: bets $6
poooohpooh: calls $6
*** SHOW DOWN ***
Agrotait: shows [6d 6h] (four of a kind, Sixes)
poooohpooh: mucks hand
Agrotait collected $59.50 from pot
*** SUMMARY ***
Total pot $60 | Rake $0.50
Board [3c 9c 6c 6s Td]
Seat 3: poooohpooh (button) (small blind) mucked
Seat 4: Agrotait (big blind) showed [6d 6h] and won ($59.50) with four of a kind, Sixes


PokerStars Hand #149171038163:  Hold'em Limit ($3/$6 USD) - 2016/02/21 8:02:48 ET
Table 'Algebar II' 6-max Seat #3 is the button
Seat 3: poooohpooh ($100.64 in chips)
Seat 4: Agrotait ($90.50 in chips)
poooohpooh: posts small blind $1
Agrotait: posts big blind $3
*** HOLE CARDS ***
poooohpooh: raises $3 to $6
Agrotait: calls $3
*** FLOP *** [6d 9h 3s]
Agrotait: checks
poooohpooh: bets $3
Agrotait: raises $3 to $6
poooohpooh: calls $3
*** TURN *** [6d 9h 3s] [Kd]
Agrotait: checks
poooohpooh: checks
*** RIVER *** [6d 9h 3s Kd] [Ac]
Agrotait: checks
poooohpooh: checks
*** SHOW DOWN ***
Agrotait: shows [8h 6c] (a pair of Sixes)
poooohpooh: mucks hand
Agrotait collected $23.52 from pot
*** SUMMARY ***
Total pot $24 | Rake $0.48
Board [6d 9h 3s Kd Ac]
Seat 3: poooohpooh (button) (small blind) mucked
Seat 4: Agrotait (big blind) showed [8h 6c] and won ($23.52) with a pair of Sixes


PokerStars Hand #149171034838:  Hold'em Limit ($3/$6 USD) - 2016/02/21 8:02:44 ET
Table 'Algebar II' 6-max Seat #4 is the button
Seat 3: poooohpooh ($99.64 in chips)
Seat 4: Agrotait ($91.50 in chips)
Agrotait: posts small blind $1
poooohpooh: posts big blind $3
*** HOLE CARDS ***
Agrotait: folds
Uncalled bet ($2) returned to poooohpooh
poooohpooh collected $2 from pot
poooohpooh: doesn't show hand
*** SUMMARY ***
Total pot $2 | Rake $0
Seat 3: poooohpooh (big blind) collected ($2)
Seat 4: Agrotait (button) (small blind) folded before Flop


PokerStars Hand #149171016848:  Hold'em Limit ($3/$6 USD) - 2016/02/21 8:02:19 ET
Table 'Algebar II' 6-max Seat #3 is the button
Seat 3: poooohpooh ($91 in chips)
Seat 4: Agrotait ($100.50 in chips)
poooohpooh: posts small blind $1
Agrotait: posts big blind $3
*** HOLE CARDS ***
poooohpooh: raises $3 to $6
Agrotait: calls $3
*** FLOP *** [5s 6d Tc]
Agrotait: checks
poooohpooh: bets $3
Agrotait: calls $3
*** TURN *** [5s 6d Tc] [6s]
Agrotait: checks
poooohpooh: bets $6
Agrotait: folds
Uncalled bet ($6) returned to poooohpooh
poooohpooh collected $17.64 from pot
poooohpooh: doesn't show hand
*** SUMMARY ***
Total pot $18 | Rake $0.36
Board [5s 6d Tc 6s]
Seat 3: poooohpooh (button) (small blind) collected ($17.64)
Seat 4: Agrotait (big blind) folded on the Turn


PokerStars Hand #149171098077:  Hold'em Limit ($3/$6 USD) - 2016/02/21 8:04:09 ET
Table 'Algebar II' 6-max Seat #3 is the button
Seat 3: poooohpooh ($132.54 in chips)
Seat 4: Agrotait ($72 in chips)
poooohpooh: posts small blind $1
Agrotait: posts big blind $3
*** HOLE CARDS ***
poooohpooh: folds
Uncalled bet ($2) returned to Agrotait
Agrotait collected $2 from pot
Agrotait: doesn't show hand
*** SUMMARY ***
Total pot $2 | Rake $0
Seat 3: poooohpooh (button) (small blind) folded before Flop
Seat 4: Agrotait (big blind) collected ($2)


PokerStars Hand #149171079943:  Hold'em Limit ($3/$6 USD) - 2016/02/21 8:03:45 ET
Table 'Algebar II' 6-max Seat #4 is the button
Seat 3: poooohpooh ($103.04 in chips)
Seat 4: Agrotait ($87.02 in chips)
Agrotait: posts small blind $1
poooohpooh: posts big blind $3
*** HOLE CARDS ***
Agrotait: raises $3 to $6
poooohpooh: raises $3 to $9
Agrotait: calls $3
*** FLOP *** [6c Kh 5d]
poooohpooh: bets $3
Agrotait: raises $3 to $6
poooohpooh: raises $3 to $9
Agrotait: calls $3
*** TURN *** [6c Kh 5d] [As]
poooohpooh: bets $6
Agrotait: calls $6
*** RIVER *** [6c Kh 5d As] [7h]
poooohpooh: bets $6
Agrotait: calls $6
*** SHOW DOWN ***
poooohpooh: shows [Ac Tc] (a pair of Aces)
Agrotait: mucks hand
poooohpooh collected $59.50 from pot
*** SUMMARY ***
Total pot $60 | Rake $0.50
Board [6c Kh 5d As 7h]
Seat 3: poooohpooh (big blind) showed [Ac Tc] and won ($59.50) with a pair of Aces
Seat 4: Agrotait (button) (small blind) mucked


PokerStars Hand #149171065834:  Hold'em Limit ($3/$6 USD) - 2016/02/21 8:03:26 ET
Table 'Algebar II' 6-max Seat #3 is the button
Seat 3: poooohpooh ($97.28 in chips)
Seat 4: Agrotait ($93.02 in chips)
poooohpooh: posts small blind $1
Agrotait: posts big blind $3
*** HOLE CARDS ***
poooohpooh: raises $3 to $6
Agrotait: calls $3
*** FLOP *** [4h Ad 6s]
Agrotait: checks
poooohpooh: bets $3
Agrotait: folds
Uncalled bet ($3) returned to poooohpooh
poooohpooh collected $11.76 from pot
poooohpooh: doesn't show hand
*** SUMMARY ***
Total pot $12 | Rake $0.24
Board [4h Ad 6s]
Seat 3: poooohpooh (button) (small blind) collected ($11.76)
Seat 4: Agrotait (big blind) folded on the Flop


PokerStars Hand #149171055501:  Hold'em Limit ($3/$6 USD) - 2016/02/21 8:03:12 ET
Table 'Algebar II' 6-max Seat #4 is the button
Seat 3: poooohpooh ($88.64 in chips)
Seat 4: Agrotait ($102.02 in chips)
Agrotait: posts small blind $1
poooohpooh: posts big blind $3
*** HOLE CARDS ***
Agrotait: raises $3 to $6
poooohpooh: raises $3 to $9
Agrotait: calls $3
*** FLOP *** [Ts 9c Ad]
poooohpooh: bets $3
Agrotait: folds
Uncalled bet ($3) returned to poooohpooh
poooohpooh collected $17.64 from pot
poooohpooh: doesn't show hand
*** SUMMARY ***
Total pot $18 | Rake $0.36
Board [Ts 9c Ad]
Seat 3: poooohpooh (big blind) collected ($17.64)
Seat 4: Agrotait (button) (small blind) folded on the Flop


PokerStars Hand #149171140307:  Hold'em Limit ($3/$6 USD) - 2016/02/21 8:05:06 ET
Table 'Algebar II' 6-max Seat #3 is the button
Seat 3: poooohpooh ($110.30 in chips)
Seat 4: Agrotait ($93.50 in chips)
poooohpooh: posts small blind $1
Agrotait: posts big blind $3
*** HOLE CARDS ***
poooohpooh: folds
Uncalled bet ($2) returned to Agrotait
Agrotait collected $2 from pot
Agrotait: doesn't show hand
*** SUMMARY ***
Total pot $2 | Rake $0
Seat 3: poooohpooh (button) (small blind) folded before Flop
Seat 4: Agrotait (big blind) collected ($2)


PokerStars Hand #149171134836:  Hold'em Limit ($3/$6 USD) - 2016/02/21 8:04:59 ET
Table 'Algebar II' 6-max Seat #4 is the button
Seat 3: poooohpooh ($113.30 in chips)
Seat 4: Agrotait ($90.50 in chips)
Agrotait: posts small blind $1
poooohpooh: posts big blind $3
*** HOLE CARDS ***
Agrotait: raises $3 to $6
poooohpooh: folds
Uncalled bet ($3) returned to Agrotait
Agrotait collected $6 from pot
Agrotait: doesn't show hand
*** SUMMARY ***
Total pot $6 | Rake $0
Seat 3: poooohpooh (big blind) folded before Flop
Seat 4: Agrotait (button) (small blind) collected ($6)


PokerStars Hand #149171119558:  Hold'em Limit ($3/$6 USD) - 2016/02/21 8:04:38 ET
Table 'Algebar II' 6-max Seat #3 is the button
Seat 3: poooohpooh ($137.30 in chips)
Seat 4: Agrotait ($67 in chips)
poooohpooh: posts small blind $1
Agrotait: posts big blind $3
*** HOLE CARDS ***
poooohpooh: raises $3 to $6
Agrotait: calls $3
*** FLOP *** [Kh 5s 6h]
Agrotait: checks
poooohpooh: bets $3
Agrotait: raises $3 to $6
poooohpooh: calls $3
*** TURN *** [Kh 5s 6h] [3c]
Agrotait: bets $6
poooohpooh: calls $6
*** RIVER *** [Kh 5s 6h 3c] [Js]
Agrotait: bets $6
poooohpooh: calls $6
*** SHOW DOWN ***
Agrotait: shows [6d 5c] (two pair, Sixes and Fives)
poooohpooh: mucks hand
Agrotait collected $47.50 from pot
*** SUMMARY ***
Total pot $48 | Rake $0.50
Board [Kh 5s 6h 3c Js]
Seat 3: poooohpooh (button) (small blind) mucked
Seat 4: Agrotait (big blind) showed [6d 5c] and won ($47.50) with two pair, Sixes and Fives


PokerStars Hand #149171115509:  Hold'em Limit ($3/$6 USD) - 2016/02/21 8:04:33 ET
Table 'Algebar II' 6-max Seat #4 is the button
Seat 3: poooohpooh ($136.30 in chips)
Seat 4: Agrotait ($68 in chips)
Agrotait: posts small blind $1
poooohpooh: posts big blind $3
*** HOLE CARDS ***
Agrotait: folds
Uncalled bet ($2) returned to poooohpooh
poooohpooh collected $2 from pot
poooohpooh: doesn't show hand
*** SUMMARY ***
Total pot $2 | Rake $0
Seat 3: poooohpooh (big blind) collected ($2)
Seat 4: Agrotait (button) (small blind) folded before Flop


PokerStars Hand #149171111633:  Hold'em Limit ($3/$6 USD) - 2016/02/21 8:04:27 ET
Table 'Algebar II' 6-max Seat #3 is the button
Seat 3: poooohpooh ($137.30 in chips)
Seat 4: Agrotait ($67 in chips)
poooohpooh: posts small blind $1
Agrotait: posts big blind $3
*** HOLE CARDS ***
poooohpooh: folds
Uncalled bet ($2) returned to Agrotait
Agrotait collected $2 from pot
Agrotait: doesn't show hand
*** SUMMARY ***
Total pot $2 | Rake $0
Seat 3: poooohpooh (button) (small blind) folded before Flop
Seat 4: Agrotait (big blind) collected ($2)


PokerStars Hand #149171102087:  Hold'em Limit ($3/$6 USD) - 2016/02/21 8:04:15 ET
Table 'Algebar II' 6-max Seat #4 is the button
Seat 3: poooohpooh ($131.54 in chips)
Seat 4: Agrotait ($73 in chips)
Agrotait: posts small blind $1
poooohpooh: posts big blind $3
*** HOLE CARDS ***
Agrotait: calls $2
poooohpooh: raises $3 to $6
Agrotait: calls $3
*** FLOP *** [Kd 3h 9s]
poooohpooh: bets $3
Agrotait: folds
Uncalled bet ($3) returned to poooohpooh
poooohpooh collected $11.76 from pot
poooohpooh: doesn't show hand
*** SUMMARY ***
Total pot $12 | Rake $0.24
Board [Kd 3h 9s]
Seat 3: poooohpooh (big blind) collected ($11.76)
Seat 4: Agrotait (button) (small blind) folded on the Flop


PokerStars Hand #149171186842:  Hold'em Limit ($3/$6 USD) - 2016/02/21 8:06:07 ET
Table 'Algebar II' 6-max Seat #3 is the button
Seat 3: poooohpooh ($111.58 in chips)
Seat 4: Agrotait ($91 in chips)
poooohpooh: posts small blind $1
Agrotait: posts big blind $3
*** HOLE CARDS ***
poooohpooh: folds
Uncalled bet ($2) returned to Agrotait
Agrotait collected $2 from pot
Agrotait: doesn't show hand
*** SUMMARY ***
Total pot $2 | Rake $0
Seat 3: poooohpooh (button) (small blind) folded before Flop
Seat 4: Agrotait (big blind) collected ($2)


PokerStars Hand #149171171173:  Hold'em Limit ($3/$6 USD) - 2016/02/21 8:05:47 ET
Table 'Algebar II' 6-max Seat #4 is the button
Seat 3: poooohpooh ($126.58 in chips)
Seat 4: Agrotait ($76.50 in chips)
Agrotait: posts small blind $1
poooohpooh: posts big blind $3
*** HOLE CARDS ***
Agrotait: raises $3 to $6
poooohpooh: calls $3
*** FLOP *** [Js 2c Td]
poooohpooh: checks
Agrotait: bets $3
poooohpooh: calls $3
*** TURN *** [Js 2c Td] [6s]
poooohpooh: checks
Agrotait: checks
*** RIVER *** [Js 2c Td 6s] [6d]
poooohpooh: bets $6
Agrotait: calls $6
*** SHOW DOWN ***
poooohpooh: shows [8h 7d] (a pair of Sixes)
Agrotait: shows [Kh Ad] (a pair of Sixes - Ace kicker)
Agrotait collected $29.50 from pot
*** SUMMARY ***
Total pot $30 | Rake $0.50
Board [Js 2c Td 6s 6d]
Seat 3: poooohpooh (big blind) showed [8h 7d] and lost with a pair of Sixes
Seat 4: Agrotait (button) (small blind) showed [Kh Ad] and won ($29.50) with a pair of Sixes


PokerStars Hand #149171228748:  Hold'em Limit ($3/$6 USD) - 2016/02/21 8:07:03 ET
Table 'Algebar II' 6-max Seat #3 is the button
Seat 3: poooohpooh ($83.58 in chips)
Seat 4: Agrotait ($118.02 in chips)
poooohpooh: posts small blind $1
Agrotait: posts big blind $3
*** HOLE CARDS ***
poooohpooh: raises $3 to $6
Agrotait: raises $3 to $9
poooohpooh: calls $3
*** FLOP *** [3c Jc 4s]
Psynto joins the table at seat #5
Agrotait: bets $3
poooohpooh: calls $3
*** TURN *** [3c Jc 4s] [9h]
Agrotait: bets $6
poooohpooh: calls $6
*** RIVER *** [3c Jc 4s 9h] [2d]
Agrotait: bets $6
poooohpooh: calls $6
*** SHOW DOWN ***
Agrotait: shows [Ad Ac] (a pair of Aces)
poooohpooh: mucks hand
Agrotait collected $47.50 from pot
*** SUMMARY ***
Total pot $48 | Rake $0.50
Board [3c Jc 4s 9h 2d]
Seat 3: poooohpooh (button) (small blind) mucked
Seat 4: Agrotait (big blind) showed [Ad Ac] and won ($47.50) with a pair of Aces


PokerStars Hand #149171220537:  Hold'em Limit ($3/$6 USD) - 2016/02/21 8:06:52 ET
Table 'Algebar II' 6-max Seat #4 is the button
Seat 3: poooohpooh ($89.58 in chips)
Seat 4: Agrotait ($112.26 in chips)
Agrotait: posts small blind $1
poooohpooh: posts big blind $3
*** HOLE CARDS ***
Agrotait: raises $3 to $6
poooohpooh: calls $3
*** FLOP *** [Kd Ts 4s]
poooohpooh: checks
Agrotait: bets $3
poooohpooh: folds
Uncalled bet ($3) returned to Agrotait
Agrotait collected $11.76 from pot
Agrotait: doesn't show hand
*** SUMMARY ***
Total pot $12 | Rake $0.24
Board [Kd Ts 4s]
Seat 3: poooohpooh (big blind) folded on the Flop
Seat 4: Agrotait (button) (small blind) collected ($11.76)


PokerStars Hand #149171202023:  Hold'em Limit ($3/$6 USD) - 2016/02/21 8:06:28 ET
Table 'Algebar II' 6-max Seat #3 is the button
Seat 3: poooohpooh ($104.58 in chips)
Seat 4: Agrotait ($97.76 in chips)
poooohpooh: posts small blind $1
Agrotait: posts big blind $3
*** HOLE CARDS ***
poooohpooh: raises $3 to $6
Agrotait: calls $3
*** FLOP *** [6s 7h 9c]
Agrotait: checks
poooohpooh: bets $3
Agrotait: calls $3
*** TURN *** [6s 7h 9c] [6d]
Agrotait: checks
poooohpooh: checks
*** RIVER *** [6s 7h 9c 6d] [7d]
Agrotait: bets $6
poooohpooh: calls $6
*** SHOW DOWN ***
Agrotait: shows [Kd 6h] (a full house, Sixes full of Sevens)
poooohpooh: mucks hand
Agrotait collected $29.50 from pot
*** SUMMARY ***
Total pot $30 | Rake $0.50
Board [6s 7h 9c 6d 7d]
Seat 3: poooohpooh (button) (small blind) mucked
Seat 4: Agrotait (big blind) showed [Kd 6h] and won ($29.50) with a full house, Sixes full of Sevens


PokerStars Hand #149171190631:  Hold'em Limit ($3/$6 USD) - 2016/02/21 8:06:12 ET
Table 'Algebar II' 6-max Seat #4 is the button
Seat 3: poooohpooh ($110.58 in chips)
Seat 4: Agrotait ($92 in chips)
Agrotait: posts small blind $1
poooohpooh: posts big blind $3
*** HOLE CARDS ***
Agrotait: raises $3 to $6
poooohpooh: calls $3
*** FLOP *** [7d Js Qs]
poooohpooh: checks
Agrotait: bets $3
poooohpooh: folds
Uncalled bet ($3) returned to Agrotait
Agrotait collected $11.76 from pot
Agrotait: doesn't show hand
*** SUMMARY ***
Total pot $12 | Rake $0.24
Board [7d Js Qs]
Seat 3: poooohpooh (big blind) folded on the Flop
Seat 4: Agrotait (button) (small blind) collected ($11.76)


PokerStars Hand #149171143781:  Hold'em Limit ($3/$6 USD) - 2016/02/21 8:05:10 ET
Table 'Algebar II' 6-max Seat #4 is the button
Seat 3: poooohpooh ($109.30 in chips)
Seat 4: Agrotait ($94.50 in chips)
Agrotait: posts small blind $1
poooohpooh: posts big blind $3
*** HOLE CARDS ***
Agrotait: raises $3 to $6
poooohpooh: raises $3 to $9
Agrotait: calls $3
*** FLOP *** [Ah Qd 7d]
poooohpooh: bets $3
Agrotait: calls $3
*** TURN *** [Ah Qd 7d] [2h]
poooohpooh: bets $6
Agrotait: folds
Uncalled bet ($6) returned to poooohpooh
poooohpooh collected $23.52 from pot
poooohpooh: doesn't show hand
*** SUMMARY ***
Total pot $24 | Rake $0.48
Board [Ah Qd 7d 2h]
Seat 3: poooohpooh (big blind) collected ($23.52)
Seat 4: Agrotait (button) (small blind) folded on the Turn


PokerStars Hand #149176433830:  Hold'em Limit ($3/$6 USD) - 2016/02/21 9:52:38 ET
Table 'Algebar II' 6-max Seat #2 is the button
Seat 2: pecs680 ($156.73 in chips)
Seat 4: HAL9QQQ ($145.31 in chips)
pecs680: posts small blind $1
HAL9QQQ: posts big blind $3
*** HOLE CARDS ***
pecs680: folds
Uncalled bet ($2) returned to HAL9QQQ
HAL9QQQ collected $2 from pot
HAL9QQQ: doesn't show hand
*** SUMMARY ***
Total pot $2 | Rake $0
Seat 2: pecs680 (button) (small blind) folded before Flop
Seat 4: HAL9QQQ (big blind) collected ($2)


