PokerStars Hand #147573329514:  Hold'em Limit ($3/$6 USD) - 2016/01/23 22:12:31 ET
Table 'Algebar' 6-max Seat #4 is the button
Seat 1: hairy1961 ($61.64 in chips)
Seat 4: AzureCaper ($78.76 in chips)
AzureCaper: posts small blind $1
hairy1961: posts big blind $3
*** HOLE CARDS ***
AzureCaper: folds
Uncalled bet ($2) returned to hairy1961
hairy1961 collected $2 from pot
hairy1961: doesn't show hand
*** SUMMARY ***
Total pot $2 | Rake $0
Seat 1: hairy1961 (big blind) collected ($2)
Seat 4: AzureCaper (button) (small blind) folded before Flop


PokerStars Hand #147573327236:  Hold'em Limit ($3/$6 USD) - 2016/01/23 22:12:26 ET
Table 'Algebar' 6-max Seat #1 is the button
Seat 1: hairy1961 ($62.64 in chips)
Seat 4: AzureCaper ($77.76 in chips)
hairy1961: posts small blind $1
AzureCaper: posts big blind $3
*** HOLE CARDS ***
hairy1961: folds
Uncalled bet ($2) returned to AzureCaper
AzureCaper collected $2 from pot
AzureCaper: doesn't show hand
*** SUMMARY ***
Total pot $2 | Rake $0
Seat 1: hairy1961 (button) (small blind) folded before Flop
Seat 4: AzureCaper (big blind) collected ($2)


PokerStars Hand #147573325212:  Hold'em Limit ($3/$6 USD) - 2016/01/23 22:12:21 ET
Table 'Algebar' 6-max Seat #4 is the button
Seat 1: hairy1961 ($61.64 in chips)
Seat 4: AzureCaper ($78.76 in chips)
AzureCaper: posts small blind $1
hairy1961: posts big blind $3
*** HOLE CARDS ***
AzureCaper: folds
Uncalled bet ($2) returned to hairy1961
hairy1961 collected $2 from pot
hairy1961: doesn't show hand
*** SUMMARY ***
Total pot $2 | Rake $0
Seat 1: hairy1961 (big blind) collected ($2)
Seat 4: AzureCaper (button) (small blind) folded before Flop


PokerStars Hand #147573322839:  Hold'em Limit ($3/$6 USD) - 2016/01/23 22:12:15 ET
Table 'Algebar' 6-max Seat #1 is the button
Seat 1: hairy1961 ($58.64 in chips)
Seat 4: AzureCaper ($81.76 in chips)
hairy1961: posts small blind $1
AzureCaper: posts big blind $3
*** HOLE CARDS ***
hairy1961: raises $3 to $6
AzureCaper: folds
Uncalled bet ($3) returned to hairy1961
hairy1961 collected $6 from pot
hairy1961: doesn't show hand
*** SUMMARY ***
Total pot $6 | Rake $0
Seat 1: hairy1961 (button) (small blind) collected ($6)
Seat 4: AzureCaper (big blind) folded before Flop


PokerStars Hand #147573316092:  Hold'em Limit ($3/$6 USD) - 2016/01/23 22:11:59 ET
Table 'Algebar' 6-max Seat #4 is the button
Seat 1: hairy1961 ($64.64 in chips)
Seat 4: AzureCaper ($76 in chips)
AzureCaper: posts small blind $1
hairy1961: posts big blind $3
*** HOLE CARDS ***
AzureCaper: raises $3 to $6
hairy1961: calls $3
*** FLOP *** [8c Td Tc]
hairy1961: checks
AzureCaper: bets $3
hairy1961: folds
Uncalled bet ($3) returned to AzureCaper
AzureCaper collected $11.76 from pot
AzureCaper: doesn't show hand
*** SUMMARY ***
Total pot $12 | Rake $0.24
Board [8c Td Tc]
Seat 1: hairy1961 (big blind) folded on the Flop
Seat 4: AzureCaper (button) (small blind) collected ($11.76)


PokerStars Hand #147573313548:  Hold'em Limit ($3/$6 USD) - 2016/01/23 22:11:53 ET
Table 'Algebar' 6-max Seat #1 is the button
Seat 1: hairy1961 ($65.64 in chips)
Seat 4: AzureCaper ($75 in chips)
hairy1961: posts small blind $1
AzureCaper: posts big blind $3
*** HOLE CARDS ***
hairy1961: folds
Uncalled bet ($2) returned to AzureCaper
AzureCaper collected $2 from pot
AzureCaper: doesn't show hand
*** SUMMARY ***
Total pot $2 | Rake $0
Seat 1: hairy1961 (button) (small blind) folded before Flop
Seat 4: AzureCaper (big blind) collected ($2)


PokerStars Hand #147573310946:  Hold'em Limit ($3/$6 USD) - 2016/01/23 22:11:46 ET
Table 'Algebar' 6-max Seat #4 is the button
Seat 1: hairy1961 ($68.64 in chips)
Seat 4: AzureCaper ($72 in chips)
AzureCaper: posts small blind $1
hairy1961: posts big blind $3
*** HOLE CARDS ***
AzureCaper: raises $3 to $6
hairy1961: folds
Uncalled bet ($3) returned to AzureCaper
AzureCaper collected $6 from pot
AzureCaper: doesn't show hand
*** SUMMARY ***
Total pot $6 | Rake $0
Seat 1: hairy1961 (big blind) folded before Flop
Seat 4: AzureCaper (button) (small blind) collected ($6)


PokerStars Hand #147573296608:  Hold'em Limit ($3/$6 USD) - 2016/01/23 22:11:12 ET
Table 'Algebar' 6-max Seat #1 is the button
Seat 1: hairy1961 ($60 in chips)
Seat 4: AzureCaper ($72 in chips)
hairy1961: posts small blind $1
AzureCaper: posts big blind $3
*** HOLE CARDS ***
hairy1961: raises $3 to $6
AzureCaper: calls $3
*** FLOP *** [3d 5s 2h]
AzureCaper: checks
hairy1961: bets $3
AzureCaper: calls $3
*** TURN *** [3d 5s 2h] [4d]
AzureCaper: checks
hairy1961: checks
*** RIVER *** [3d 5s 2h 4d] [2d]
AzureCaper: checks
hairy1961: bets $6
AzureCaper: folds
Uncalled bet ($6) returned to hairy1961
hairy1961 collected $17.64 from pot
hairy1961: doesn't show hand
*** SUMMARY ***
Total pot $18 | Rake $0.36
Board [3d 5s 2h 4d 2d]
Seat 1: hairy1961 (button) (small blind) collected ($17.64)
Seat 4: AzureCaper (big blind) folded on the River


PokerStars Hand #147573367716:  Hold'em Limit ($3/$6 USD) - 2016/01/23 22:14:04 ET
Table 'Algebar' 6-max Seat #1 is the button
Seat 1: hairy1961 ($42.14 in chips)
Seat 4: AzureCaper ($96.54 in chips)
hairy1961: posts small blind $1
AzureCaper: posts big blind $3
*** HOLE CARDS ***
hairy1961: raises $3 to $6
AzureCaper: calls $3
*** FLOP *** [4h 9s Tc]
AzureCaper: checks
hairy1961: bets $3
AzureCaper: raises $3 to $6
hairy1961: calls $3
*** TURN *** [4h 9s Tc] [Kc]
AzureCaper: bets $6
hairy1961: calls $6
*** RIVER *** [4h 9s Tc Kc] [7h]
AzureCaper: bets $6
hairy1961: calls $6
*** SHOW DOWN ***
AzureCaper: shows [Kd Ts] (two pair, Kings and Tens)
hairy1961: mucks hand
AzureCaper collected $47.50 from pot
*** SUMMARY ***
Total pot $48 | Rake $0.50
Board [4h 9s Tc Kc 7h]
Seat 1: hairy1961 (button) (small blind) mucked
Seat 4: AzureCaper (big blind) showed [Kd Ts] and won ($47.50) with two pair, Kings and Tens


PokerStars Hand #147573362818:  Hold'em Limit ($3/$6 USD) - 2016/01/23 22:13:52 ET
Table 'Algebar' 6-max Seat #4 is the button
Seat 1: hairy1961 ($48.14 in chips)
Seat 4: AzureCaper ($90.78 in chips)
AzureCaper: posts small blind $1
hairy1961: posts big blind $3
*** HOLE CARDS ***
AzureCaper: raises $3 to $6
hairy1961: calls $3
*** FLOP *** [7h As 3s]
hairy1961: checks
AzureCaper: bets $3
hairy1961: folds
Uncalled bet ($3) returned to AzureCaper
AzureCaper collected $11.76 from pot
AzureCaper: doesn't show hand
*** SUMMARY ***
Total pot $12 | Rake $0.24
Board [7h As 3s]
Seat 1: hairy1961 (big blind) folded on the Flop
Seat 4: AzureCaper (button) (small blind) collected ($11.76)


PokerStars Hand #147573356228:  Hold'em Limit ($3/$6 USD) - 2016/01/23 22:13:36 ET
Table 'Algebar' 6-max Seat #1 is the button
Seat 1: hairy1961 ($30.64 in chips)
Seat 4: AzureCaper ($108.78 in chips)
hairy1961: posts small blind $1
AzureCaper: posts big blind $3
*** HOLE CARDS ***
hairy1961: raises $3 to $6
AzureCaper: calls $3
*** FLOP *** [Kc Jc 8h]
AzureCaper: checks
hairy1961: checks
*** TURN *** [Kc Jc 8h] [6d]
AzureCaper: bets $6
hairy1961: calls $6
*** RIVER *** [Kc Jc 8h 6d] [9h]
AzureCaper: bets $6
hairy1961: calls $6
*** SHOW DOWN ***
AzureCaper: shows [9d 7h] (a pair of Nines)
hairy1961: shows [9c Ts] (a pair of Nines - King+Jack+Ten kicker)
hairy1961 collected $35.50 from pot
*** SUMMARY ***
Total pot $36 | Rake $0.50
Board [Kc Jc 8h 6d 9h]
Seat 1: hairy1961 (button) (small blind) showed [9c Ts] and won ($35.50) with a pair of Nines
Seat 4: AzureCaper (big blind) showed [9d 7h] and lost with a pair of Nines


PokerStars Hand #147573348150:  Hold'em Limit ($3/$6 USD) - 2016/01/23 22:13:17 ET
Table 'Algebar' 6-max Seat #4 is the button
Seat 1: hairy1961 ($54.64 in chips)
Seat 4: AzureCaper ($85.28 in chips)
AzureCaper: posts small blind $1
hairy1961: posts big blind $3
*** HOLE CARDS ***
AzureCaper: raises $3 to $6
hairy1961: calls $3
*** FLOP *** [5d 6s Kd]
hairy1961: checks
AzureCaper: bets $3
hairy1961: raises $3 to $6
AzureCaper: calls $3
*** TURN *** [5d 6s Kd] [9h]
hairy1961: bets $6
AzureCaper: calls $6
*** RIVER *** [5d 6s Kd 9h] [4s]
hairy1961: bets $6
AzureCaper: calls $6
*** SHOW DOWN ***
hairy1961: shows [6c Jd] (a pair of Sixes)
AzureCaper: shows [Qd Qs] (a pair of Queens)
AzureCaper collected $47.50 from pot
*** SUMMARY ***
Total pot $48 | Rake $0.50
Board [5d 6s Kd 9h 4s]
Seat 1: hairy1961 (big blind) showed [6c Jd] and lost with a pair of Sixes
Seat 4: AzureCaper (button) (small blind) showed [Qd Qs] and won ($47.50) with a pair of Queens


PokerStars Hand #147573345809:  Hold'em Limit ($3/$6 USD) - 2016/01/23 22:13:11 ET
Table 'Algebar' 6-max Seat #1 is the button
Seat 1: hairy1961 ($55.64 in chips)
Seat 4: AzureCaper ($84.28 in chips)
hairy1961: posts small blind $1
AzureCaper: posts big blind $3
*** HOLE CARDS ***
hairy1961: folds
Uncalled bet ($2) returned to AzureCaper
AzureCaper collected $2 from pot
AzureCaper: doesn't show hand
*** SUMMARY ***
Total pot $2 | Rake $0
Seat 1: hairy1961 (button) (small blind) folded before Flop
Seat 4: AzureCaper (big blind) collected ($2)


PokerStars Hand #147573343824:  Hold'em Limit ($3/$6 USD) - 2016/01/23 22:13:06 ET
Table 'Algebar' 6-max Seat #4 is the button
Seat 1: hairy1961 ($54.64 in chips)
Seat 4: AzureCaper ($85.28 in chips)
AzureCaper: posts small blind $1
hairy1961: posts big blind $3
*** HOLE CARDS ***
AzureCaper: folds
Uncalled bet ($2) returned to hairy1961
hairy1961 collected $2 from pot
hairy1961: doesn't show hand
*** SUMMARY ***
Total pot $2 | Rake $0
Seat 1: hairy1961 (big blind) collected ($2)
Seat 4: AzureCaper (button) (small blind) folded before Flop


PokerStars Hand #147573341513:  Hold'em Limit ($3/$6 USD) - 2016/01/23 22:13:00 ET
Table 'Algebar' 6-max Seat #1 is the button
Seat 1: hairy1961 ($51.64 in chips)
Seat 4: AzureCaper ($88.28 in chips)
hairy1961: posts small blind $1
AzureCaper: posts big blind $3
*** HOLE CARDS ***
hairy1961: raises $3 to $6
AzureCaper: folds
Uncalled bet ($3) returned to hairy1961
hairy1961 collected $6 from pot
hairy1961: doesn't show hand
*** SUMMARY ***
Total pot $6 | Rake $0
Seat 1: hairy1961 (button) (small blind) collected ($6)
Seat 4: AzureCaper (big blind) folded before Flop


PokerStars Hand #147573339527:  Hold'em Limit ($3/$6 USD) - 2016/01/23 22:12:56 ET
Table 'Algebar' 6-max Seat #4 is the button
Seat 1: hairy1961 ($50.64 in chips)
Seat 4: AzureCaper ($89.28 in chips)
AzureCaper: posts small blind $1
hairy1961: posts big blind $3
*** HOLE CARDS ***
AzureCaper: folds
Uncalled bet ($2) returned to hairy1961
hairy1961 collected $2 from pot
hairy1961: doesn't show hand
*** SUMMARY ***
Total pot $2 | Rake $0
Seat 1: hairy1961 (big blind) collected ($2)
Seat 4: AzureCaper (button) (small blind) folded before Flop


PokerStars Hand #147573332071:  Hold'em Limit ($3/$6 USD) - 2016/01/23 22:12:38 ET
Table 'Algebar' 6-max Seat #1 is the button
Seat 1: hairy1961 ($62.64 in chips)
Seat 4: AzureCaper ($77.76 in chips)
hairy1961: posts small blind $1
AzureCaper: posts big blind $3
*** HOLE CARDS ***
hairy1961: raises $3 to $6
AzureCaper: raises $3 to $9
hairy1961: calls $3
*** FLOP *** [8h 7h 3h]
AzureCaper: bets $3
hairy1961: calls $3
*** TURN *** [8h 7h 3h] [Kh]
AzureCaper: checks
hairy1961: checks
*** RIVER *** [8h 7h 3h Kh] [Jh]
AzureCaper: bets $6
hairy1961: folds
Uncalled bet ($6) returned to AzureCaper
AzureCaper collected $23.52 from pot
AzureCaper: doesn't show hand
*** SUMMARY ***
Total pot $24 | Rake $0.48
Board [8h 7h 3h Kh Jh]
Seat 1: hairy1961 (button) (small blind) folded on the River
Seat 4: AzureCaper (big blind) collected ($23.52)


PokerStars Hand #147573374854:  Hold'em Limit ($3/$6 USD) - 2016/01/23 22:14:22 ET
Table 'Algebar' 6-max Seat #4 is the button
Seat 1: hairy1961 ($18.14 in chips)
Seat 4: AzureCaper ($120.04 in chips)
AzureCaper: posts small blind $1
hairy1961: posts big blind $3
*** HOLE CARDS ***
AzureCaper: raises $3 to $6
hairy1961: calls $3
*** FLOP *** [5h 2h Ks]
hairy1961: checks
AzureCaper: bets $3
hairy1961: calls $3
*** TURN *** [5h 2h Ks] [3c]
hairy1961: checks
AzureCaper: checks
*** RIVER *** [5h 2h Ks 3c] [8h]
hairy1961: bets $6
AzureCaper: folds
Uncalled bet ($6) returned to hairy1961
hairy1961 collected $17.64 from pot
hairy1961: doesn't show hand
*** SUMMARY ***
Total pot $18 | Rake $0.36
Board [5h 2h Ks 3c 8h]
Seat 1: hairy1961 (big blind) collected ($17.64)
Seat 4: AzureCaper (button) (small blind) folded on the River


PokerStars Hand #147573391301:  Hold'em Limit ($3/$6 USD) - 2016/01/23 22:15:01 ET
Table 'Algebar' 6-max Seat #4 is the button
Seat 1: hairy1961 ($50.28 in chips)
Seat 4: AzureCaper ($87.04 in chips)
AzureCaper: posts small blind $1
hairy1961: posts big blind $3
*** HOLE CARDS ***
AzureCaper: raises $3 to $6
hairy1961: calls $3
*** FLOP *** [Td 4h 7s]
LWNS joins the table at seat #3
hairy1961: checks
AzureCaper: bets $3
hairy1961: calls $3
*** TURN *** [Td 4h 7s] [9c]
BuzovaPro joins the table at seat #2
hairy1961: checks
AzureCaper: checks
*** RIVER *** [Td 4h 7s 9c] [6c]
hairy1961: checks
AzureCaper: checks
*** SHOW DOWN ***
hairy1961: shows [Qc 8d] (a straight, Six to Ten)
AzureCaper: mucks hand
hairy1961 collected $17.64 from pot
*** SUMMARY ***
Total pot $18 | Rake $0.36
Board [Td 4h 7s 9c 6c]
Seat 1: hairy1961 (big blind) showed [Qc 8d] and won ($17.64) with a straight, Six to Ten
Seat 4: AzureCaper (button) (small blind) mucked


PokerStars Hand #147573382727:  Hold'em Limit ($3/$6 USD) - 2016/01/23 22:14:41 ET
Table 'Algebar' 6-max Seat #1 is the button
Seat 1: hairy1961 ($26.78 in chips)
Seat 4: AzureCaper ($111.04 in chips)
hairy1961: posts small blind $1
AzureCaper: posts big blind $3
*** HOLE CARDS ***
hairy1961: raises $3 to $6
AzureCaper: calls $3
*** FLOP *** [6s Ah 9s]
AzureCaper: checks
hairy1961: bets $3
AzureCaper: raises $3 to $6
hairy1961: calls $3
*** TURN *** [6s Ah 9s] [3c]
AzureCaper: bets $6
hairy1961: raises $6 to $12
AzureCaper: calls $6
*** RIVER *** [6s Ah 9s 3c] [2d]
AzureCaper: checks
hairy1961: bets $2.78 and is all-in
AzureCaper: folds
Uncalled bet ($2.78) returned to hairy1961
hairy1961 collected $47.50 from pot
hairy1961: doesn't show hand
*** SUMMARY ***
Total pot $48 | Rake $0.50
Board [6s Ah 9s 3c 2d]
Seat 1: hairy1961 (button) (small blind) collected ($47.50)
Seat 4: AzureCaper (big blind) folded on the River


PokerStars Hand #147574510021:  Hold'em Limit ($3/$6 USD) - 2016/01/23 23:04:34 ET
Table 'Algebar' 6-max Seat #2 is the button
Seat 2: chezlaw ($149.01 in chips)
Seat 6: DirtyDouble2 ($102.69 in chips)
chezlaw: posts small blind $1
DirtyDouble2: posts big blind $3
*** HOLE CARDS ***
chezlaw: raises $3 to $6
DirtyDouble2: calls $3
*** FLOP *** [7h 5s 4c]
DirtyDouble2: bets $3
chezlaw: calls $3
*** TURN *** [7h 5s 4c] [8d]
DirtyDouble2: bets $6
chezlaw: calls $6
*** RIVER *** [7h 5s 4c 8d] [2s]
DirtyDouble2: checks
chezlaw: bets $6
DirtyDouble2: calls $6
*** SHOW DOWN ***
chezlaw: shows [Ah 8c] (a pair of Eights)
DirtyDouble2: mucks hand
chezlaw collected $41.50 from pot
*** SUMMARY ***
Total pot $42 | Rake $0.50
Board [7h 5s 4c 8d 2s]
Seat 2: chezlaw (button) (small blind) showed [Ah 8c] and won ($41.50) with a pair of Eights
Seat 6: DirtyDouble2 (big blind) mucked


PokerStars Hand #147575151647:  Hold'em Limit ($3/$6 USD) - 2016/01/23 23:36:19 ET
Table 'Algebar' 6-max Seat #3 is the button
Seat 3: Oxm0x ($175.97 in chips)
Seat 4: Masqb ($126 in chips)
Oxm0x: posts small blind $1
Masqb: posts big blind $3
*** HOLE CARDS ***
Oxm0x: raises $3 to $6
Masqb: calls $3
*** FLOP *** [2s 6s 8d]
Masqb: checks
Oxm0x: bets $3
Masqb: calls $3
*** TURN *** [2s 6s 8d] [7d]
Masqb: checks
Oxm0x: bets $6
Masqb: calls $6
*** RIVER *** [2s 6s 8d 7d] [Ah]
Masqb: checks
Oxm0x: checks
*** SHOW DOWN ***
Masqb: shows [3d As] (a pair of Aces)
Oxm0x: mucks hand
Masqb collected $29.50 from pot
*** SUMMARY ***
Total pot $30 | Rake $0.50
Board [2s 6s 8d 7d Ah]
Seat 3: Oxm0x (button) (small blind) mucked
Seat 4: Masqb (big blind) showed [3d As] and won ($29.50) with a pair of Aces


PokerStars Hand #147575176612:  Hold'em Limit ($3/$6 USD) - 2016/01/23 23:37:37 ET
Table 'Algebar' 6-max Seat #4 is the button
Seat 3: Oxm0x ($174.47 in chips)
Seat 4: Masqb ($126.50 in chips)
Masqb: posts small blind $1
Oxm0x: posts big blind $3
*** HOLE CARDS ***
Masqb: folds
Uncalled bet ($2) returned to Oxm0x
Oxm0x collected $2 from pot
Oxm0x: doesn't show hand
*** SUMMARY ***
Total pot $2 | Rake $0
Seat 3: Oxm0x (big blind) collected ($2)
Seat 4: Masqb (button) (small blind) folded before Flop


PokerStars Hand #147575175037:  Hold'em Limit ($3/$6 USD) - 2016/01/23 23:37:32 ET
Table 'Algebar' 6-max Seat #3 is the button
Seat 3: Oxm0x ($175.47 in chips)
Seat 4: Masqb ($125.50 in chips)
Oxm0x: posts small blind $1
Masqb: posts big blind $3
*** HOLE CARDS ***
Oxm0x: folds
Uncalled bet ($2) returned to Masqb
Masqb collected $2 from pot
Masqb: doesn't show hand
*** SUMMARY ***
Total pot $2 | Rake $0
Seat 3: Oxm0x (button) (small blind) folded before Flop
Seat 4: Masqb (big blind) collected ($2)


PokerStars Hand #147575160241:  Hold'em Limit ($3/$6 USD) - 2016/01/23 23:36:46 ET
Table 'Algebar' 6-max Seat #4 is the button
Seat 3: Oxm0x ($160.97 in chips)
Seat 4: Masqb ($140.50 in chips)
Masqb: posts small blind $1
Oxm0x: posts big blind $3
*** HOLE CARDS ***
Masqb: raises $3 to $6
Oxm0x: calls $3
*** FLOP *** [5d 9s 8s]
Oxm0x: bets $3
Masqb: calls $3
*** TURN *** [5d 9s 8s] [Th]
Oxm0x: bets $6
Masqb: calls $6
*** RIVER *** [5d 9s 8s Th] [Kh]
Oxm0x: checks
Masqb: checks
*** SHOW DOWN ***
Oxm0x: shows [8c 7s] (a pair of Eights)
Masqb: mucks hand
Oxm0x collected $29.50 from pot
*** SUMMARY ***
Total pot $30 | Rake $0.50
Board [5d 9s 8s Th Kh]
Seat 3: Oxm0x (big blind) showed [8c 7s] and won ($29.50) with a pair of Eights
Seat 4: Masqb (button) (small blind) mucked


PokerStars Hand #147575197852:  Hold'em Limit ($3/$6 USD) - 2016/01/23 23:38:43 ET
Table 'Algebar' 6-max Seat #3 is the button
Seat 3: Oxm0x ($200.47 in chips)
Seat 4: Masqb ($99.50 in chips)
Oxm0x: posts small blind $1
Masqb: posts big blind $3
*** HOLE CARDS ***
Oxm0x: raises $3 to $6
Masqb: raises $3 to $9
Oxm0x: calls $3
*** FLOP *** [9s 5d 6c]
Masqb: bets $3
Oxm0x: calls $3
*** TURN *** [9s 5d 6c] [Jh]
Masqb: bets $6
Oxm0x: calls $6
*** RIVER *** [9s 5d 6c Jh] [2h]
Masqb: bets $6
Oxm0x: calls $6
*** SHOW DOWN ***
Masqb: shows [Th 8h] (high card Jack)
Oxm0x: shows [Ad Ts] (high card Ace)
Oxm0x collected $47.50 from pot
*** SUMMARY ***
Total pot $48 | Rake $0.50
Board [9s 5d 6c Jh 2h]
Seat 3: Oxm0x (button) (small blind) showed [Ad Ts] and won ($47.50) with high card Ace
Seat 4: Masqb (big blind) showed [Th 8h] and lost with high card Jack


PokerStars Hand #147575196152:  Hold'em Limit ($3/$6 USD) - 2016/01/23 23:38:38 ET
Table 'Algebar' 6-max Seat #4 is the button
Seat 3: Oxm0x ($203.47 in chips)
Seat 4: Masqb ($96.50 in chips)
Masqb: posts small blind $1
Oxm0x: posts big blind $3
*** HOLE CARDS ***
Masqb: raises $3 to $6
Oxm0x: folds
Uncalled bet ($3) returned to Masqb
Masqb collected $6 from pot
Masqb: doesn't show hand
*** SUMMARY ***
Total pot $6 | Rake $0
Seat 3: Oxm0x (big blind) folded before Flop
Seat 4: Masqb (button) (small blind) collected ($6)


PokerStars Hand #147575194673:  Hold'em Limit ($3/$6 USD) - 2016/01/23 23:38:33 ET
Table 'Algebar' 6-max Seat #3 is the button
Seat 3: Oxm0x ($204.47 in chips)
Seat 4: Masqb ($95.50 in chips)
Oxm0x: posts small blind $1
Masqb: posts big blind $3
*** HOLE CARDS ***
Oxm0x: folds
Uncalled bet ($2) returned to Masqb
Masqb collected $2 from pot
Masqb: doesn't show hand
*** SUMMARY ***
Total pot $2 | Rake $0
Seat 3: Oxm0x (button) (small blind) folded before Flop
Seat 4: Masqb (big blind) collected ($2)


PokerStars Hand #147575187795:  Hold'em Limit ($3/$6 USD) - 2016/01/23 23:38:12 ET
Table 'Algebar' 6-max Seat #4 is the button
Seat 3: Oxm0x ($189.97 in chips)
Seat 4: Masqb ($110.50 in chips)
Masqb: posts small blind $1
Oxm0x: posts big blind $3
*** HOLE CARDS ***
Masqb: raises $3 to $6
Oxm0x: calls $3
*** FLOP *** [9h Jh Tc]
Oxm0x: checks
Masqb: bets $3
Oxm0x: calls $3
*** TURN *** [9h Jh Tc] [Ac]
Oxm0x: bets $6
Masqb: calls $6
*** RIVER *** [9h Jh Tc Ac] [9s]
Oxm0x: bets $6
Masqb: folds
Uncalled bet ($6) returned to Oxm0x
Oxm0x collected $29.50 from pot
Oxm0x: doesn't show hand
*** SUMMARY ***
Total pot $30 | Rake $0.50
Board [9h Jh Tc Ac 9s]
Seat 3: Oxm0x (big blind) collected ($29.50)
Seat 4: Masqb (button) (small blind) folded on the River


PokerStars Hand #147575178423:  Hold'em Limit ($3/$6 USD) - 2016/01/23 23:37:42 ET
Table 'Algebar' 6-max Seat #3 is the button
Seat 3: Oxm0x ($175.47 in chips)
Seat 4: Masqb ($125.50 in chips)
Oxm0x: posts small blind $1
Masqb: posts big blind $3
*** HOLE CARDS ***
Oxm0x: calls $2
Masqb: raises $3 to $6
Oxm0x: calls $3
*** FLOP *** [Ks 4c 5h]
Masqb: bets $3
Oxm0x: calls $3
*** TURN *** [Ks 4c 5h] [Jc]
Masqb: bets $6
Oxm0x: calls $6
*** RIVER *** [Ks 4c 5h Jc] [Kd]
Masqb: checks
Oxm0x: checks
*** SHOW DOWN ***
Masqb: shows [Ts Qs] (a pair of Kings)
Oxm0x: shows [Ad 5s] (two pair, Kings and Fives)
Oxm0x collected $29.50 from pot
*** SUMMARY ***
Total pot $30 | Rake $0.50
Board [Ks 4c 5h Jc Kd]
Seat 3: Oxm0x (button) (small blind) showed [Ad 5s] and won ($29.50) with two pair, Kings and Fives
Seat 4: Masqb (big blind) showed [Ts Qs] and lost with a pair of Kings


PokerStars Hand #147575210966:  Hold'em Limit ($3/$6 USD) - 2016/01/23 23:39:24 ET
Table 'Algebar' 6-max Seat #3 is the button
Seat 3: Oxm0x ($213.97 in chips)
Seat 4: Masqb ($85.26 in chips)
Oxm0x: posts small blind $1
Masqb: posts big blind $3
*** HOLE CARDS ***
Oxm0x: calls $2
Masqb: raises $3 to $6
Oxm0x: calls $3
*** FLOP *** [8s Th Ad]
Masqb: bets $3
Oxm0x: calls $3
*** TURN *** [8s Th Ad] [6s]
Masqb: checks
Oxm0x: bets $6
Masqb: calls $6
*** RIVER *** [8s Th Ad 6s] [As]
Masqb: checks
Oxm0x: bets $6
Masqb: folds
Uncalled bet ($6) returned to Oxm0x
Oxm0x collected $29.50 from pot
Oxm0x: doesn't show hand
*** SUMMARY ***
Total pot $30 | Rake $0.50
Board [8s Th Ad 6s As]
Seat 3: Oxm0x (button) (small blind) collected ($29.50)
Seat 4: Masqb (big blind) folded on the River


PokerStars Hand #147575206934:  Hold'em Limit ($3/$6 USD) - 2016/01/23 23:39:11 ET
Table 'Algebar' 6-max Seat #4 is the button
Seat 3: Oxm0x ($219.97 in chips)
Seat 4: Masqb ($79.50 in chips)
Masqb: posts small blind $1
Oxm0x: posts big blind $3
*** HOLE CARDS ***
Masqb: raises $3 to $6
Oxm0x: calls $3
*** FLOP *** [4c Ah Kd]
Oxm0x: checks
Masqb: bets $3
Oxm0x: folds
Uncalled bet ($3) returned to Masqb
Masqb collected $11.76 from pot
Masqb: doesn't show hand
*** SUMMARY ***
Total pot $12 | Rake $0.24
Board [4c Ah Kd]
Seat 3: Oxm0x (big blind) folded on the Flop
Seat 4: Masqb (button) (small blind) collected ($11.76)


PokerStars Hand #147575205574:  Hold'em Limit ($3/$6 USD) - 2016/01/23 23:39:07 ET
Table 'Algebar' 6-max Seat #3 is the button
Seat 3: Oxm0x ($220.97 in chips)
Seat 4: Masqb ($78.50 in chips)
Oxm0x: posts small blind $1
Masqb: posts big blind $3
*** HOLE CARDS ***
Oxm0x: folds
Uncalled bet ($2) returned to Masqb
Masqb collected $2 from pot
Masqb: doesn't show hand
*** SUMMARY ***
Total pot $2 | Rake $0
Seat 3: Oxm0x (button) (small blind) folded before Flop
Seat 4: Masqb (big blind) collected ($2)


PokerStars Hand #147575203928:  Hold'em Limit ($3/$6 USD) - 2016/01/23 23:39:02 ET
Table 'Algebar' 6-max Seat #4 is the button
Seat 3: Oxm0x ($223.97 in chips)
Seat 4: Masqb ($75.50 in chips)
Masqb: posts small blind $1
Oxm0x: posts big blind $3
*** HOLE CARDS ***
Masqb: raises $3 to $6
Oxm0x: folds
Uncalled bet ($3) returned to Masqb
Masqb collected $6 from pot
Masqb: doesn't show hand
*** SUMMARY ***
Total pot $6 | Rake $0
Seat 3: Oxm0x (big blind) folded before Flop
Seat 4: Masqb (button) (small blind) collected ($6)


PokerStars Hand #147575236578:  Hold'em Limit ($3/$6 USD) - 2016/01/23 23:40:44 ET
Table 'Algebar' 6-max Seat #3 is the button
Seat 3: Oxm0x ($221.22 in chips)
Seat 4: Masqb ($76.77 in chips)
Oxm0x: posts small blind $1
Masqb: posts big blind $3
*** HOLE CARDS ***
Oxm0x: folds
Uncalled bet ($2) returned to Masqb
Masqb collected $2 from pot
Masqb: doesn't show hand
*** SUMMARY ***
Total pot $2 | Rake $0
Seat 3: Oxm0x (button) (small blind) folded before Flop
Seat 4: Masqb (big blind) collected ($2)


PokerStars Hand #147575228602:  Hold'em Limit ($3/$6 USD) - 2016/01/23 23:40:19 ET
Table 'Algebar' 6-max Seat #4 is the button
Seat 3: Oxm0x ($221.47 in chips)
Seat 4: Masqb ($77.02 in chips)
Masqb: posts small blind $1
Oxm0x: posts big blind $3
*** HOLE CARDS ***
Masqb: raises $3 to $6
Oxm0x: calls $3
*** FLOP *** [7c Ac 2d]
Oxm0x: checks
Masqb: bets $3
Oxm0x: raises $3 to $6
Masqb: calls $3
*** TURN *** [7c Ac 2d] [2s]
Oxm0x: checks
Masqb: checks
*** RIVER *** [7c Ac 2d 2s] [Jd]
Oxm0x: bets $6
Masqb: calls $6
*** SHOW DOWN ***
Oxm0x: shows [As 8c] (two pair, Aces and Deuces)
Masqb: shows [5c Ah] (two pair, Aces and Deuces)
Oxm0x collected $17.75 from pot
Masqb collected $17.75 from pot
*** SUMMARY ***
Total pot $36 | Rake $0.50
Board [7c Ac 2d 2s Jd]
Seat 3: Oxm0x (big blind) showed [As 8c] and won ($17.75) with two pair, Aces and Deuces
Seat 4: Masqb (button) (small blind) showed [5c Ah] and won ($17.75) with two pair, Aces and Deuces


PokerStars Hand #147575227233:  Hold'em Limit ($3/$6 USD) - 2016/01/23 23:40:14 ET
Table 'Algebar' 6-max Seat #3 is the button
Seat 3: Oxm0x ($222.47 in chips)
Seat 4: Masqb ($76.02 in chips)
Oxm0x: posts small blind $1
Masqb: posts big blind $3
*** HOLE CARDS ***
Oxm0x: folds
Uncalled bet ($2) returned to Masqb
Masqb collected $2 from pot
Masqb: doesn't show hand
*** SUMMARY ***
Total pot $2 | Rake $0
Seat 3: Oxm0x (button) (small blind) folded before Flop
Seat 4: Masqb (big blind) collected ($2)


PokerStars Hand #147575219551:  Hold'em Limit ($3/$6 USD) - 2016/01/23 23:39:50 ET
Table 'Algebar' 6-max Seat #4 is the button
Seat 3: Oxm0x ($228.47 in chips)
Seat 4: Masqb ($70.26 in chips)
Masqb: posts small blind $1
Oxm0x: posts big blind $3
*** HOLE CARDS ***
Masqb: raises $3 to $6
Oxm0x: calls $3
*** FLOP *** [Ad 9d 2h]
Oxm0x: checks
Masqb: bets $3
Oxm0x: folds
Uncalled bet ($3) returned to Masqb
Masqb collected $11.76 from pot
Masqb: doesn't show hand
*** SUMMARY ***
Total pot $12 | Rake $0.24
Board [Ad 9d 2h]
Seat 3: Oxm0x (big blind) folded on the Flop
Seat 4: Masqb (button) (small blind) collected ($11.76)


PokerStars Hand #147575252668:  Hold'em Limit ($3/$6 USD) - 2016/01/23 23:41:34 ET
Table 'Algebar' 6-max Seat #4 is the button
Seat 3: Oxm0x ($222.86 in chips)
Seat 4: Masqb ($74.53 in chips)
Masqb: posts small blind $1
Oxm0x: posts big blind $3
*** HOLE CARDS ***
hairy1961 joins the table at seat #6
Masqb: raises $3 to $6
Oxm0x: calls $3
*** FLOP *** [6d Td 4s]
Oxm0x: bets $3
Masqb: folds
Uncalled bet ($3) returned to Oxm0x
Oxm0x collected $11.76 from pot
Oxm0x: doesn't show hand
*** SUMMARY ***
Total pot $12 | Rake $0.24
Board [6d Td 4s]
Seat 3: Oxm0x (big blind) collected ($11.76)
Seat 4: Masqb (button) (small blind) folded on the Flop


PokerStars Hand #147575246290:  Hold'em Limit ($3/$6 USD) - 2016/01/23 23:41:14 ET
Table 'Algebar' 6-max Seat #3 is the button
Seat 3: Oxm0x ($228.86 in chips)
Seat 4: Masqb ($68.77 in chips)
Oxm0x: posts small blind $1
Masqb: posts big blind $3
*** HOLE CARDS ***
Oxm0x: raises $3 to $6
Masqb: calls $3
*** FLOP *** [Qh Tc 7c]
Masqb: checks
Oxm0x: checks
*** TURN *** [Qh Tc 7c] [Jc]
Masqb: bets $6
Oxm0x: folds
Uncalled bet ($6) returned to Masqb
Masqb collected $11.76 from pot
Masqb: doesn't show hand
*** SUMMARY ***
Total pot $12 | Rake $0.24
Board [Qh Tc 7c Jc]
Seat 3: Oxm0x (button) (small blind) folded on the Turn
Seat 4: Masqb (big blind) collected ($11.76)


PokerStars Hand #147575237995:  Hold'em Limit ($3/$6 USD) - 2016/01/23 23:40:48 ET
Table 'Algebar' 6-max Seat #4 is the button
Seat 3: Oxm0x ($220.22 in chips)
Seat 4: Masqb ($77.77 in chips)
Masqb: posts small blind $1
Oxm0x: posts big blind $3
*** HOLE CARDS ***
Masqb: raises $3 to $6
Oxm0x: calls $3
*** FLOP *** [Ah Jc Qh]
Oxm0x: checks
Masqb: bets $3
Oxm0x: calls $3
*** TURN *** [Ah Jc Qh] [Qc]
Oxm0x: checks
Masqb: checks
*** RIVER *** [Ah Jc Qh Qc] [9d]
Oxm0x: bets $6
Masqb: folds
Uncalled bet ($6) returned to Oxm0x
Oxm0x collected $17.64 from pot
Oxm0x: doesn't show hand
*** SUMMARY ***
Total pot $18 | Rake $0.36
Board [Ah Jc Qh Qc 9d]
Seat 3: Oxm0x (big blind) collected ($17.64)
Seat 4: Masqb (button) (small blind) folded on the River


PokerStars Hand #147575257482:  Hold'em Limit ($3/$6 USD) - 2016/01/23 23:41:49 ET
Table 'Algebar' 6-max Seat #3 is the button
Seat 3: Oxm0x ($228.62 in chips)
Seat 4: Masqb ($68.53 in chips)
Oxm0x: posts small blind $1
Masqb: posts big blind $3
*** HOLE CARDS ***
Oxm0x: raises $3 to $6
Masqb: calls $3
*** FLOP *** [4s 8c 6c]
Masqb: checks
Oxm0x: bets $3
Masqb: calls $3
*** TURN *** [4s 8c 6c] [5d]
Masqb: checks
Oxm0x: bets $6
Masqb: calls $6
*** RIVER *** [4s 8c 6c 5d] [4h]
Masqb: checks
Oxm0x: bets $6
Masqb: calls $6
*** SHOW DOWN ***
Oxm0x: shows [Kh 8h] (two pair, Eights and Fours)
Masqb: mucks hand
Oxm0x collected $41.50 from pot
*** SUMMARY ***
Total pot $42 | Rake $0.50
Board [4s 8c 6c 5d 4h]
Seat 3: Oxm0x (button) (small blind) showed [Kh 8h] and won ($41.50) with two pair, Eights and Fours
Seat 4: Masqb (big blind) mucked


PokerStars Hand #147575349614:  Hold'em Limit ($3/$6 USD) - 2016/01/23 23:46:40 ET
Table 'Algebar' 6-max Seat #3 is the button
Seat 3: Oxm0x ($244.28 in chips)
Seat 4: Masqb ($182.63 in chips)
Oxm0x: posts small blind $1
Masqb: posts big blind $3
*** HOLE CARDS ***
Oxm0x: raises $3 to $6
Masqb: calls $3
*** FLOP *** [3c 2d 2h]
Masqb: checks
Oxm0x: bets $3
Masqb: calls $3
*** TURN *** [3c 2d 2h] [7d]
Masqb: checks
Oxm0x: checks
*** RIVER *** [3c 2d 2h 7d] [4s]
Masqb: bets $6
Oxm0x: calls $6
*** SHOW DOWN ***
Masqb: shows [Qc 4c] (two pair, Fours and Deuces)
Oxm0x: mucks hand
Masqb collected $29.50 from pot
*** SUMMARY ***
Total pot $30 | Rake $0.50
Board [3c 2d 2h 7d 4s]
Seat 3: Oxm0x (button) (small blind) mucked
Seat 4: Masqb (big blind) showed [Qc 4c] and won ($29.50) with two pair, Fours and Deuces


PokerStars Hand #147575347628:  Hold'em Limit ($3/$6 USD) - 2016/01/23 23:46:34 ET
Table 'Algebar' 6-max Seat #4 is the button
Seat 3: Oxm0x ($247.28 in chips)
Seat 4: Masqb ($179.63 in chips)
Masqb: posts small blind $1
Oxm0x: posts big blind $3
*** HOLE CARDS ***
Masqb: raises $3 to $6
Oxm0x: folds
Uncalled bet ($3) returned to Masqb
Masqb collected $6 from pot
Masqb: doesn't show hand
*** SUMMARY ***
Total pot $6 | Rake $0
Seat 3: Oxm0x (big blind) folded before Flop
Seat 4: Masqb (button) (small blind) collected ($6)


PokerStars Hand #147575343449:  Hold'em Limit ($3/$6 USD) - 2016/01/23 23:46:21 ET
Table 'Algebar' 6-max Seat #3 is the button
Seat 3: Oxm0x ($241.52 in chips)
Seat 4: Masqb ($185.63 in chips)
Oxm0x: posts small blind $1
Masqb: posts big blind $3
*** HOLE CARDS ***
Oxm0x: raises $3 to $6
Masqb: calls $3
*** FLOP *** [5d Qd Ah]
hairy1961 leaves the table
Masqb: checks
Oxm0x: bets $3
Masqb: folds
Uncalled bet ($3) returned to Oxm0x
Oxm0x collected $11.76 from pot
Oxm0x: doesn't show hand
*** SUMMARY ***
Total pot $12 | Rake $0.24
Board [5d Qd Ah]
Seat 3: Oxm0x (button) (small blind) collected ($11.76)
Seat 4: Masqb (big blind) folded on the Flop


PokerStars Hand #147575341807:  Hold'em Limit ($3/$6 USD) - 2016/01/23 23:46:16 ET
Table 'Algebar' 6-max Seat #4 is the button
Seat 3: Oxm0x ($244.52 in chips)
Seat 4: Masqb ($182.63 in chips)
Masqb: posts small blind $1
Oxm0x: posts big blind $3
*** HOLE CARDS ***
Masqb: raises $3 to $6
Oxm0x: folds
Uncalled bet ($3) returned to Masqb
Masqb collected $6 from pot
Masqb: doesn't show hand
*** SUMMARY ***
Total pot $6 | Rake $0
Seat 3: Oxm0x (big blind) folded before Flop
Seat 4: Masqb (button) (small blind) collected ($6)


PokerStars Hand #147575371860:  Hold'em Limit ($3/$6 USD) - 2016/01/23 23:47:50 ET
Table 'Algebar' 6-max Seat #4 is the button
Seat 3: Oxm0x ($207.92 in chips)
Seat 4: Masqb ($217.63 in chips)
Masqb: posts small blind $1
Oxm0x: posts big blind $3
*** HOLE CARDS ***
Masqb: raises $3 to $6
Oxm0x: folds
Uncalled bet ($3) returned to Masqb
Masqb collected $6 from pot
Masqb: doesn't show hand
*** SUMMARY ***
Total pot $6 | Rake $0
Seat 3: Oxm0x (big blind) folded before Flop
Seat 4: Masqb (button) (small blind) collected ($6)


PokerStars Hand #147575363428:  Hold'em Limit ($3/$6 USD) - 2016/01/23 23:47:24 ET
Table 'Algebar' 6-max Seat #3 is the button
Seat 3: Oxm0x ($199.28 in chips)
Seat 4: Masqb ($226.63 in chips)
Oxm0x: posts small blind $1
Masqb: posts big blind $3
*** HOLE CARDS ***
Oxm0x: calls $2
Masqb: checks
*** FLOP *** [Ks Jd 6c]
Masqb: checks
Oxm0x: checks
*** TURN *** [Ks Jd 6c] [2c]
Masqb: checks
Oxm0x: checks
*** RIVER *** [Ks Jd 6c 2c] [8d]
Masqb: bets $6
Oxm0x: raises $6 to $12
Masqb: folds
Uncalled bet ($6) returned to Oxm0x
Oxm0x collected $17.64 from pot
Oxm0x: doesn't show hand
*** SUMMARY ***
Total pot $18 | Rake $0.36
Board [Ks Jd 6c 2c 8d]
Seat 3: Oxm0x (button) (small blind) collected ($17.64)
Seat 4: Masqb (big blind) folded on the River


PokerStars Hand #147575356075:  Hold'em Limit ($3/$6 USD) - 2016/01/23 23:47:00 ET
Table 'Algebar' 6-max Seat #4 is the button
Seat 3: Oxm0x ($229.28 in chips)
Seat 4: Masqb ($197.13 in chips)
Masqb: posts small blind $1
Oxm0x: posts big blind $3
*** HOLE CARDS ***
Masqb: raises $3 to $6
Oxm0x: raises $3 to $9
Masqb: calls $3
*** FLOP *** [Qs Ks Jc]
Oxm0x: bets $3
Masqb: calls $3
*** TURN *** [Qs Ks Jc] [As]
Oxm0x: bets $6
Masqb: raises $6 to $12
Oxm0x: calls $6
*** RIVER *** [Qs Ks Jc As] [2s]
Oxm0x: checks
Masqb: bets $6
Oxm0x: calls $6
*** SHOW DOWN ***
Masqb: shows [6s Th] (a flush, Ace high)
Oxm0x: mucks hand
Masqb collected $59.50 from pot
*** SUMMARY ***
Total pot $60 | Rake $0.50
Board [Qs Ks Jc As 2s]
Seat 3: Oxm0x (big blind) mucked
Seat 4: Masqb (button) (small blind) showed [6s Th] and won ($59.50) with a flush, Ace high


PokerStars Hand #147575386674:  Hold'em Limit ($3/$6 USD) - 2016/01/23 23:48:38 ET
Table 'Algebar' 6-max Seat #4 is the button
Seat 3: Oxm0x ($196.92 in chips)
Seat 4: Masqb ($228.15 in chips)
Masqb: posts small blind $1
Oxm0x: posts big blind $3
*** HOLE CARDS ***
Masqb: raises $3 to $6
Oxm0x: folds
Uncalled bet ($3) returned to Masqb
Masqb collected $6 from pot
Masqb: doesn't show hand
*** SUMMARY ***
Total pot $6 | Rake $0
Seat 3: Oxm0x (big blind) folded before Flop
Seat 4: Masqb (button) (small blind) collected ($6)


PokerStars Hand #147575384919:  Hold'em Limit ($3/$6 USD) - 2016/01/23 23:48:32 ET
Table 'Algebar' 6-max Seat #3 is the button
Seat 3: Oxm0x ($193.92 in chips)
Seat 4: Masqb ($231.15 in chips)
Oxm0x: posts small blind $1
Masqb: posts big blind $3
*** HOLE CARDS ***
Oxm0x: raises $3 to $6
Masqb: folds
Uncalled bet ($3) returned to Oxm0x
Oxm0x collected $6 from pot
Oxm0x: doesn't show hand
*** SUMMARY ***
Total pot $6 | Rake $0
Seat 3: Oxm0x (button) (small blind) collected ($6)
Seat 4: Masqb (big blind) folded before Flop


PokerStars Hand #147575383523:  Hold'em Limit ($3/$6 USD) - 2016/01/23 23:48:28 ET
Table 'Algebar' 6-max Seat #4 is the button
Seat 3: Oxm0x ($192.92 in chips)
Seat 4: Masqb ($232.15 in chips)
Masqb: posts small blind $1
Oxm0x: posts big blind $3
*** HOLE CARDS ***
Masqb: folds
Uncalled bet ($2) returned to Oxm0x
Oxm0x collected $2 from pot
Oxm0x: doesn't show hand
*** SUMMARY ***
Total pot $2 | Rake $0
Seat 3: Oxm0x (big blind) collected ($2)
Seat 4: Masqb (button) (small blind) folded before Flop


PokerStars Hand #147575381806:  Hold'em Limit ($3/$6 USD) - 2016/01/23 23:48:22 ET
Table 'Algebar' 6-max Seat #3 is the button
Seat 3: Oxm0x ($189.92 in chips)
Seat 4: Masqb ($235.15 in chips)
Oxm0x: posts small blind $1
Masqb: posts big blind $3
*** HOLE CARDS ***
Oxm0x: raises $3 to $6
Masqb: folds
Uncalled bet ($3) returned to Oxm0x
Oxm0x collected $6 from pot
Oxm0x: doesn't show hand
*** SUMMARY ***
Total pot $6 | Rake $0
Seat 3: Oxm0x (button) (small blind) collected ($6)
Seat 4: Masqb (big blind) folded before Flop


PokerStars Hand #147575379179:  Hold'em Limit ($3/$6 USD) - 2016/01/23 23:48:14 ET
Table 'Algebar' 6-max Seat #4 is the button
Seat 3: Oxm0x ($192.92 in chips)
Seat 4: Masqb ($232.15 in chips)
Masqb: posts small blind $1
Oxm0x: posts big blind $3
*** HOLE CARDS ***
Masqb: raises $3 to $6
Oxm0x: folds
Uncalled bet ($3) returned to Masqb
Masqb collected $6 from pot
Masqb: doesn't show hand
*** SUMMARY ***
Total pot $6 | Rake $0
Seat 3: Oxm0x (big blind) folded before Flop
Seat 4: Masqb (button) (small blind) collected ($6)


PokerStars Hand #147575373817:  Hold'em Limit ($3/$6 USD) - 2016/01/23 23:47:56 ET
Table 'Algebar' 6-max Seat #3 is the button
Seat 3: Oxm0x ($204.92 in chips)
Seat 4: Masqb ($220.63 in chips)
Oxm0x: posts small blind $1
Masqb: posts big blind $3
*** HOLE CARDS ***
Oxm0x: raises $3 to $6
Masqb: raises $3 to $9
Oxm0x: calls $3
*** FLOP *** [Ac 7d Js]
Masqb: bets $3
Oxm0x: calls $3
*** TURN *** [Ac 7d Js] [5c]
Masqb: bets $6
Oxm0x: folds
Uncalled bet ($6) returned to Masqb
Masqb collected $23.52 from pot
Masqb: doesn't show hand
*** SUMMARY ***
Total pot $24 | Rake $0.48
Board [Ac 7d Js 5c]
Seat 3: Oxm0x (button) (small blind) folded on the Turn
Seat 4: Masqb (big blind) collected ($23.52)


PokerStars Hand #147575407381:  Hold'em Limit ($3/$6 USD) - 2016/01/23 23:49:44 ET
Table 'Algebar' 6-max Seat #3 is the button
Seat 3: Oxm0x ($190.42 in chips)
Seat 4: Masqb ($233.65 in chips)
Oxm0x: posts small blind $1
Masqb: posts big blind $3
*** HOLE CARDS ***
Oxm0x: raises $3 to $6
Masqb: calls $3
*** FLOP *** [2s Js Ts]
Masqb: checks
Oxm0x: checks
*** TURN *** [2s Js Ts] [7s]
Masqb: checks
Oxm0x: checks
*** RIVER *** [2s Js Ts 7s] [3c]
Masqb: checks
Oxm0x: checks
*** SHOW DOWN ***
Masqb: shows [5h Qh] (high card Queen)
Oxm0x: shows [7c Ah] (a pair of Sevens)
Oxm0x collected $11.76 from pot
*** SUMMARY ***
Total pot $12 | Rake $0.24
Board [2s Js Ts 7s 3c]
Seat 3: Oxm0x (button) (small blind) showed [7c Ah] and won ($11.76) with a pair of Sevens
Seat 4: Masqb (big blind) showed [5h Qh] and lost with high card Queen


PokerStars Hand #147575399031:  Hold'em Limit ($3/$6 USD) - 2016/01/23 23:49:17 ET
Table 'Algebar' 6-max Seat #4 is the button
Seat 3: Oxm0x ($214.42 in chips)
Seat 4: Masqb ($210.15 in chips)
Masqb: posts small blind $1
Oxm0x: posts big blind $3
*** HOLE CARDS ***
Masqb: raises $3 to $6
Oxm0x: raises $3 to $9
Masqb: calls $3
*** FLOP *** [Td 7c 6d]
Oxm0x: bets $3
Masqb: calls $3
*** TURN *** [Td 7c 6d] [8d]
Oxm0x: bets $6
Masqb: raises $6 to $12
Oxm0x: calls $6
*** RIVER *** [Td 7c 6d 8d] [Kd]
Oxm0x: checks
Masqb: checks
*** SHOW DOWN ***
Oxm0x: shows [Ac Kc] (a pair of Kings)
Masqb: shows [9c 5s] (a straight, Six to Ten)
Masqb collected $47.50 from pot
*** SUMMARY ***
Total pot $48 | Rake $0.50
Board [Td 7c 6d 8d Kd]
Seat 3: Oxm0x (big blind) showed [Ac Kc] and lost with a pair of Kings
Seat 4: Masqb (button) (small blind) showed [9c 5s] and won ($47.50) with a straight, Six to Ten


PokerStars Hand #147575388148:  Hold'em Limit ($3/$6 USD) - 2016/01/23 23:48:42 ET
Table 'Algebar' 6-max Seat #3 is the button
Seat 3: Oxm0x ($193.92 in chips)
Seat 4: Masqb ($231.15 in chips)
Oxm0x: posts small blind $1
Masqb: posts big blind $3
*** HOLE CARDS ***
Oxm0x: raises $3 to $6
Masqb: raises $3 to $9
Oxm0x: raises $3 to $12
Betting is capped
Masqb: calls $3
*** FLOP *** [8s Kh 5s]
Masqb: checks
Oxm0x: bets $3
Masqb: calls $3
*** TURN *** [8s Kh 5s] [9c]
Masqb: checks
Oxm0x: bets $6
Masqb: calls $6
*** RIVER *** [8s Kh 5s 9c] [9d]
Masqb: checks
Oxm0x: bets $6
Masqb: folds
Uncalled bet ($6) returned to Oxm0x
Oxm0x collected $41.50 from pot
Oxm0x: doesn't show hand
*** SUMMARY ***
Total pot $42 | Rake $0.50
Board [8s Kh 5s 9c 9d]
Seat 3: Oxm0x (button) (small blind) collected ($41.50)
Seat 4: Masqb (big blind) folded on the River


PokerStars Hand #147575424602:  Hold'em Limit ($3/$6 USD) - 2016/01/23 23:50:40 ET
Table 'Algebar' 6-max Seat #4 is the button
Seat 3: Oxm0x ($178.18 in chips)
Seat 4: Masqb ($245.15 in chips)
Masqb: posts small blind $1
Oxm0x: posts big blind $3
*** HOLE CARDS ***
Masqb: raises $3 to $6
Oxm0x: folds
Uncalled bet ($3) returned to Masqb
Masqb collected $6 from pot
Masqb: doesn't show hand
*** SUMMARY ***
Total pot $6 | Rake $0
Seat 3: Oxm0x (big blind) folded before Flop
Seat 4: Masqb (button) (small blind) collected ($6)


PokerStars Hand #147575427497:  Hold'em Limit ($3/$6 USD) - 2016/01/23 23:50:49 ET
Table 'Algebar' 6-max Seat #3 is the button
Seat 3: Oxm0x ($175.18 in chips)
Seat 4: Masqb ($248.15 in chips)
Oxm0x: posts small blind $1
Masqb: posts big blind $3
*** HOLE CARDS ***
Oxm0x: folds
Uncalled bet ($2) returned to Masqb
Oxm0x leaves the table
Masqb collected $2 from pot
Masqb: doesn't show hand
*** SUMMARY ***
Total pot $2 | Rake $0
Seat 3: Oxm0x (button) (small blind) folded before Flop
Seat 4: Masqb (big blind) collected ($2)


PokerStars Hand #147575413538:  Hold'em Limit ($3/$6 USD) - 2016/01/23 23:50:04 ET
Table 'Algebar' 6-max Seat #4 is the button
Seat 3: Oxm0x ($196.18 in chips)
Seat 4: Masqb ($227.65 in chips)
Masqb: posts small blind $1
Oxm0x: posts big blind $3
*** HOLE CARDS ***
Masqb: raises $3 to $6
Oxm0x: folds
Uncalled bet ($3) returned to Masqb
Masqb collected $6 from pot
Masqb: doesn't show hand
*** SUMMARY ***
Total pot $6 | Rake $0
Seat 3: Oxm0x (big blind) folded before Flop
Seat 4: Masqb (button) (small blind) collected ($6)


PokerStars Hand #147576054100:  Hold'em Limit ($3/$6 USD) - 2016/01/24 0:25:26 ET
Table 'Algebar' 6-max Seat #5 is the button
Seat 4: Masqb ($252.15 in chips)
Seat 5: hairy1961 ($57 in chips)
hairy1961: posts small blind $1
Masqb: posts big blind $3
*** HOLE CARDS ***
hairy1961: raises $3 to $6
Masqb: calls $3
*** FLOP *** [8s Kh As]
Masqb: checks
hairy1961: bets $3
Masqb: folds
Uncalled bet ($3) returned to hairy1961
hairy1961 collected $11.76 from pot
*** SUMMARY ***
Total pot $12 | Rake $0.24
Board [8s Kh As]
Seat 4: Masqb (big blind) folded on the Flop
Seat 5: hairy1961 (button) (small blind) collected ($11.76)


PokerStars Hand #147576048088:  Hold'em Limit ($3/$6 USD) - 2016/01/24 0:25:06 ET
Table 'Algebar' 6-max Seat #4 is the button
Seat 4: Masqb ($249.15 in chips)
Seat 5: hairy1961 ($60 in chips)
Masqb: posts small blind $1
hairy1961: posts big blind $3
*** HOLE CARDS ***
Masqb: raises $3 to $6
hairy1961: folds
Uncalled bet ($3) returned to Masqb
Masqb collected $6 from pot
Masqb: doesn't show hand
*** SUMMARY ***
Total pot $6 | Rake $0
Seat 4: Masqb (button) (small blind) collected ($6)
Seat 5: hairy1961 (big blind) folded before Flop


PokerStars Hand #147576074128:  Hold'em Limit ($3/$6 USD) - 2016/01/24 0:26:33 ET
Table 'Algebar' 6-max Seat #4 is the button
Seat 4: Masqb ($192.15 in chips)
Seat 5: hairy1961 ($115.76 in chips)
Masqb: posts small blind $1
hairy1961: posts big blind $3
*** HOLE CARDS ***
Masqb: raises $3 to $6
hairy1961: folds
Uncalled bet ($3) returned to Masqb
Masqb collected $6 from pot
Masqb: doesn't show hand
*** SUMMARY ***
Total pot $6 | Rake $0
Seat 4: Masqb (button) (small blind) collected ($6)
Seat 5: hairy1961 (big blind) folded before Flop


PokerStars Hand #147576065599:  Hold'em Limit ($3/$6 USD) - 2016/01/24 0:26:05 ET
Table 'Algebar' 6-max Seat #5 is the button
Seat 4: Masqb ($222.15 in chips)
Seat 5: hairy1961 ($86.26 in chips)
hairy1961: posts small blind $1
Masqb: posts big blind $3
*** HOLE CARDS ***
hairy1961: raises $3 to $6
Masqb: raises $3 to $9
hairy1961: calls $3
*** FLOP *** [3s As 7s]
Masqb: bets $3
hairy1961: calls $3
*** TURN *** [3s As 7s] [2s]
Masqb: bets $6
hairy1961: raises $6 to $12
Masqb: calls $6
*** RIVER *** [3s As 7s 2s] [8s]
Masqb: checks
hairy1961: bets $6
Masqb: calls $6
*** SHOW DOWN ***
hairy1961: shows [Ac Qs] (a flush, Ace high)
Masqb: mucks hand
hairy1961 collected $59.50 from pot
*** SUMMARY ***
Total pot $60 | Rake $0.50
Board [3s As 7s 2s 8s]
Seat 4: Masqb (big blind) mucked
Seat 5: hairy1961 (button) (small blind) showed [Ac Qs] and won ($59.50) with a flush, Ace high


PokerStars Hand #147576058587:  Hold'em Limit ($3/$6 USD) - 2016/01/24 0:25:41 ET
Table 'Algebar' 6-max Seat #4 is the button
Seat 4: Masqb ($246.15 in chips)
Seat 5: hairy1961 ($62.76 in chips)
Masqb: posts small blind $1
hairy1961: posts big blind $3
*** HOLE CARDS ***
Masqb: raises $3 to $6
hairy1961: raises $3 to $9
Masqb: calls $3
*** FLOP *** [8h 6d Kc]
hairy1961: bets $3
Masqb: calls $3
*** TURN *** [8h 6d Kc] [2h]
hairy1961: bets $6
Masqb: calls $6
*** RIVER *** [8h 6d Kc 2h] [2c]
hairy1961: bets $6
Masqb: calls $6
*** SHOW DOWN ***
hairy1961: shows [Td Th] (two pair, Tens and Deuces)
Masqb: mucks hand
hairy1961 collected $47.50 from pot
*** SUMMARY ***
Total pot $48 | Rake $0.50
Board [8h 6d Kc 2h 2c]
Seat 4: Masqb (button) (small blind) mucked
Seat 5: hairy1961 (big blind) showed [Td Th] and won ($47.50) with two pair, Tens and Deuces


PokerStars Hand #147576085360:  Hold'em Limit ($3/$6 USD) - 2016/01/24 0:27:11 ET
Table 'Algebar' 6-max Seat #5 is the button
Seat 4: Masqb ($188.15 in chips)
Seat 5: hairy1961 ($119.52 in chips)
hairy1961: posts small blind $1
Masqb: posts big blind $3
*** HOLE CARDS ***
hairy1961: raises $3 to $6
Masqb: calls $3
*** FLOP *** [7s 6h Qs]
Masqb: checks
hairy1961: checks
*** TURN *** [7s 6h Qs] [4h]
Masqb: bets $6
hairy1961: calls $6
*** RIVER *** [7s 6h Qs 4h] [2h]
Masqb: bets $6
hairy1961: calls $6
*** SHOW DOWN ***
Masqb: shows [8h 5c] (a straight, Four to Eight)
hairy1961: mucks hand
Masqb collected $35.50 from pot
*** SUMMARY ***
Total pot $36 | Rake $0.50
Board [7s 6h Qs 4h 2h]
Seat 4: Masqb (big blind) showed [8h 5c] and won ($35.50) with a straight, Four to Eight
Seat 5: hairy1961 (button) (small blind) mucked


PokerStars Hand #147576083847:  Hold'em Limit ($3/$6 USD) - 2016/01/24 0:27:06 ET
Table 'Algebar' 6-max Seat #4 is the button
Seat 4: Masqb ($189.15 in chips)
Seat 5: hairy1961 ($118.52 in chips)
Masqb: posts small blind $1
hairy1961: posts big blind $3
*** HOLE CARDS ***
Masqb: folds
Uncalled bet ($2) returned to hairy1961
hairy1961 collected $2 from pot
hairy1961: doesn't show hand
*** SUMMARY ***
Total pot $2 | Rake $0
Seat 4: Masqb (button) (small blind) folded before Flop
Seat 5: hairy1961 (big blind) collected ($2)


PokerStars Hand #147576076020:  Hold'em Limit ($3/$6 USD) - 2016/01/24 0:26:39 ET
Table 'Algebar' 6-max Seat #5 is the button
Seat 4: Masqb ($195.15 in chips)
Seat 5: hairy1961 ($112.76 in chips)
hairy1961: posts small blind $1
Masqb: posts big blind $3
*** HOLE CARDS ***
hairy1961: raises $3 to $6
Masqb: calls $3
*** FLOP *** [Qd Td Ks]
Masqb: checks
hairy1961: checks
*** TURN *** [Qd Td Ks] [8h]
Masqb: checks
hairy1961: bets $6
Masqb: folds
Uncalled bet ($6) returned to hairy1961
hairy1961 collected $11.76 from pot
*** SUMMARY ***
Total pot $12 | Rake $0.24
Board [Qd Td Ks 8h]
Seat 4: Masqb (big blind) folded on the Turn
Seat 5: hairy1961 (button) (small blind) collected ($11.76)


PokerStars Hand #147576112244:  Hold'em Limit ($3/$6 USD) - 2016/01/24 0:28:41 ET
Table 'Algebar' 6-max Seat #5 is the button
Seat 4: Masqb ($233.79 in chips)
Seat 5: hairy1961 ($72.52 in chips)
hairy1961: posts small blind $1
Masqb: posts big blind $3
*** HOLE CARDS ***
hairy1961: folds
Uncalled bet ($2) returned to Masqb
Masqb collected $2 from pot
Masqb: doesn't show hand
*** SUMMARY ***
Total pot $2 | Rake $0
Seat 4: Masqb (big blind) collected ($2)
Seat 5: hairy1961 (button) (small blind) folded before Flop


PokerStars Hand #147576109724:  Hold'em Limit ($3/$6 USD) - 2016/01/24 0:28:32 ET
Table 'Algebar' 6-max Seat #4 is the button
Seat 4: Masqb ($234.79 in chips)
Seat 5: hairy1961 ($71.52 in chips)
Masqb: posts small blind $1
hairy1961: posts big blind $3
*** HOLE CARDS ***
Masqb: folds
Uncalled bet ($2) returned to hairy1961
hairy1961 collected $2 from pot
hairy1961: doesn't show hand
*** SUMMARY ***
Total pot $2 | Rake $0
Seat 4: Masqb (button) (small blind) folded before Flop
Seat 5: hairy1961 (big blind) collected ($2)


PokerStars Hand #147576101614:  Hold'em Limit ($3/$6 USD) - 2016/01/24 0:28:05 ET
Table 'Algebar' 6-max Seat #5 is the button
Seat 4: Masqb ($226.15 in chips)
Seat 5: hairy1961 ($80.52 in chips)
hairy1961: posts small blind $1
Masqb: posts big blind $3
*** HOLE CARDS ***
hairy1961: raises $3 to $6
Masqb: calls $3
*** FLOP *** [Tc Jc Ah]
Masqb: checks
hairy1961: bets $3
Masqb: calls $3
*** TURN *** [Tc Jc Ah] [6s]
Masqb: checks
hairy1961: checks
*** RIVER *** [Tc Jc Ah 6s] [7s]
Masqb: checks
hairy1961: checks
*** SHOW DOWN ***
Masqb: shows [6c Td] (two pair, Tens and Sixes)
hairy1961: mucks hand
Masqb collected $17.64 from pot
*** SUMMARY ***
Total pot $18 | Rake $0.36
Board [Tc Jc Ah 6s 7s]
Seat 4: Masqb (big blind) showed [6c Td] and won ($17.64) with two pair, Tens and Sixes
Seat 5: hairy1961 (button) (small blind) mucked


PokerStars Hand #147576092337:  Hold'em Limit ($3/$6 USD) - 2016/01/24 0:27:34 ET
Table 'Algebar' 6-max Seat #4 is the button
Seat 4: Masqb ($205.65 in chips)
Seat 5: hairy1961 ($101.52 in chips)
Masqb: posts small blind $1
hairy1961: posts big blind $3
*** HOLE CARDS ***
Masqb: raises $3 to $6
hairy1961: calls $3
*** FLOP *** [Th 3d Ks]
hairy1961: bets $3
Masqb: calls $3
*** TURN *** [Th 3d Ks] [Jc]
hairy1961: checks
Masqb: bets $6
hairy1961: calls $6
*** RIVER *** [Th 3d Ks Jc] [Ah]
hairy1961: checks
Masqb: bets $6
hairy1961: calls $6
*** SHOW DOWN ***
Masqb: shows [Ad Td] (two pair, Aces and Tens)
hairy1961: mucks hand
Masqb collected $41.50 from pot
*** SUMMARY ***
Total pot $42 | Rake $0.50
Board [Th 3d Ks Jc Ah]
Seat 4: Masqb (button) (small blind) showed [Ad Td] and won ($41.50) with two pair, Aces and Tens
Seat 5: hairy1961 (big blind) mucked


PokerStars Hand #147576124665:  Hold'em Limit ($3/$6 USD) - 2016/01/24 0:29:23 ET
Table 'Algebar' 6-max Seat #4 is the button
Seat 4: Masqb ($226.79 in chips)
Seat 5: hairy1961 ($79.16 in chips)
Masqb: posts small blind $1
hairy1961: posts big blind $3
*** HOLE CARDS ***
Masqb: raises $3 to $6
hairy1961: raises $3 to $9
Masqb: calls $3
*** FLOP *** [7d 3h Jc]
hairy1961: bets $3
Masqb: calls $3
*** TURN *** [7d 3h Jc] [5c]
hairy1961: bets $6
Masqb: calls $6
*** RIVER *** [7d 3h Jc 5c] [6s]
hairy1961: bets $6
Masqb: calls $6
*** SHOW DOWN ***
hairy1961: shows [Ks 9h] (high card King)
Masqb: shows [Ac Qh] (high card Ace)
Masqb collected $47.50 from pot
*** SUMMARY ***
Total pot $48 | Rake $0.50
Board [7d 3h Jc 5c 6s]
Seat 4: Masqb (button) (small blind) showed [Ac Qh] and won ($47.50) with high card Ace
Seat 5: hairy1961 (big blind) showed [Ks 9h] and lost with high card King


PokerStars Hand #147576122287:  Hold'em Limit ($3/$6 USD) - 2016/01/24 0:29:14 ET
Table 'Algebar' 6-max Seat #5 is the button
Seat 4: Masqb ($225.79 in chips)
Seat 5: hairy1961 ($80.16 in chips)
hairy1961: posts small blind $1
Masqb: posts big blind $3
*** HOLE CARDS ***
hairy1961: folds
Uncalled bet ($2) returned to Masqb
Masqb collected $2 from pot
Masqb: doesn't show hand
*** SUMMARY ***
Total pot $2 | Rake $0
Seat 4: Masqb (big blind) collected ($2)
Seat 5: hairy1961 (button) (small blind) folded before Flop


PokerStars Hand #147576114112:  Hold'em Limit ($3/$6 USD) - 2016/01/24 0:28:47 ET
Table 'Algebar' 6-max Seat #4 is the button
Seat 4: Masqb ($234.79 in chips)
Seat 5: hairy1961 ($71.52 in chips)
Masqb: posts small blind $1
hairy1961: posts big blind $3
*** HOLE CARDS ***
Masqb: raises $3 to $6
hairy1961: calls $3
*** FLOP *** [9h 2d Ks]
hairy1961: checks
Masqb: bets $3
hairy1961: calls $3
*** TURN *** [9h 2d Ks] [3c]
hairy1961: bets $6
Masqb: folds
Uncalled bet ($6) returned to hairy1961
hairy1961 collected $17.64 from pot
*** SUMMARY ***
Total pot $18 | Rake $0.36
Board [9h 2d Ks 3c]
Seat 4: Masqb (button) (small blind) folded on the Turn
Seat 5: hairy1961 (big blind) collected ($17.64)


PokerStars Hand #147576142620:  Hold'em Limit ($3/$6 USD) - 2016/01/24 0:30:23 ET
Table 'Algebar' 6-max Seat #5 is the button
Seat 4: Masqb ($238.29 in chips)
Seat 5: hairy1961 ($66.80 in chips)
hairy1961: posts small blind $1
Masqb: posts big blind $3
*** HOLE CARDS ***
hairy1961: raises $3 to $6
Masqb: calls $3
*** FLOP *** [As 9s 2s]
Masqb: checks
hairy1961: bets $3
Masqb: folds
Uncalled bet ($3) returned to hairy1961
hairy1961 collected $11.76 from pot
*** SUMMARY ***
Total pot $12 | Rake $0.24
Board [As 9s 2s]
Seat 4: Masqb (big blind) folded on the Flop
Seat 5: hairy1961 (button) (small blind) collected ($11.76)


PokerStars Hand #147576134561:  Hold'em Limit ($3/$6 USD) - 2016/01/24 0:29:56 ET
Table 'Algebar' 6-max Seat #4 is the button
Seat 4: Masqb ($247.29 in chips)
Seat 5: hairy1961 ($58.16 in chips)
Masqb: posts small blind $1
hairy1961: posts big blind $3
*** HOLE CARDS ***
Masqb: raises $3 to $6
hairy1961: calls $3
*** FLOP *** [7s Td 7h]
hairy1961: checks
Masqb: bets $3
hairy1961: calls $3
*** TURN *** [7s Td 7h] [Qh]
hairy1961: checks
Masqb: checks
*** RIVER *** [7s Td 7h Qh] [3s]
hairy1961: bets $6
Masqb: folds
Uncalled bet ($6) returned to hairy1961
hairy1961 collected $17.64 from pot
hairy1961: doesn't show hand
*** SUMMARY ***
Total pot $18 | Rake $0.36
Board [7s Td 7h Qh 3s]
Seat 4: Masqb (button) (small blind) folded on the River
Seat 5: hairy1961 (big blind) collected ($17.64)


PokerStars Hand #147576132459:  Hold'em Limit ($3/$6 USD) - 2016/01/24 0:29:49 ET
Table 'Algebar' 6-max Seat #5 is the button
Seat 4: Masqb ($250.29 in chips)
Seat 5: hairy1961 ($55.16 in chips)
hairy1961: posts small blind $1
Masqb: posts big blind $3
*** HOLE CARDS ***
hairy1961: raises $3 to $6
Masqb: folds
Uncalled bet ($3) returned to hairy1961
hairy1961 collected $6 from pot
hairy1961: doesn't show hand
*** SUMMARY ***
Total pot $6 | Rake $0
Seat 4: Masqb (big blind) folded before Flop
Seat 5: hairy1961 (button) (small blind) collected ($6)


PokerStars Hand #147576155585:  Hold'em Limit ($3/$6 USD) - 2016/01/24 0:31:06 ET
Table 'Algebar' 6-max Seat #5 is the button
Seat 4: Masqb ($205.29 in chips)
Seat 5: hairy1961 ($99.06 in chips)
hairy1961: posts small blind $1
Masqb: posts big blind $3
*** HOLE CARDS ***
hairy1961: folds
Uncalled bet ($2) returned to Masqb
Masqb collected $2 from pot
Masqb: doesn't show hand
*** SUMMARY ***
Total pot $2 | Rake $0
Seat 4: Masqb (big blind) collected ($2)
Seat 5: hairy1961 (button) (small blind) folded before Flop


PokerStars Hand #147576147339:  Hold'em Limit ($3/$6 USD) - 2016/01/24 0:30:39 ET
Table 'Algebar' 6-max Seat #4 is the button
Seat 4: Masqb ($232.29 in chips)
Seat 5: hairy1961 ($72.56 in chips)
Masqb: posts small blind $1
hairy1961: posts big blind $3
*** HOLE CARDS ***
Masqb: raises $3 to $6
hairy1961: calls $3
*** FLOP *** [Th 9c 7s]
hairy1961: checks
Masqb: bets $3
hairy1961: calls $3
*** TURN *** [Th 9c 7s] [8c]
hairy1961: checks
Masqb: bets $6
hairy1961: raises $6 to $12
Masqb: calls $6
*** RIVER *** [Th 9c 7s 8c] [Jh]
hairy1961: bets $6
Masqb: calls $6
*** SHOW DOWN ***
hairy1961: shows [Ac Qc] (a straight, Eight to Queen)
Masqb: mucks hand
hairy1961 collected $53.50 from pot
*** SUMMARY ***
Total pot $54 | Rake $0.50
Board [Th 9c 7s 8c Jh]
Seat 4: Masqb (button) (small blind) mucked
Seat 5: hairy1961 (big blind) showed [Ac Qc] and won ($53.50) with a straight, Eight to Queen


PokerStars Hand #147576201399:  Hold'em Limit ($3/$6 USD) - 2016/01/24 0:33:42 ET
Table 'Algebar' 6-max Seat #3 is the button
Seat 3: loopyA ($9 in chips)
Seat 4: Masqb ($232.79 in chips)
loopyA: posts small blind $1
Masqb: posts big blind $3
*** HOLE CARDS ***
loopyA: folds
Uncalled bet ($2) returned to Masqb
Masqb collected $2 from pot
Masqb: doesn't show hand
*** SUMMARY ***
Total pot $2 | Rake $0
Seat 3: loopyA (button) (small blind) folded before Flop
Seat 4: Masqb (big blind) collected ($2)


PokerStars Hand #147576199421:  Hold'em Limit ($3/$6 USD) - 2016/01/24 0:33:35 ET
Table 'Algebar' 6-max Seat #4 is the button
Seat 3: loopyA ($12 in chips)
Seat 4: Masqb ($229.79 in chips)
Masqb: posts small blind $1
loopyA: posts big blind $3
*** HOLE CARDS ***
Masqb: raises $3 to $6
loopyA: folds
Uncalled bet ($3) returned to Masqb
Masqb collected $6 from pot
Masqb: doesn't show hand
*** SUMMARY ***
Total pot $6 | Rake $0
Seat 3: loopyA (big blind) folded before Flop
Seat 4: Masqb (button) (small blind) collected ($6)


PokerStars Hand #147576197993:  Hold'em Limit ($3/$6 USD) - 2016/01/24 0:33:30 ET
Table 'Algebar' 6-max Seat #3 is the button
Seat 3: loopyA ($13 in chips)
Seat 4: Masqb ($228.79 in chips)
loopyA: posts small blind $1
Masqb: posts big blind $3
*** HOLE CARDS ***
loopyA: folds
Uncalled bet ($2) returned to Masqb
Masqb collected $2 from pot
Masqb: doesn't show hand
*** SUMMARY ***
Total pot $2 | Rake $0
Seat 3: loopyA (button) (small blind) folded before Flop
Seat 4: Masqb (big blind) collected ($2)


PokerStars Hand #147576196659:  Hold'em Limit ($3/$6 USD) - 2016/01/24 0:33:26 ET
Table 'Algebar' 6-max Seat #4 is the button
Seat 3: loopyA ($12 in chips)
Seat 4: Masqb ($229.79 in chips)
Masqb: posts small blind $1
loopyA: posts big blind $3
*** HOLE CARDS ***
Masqb: folds
Uncalled bet ($2) returned to loopyA
loopyA collected $2 from pot
loopyA: doesn't show hand
*** SUMMARY ***
Total pot $2 | Rake $0
Seat 3: loopyA (big blind) collected ($2)
Seat 4: Masqb (button) (small blind) folded before Flop


PokerStars Hand #147576193702:  Hold'em Limit ($3/$6 USD) - 2016/01/24 0:33:16 ET
Table 'Algebar' 6-max Seat #3 is the button
Seat 3: loopyA ($15 in chips)
Seat 4: Masqb ($226.79 in chips)
loopyA: posts small blind $1
Masqb: posts big blind $3
*** HOLE CARDS ***
loopyA: calls $2
Masqb: raises $3 to $6
loopyA: folds
Uncalled bet ($3) returned to Masqb
Masqb collected $6 from pot
Masqb: doesn't show hand
*** SUMMARY ***
Total pot $6 | Rake $0
Seat 3: loopyA (button) (small blind) folded before Flop
Seat 4: Masqb (big blind) collected ($6)


PokerStars Hand #147576185029:  Hold'em Limit ($3/$6 USD) - 2016/01/24 0:32:46 ET
Table 'Algebar' 6-max Seat #4 is the button
Seat 3: loopyA ($36 in chips)
Seat 4: Masqb ($206.29 in chips)
Masqb: posts small blind $1
loopyA: posts big blind $3
*** HOLE CARDS ***
Masqb: raises $3 to $6
loopyA: calls $3
*** FLOP *** [5c Tc Qs]
loopyA: checks
Masqb: bets $3
loopyA: calls $3
*** TURN *** [5c Tc Qs] [Qh]
loopyA: checks
Masqb: bets $6
loopyA: calls $6
*** RIVER *** [5c Tc Qs Qh] [9c]
loopyA: checks
Masqb: bets $6
loopyA: calls $6
*** SHOW DOWN ***
Masqb: shows [4c 6c] (a flush, Ten high)
loopyA: mucks hand
Masqb collected $41.50 from pot
*** SUMMARY ***
Total pot $42 | Rake $0.50
Board [5c Tc Qs Qh 9c]
Seat 3: loopyA (big blind) mucked
Seat 4: Masqb (button) (small blind) showed [4c 6c] and won ($41.50) with a flush, Ten high


PokerStars Hand #147576214948:  Hold'em Limit ($3/$6 USD) - 2016/01/24 0:34:27 ET
Table 'Algebar' 6-max Seat #3 is the button
Seat 3: loopyA ($13.68 in chips)
Seat 4: Masqb ($227.67 in chips)
loopyA: posts small blind $1
Masqb: posts big blind $3
*** HOLE CARDS ***
loopyA: calls $2
Masqb: raises $3 to $6
loopyA: calls $3
*** FLOP *** [Td Jc 6c]
Masqb: bets $3
loopyA: raises $3 to $6
Masqb: calls $3
*** TURN *** [Td Jc 6c] [Ac]
Masqb: checks
loopyA: bets $1.68 and is all-in
Masqb: calls $1.68
*** RIVER *** [Td Jc 6c Ac] [Ah]
*** SHOW DOWN ***
Masqb: shows [9c Ks] (a pair of Aces)
loopyA: shows [2d 3d] (a pair of Aces - lower kicker)
Masqb collected $26.86 from pot
*** SUMMARY ***
Total pot $27.36 | Rake $0.50
Board [Td Jc 6c Ac Ah]
Seat 3: loopyA (button) (small blind) showed [2d 3d] and lost with a pair of Aces
Seat 4: Masqb (big blind) showed [9c Ks] and won ($26.86) with a pair of Aces


PokerStars Hand #147576213659:  Hold'em Limit ($3/$6 USD) - 2016/01/24 0:34:22 ET
Table 'Algebar' 6-max Seat #4 is the button
Seat 3: loopyA ($12.68 in chips)
Seat 4: Masqb ($228.67 in chips)
Masqb: posts small blind $1
loopyA: posts big blind $3
*** HOLE CARDS ***
Masqb: folds
Uncalled bet ($2) returned to loopyA
loopyA collected $2 from pot
loopyA: doesn't show hand
*** SUMMARY ***
Total pot $2 | Rake $0
Seat 3: loopyA (big blind) collected ($2)
Seat 4: Masqb (button) (small blind) folded before Flop


PokerStars Hand #147576207202:  Hold'em Limit ($3/$6 USD) - 2016/01/24 0:34:01 ET
Table 'Algebar' 6-max Seat #3 is the button
Seat 3: loopyA ($15.68 in chips)
Seat 4: Masqb ($225.79 in chips)
loopyA: posts small blind $1
Masqb: posts big blind $3
*** HOLE CARDS ***
loopyA: calls $2
Masqb: checks
*** FLOP *** [Kc 5h 9h]
Masqb: checks
loopyA: checks
*** TURN *** [Kc 5h 9h] [6s]
Masqb: bets $6
loopyA: folds
Uncalled bet ($6) returned to Masqb
Masqb collected $5.88 from pot
Masqb: doesn't show hand
*** SUMMARY ***
Total pot $6 | Rake $0.12
Board [Kc 5h 9h 6s]
Seat 3: loopyA (button) (small blind) folded on the Turn
Seat 4: Masqb (big blind) collected ($5.88)


PokerStars Hand #147576202780:  Hold'em Limit ($3/$6 USD) - 2016/01/24 0:33:46 ET
Table 'Algebar' 6-max Seat #4 is the button
Seat 3: loopyA ($8 in chips)
Seat 4: Masqb ($233.79 in chips)
Masqb: posts small blind $1
loopyA: posts big blind $3
*** HOLE CARDS ***
Masqb: raises $3 to $6
loopyA: calls $3
*** FLOP *** [6c Ad Jc]
loopyA: bets $2 and is all-in
Masqb: calls $2
*** TURN *** [6c Ad Jc] [2c]
*** RIVER *** [6c Ad Jc 2c] [Td]
*** SHOW DOWN ***
loopyA: shows [2d Qd] (a pair of Deuces)
Masqb: shows [8d 9d] (high card Ace)
loopyA collected $15.68 from pot
*** SUMMARY ***
Total pot $16 | Rake $0.32
Board [6c Ad Jc 2c Td]
Seat 3: loopyA (big blind) showed [2d Qd] and won ($15.68) with a pair of Deuces
Seat 4: Masqb (button) (small blind) showed [8d 9d] and lost with high card Ace


PokerStars Hand #147576231554:  Hold'em Limit ($3/$6 USD) - 2016/01/24 0:35:23 ET
Table 'Algebar' 6-max Seat #4 is the button
Seat 3: loopyA ($29.56 in chips)
Seat 4: Masqb ($244.85 in chips)
Masqb: posts small blind $1
loopyA: posts big blind $3
*** HOLE CARDS ***
Masqb: raises $3 to $6
loopyA: calls $3
*** FLOP *** [Ah Kh Qc]
loopyA: checks
Masqb: bets $3
loopyA: folds
Uncalled bet ($3) returned to Masqb
Masqb collected $11.76 from pot
Masqb: doesn't show hand
*** SUMMARY ***
Total pot $12 | Rake $0.24
Board [Ah Kh Qc]
Seat 3: loopyA (big blind) folded on the Flop
Seat 4: Masqb (button) (small blind) collected ($11.76)


PokerStars Hand #147576229928:  Hold'em Limit ($3/$6 USD) - 2016/01/24 0:35:18 ET
Table 'Algebar' 6-max Seat #3 is the button
Seat 3: loopyA ($30.56 in chips)
Seat 4: Masqb ($243.85 in chips)
loopyA: posts small blind $1
Masqb: posts big blind $3
*** HOLE CARDS ***
loopyA: folds
Uncalled bet ($2) returned to Masqb
Masqb collected $2 from pot
Masqb: doesn't show hand
*** SUMMARY ***
Total pot $2 | Rake $0
Seat 3: loopyA (button) (small blind) folded before Flop
Seat 4: Masqb (big blind) collected ($2)


PokerStars Hand #147576225737:  Hold'em Limit ($3/$6 USD) - 2016/01/24 0:35:03 ET
Table 'Algebar' 6-max Seat #4 is the button
Seat 3: loopyA ($33.56 in chips)
Seat 4: Masqb ($240.85 in chips)
Masqb: posts small blind $1
loopyA: posts big blind $3
*** HOLE CARDS ***
Masqb: raises $3 to $6
loopyA: folds
Uncalled bet ($3) returned to Masqb
Masqb collected $6 from pot
Masqb: doesn't show hand
*** SUMMARY ***
Total pot $6 | Rake $0
Seat 3: loopyA (big blind) folded before Flop
Seat 4: Masqb (button) (small blind) collected ($6)


PokerStars Hand #147576236797:  Hold'em Limit ($3/$6 USD) - 2016/01/24 0:35:41 ET
Table 'Algebar' 6-max Seat #3 is the button
Seat 3: loopyA ($23.56 in chips)
Seat 4: Masqb ($250.61 in chips)
loopyA: posts small blind $1
Masqb: posts big blind $3
*** HOLE CARDS ***
loopyA: calls $2
Masqb: checks
*** FLOP *** [2d Tc 8c]
Masqb: checks
loopyA: checks
*** TURN *** [2d Tc 8c] [6d]
Masqb: checks
loopyA: bets $6
Masqb: calls $6
*** RIVER *** [2d Tc 8c 6d] [Ac]
Masqb: checks
loopyA: checks
*** SHOW DOWN ***
Masqb: shows [Qh 3d] (high card Ace)
loopyA: shows [6c Kc] (a flush, Ace high)
loopyA collected $17.64 from pot
*** SUMMARY ***
Total pot $18 | Rake $0.36
Board [2d Tc 8c 6d Ac]
Seat 3: loopyA (button) (small blind) showed [6c Kc] and won ($17.64) with a flush, Ace high
Seat 4: Masqb (big blind) showed [Qh 3d] and lost with high card Ace


PokerStars Hand #147576258521:  Hold'em Limit ($3/$6 USD) - 2016/01/24 0:36:55 ET
Table 'Algebar' 6-max Seat #3 is the button
Seat 3: loopyA ($23.20 in chips)
Seat 4: Masqb ($250.25 in chips)
loopyA: posts small blind $1
Masqb: posts big blind $3
*** HOLE CARDS ***
loopyA: folds
Uncalled bet ($2) returned to Masqb
Masqb collected $2 from pot
Masqb: doesn't show hand
*** SUMMARY ***
Total pot $2 | Rake $0
Seat 3: loopyA (button) (small blind) folded before Flop
Seat 4: Masqb (big blind) collected ($2)


PokerStars Hand #147576248288:  Hold'em Limit ($3/$6 USD) - 2016/01/24 0:36:20 ET
Table 'Algebar' 6-max Seat #4 is the button
Seat 3: loopyA ($32.20 in chips)
Seat 4: Masqb ($241.61 in chips)
Masqb: posts small blind $1
loopyA: posts big blind $3
*** HOLE CARDS ***
Masqb: raises $3 to $6
loopyA: calls $3
*** FLOP *** [8h 3c 5d]
loopyA: checks
Masqb: bets $3
loopyA: calls $3
*** TURN *** [8h 3c 5d] [2c]
loopyA: checks
Masqb: bets $6
loopyA: folds
Uncalled bet ($6) returned to Masqb
Masqb collected $17.64 from pot
Masqb: doesn't show hand
*** SUMMARY ***
Total pot $18 | Rake $0.36
Board [8h 3c 5d 2c]
Seat 3: loopyA (big blind) folded on the Turn
Seat 4: Masqb (button) (small blind) collected ($17.64)


PokerStars Hand #147576266531:  Hold'em Limit ($3/$6 USD) - 2016/01/24 0:37:22 ET
Table 'Algebar' 6-max Seat #3 is the button
Seat 3: loopyA ($42.70 in chips)
Seat 4: Masqb ($230.25 in chips)
loopyA: posts small blind $1
Masqb: posts big blind $3
*** HOLE CARDS ***
loopyA: folds
Uncalled bet ($2) returned to Masqb
Masqb collected $2 from pot
Masqb: doesn't show hand
*** SUMMARY ***
Total pot $2 | Rake $0
Seat 3: loopyA (button) (small blind) folded before Flop
Seat 4: Masqb (big blind) collected ($2)


PokerStars Hand #147576259891:  Hold'em Limit ($3/$6 USD) - 2016/01/24 0:37:00 ET
Table 'Algebar' 6-max Seat #4 is the button
Seat 3: loopyA ($22.20 in chips)
Seat 4: Masqb ($251.25 in chips)
Masqb: posts small blind $1
loopyA: posts big blind $3
*** HOLE CARDS ***
Masqb: raises $3 to $6
loopyA: calls $3
*** FLOP *** [4s 6d 7s]
loopyA: bets $3
Masqb: calls $3
*** TURN *** [4s 6d 7s] [2c]
loopyA: bets $6
Masqb: calls $6
*** RIVER *** [4s 6d 7s 2c] [Ad]
loopyA: bets $6
Masqb: calls $6
*** SHOW DOWN ***
loopyA: shows [As 5s] (a pair of Aces)
Masqb: mucks hand
loopyA collected $41.50 from pot
*** SUMMARY ***
Total pot $42 | Rake $0.50
Board [4s 6d 7s 2c Ad]
Seat 3: loopyA (big blind) showed [As 5s] and won ($41.50) with a pair of Aces
Seat 4: Masqb (button) (small blind) mucked


PokerStars Hand #147576270124:  Hold'em Limit ($3/$6 USD) - 2016/01/24 0:37:35 ET
Table 'Algebar' 6-max Seat #3 is the button
Seat 3: loopyA ($38.70 in chips)
Seat 4: Masqb ($234.25 in chips)
loopyA: posts small blind $1
Masqb: posts big blind $3
*** HOLE CARDS ***
loopyA: folds
Uncalled bet ($2) returned to Masqb
Masqb collected $2 from pot
Masqb: doesn't show hand
*** SUMMARY ***
Total pot $2 | Rake $0
Seat 3: loopyA (button) (small blind) folded before Flop
Seat 4: Masqb (big blind) collected ($2)


PokerStars Hand #147576268208:  Hold'em Limit ($3/$6 USD) - 2016/01/24 0:37:28 ET
Table 'Algebar' 6-max Seat #4 is the button
Seat 3: loopyA ($41.70 in chips)
Seat 4: Masqb ($231.25 in chips)
Masqb: posts small blind $1
loopyA: posts big blind $3
*** HOLE CARDS ***
Masqb: raises $3 to $6
loopyA: folds
Uncalled bet ($3) returned to Masqb
Masqb collected $6 from pot
Masqb: doesn't show hand
*** SUMMARY ***
Total pot $6 | Rake $0
Seat 3: loopyA (big blind) folded before Flop
Seat 4: Masqb (button) (small blind) collected ($6)


PokerStars Hand #147576271939:  Hold'em Limit ($3/$6 USD) - 2016/01/24 0:37:41 ET
Table 'Algebar' 6-max Seat #4 is the button
Seat 3: loopyA ($37.70 in chips)
Seat 4: Masqb ($235.25 in chips)
Masqb: posts small blind $1
loopyA: posts big blind $3
*** HOLE CARDS ***
Masqb: folds
Uncalled bet ($2) returned to loopyA
loopyA collected $2 from pot
loopyA: doesn't show hand
*** SUMMARY ***
Total pot $2 | Rake $0
Seat 3: loopyA (big blind) collected ($2)
Seat 4: Masqb (button) (small blind) folded before Flop


PokerStars Hand #147576273521:  Hold'em Limit ($3/$6 USD) - 2016/01/24 0:37:46 ET
Table 'Algebar' 6-max Seat #3 is the button
Seat 3: loopyA ($38.70 in chips)
Seat 4: Masqb ($234.25 in chips)
loopyA: posts small blind $1
Masqb: posts big blind $3
*** HOLE CARDS ***
loopyA: folds
Uncalled bet ($2) returned to Masqb
Masqb collected $2 from pot
Masqb: doesn't show hand
*** SUMMARY ***
Total pot $2 | Rake $0
Seat 3: loopyA (button) (small blind) folded before Flop
Seat 4: Masqb (big blind) collected ($2)


PokerStars Hand #147576275179:  Hold'em Limit ($3/$6 USD) - 2016/01/24 0:37:51 ET
Table 'Algebar' 6-max Seat #4 is the button
Seat 3: loopyA ($37.70 in chips)
Seat 4: Masqb ($235.25 in chips)
Masqb: posts small blind $1
loopyA: posts big blind $3
*** HOLE CARDS ***
Masqb: raises $3 to $6
loopyA: calls $3
*** FLOP *** [Ks 3s 2c]
loopyA: bets $3
Masqb: folds
Uncalled bet ($3) returned to loopyA
loopyA collected $11.76 from pot
loopyA: doesn't show hand
*** SUMMARY ***
Total pot $12 | Rake $0.24
Board [Ks 3s 2c]
Seat 3: loopyA (big blind) collected ($11.76)
Seat 4: Masqb (button) (small blind) folded on the Flop


PokerStars Hand #147576278763:  Hold'em Limit ($3/$6 USD) - 2016/01/24 0:38:04 ET
Table 'Algebar' 6-max Seat #3 is the button
Seat 3: loopyA ($43.46 in chips)
Seat 4: Masqb ($229.25 in chips)
loopyA: posts small blind $1
Masqb: posts big blind $3
*** HOLE CARDS ***
loopyA: calls $2
Masqb: checks
*** FLOP *** [Qd Ks Qh]
Masqb: checks
loopyA: checks
*** TURN *** [Qd Ks Qh] [9h]
Masqb: checks
loopyA: checks
*** RIVER *** [Qd Ks Qh 9h] [6d]
Masqb: bets $6
loopyA: raises $6 to $12
Masqb: folds
Uncalled bet ($6) returned to loopyA
loopyA collected $17.64 from pot
loopyA: doesn't show hand
*** SUMMARY ***
Total pot $18 | Rake $0.36
Board [Qd Ks Qh 9h 6d]
Seat 3: loopyA (button) (small blind) collected ($17.64)
Seat 4: Masqb (big blind) folded on the River


PokerStars Hand #147576286803:  Hold'em Limit ($3/$6 USD) - 2016/01/24 0:38:31 ET
Table 'Algebar' 6-max Seat #4 is the button
Seat 3: loopyA ($52.10 in chips)
Seat 4: Masqb ($220.25 in chips)
Masqb: posts small blind $1
loopyA: posts big blind $3
*** HOLE CARDS ***
Masqb: raises $3 to $6
loopyA: calls $3
*** FLOP *** [4s Ah 8c]
loopyA: checks
Masqb: bets $3
loopyA: calls $3
*** TURN *** [4s Ah 8c] [8h]
loopyA: checks
Masqb: checks
*** RIVER *** [4s Ah 8c 8h] [6h]
loopyA: checks
Masqb: checks
*** SHOW DOWN ***
loopyA: shows [7h Kc] (a pair of Eights)
Masqb: shows [9c 4d] (two pair, Eights and Fours)
Masqb collected $17.64 from pot
*** SUMMARY ***
Total pot $18 | Rake $0.36
Board [4s Ah 8c 8h 6h]
Seat 3: loopyA (big blind) showed [7h Kc] and lost with a pair of Eights
Seat 4: Masqb (button) (small blind) showed [9c 4d] and won ($17.64) with two pair, Eights and Fours


PokerStars Hand #147576295845:  Hold'em Limit ($3/$6 USD) - 2016/01/24 0:39:01 ET
Table 'Algebar' 6-max Seat #4 is the button
Seat 3: loopyA ($42.10 in chips)
Seat 4: Masqb ($229.89 in chips)
Masqb: posts small blind $1
loopyA: posts big blind $3
*** HOLE CARDS ***
Masqb: raises $3 to $6
loopyA: folds
Uncalled bet ($3) returned to Masqb
Masqb collected $6 from pot
Masqb: doesn't show hand
*** SUMMARY ***
Total pot $6 | Rake $0
Seat 3: loopyA (big blind) folded before Flop
Seat 4: Masqb (button) (small blind) collected ($6)


PokerStars Hand #147576294307:  Hold'em Limit ($3/$6 USD) - 2016/01/24 0:38:56 ET
Table 'Algebar' 6-max Seat #3 is the button
Seat 3: loopyA ($43.10 in chips)
Seat 4: Masqb ($228.89 in chips)
loopyA: posts small blind $1
Masqb: posts big blind $3
*** HOLE CARDS ***
loopyA: folds
Uncalled bet ($2) returned to Masqb
Masqb collected $2 from pot
Masqb: doesn't show hand
*** SUMMARY ***
Total pot $2 | Rake $0
Seat 3: loopyA (button) (small blind) folded before Flop
Seat 4: Masqb (big blind) collected ($2)


PokerStars Hand #147576297376:  Hold'em Limit ($3/$6 USD) - 2016/01/24 0:39:06 ET
Table 'Algebar' 6-max Seat #3 is the button
Seat 3: loopyA ($39.10 in chips)
Seat 4: Masqb ($232.89 in chips)
loopyA: posts small blind $1
Masqb: posts big blind $3
*** HOLE CARDS ***
loopyA: raises $3 to $6
Masqb: raises $3 to $9
loopyA: raises $3 to $12
Betting is capped
Masqb: calls $3
*** FLOP *** [3d Kd 2s]
Masqb: checks
loopyA: bets $3
Masqb: raises $3 to $6
loopyA: calls $3
*** TURN *** [3d Kd 2s] [Kc]
Masqb: checks
loopyA: checks
*** RIVER *** [3d Kd 2s Kc] [9s]
Masqb: checks
loopyA: checks
*** SHOW DOWN ***
Masqb: shows [Ac Tc] (a pair of Kings)
loopyA: shows [Ad Ts] (a pair of Kings)
Masqb collected $17.75 from pot
loopyA collected $17.75 from pot
*** SUMMARY ***
Total pot $36 | Rake $0.50
Board [3d Kd 2s Kc 9s]
Seat 3: loopyA (button) (small blind) showed [Ad Ts] and won ($17.75) with a pair of Kings
Seat 4: Masqb (big blind) showed [Ac Tc] and won ($17.75) with a pair of Kings


PokerStars Hand #147576306416:  Hold'em Limit ($3/$6 USD) - 2016/01/24 0:39:36 ET
Table 'Algebar' 6-max Seat #4 is the button
Seat 3: loopyA ($38.85 in chips)
Seat 4: Masqb ($232.64 in chips)
Masqb: posts small blind $1
loopyA: posts big blind $3
*** HOLE CARDS ***
Masqb: raises $3 to $6
loopyA: calls $3
*** FLOP *** [Qs Kh 2h]
loopyA: bets $3
Masqb: calls $3
*** TURN *** [Qs Kh 2h] [7h]
loopyA: bets $6
Masqb: raises $6 to $12
loopyA: raises $6 to $18
Masqb: calls $6
*** RIVER *** [Qs Kh 2h 7h] [9c]
loopyA: bets $6
Masqb: raises $6 to $12
loopyA: calls $5.85 and is all-in
Uncalled bet ($0.15) returned to Masqb
*** SHOW DOWN ***
Masqb: shows [5h 8h] (a flush, King high)
loopyA: shows [7d Kd] (two pair, Kings and Sevens)
Masqb collected $77.20 from pot
*** SUMMARY ***
Total pot $77.70 | Rake $0.50
Board [Qs Kh 2h 7h 9c]
Seat 3: loopyA (big blind) showed [7d Kd] and lost with two pair, Kings and Sevens
Seat 4: Masqb (button) (small blind) showed [5h 8h] and won ($77.20) with a flush, King high


