PokerStars Hand #159240854806:  Hold'em Limit ($3/$6 USD) - 2016/09/29 9:11:42 ET
Table 'Algebar II' 10-max Seat #3 is the button
Seat 3: TinaTurner72 ($117 in chips)
Seat 8: allinT77 ($67.76 in chips)
TinaTurner72: posts small blind $1
allinT77: posts big blind $3
*** HOLE CARDS ***
TinaTurner72: raises $3 to $6
allinT77: raises $3 to $9
TinaTurner72: calls $3
*** FLOP *** [6d 3h Tc]
allinT77: bets $3
TinaTurner72: calls $3
*** TURN *** [6d 3h Tc] [3c]
allinT77: bets $6
TinaTurner72: calls $6
*** RIVER *** [6d 3h Tc 3c] [6h]
allinT77: bets $6
TinaTurner72: calls $6
*** SHOW DOWN ***
allinT77: shows [Jh Td] (two pair, Tens and Sixes)
TinaTurner72: mucks hand
allinT77 collected $47.50 from pot
*** SUMMARY ***
Total pot $48 | Rake $0.50
Board [6d 3h Tc 3c 6h]
Seat 3: TinaTurner72 (button) (small blind) mucked
Seat 8: allinT77 (big blind) showed [Jh Td] and won ($47.50) with two pair, Tens and Sixes


PokerStars Hand #159240863192:  Hold'em Limit ($3/$6 USD) - 2016/09/29 9:12:00 ET
Table 'Algebar II' 10-max Seat #8 is the button
Seat 3: TinaTurner72 ($93 in chips)
Seat 8: allinT77 ($91.26 in chips)
allinT77: posts small blind $1
TinaTurner72: posts big blind $3
*** HOLE CARDS ***
allinT77: folds
Uncalled bet ($2) returned to TinaTurner72
TinaTurner72 collected $2 from pot
TinaTurner72: doesn't show hand
*** SUMMARY ***
Total pot $2 | Rake $0
Seat 3: TinaTurner72 (big blind) collected ($2)
Seat 8: allinT77 (button) (small blind) folded before Flop


PokerStars Hand #159240866670:  Hold'em Limit ($3/$6 USD) - 2016/09/29 9:12:05 ET
Table 'Algebar II' 10-max Seat #3 is the button
Seat 3: TinaTurner72 ($94 in chips)
Seat 8: allinT77 ($90.26 in chips)
TinaTurner72: posts small blind $1
allinT77: posts big blind $3
*** HOLE CARDS ***
TinaTurner72: raises $3 to $6
allinT77: folds
Uncalled bet ($3) returned to TinaTurner72
TinaTurner72 collected $6 from pot
TinaTurner72: doesn't show hand
*** SUMMARY ***
Total pot $6 | Rake $0
Seat 3: TinaTurner72 (button) (small blind) collected ($6)
Seat 8: allinT77 (big blind) folded before Flop


PokerStars Hand #159240871430:  Hold'em Limit ($3/$6 USD) - 2016/09/29 9:12:14 ET
Table 'Algebar II' 10-max Seat #8 is the button
Seat 3: TinaTurner72 ($97 in chips)
Seat 8: allinT77 ($87.26 in chips)
allinT77: posts small blind $1
TinaTurner72: posts big blind $3
*** HOLE CARDS ***
allinT77: raises $3 to $6
TinaTurner72: calls $3
*** FLOP *** [7h Td Jc]
TinaTurner72: checks
allinT77: bets $3
TinaTurner72: calls $3
*** TURN *** [7h Td Jc] [7c]
Pete81 joins the table at seat #1
TinaTurner72: checks
allinT77: bets $6
TinaTurner72: raises $6 to $12
allinT77: calls $6
*** RIVER *** [7h Td Jc 7c] [6s]
TinaTurner72: bets $6
allinT77: folds
Uncalled bet ($6) returned to TinaTurner72
TinaTurner72 collected $41.50 from pot
TinaTurner72: doesn't show hand
*** SUMMARY ***
Total pot $42 | Rake $0.50
Board [7h Td Jc 7c 6s]
Seat 3: TinaTurner72 (big blind) collected ($41.50)
Seat 8: allinT77 (button) (small blind) folded on the River


PokerStars Hand #159240880183:  Hold'em Limit ($3/$6 USD) - 2016/09/29 9:12:29 ET
Table 'Algebar II' 10-max Seat #3 is the button
Seat 3: TinaTurner72 ($117.50 in chips)
Seat 8: allinT77 ($66.26 in chips)
TinaTurner72: posts small blind $1
allinT77: posts big blind $3
*** HOLE CARDS ***
TinaTurner72: raises $3 to $6
allinT77: raises $3 to $9
TinaTurner72: calls $3
*** FLOP *** [6d Qh Ac]
allinT77: bets $3
TinaTurner72: folds
Uncalled bet ($3) returned to allinT77
allinT77 collected $17.64 from pot
*** SUMMARY ***
Total pot $18 | Rake $0.36
Board [6d Qh Ac]
Seat 3: TinaTurner72 (button) (small blind) folded on the Flop
Seat 8: allinT77 (big blind) collected ($17.64)


PokerStars Hand #159241910685:  Hold'em Limit ($3/$6 USD) - 2016/09/29 9:42:50 ET
Table 'Algebar II' 10-max Seat #5 is the button
Seat 1: Psynto ($73.55 in chips)
Seat 5: Newheadpoker ($180.70 in chips)
Newheadpoker: posts small blind $1
Psynto: posts big blind $3
*** HOLE CARDS ***
Newheadpoker: raises $3 to $6
Psynto: raises $3 to $9
Newheadpoker: raises $3 to $12
Betting is capped
Psynto: calls $3
*** FLOP *** [5s 7d 5c]
Psynto: checks
Newheadpoker: bets $3
Psynto: raises $3 to $6
Newheadpoker: calls $3
*** TURN *** [5s 7d 5c] [5h]
Psynto: bets $6
Newheadpoker: calls $6
*** RIVER *** [5s 7d 5c 5h] [4h]
Psynto: bets $6
Newheadpoker: calls $6
*** SHOW DOWN ***
Psynto: shows [Qs Ah] (three of a kind, Fives)
Newheadpoker: shows [As Ks] (three of a kind, Fives - Ace+King kicker)
Newheadpoker collected $59.50 from pot
*** SUMMARY ***
Total pot $60 | Rake $0.50
Board [5s 7d 5c 5h 4h]
Seat 1: Psynto (big blind) showed [Qs Ah] and lost with three of a kind, Fives
Seat 5: Newheadpoker (button) (small blind) showed [As Ks] and won ($59.50) with three of a kind, Fives


PokerStars Hand #159241922250:  Hold'em Limit ($3/$6 USD) - 2016/09/29 9:43:10 ET
Table 'Algebar II' 10-max Seat #1 is the button
Seat 1: Psynto ($72 in chips)
Seat 5: Newheadpoker ($210.20 in chips)
Psynto: posts small blind $1
Newheadpoker: posts big blind $3
*** HOLE CARDS ***
Psynto: raises $3 to $6
Newheadpoker: calls $3
*** FLOP *** [2s Ac 9c]
Newheadpoker: checks
Psynto: bets $3
Newheadpoker: folds
Uncalled bet ($3) returned to Psynto
Psynto collected $11.76 from pot
Psynto: doesn't show hand
*** SUMMARY ***
Total pot $12 | Rake $0.24
Board [2s Ac 9c]
Seat 1: Psynto (button) (small blind) collected ($11.76)
Seat 5: Newheadpoker (big blind) folded on the Flop


PokerStars Hand #159241953283:  Hold'em Limit ($3/$6 USD) - 2016/09/29 9:44:04 ET
Table 'Algebar II' 10-max Seat #5 is the button
Seat 1: Psynto ($72 in chips)
Seat 5: Newheadpoker ($233.46 in chips)
Newheadpoker: posts small blind $1
Psynto: posts big blind $3
*** HOLE CARDS ***
Newheadpoker: raises $3 to $6
Psynto: calls $3
*** FLOP *** [Kc 6d Ks]
Psynto: checks
Newheadpoker: bets $3
Psynto: folds
Uncalled bet ($3) returned to Newheadpoker
Newheadpoker collected $11.76 from pot
Newheadpoker: doesn't show hand
*** SUMMARY ***
Total pot $12 | Rake $0.24
Board [Kc 6d Ks]
Seat 1: Psynto (big blind) folded on the Flop
Seat 5: Newheadpoker (button) (small blind) collected ($11.76)


PokerStars Hand #159241936201:  Hold'em Limit ($3/$6 USD) - 2016/09/29 9:43:34 ET
Table 'Algebar II' 10-max Seat #1 is the button
Seat 1: Psynto ($72 in chips)
Seat 5: Newheadpoker ($209.96 in chips)
Psynto: posts small blind $1
Newheadpoker: posts big blind $3
*** HOLE CARDS ***
Psynto: raises $3 to $6
Newheadpoker: raises $3 to $9
Psynto: raises $3 to $12
Betting is capped
ThePlayer_ok leaves the table
Newheadpoker: calls $3
*** FLOP *** [8s Ah 5h]
Newheadpoker: bets $3
Psynto: raises $3 to $6
Newheadpoker: calls $3
*** TURN *** [8s Ah 5h] [7h]
Newheadpoker: checks
Psynto: checks
*** RIVER *** [8s Ah 5h 7h] [Js]
Newheadpoker: bets $6
Psynto: calls $6
*** SHOW DOWN ***
Newheadpoker: shows [8h 8c] (three of a kind, Eights)
Psynto: mucks hand
Newheadpoker collected $47.50 from pot
*** SUMMARY ***
Total pot $48 | Rake $0.50
Board [8s Ah 5h 7h Js]
Seat 1: Psynto (button) (small blind) mucked
Seat 5: Newheadpoker (big blind) showed [8h 8c] and won ($47.50) with three of a kind, Eights


PokerStars Hand #159241928857:  Hold'em Limit ($3/$6 USD) - 2016/09/29 9:43:22 ET
Table 'Algebar II' 10-max Seat #5 is the button
Seat 1: Psynto ($77.76 in chips)
Seat 5: Newheadpoker ($204.20 in chips)
Newheadpoker: posts small blind $1
Psynto: posts big blind $3
*** HOLE CARDS ***
Newheadpoker: raises $3 to $6
Psynto: calls $3
*** FLOP *** [Jd Ts 8d]
Psynto: checks
Newheadpoker: bets $3
Psynto: folds
Uncalled bet ($3) returned to Newheadpoker
Newheadpoker collected $11.76 from pot
Newheadpoker: doesn't show hand
*** SUMMARY ***
Total pot $12 | Rake $0.24
Board [Jd Ts 8d]
Seat 1: Psynto (big blind) folded on the Flop
Seat 5: Newheadpoker (button) (small blind) collected ($11.76)


PokerStars Hand #159241981644:  Hold'em Limit ($3/$6 USD) - 2016/09/29 9:44:53 ET
Table 'Algebar II' 10-max Seat #1 is the button
Seat 1: Psynto ($107.50 in chips)
Seat 5: Newheadpoker ($226.72 in chips)
Psynto: posts small blind $1
Newheadpoker: posts big blind $3
*** HOLE CARDS ***
Psynto: raises $3 to $6
Newheadpoker: raises $3 to $9
Psynto: calls $3
*** FLOP *** [5d 7c 7h]
Newheadpoker: bets $3
Psynto: calls $3
*** TURN *** [5d 7c 7h] [Th]
Newheadpoker: bets $6
Psynto: calls $6
*** RIVER *** [5d 7c 7h Th] [9c]
Newheadpoker: bets $6
Psynto: calls $6
*** SHOW DOWN ***
Newheadpoker: shows [5c 3c] (two pair, Sevens and Fives)
Psynto: mucks hand
Newheadpoker collected $47.50 from pot
*** SUMMARY ***
Total pot $48 | Rake $0.50
Board [5d 7c 7h Th 9c]
Seat 1: Psynto (button) (small blind) mucked
Seat 5: Newheadpoker (big blind) showed [5c 3c] and won ($47.50) with two pair, Sevens and Fives


PokerStars Hand #159241969741:  Hold'em Limit ($3/$6 USD) - 2016/09/29 9:44:32 ET
Table 'Algebar II' 10-max Seat #5 is the button
Seat 1: Psynto ($72 in chips)
Seat 5: Newheadpoker ($262.72 in chips)
Newheadpoker: posts small blind $1
Psynto: posts big blind $3
*** HOLE CARDS ***
Newheadpoker: raises $3 to $6
Psynto: calls $3
*** FLOP *** [Kd 2h 4h]
Psynto: checks
Newheadpoker: bets $3
Psynto: raises $3 to $6
Newheadpoker: calls $3
*** TURN *** [Kd 2h 4h] [Td]
Psynto: bets $6
Newheadpoker: raises $6 to $12
Psynto: calls $6
*** RIVER *** [Kd 2h 4h Td] [5c]
Psynto: checks
Newheadpoker: bets $6
Psynto: raises $6 to $12
Newheadpoker: calls $6
*** SHOW DOWN ***
Psynto: shows [4c 5h] (two pair, Fives and Fours)
Newheadpoker: mucks hand
Psynto collected $71.50 from pot
*** SUMMARY ***
Total pot $72 | Rake $0.50
Board [Kd 2h 4h Td 5c]
Seat 1: Psynto (big blind) showed [4c 5h] and won ($71.50) with two pair, Fives and Fours
Seat 5: Newheadpoker (button) (small blind) mucked


PokerStars Hand #159241959583:  Hold'em Limit ($3/$6 USD) - 2016/09/29 9:44:15 ET
Table 'Algebar II' 10-max Seat #1 is the button
Seat 1: Psynto ($72 in chips)
Seat 5: Newheadpoker ($239.22 in chips)
Psynto: posts small blind $1
Newheadpoker: posts big blind $3
*** HOLE CARDS ***
Psynto: raises $3 to $6
Newheadpoker: calls $3
*** FLOP *** [Th 7d 5d]
Newheadpoker: checks
Psynto: bets $3
Newheadpoker: raises $3 to $6
Psynto: calls $3
*** TURN *** [Th 7d 5d] [Jh]
Newheadpoker: bets $6
Psynto: calls $6
*** RIVER *** [Th 7d 5d Jh] [6d]
Newheadpoker: bets $6
Psynto: calls $6
*** SHOW DOWN ***
Newheadpoker: shows [Ts 8d] (a pair of Tens)
Psynto: mucks hand
Newheadpoker collected $47.50 from pot
*** SUMMARY ***
Total pot $48 | Rake $0.50
Board [Th 7d 5d Jh 6d]
Seat 1: Psynto (button) (small blind) mucked
Seat 5: Newheadpoker (big blind) showed [Ts 8d] and won ($47.50) with a pair of Tens


PokerStars Hand #159242017697:  Hold'em Limit ($3/$6 USD) - 2016/09/29 9:45:55 ET
Table 'Algebar II' 10-max Seat #5 is the button
Seat 1: Psynto ($101.50 in chips)
Seat 5: Newheadpoker ($252.72 in chips)
Newheadpoker: posts small blind $1
Psynto: posts big blind $3
*** HOLE CARDS ***
Newheadpoker: raises $3 to $6
Psynto: calls $3
*** FLOP *** [Kc 6d As]
Psynto: checks
Newheadpoker: bets $3
Psynto: folds
Uncalled bet ($3) returned to Newheadpoker
Newheadpoker collected $11.76 from pot
Newheadpoker: doesn't show hand
*** SUMMARY ***
Total pot $12 | Rake $0.24
Board [Kc 6d As]
Seat 1: Psynto (big blind) folded on the Flop
Seat 5: Newheadpoker (button) (small blind) collected ($11.76)


PokerStars Hand #159242005129:  Hold'em Limit ($3/$6 USD) - 2016/09/29 9:45:33 ET
Table 'Algebar II' 10-max Seat #1 is the button
Seat 1: Psynto ($72 in chips)
Seat 5: Newheadpoker ($282.72 in chips)
Psynto: posts small blind $1
Newheadpoker: posts big blind $3
*** HOLE CARDS ***
Psynto: raises $3 to $6
Newheadpoker: calls $3
*** FLOP *** [Kd 5h 6s]
Newheadpoker: checks
Psynto: bets $3
Newheadpoker: raises $3 to $6
Psynto: calls $3
*** TURN *** [Kd 5h 6s] [4h]
Newheadpoker: bets $6
Psynto: raises $6 to $12
Newheadpoker: calls $6
*** RIVER *** [Kd 5h 6s 4h] [Tc]
Newheadpoker: checks
Psynto: bets $6
Newheadpoker: calls $6
*** SHOW DOWN ***
Psynto: shows [6d 5s] (two pair, Sixes and Fives)
Newheadpoker: mucks hand
Psynto collected $59.50 from pot
*** SUMMARY ***
Total pot $60 | Rake $0.50
Board [Kd 5h 6s 4h Tc]
Seat 1: Psynto (button) (small blind) showed [6d 5s] and won ($59.50) with two pair, Sixes and Fives
Seat 5: Newheadpoker (big blind) mucked


PokerStars Hand #159241992664:  Hold'em Limit ($3/$6 USD) - 2016/09/29 9:45:12 ET
Table 'Algebar II' 10-max Seat #5 is the button
Seat 1: Psynto ($83.50 in chips)
Seat 5: Newheadpoker ($250.22 in chips)
Newheadpoker: posts small blind $1
Psynto: posts big blind $3
*** HOLE CARDS ***
Newheadpoker: raises $3 to $6
Psynto: calls $3
*** FLOP *** [7d As 5d]
Psynto: checks
Newheadpoker: bets $3
Psynto: raises $3 to $6
Newheadpoker: raises $3 to $9
Psynto: calls $3
*** TURN *** [7d As 5d] [2s]
Psynto: checks
Newheadpoker: bets $6
Psynto: calls $6
*** RIVER *** [7d As 5d 2s] [Ks]
Psynto: checks
Newheadpoker: bets $6
Psynto: raises $6 to $12
Newheadpoker: calls $6
*** SHOW DOWN ***
Psynto: shows [9d 6c] (high card Ace)
Newheadpoker: shows [9s Ac] (a pair of Aces)
Newheadpoker collected $65.50 from pot
*** SUMMARY ***
Total pot $66 | Rake $0.50
Board [7d As 5d 2s Ks]
Seat 1: Psynto (big blind) showed [9d 6c] and lost with high card Ace
Seat 5: Newheadpoker (button) (small blind) showed [9s Ac] and won ($65.50) with a pair of Aces


PokerStars Hand #159242033205:  Hold'em Limit ($3/$6 USD) - 2016/09/29 9:46:22 ET
Table 'Algebar II' 10-max Seat #5 is the button
Seat 1: Psynto ($110 in chips)
Seat 5: Newheadpoker ($243.48 in chips)
Newheadpoker: posts small blind $1
Psynto: posts big blind $3
*** HOLE CARDS ***
Newheadpoker: folds
Uncalled bet ($2) returned to Psynto
Psynto collected $2 from pot
Psynto: doesn't show hand
*** SUMMARY ***
Total pot $2 | Rake $0
Seat 1: Psynto (big blind) collected ($2)
Seat 5: Newheadpoker (button) (small blind) folded before Flop


PokerStars Hand #159242023125:  Hold'em Limit ($3/$6 USD) - 2016/09/29 9:46:04 ET
Table 'Algebar II' 10-max Seat #1 is the button
Seat 1: Psynto ($95.50 in chips)
Seat 5: Newheadpoker ($258.48 in chips)
Psynto: posts small blind $1
Newheadpoker: posts big blind $3
*** HOLE CARDS ***
Psynto: raises $3 to $6
Newheadpoker: raises $3 to $9
Psynto: raises $3 to $12
Betting is capped
Newheadpoker: calls $3
*** FLOP *** [7c 3d 4s]
Newheadpoker: checks
Psynto: bets $3
Newheadpoker: calls $3
*** TURN *** [7c 3d 4s] [3s]
Newheadpoker: checks
Psynto: bets $6
Newheadpoker: folds
Uncalled bet ($6) returned to Psynto
Psynto collected $29.50 from pot
Psynto: doesn't show hand
*** SUMMARY ***
Total pot $30 | Rake $0.50
Board [7c 3d 4s 3s]
Seat 1: Psynto (button) (small blind) collected ($29.50)
Seat 5: Newheadpoker (big blind) folded on the Turn


PokerStars Hand #159242050043:  Hold'em Limit ($3/$6 USD) - 2016/09/29 9:46:51 ET
Table 'Algebar II' 10-max Seat #5 is the button
Seat 1: Psynto ($96 in chips)
Seat 5: Newheadpoker ($256.98 in chips)
Newheadpoker: posts small blind $1
Psynto: posts big blind $3
*** HOLE CARDS ***
Newheadpoker: folds
Uncalled bet ($2) returned to Psynto
Psynto collected $2 from pot
Psynto: doesn't show hand
*** SUMMARY ***
Total pot $2 | Rake $0
Seat 1: Psynto (big blind) collected ($2)
Seat 5: Newheadpoker (button) (small blind) folded before Flop


PokerStars Hand #159242036484:  Hold'em Limit ($3/$6 USD) - 2016/09/29 9:46:27 ET
Table 'Algebar II' 10-max Seat #1 is the button
Seat 1: Psynto ($111 in chips)
Seat 5: Newheadpoker ($242.48 in chips)
Psynto: posts small blind $1
Newheadpoker: posts big blind $3
*** HOLE CARDS ***
Psynto: raises $3 to $6
Newheadpoker: calls $3
*** FLOP *** [6c 9s 6h]
Newheadpoker: checks
Psynto: bets $3
Newheadpoker: calls $3
*** TURN *** [6c 9s 6h] [2h]
Newheadpoker: checks
Psynto: bets $6
Newheadpoker: raises $6 to $12
Psynto: folds
Uncalled bet ($6) returned to Newheadpoker
Newheadpoker collected $29.50 from pot
Newheadpoker: doesn't show hand
*** SUMMARY ***
Total pot $30 | Rake $0.50
Board [6c 9s 6h 2h]
Seat 1: Psynto (button) (small blind) folded on the Turn
Seat 5: Newheadpoker (big blind) collected ($29.50)


PokerStars Hand #159242053365:  Hold'em Limit ($3/$6 USD) - 2016/09/29 9:46:57 ET
Table 'Algebar II' 10-max Seat #1 is the button
Seat 1: Psynto ($97 in chips)
Seat 5: Newheadpoker ($255.98 in chips)
Psynto: posts small blind $1
Newheadpoker: posts big blind $3
*** HOLE CARDS ***
Psynto: raises $3 to $6
Newheadpoker: raises $3 to $9
Psynto: calls $3
*** FLOP *** [4c 5s 3s]
Newheadpoker: bets $3
Psynto: raises $3 to $6
Newheadpoker: raises $3 to $9
Psynto: raises $3 to $12
Betting is capped
Newheadpoker: calls $3
*** TURN *** [4c 5s 3s] [Jh]
Newheadpoker: bets $6
Psynto: raises $6 to $12
Newheadpoker: calls $6
*** RIVER *** [4c 5s 3s Jh] [9h]
Newheadpoker: checks
Psynto: checks
*** SHOW DOWN ***
Newheadpoker: shows [Tc Th] (a pair of Tens)
Psynto: mucks hand
Newheadpoker collected $65.50 from pot
*** SUMMARY ***
Total pot $66 | Rake $0.50
Board [4c 5s 3s Jh 9h]
Seat 1: Psynto (button) (small blind) mucked
Seat 5: Newheadpoker (big blind) showed [Tc Th] and won ($65.50) with a pair of Tens


PokerStars Hand #159242113619:  Hold'em Limit ($3/$6 USD) - 2016/09/29 9:48:04 ET
Table 'Algebar II' 10-max Seat #5 is the button
Seat 1: Psynto ($105.50 in chips)
Seat 5: Newheadpoker ($254.48 in chips)
Newheadpoker: posts small blind $1
Psynto: posts big blind $3
*** HOLE CARDS ***
Newheadpoker: folds
Uncalled bet ($2) returned to Psynto
Psynto collected $2 from pot
Psynto: doesn't show hand
*** SUMMARY ***
Total pot $2 | Rake $0
Seat 1: Psynto (big blind) collected ($2)
Seat 5: Newheadpoker (button) (small blind) folded before Flop


PokerStars Hand #159242104169:  Hold'em Limit ($3/$6 USD) - 2016/09/29 9:47:57 ET
Table 'Algebar II' 10-max Seat #1 is the button
Seat 1: Psynto ($102.50 in chips)
Seat 5: Newheadpoker ($257.48 in chips)
Psynto: posts small blind $1
Newheadpoker: posts big blind $3
*** HOLE CARDS ***
Psynto: raises $3 to $6
Newheadpoker: folds
Uncalled bet ($3) returned to Psynto
Psynto collected $6 from pot
Psynto: doesn't show hand
*** SUMMARY ***
Total pot $6 | Rake $0
Seat 1: Psynto (button) (small blind) collected ($6)
Seat 5: Newheadpoker (big blind) folded before Flop


PokerStars Hand #159242100349:  Hold'em Limit ($3/$6 USD) - 2016/09/29 9:47:51 ET
Table 'Algebar II' 10-max Seat #5 is the button
Seat 1: Psynto ($101.50 in chips)
Seat 5: Newheadpoker ($258.48 in chips)
Newheadpoker: posts small blind $1
Psynto: posts big blind $3
*** HOLE CARDS ***
Newheadpoker: folds
Uncalled bet ($2) returned to Psynto
Psynto collected $2 from pot
Psynto: doesn't show hand
*** SUMMARY ***
Total pot $2 | Rake $0
Seat 1: Psynto (big blind) collected ($2)
Seat 5: Newheadpoker (button) (small blind) folded before Flop


PokerStars Hand #159242094818:  Hold'em Limit ($3/$6 USD) - 2016/09/29 9:47:44 ET
Table 'Algebar II' 10-max Seat #1 is the button
Seat 1: Psynto ($98.50 in chips)
Seat 5: Newheadpoker ($261.48 in chips)
Psynto: posts small blind $1
Newheadpoker: posts big blind $3
*** HOLE CARDS ***
Psynto: raises $3 to $6
Newheadpoker: folds
Uncalled bet ($3) returned to Psynto
Psynto collected $6 from pot
Psynto: doesn't show hand
*** SUMMARY ***
Total pot $6 | Rake $0
Seat 1: Psynto (button) (small blind) collected ($6)
Seat 5: Newheadpoker (big blind) folded before Flop


PokerStars Hand #159242075781:  Hold'em Limit ($3/$6 USD) - 2016/09/29 9:47:22 ET
Table 'Algebar II' 10-max Seat #5 is the button
Seat 1: Psynto ($72 in chips)
Seat 5: Newheadpoker ($288.48 in chips)
Newheadpoker: posts small blind $1
Psynto: posts big blind $3
*** HOLE CARDS ***
Newheadpoker: raises $3 to $6
Psynto: calls $3
*** FLOP *** [2s 4h 9h]
Psynto: checks
Newheadpoker: bets $3
Psynto: calls $3
*** TURN *** [2s 4h 9h] [Jc]
Psynto: checks
Newheadpoker: bets $6
Psynto: calls $6
*** RIVER *** [2s 4h 9h Jc] [Qs]
Psynto: checks
Newheadpoker: bets $6
Psynto: raises $6 to $12
Newheadpoker: calls $6
*** SHOW DOWN ***
Psynto: shows [2h Qh] (two pair, Queens and Deuces)
Newheadpoker: mucks hand
Psynto collected $53.50 from pot
*** SUMMARY ***
Total pot $54 | Rake $0.50
Board [2s 4h 9h Jc Qs]
Seat 1: Psynto (big blind) showed [2h Qh] and won ($53.50) with two pair, Queens and Deuces
Seat 5: Newheadpoker (button) (small blind) mucked


PokerStars Hand #159242154077:  Hold'em Limit ($3/$6 USD) - 2016/09/29 9:49:13 ET
Table 'Algebar II' 10-max Seat #5 is the button
Seat 1: Psynto ($117.52 in chips)
Seat 5: Newheadpoker ($240.98 in chips)
Newheadpoker: posts small blind $1
Psynto: posts big blind $3
*** HOLE CARDS ***
Newheadpoker: folds
Uncalled bet ($2) returned to Psynto
Psynto collected $2 from pot
Psynto: doesn't show hand
*** SUMMARY ***
Total pot $2 | Rake $0
Seat 1: Psynto (big blind) collected ($2)
Seat 5: Newheadpoker (button) (small blind) folded before Flop


PokerStars Hand #159242143982:  Hold'em Limit ($3/$6 USD) - 2016/09/29 9:48:55 ET
Table 'Algebar II' 10-max Seat #1 is the button
Seat 1: Psynto ($106 in chips)
Seat 5: Newheadpoker ($252.98 in chips)
Psynto: posts small blind $1
Newheadpoker: posts big blind $3
*** HOLE CARDS ***
Psynto: raises $3 to $6
Newheadpoker: raises $3 to $9
Psynto: calls $3
*** FLOP *** [8c 8d 4d]
Newheadpoker: bets $3
Psynto: calls $3
*** TURN *** [8c 8d 4d] [2c]
Newheadpoker: checks
Psynto: checks
*** RIVER *** [8c 8d 4d 2c] [8h]
Newheadpoker: checks
Psynto: bets $6
Newheadpoker: folds
Uncalled bet ($6) returned to Psynto
Psynto collected $23.52 from pot
Psynto: doesn't show hand
*** SUMMARY ***
Total pot $24 | Rake $0.48
Board [8c 8d 4d 2c 8h]
Seat 1: Psynto (button) (small blind) collected ($23.52)
Seat 5: Newheadpoker (big blind) folded on the River


PokerStars Hand #159242132701:  Hold'em Limit ($3/$6 USD) - 2016/09/29 9:48:36 ET
Table 'Algebar II' 10-max Seat #5 is the button
Seat 1: Psynto ($127 in chips)
Seat 5: Newheadpoker ($232.48 in chips)
Newheadpoker: posts small blind $1
Psynto: posts big blind $3
*** HOLE CARDS ***
Newheadpoker: raises $3 to $6
Psynto: calls $3
*** FLOP *** [Jd 9c Qs]
Psynto: checks
Newheadpoker: bets $3
Psynto: calls $3
*** TURN *** [Jd 9c Qs] [Tc]
Psynto: checks
Newheadpoker: bets $6
Psynto: calls $6
*** RIVER *** [Jd 9c Qs Tc] [4h]
Psynto: checks
Newheadpoker: bets $6
Psynto: calls $6
*** SHOW DOWN ***
Newheadpoker: shows [8d Kd] (a straight, Nine to King)
Psynto: mucks hand
Newheadpoker collected $41.50 from pot
*** SUMMARY ***
Total pot $42 | Rake $0.50
Board [Jd 9c Qs Tc 4h]
Seat 1: Psynto (big blind) mucked
Seat 5: Newheadpoker (button) (small blind) showed [8d Kd] and won ($41.50) with a straight, Nine to King


PokerStars Hand #159242117792:  Hold'em Limit ($3/$6 USD) - 2016/09/29 9:48:11 ET
Table 'Algebar II' 10-max Seat #1 is the button
Seat 1: Psynto ($106.50 in chips)
Seat 5: Newheadpoker ($253.48 in chips)
Psynto: posts small blind $1
Newheadpoker: posts big blind $3
*** HOLE CARDS ***
Psynto: raises $3 to $6
Newheadpoker: calls $3
*** FLOP *** [Qc 8c 5h]
Newheadpoker: checks
Psynto: bets $3
Newheadpoker: calls $3
*** TURN *** [Qc 8c 5h] [Qh]
Newheadpoker: checks
Psynto: bets $6
Newheadpoker: calls $6
*** RIVER *** [Qc 8c 5h Qh] [4h]
Newheadpoker: checks
Psynto: bets $6
Newheadpoker: calls $6
*** SHOW DOWN ***
Psynto: shows [5s Qd] (a full house, Queens full of Fives)
Newheadpoker: mucks hand
Psynto collected $41.50 from pot
*** SUMMARY ***
Total pot $42 | Rake $0.50
Board [Qc 8c 5h Qh 4h]
Seat 1: Psynto (button) (small blind) showed [5s Qd] and won ($41.50) with a full house, Queens full of Fives
Seat 5: Newheadpoker (big blind) mucked


PokerStars Hand #159242176461:  Hold'em Limit ($3/$6 USD) - 2016/09/29 9:49:52 ET
Table 'Algebar II' 10-max Seat #1 is the button
Seat 1: Psynto ($85.52 in chips)
Seat 5: Newheadpoker ($272.24 in chips)
Psynto: posts small blind $1
Newheadpoker: posts big blind $3
*** HOLE CARDS ***
Psynto: raises $3 to $6
Newheadpoker: raises $3 to $9
Psynto: calls $3
*** FLOP *** [4c 2h Ks]
Newheadpoker: bets $3
Psynto: calls $3
*** TURN *** [4c 2h Ks] [Kd]
Newheadpoker: checks
Psynto: checks
*** RIVER *** [4c 2h Ks Kd] [3h]
Newheadpoker: bets $6
Psynto: folds
Uncalled bet ($6) returned to Newheadpoker
Newheadpoker collected $23.52 from pot
Newheadpoker: doesn't show hand
*** SUMMARY ***
Total pot $24 | Rake $0.48
Board [4c 2h Ks Kd 3h]
Seat 1: Psynto (button) (small blind) folded on the River
Seat 5: Newheadpoker (big blind) collected ($23.52)


PokerStars Hand #159242169472:  Hold'em Limit ($3/$6 USD) - 2016/09/29 9:49:40 ET
Table 'Algebar II' 10-max Seat #5 is the button
Seat 1: Psynto ($91.52 in chips)
Seat 5: Newheadpoker ($266.48 in chips)
Newheadpoker: posts small blind $1
Psynto: posts big blind $3
*** HOLE CARDS ***
Newheadpoker: raises $3 to $6
Psynto: calls $3
*** FLOP *** [9d 5d Kc]
Psynto: checks
Newheadpoker: bets $3
Psynto: folds
Uncalled bet ($3) returned to Newheadpoker
Newheadpoker collected $11.76 from pot
Newheadpoker: doesn't show hand
*** SUMMARY ***
Total pot $12 | Rake $0.24
Board [9d 5d Kc]
Seat 1: Psynto (big blind) folded on the Flop
Seat 5: Newheadpoker (button) (small blind) collected ($11.76)


PokerStars Hand #159242157465:  Hold'em Limit ($3/$6 USD) - 2016/09/29 9:49:19 ET
Table 'Algebar II' 10-max Seat #1 is the button
Seat 1: Psynto ($118.52 in chips)
Seat 5: Newheadpoker ($239.98 in chips)
Psynto: posts small blind $1
Newheadpoker: posts big blind $3
*** HOLE CARDS ***
Psynto: raises $3 to $6
Newheadpoker: raises $3 to $9
Psynto: raises $3 to $12
Betting is capped
Newheadpoker: calls $3
*** FLOP *** [As 8c Ah]
Newheadpoker: bets $3
Psynto: calls $3
*** TURN *** [As 8c Ah] [8h]
Newheadpoker: bets $6
Psynto: calls $6
*** RIVER *** [As 8c Ah 8h] [7h]
Newheadpoker: bets $6
Psynto: calls $6
*** SHOW DOWN ***
Newheadpoker: shows [Ac 9c] (a full house, Aces full of Eights)
Psynto: mucks hand
Newheadpoker collected $53.50 from pot
*** SUMMARY ***
Total pot $54 | Rake $0.50
Board [As 8c Ah 8h 7h]
Seat 1: Psynto (button) (small blind) mucked
Seat 5: Newheadpoker (big blind) showed [Ac 9c] and won ($53.50) with a full house, Aces full of Eights


PokerStars Hand #159242186492:  Hold'em Limit ($3/$6 USD) - 2016/09/29 9:50:09 ET
Table 'Algebar II' 10-max Seat #5 is the button
Seat 1: Psynto ($73.52 in chips)
Seat 5: Newheadpoker ($283.76 in chips)
Newheadpoker: posts small blind $1
Psynto: posts big blind $3
*** HOLE CARDS ***
Newheadpoker: raises $3 to $6
Psynto: calls $3
*** FLOP *** [3d Jd 5h]
Psynto: checks
Newheadpoker: bets $3
Psynto: raises $3 to $6
Newheadpoker: calls $3
*** TURN *** [3d Jd 5h] [7d]
Psynto: bets $6
Newheadpoker: calls $6
*** RIVER *** [3d Jd 5h 7d] [Jh]
Psynto: checks
Newheadpoker: checks
*** SHOW DOWN ***
Psynto: shows [As 4d] (a pair of Jacks)
Newheadpoker: shows [3c 8s] (two pair, Jacks and Threes)
Newheadpoker collected $35.50 from pot
*** SUMMARY ***
Total pot $36 | Rake $0.50
Board [3d Jd 5h 7d Jh]
Seat 1: Psynto (big blind) showed [As 4d] and lost with a pair of Jacks
Seat 5: Newheadpoker (button) (small blind) showed [3c 8s] and won ($35.50) with two pair, Jacks and Threes


PokerStars Hand #159242217123:  Hold'em Limit ($3/$6 USD) - 2016/09/29 9:51:01 ET
Table 'Algebar II' 10-max Seat #5 is the button
Seat 1: Psynto ($72 in chips)
Seat 5: Newheadpoker ($301.01 in chips)
Newheadpoker: posts small blind $1
Psynto: posts big blind $3
*** HOLE CARDS ***
Newheadpoker: raises $3 to $6
Psynto: calls $3
*** FLOP *** [9h Qd 4d]
Psynto: checks
Newheadpoker: bets $3
Psynto: folds
Uncalled bet ($3) returned to Newheadpoker
Newheadpoker collected $11.76 from pot
Newheadpoker: doesn't show hand
*** SUMMARY ***
Total pot $12 | Rake $0.24
Board [9h Qd 4d]
Seat 1: Psynto (big blind) folded on the Flop
Seat 5: Newheadpoker (button) (small blind) collected ($11.76)


PokerStars Hand #159242200883:  Hold'em Limit ($3/$6 USD) - 2016/09/29 9:50:34 ET
Table 'Algebar II' 10-max Seat #1 is the button
Seat 1: Psynto ($72 in chips)
Seat 5: Newheadpoker ($301.26 in chips)
Psynto: posts small blind $1
Newheadpoker: posts big blind $3
*** HOLE CARDS ***
Psynto: raises $3 to $6
Newheadpoker: calls $3
*** FLOP *** [7s 4h 8s]
Newheadpoker: checks
Psynto: bets $3
Newheadpoker: raises $3 to $6
Psynto: calls $3
*** TURN *** [7s 4h 8s] [6c]
Newheadpoker: bets $6
Psynto: calls $6
*** RIVER *** [7s 4h 8s 6c] [5c]
Newheadpoker: checks
Psynto: checks
*** SHOW DOWN ***
Newheadpoker: shows [5d 8h] (a straight, Four to Eight)
Psynto: shows [Qs 6s] (a straight, Four to Eight)
Newheadpoker collected $17.75 from pot
Psynto collected $17.75 from pot
*** SUMMARY ***
Total pot $36 | Rake $0.50
Board [7s 4h 8s 6c 5c]
Seat 1: Psynto (button) (small blind) showed [Qs 6s] and won ($17.75) with a straight, Four to Eight
Seat 5: Newheadpoker (big blind) showed [5d 8h] and won ($17.75) with a straight, Four to Eight


PokerStars Hand #159242251090:  Hold'em Limit ($3/$6 USD) - 2016/09/29 9:52:00 ET
Table 'Algebar II' 10-max Seat #1 is the button
Seat 1: Psynto ($107.14 in chips)
Seat 5: Newheadpoker ($270.77 in chips)
Psynto: posts small blind $1
Newheadpoker: posts big blind $3
*** HOLE CARDS ***
Psynto: folds
Uncalled bet ($2) returned to Newheadpoker
Newheadpoker collected $2 from pot
Newheadpoker: doesn't show hand
*** SUMMARY ***
Total pot $2 | Rake $0
Seat 1: Psynto (button) (small blind) folded before Flop
Seat 5: Newheadpoker (big blind) collected ($2)


PokerStars Hand #159242253813:  Hold'em Limit ($3/$6 USD) - 2016/09/29 9:52:05 ET
Table 'Algebar II' 10-max Seat #5 is the button
Seat 1: Psynto ($106.14 in chips)
Seat 5: Newheadpoker ($271.77 in chips)
Newheadpoker: posts small blind $1
Psynto: posts big blind $3
*** HOLE CARDS ***
Newheadpoker: raises $3 to $6
Psynto: calls $3
*** FLOP *** [Kd 2s 3c]
Psynto: checks
Newheadpoker: bets $3
Psynto: folds
Uncalled bet ($3) returned to Newheadpoker
Newheadpoker collected $11.76 from pot
Newheadpoker: doesn't show hand
*** SUMMARY ***
Total pot $12 | Rake $0.24
Board [Kd 2s 3c]
Seat 1: Psynto (big blind) folded on the Flop
Seat 5: Newheadpoker (button) (small blind) collected ($11.76)


PokerStars Hand #159242259551:  Hold'em Limit ($3/$6 USD) - 2016/09/29 9:52:14 ET
Table 'Algebar II' 10-max Seat #1 is the button
Seat 1: Psynto ($100.14 in chips)
Seat 5: Newheadpoker ($277.53 in chips)
Psynto: posts small blind $1
Newheadpoker: posts big blind $3
*** HOLE CARDS ***
Psynto: raises $3 to $6
Newheadpoker: raises $3 to $9
Psynto: calls $3
*** FLOP *** [Ad 2c 9h]
Newheadpoker: bets $3
Psynto: folds
Uncalled bet ($3) returned to Newheadpoker
Newheadpoker collected $17.64 from pot
Newheadpoker: doesn't show hand
*** SUMMARY ***
Total pot $18 | Rake $0.36
Board [Ad 2c 9h]
Seat 1: Psynto (button) (small blind) folded on the Flop
Seat 5: Newheadpoker (big blind) collected ($17.64)


PokerStars Hand #159242243669:  Hold'em Limit ($3/$6 USD) - 2016/09/29 9:51:47 ET
Table 'Algebar II' 10-max Seat #5 is the button
Seat 1: Psynto ($98.50 in chips)
Seat 5: Newheadpoker ($279.77 in chips)
Newheadpoker: posts small blind $1
Psynto: posts big blind $3
*** HOLE CARDS ***
Newheadpoker: raises $3 to $6
Psynto: raises $3 to $9
Newheadpoker: calls $3
*** FLOP *** [2c 9s Kd]
Psynto: bets $3
Newheadpoker: folds
Uncalled bet ($3) returned to Psynto
Psynto collected $17.64 from pot
Psynto: doesn't show hand
*** SUMMARY ***
Total pot $18 | Rake $0.36
Board [2c 9s Kd]
Seat 1: Psynto (big blind) collected ($17.64)
Seat 5: Newheadpoker (button) (small blind) folded on the Flop


PokerStars Hand #159242240986:  Hold'em Limit ($3/$6 USD) - 2016/09/29 9:51:42 ET
Table 'Algebar II' 10-max Seat #1 is the button
Seat 1: Psynto ($99.50 in chips)
Seat 5: Newheadpoker ($278.77 in chips)
Psynto: posts small blind $1
Newheadpoker: posts big blind $3
*** HOLE CARDS ***
Psynto: folds
Uncalled bet ($2) returned to Newheadpoker
Newheadpoker collected $2 from pot
Newheadpoker: doesn't show hand
*** SUMMARY ***
Total pot $2 | Rake $0
Seat 1: Psynto (button) (small blind) folded before Flop
Seat 5: Newheadpoker (big blind) collected ($2)


PokerStars Hand #159242237712:  Hold'em Limit ($3/$6 USD) - 2016/09/29 9:51:37 ET
Table 'Algebar II' 10-max Seat #5 is the button
Seat 1: Psynto ($98.50 in chips)
Seat 5: Newheadpoker ($279.77 in chips)
Newheadpoker: posts small blind $1
Psynto: posts big blind $3
*** HOLE CARDS ***
Newheadpoker: folds
Uncalled bet ($2) returned to Psynto
Psynto collected $2 from pot
Psynto: doesn't show hand
*** SUMMARY ***
Total pot $2 | Rake $0
Seat 1: Psynto (big blind) collected ($2)
Seat 5: Newheadpoker (button) (small blind) folded before Flop


PokerStars Hand #159242223611:  Hold'em Limit ($3/$6 USD) - 2016/09/29 9:51:13 ET
Table 'Algebar II' 10-max Seat #1 is the button
Seat 1: Psynto ($72 in chips)
Seat 5: Newheadpoker ($306.77 in chips)
Psynto: posts small blind $1
Newheadpoker: posts big blind $3
*** HOLE CARDS ***
Psynto: raises $3 to $6
Newheadpoker: calls $3
*** FLOP *** [9s 3d 2s]
Newheadpoker: checks
Psynto: bets $3
Newheadpoker: calls $3
*** TURN *** [9s 3d 2s] [Js]
Newheadpoker: checks
Psynto: bets $6
Newheadpoker: raises $6 to $12
Psynto: calls $6
*** RIVER *** [9s 3d 2s Js] [6s]
Newheadpoker: bets $6
Psynto: raises $6 to $12
Newheadpoker: folds
Uncalled bet ($6) returned to Psynto
Psynto collected $53.50 from pot
Psynto: doesn't show hand
*** SUMMARY ***
Total pot $54 | Rake $0.50
Board [9s 3d 2s Js 6s]
Seat 1: Psynto (button) (small blind) collected ($53.50)
Seat 5: Newheadpoker (big blind) folded on the River


PokerStars Hand #159242292252:  Hold'em Limit ($3/$6 USD) - 2016/09/29 9:53:10 ET
Table 'Algebar II' 10-max Seat #5 is the button
Seat 1: Psynto ($105.54 in chips)
Seat 5: Newheadpoker ($271.17 in chips)
Newheadpoker: posts small blind $1
Psynto: posts big blind $3
*** HOLE CARDS ***
Newheadpoker: raises $3 to $6
Psynto: calls $3
*** FLOP *** [As Jh 3h]
Psynto: checks
Newheadpoker: bets $3
Psynto: folds
Uncalled bet ($3) returned to Newheadpoker
Newheadpoker collected $11.76 from pot
Newheadpoker: doesn't show hand
*** SUMMARY ***
Total pot $12 | Rake $0.24
Board [As Jh 3h]
Seat 1: Psynto (big blind) folded on the Flop
Seat 5: Newheadpoker (button) (small blind) collected ($11.76)


PokerStars Hand #159242278564:  Hold'em Limit ($3/$6 USD) - 2016/09/29 9:52:47 ET
Table 'Algebar II' 10-max Seat #1 is the button
Seat 1: Psynto ($99.78 in chips)
Seat 5: Newheadpoker ($277.17 in chips)
Psynto: posts small blind $1
Newheadpoker: posts big blind $3
*** HOLE CARDS ***
Psynto: raises $3 to $6
Newheadpoker: calls $3
*** FLOP *** [Kd Tc 3s]
Newheadpoker: checks
Psynto: bets $3
Newheadpoker: folds
Uncalled bet ($3) returned to Psynto
Psynto collected $11.76 from pot
Psynto: doesn't show hand
*** SUMMARY ***
Total pot $12 | Rake $0.24
Board [Kd Tc 3s]
Seat 1: Psynto (button) (small blind) collected ($11.76)
Seat 5: Newheadpoker (big blind) folded on the Flop


PokerStars Hand #159242275366:  Hold'em Limit ($3/$6 USD) - 2016/09/29 9:52:41 ET
Table 'Algebar II' 10-max Seat #5 is the button
Seat 1: Psynto ($102.78 in chips)
Seat 5: Newheadpoker ($274.17 in chips)
Newheadpoker: posts small blind $1
Psynto: posts big blind $3
*** HOLE CARDS ***
Newheadpoker: raises $3 to $6
Psynto: folds
Uncalled bet ($3) returned to Newheadpoker
Newheadpoker collected $6 from pot
Newheadpoker: doesn't show hand
*** SUMMARY ***
Total pot $6 | Rake $0
Seat 1: Psynto (big blind) folded before Flop
Seat 5: Newheadpoker (button) (small blind) collected ($6)


PokerStars Hand #159242272071:  Hold'em Limit ($3/$6 USD) - 2016/09/29 9:52:36 ET
Table 'Algebar II' 10-max Seat #1 is the button
Seat 1: Psynto ($99.78 in chips)
Seat 5: Newheadpoker ($277.17 in chips)
Psynto: posts small blind $1
Newheadpoker: posts big blind $3
*** HOLE CARDS ***
Psynto: raises $3 to $6
Newheadpoker: folds
Uncalled bet ($3) returned to Psynto
Psynto collected $6 from pot
Psynto: doesn't show hand
*** SUMMARY ***
Total pot $6 | Rake $0
Seat 1: Psynto (button) (small blind) collected ($6)
Seat 5: Newheadpoker (big blind) folded before Flop


PokerStars Hand #159242266237:  Hold'em Limit ($3/$6 USD) - 2016/09/29 9:52:26 ET
Table 'Algebar II' 10-max Seat #5 is the button
Seat 1: Psynto ($91.14 in chips)
Seat 5: Newheadpoker ($286.17 in chips)
Newheadpoker: posts small blind $1
Psynto: posts big blind $3
*** HOLE CARDS ***
Newheadpoker: raises $3 to $6
Psynto: raises $3 to $9
Newheadpoker: calls $3
*** FLOP *** [Ts 3c 2c]
Psynto: bets $3
Newheadpoker: folds
Uncalled bet ($3) returned to Psynto
Psynto collected $17.64 from pot
Psynto: doesn't show hand
*** SUMMARY ***
Total pot $18 | Rake $0.36
Board [Ts 3c 2c]
Seat 1: Psynto (big blind) collected ($17.64)
Seat 5: Newheadpoker (button) (small blind) folded on the Flop


PokerStars Hand #159242319076:  Hold'em Limit ($3/$6 USD) - 2016/09/29 9:53:56 ET
Table 'Algebar II' 10-max Seat #1 is the button
Seat 1: Psynto ($96.54 in chips)
Seat 5: Newheadpoker ($279.69 in chips)
Psynto: posts small blind $1
Newheadpoker: posts big blind $3
*** HOLE CARDS ***
Psynto: raises $3 to $6
Newheadpoker: raises $3 to $9
Psynto: calls $3
*** FLOP *** [4h Jc 3h]
Newheadpoker: bets $3
Psynto: calls $3
*** TURN *** [4h Jc 3h] [6c]
Newheadpoker: bets $6
Psynto: calls $6
*** RIVER *** [4h Jc 3h 6c] [Kc]
Newheadpoker: bets $6
Psynto: calls $6
*** SHOW DOWN ***
Newheadpoker: shows [Qs Jd] (a pair of Jacks)
Psynto: mucks hand
Newheadpoker collected $47.50 from pot
*** SUMMARY ***
Total pot $48 | Rake $0.50
Board [4h Jc 3h 6c Kc]
Seat 1: Psynto (button) (small blind) mucked
Seat 5: Newheadpoker (big blind) showed [Qs Jd] and won ($47.50) with a pair of Jacks


PokerStars Hand #159242312294:  Hold'em Limit ($3/$6 USD) - 2016/09/29 9:53:44 ET
Table 'Algebar II' 10-max Seat #5 is the button
Seat 1: Psynto ($102.54 in chips)
Seat 5: Newheadpoker ($273.93 in chips)
Newheadpoker: posts small blind $1
Psynto: posts big blind $3
*** HOLE CARDS ***
Newheadpoker: raises $3 to $6
Psynto: calls $3
*** FLOP *** [9h Ac Jd]
Psynto: checks
Newheadpoker: bets $3
Psynto: folds
Uncalled bet ($3) returned to Newheadpoker
Newheadpoker collected $11.76 from pot
Newheadpoker: doesn't show hand
*** SUMMARY ***
Total pot $12 | Rake $0.24
Board [9h Ac Jd]
Seat 1: Psynto (big blind) folded on the Flop
Seat 5: Newheadpoker (button) (small blind) collected ($11.76)


PokerStars Hand #159242309280:  Hold'em Limit ($3/$6 USD) - 2016/09/29 9:53:39 ET
Table 'Algebar II' 10-max Seat #1 is the button
Seat 1: Psynto ($103.54 in chips)
Seat 5: Newheadpoker ($272.93 in chips)
Psynto: posts small blind $1
Newheadpoker: posts big blind $3
*** HOLE CARDS ***
Psynto: folds
Uncalled bet ($2) returned to Newheadpoker
Newheadpoker collected $2 from pot
Newheadpoker: doesn't show hand
*** SUMMARY ***
Total pot $2 | Rake $0
Seat 1: Psynto (button) (small blind) folded before Flop
Seat 5: Newheadpoker (big blind) collected ($2)


PokerStars Hand #159242305680:  Hold'em Limit ($3/$6 USD) - 2016/09/29 9:53:33 ET
Table 'Algebar II' 10-max Seat #5 is the button
Seat 1: Psynto ($102.54 in chips)
Seat 5: Newheadpoker ($273.93 in chips)
Newheadpoker: posts small blind $1
Psynto: posts big blind $3
*** HOLE CARDS ***
Newheadpoker: folds
Uncalled bet ($2) returned to Psynto
Psynto collected $2 from pot
Psynto: doesn't show hand
*** SUMMARY ***
Total pot $2 | Rake $0
Seat 1: Psynto (big blind) collected ($2)
Seat 5: Newheadpoker (button) (small blind) folded before Flop


PokerStars Hand #159242297864:  Hold'em Limit ($3/$6 USD) - 2016/09/29 9:53:20 ET
Table 'Algebar II' 10-max Seat #1 is the button
Seat 1: Psynto ($99.54 in chips)
Seat 5: Newheadpoker ($276.93 in chips)
Psynto: posts small blind $1
Newheadpoker: posts big blind $3
*** HOLE CARDS ***
Psynto: raises $3 to $6
Newheadpoker: folds
Uncalled bet ($3) returned to Psynto
Psynto collected $6 from pot
Psynto: doesn't show hand
*** SUMMARY ***
Total pot $6 | Rake $0
Seat 1: Psynto (button) (small blind) collected ($6)
Seat 5: Newheadpoker (big blind) folded before Flop


PokerStars Hand #159242367973:  Hold'em Limit ($3/$6 USD) - 2016/09/29 9:55:21 ET
Table 'Algebar II' 10-max Seat #1 is the button
Seat 1: Psynto ($90.40 in chips)
Seat 5: Newheadpoker ($287.19 in chips)
Psynto: posts small blind $1
Newheadpoker: posts big blind $3
*** HOLE CARDS ***
Psynto: raises $3 to $6
Newheadpoker: folds
Uncalled bet ($3) returned to Psynto
Psynto collected $6 from pot
Psynto: doesn't show hand
*** SUMMARY ***
Total pot $6 | Rake $0
Seat 1: Psynto (button) (small blind) collected ($6)
Seat 5: Newheadpoker (big blind) folded before Flop


PokerStars Hand #159242359338:  Hold'em Limit ($3/$6 USD) - 2016/09/29 9:55:05 ET
Table 'Algebar II' 10-max Seat #5 is the button
Seat 1: Psynto ($81.76 in chips)
Seat 5: Newheadpoker ($296.19 in chips)
Newheadpoker: posts small blind $1
Psynto: posts big blind $3
*** HOLE CARDS ***
Newheadpoker: raises $3 to $6
Psynto: raises $3 to $9
Newheadpoker: calls $3
*** FLOP *** [3c Ts 9s]
Psynto: bets $3
Newheadpoker: folds
Uncalled bet ($3) returned to Psynto
Psynto collected $17.64 from pot
Psynto: doesn't show hand
*** SUMMARY ***
Total pot $18 | Rake $0.36
Board [3c Ts 9s]
Seat 1: Psynto (big blind) collected ($17.64)
Seat 5: Newheadpoker (button) (small blind) folded on the Flop


PokerStars Hand #159242350606:  Hold'em Limit ($3/$6 USD) - 2016/09/29 9:54:50 ET
Table 'Algebar II' 10-max Seat #1 is the button
Seat 1: Psynto ($76 in chips)
Seat 5: Newheadpoker ($302.19 in chips)
Psynto: posts small blind $1
Newheadpoker: posts big blind $3
*** HOLE CARDS ***
Psynto: raises $3 to $6
Newheadpoker: calls $3
*** FLOP *** [Kh 6s 4d]
Newheadpoker: checks
Psynto: bets $3
Newheadpoker: folds
Uncalled bet ($3) returned to Psynto
Psynto collected $11.76 from pot
Psynto: doesn't show hand
*** SUMMARY ***
Total pot $12 | Rake $0.24
Board [Kh 6s 4d]
Seat 1: Psynto (button) (small blind) collected ($11.76)
Seat 5: Newheadpoker (big blind) folded on the Flop


PokerStars Hand #159242346685:  Hold'em Limit ($3/$6 USD) - 2016/09/29 9:54:43 ET
Table 'Algebar II' 10-max Seat #5 is the button
Seat 1: Psynto ($75 in chips)
Seat 5: Newheadpoker ($303.19 in chips)
Newheadpoker: posts small blind $1
Psynto: posts big blind $3
*** HOLE CARDS ***
Newheadpoker: folds
Uncalled bet ($2) returned to Psynto
Psynto collected $2 from pot
Psynto: doesn't show hand
*** SUMMARY ***
Total pot $2 | Rake $0
Seat 1: Psynto (big blind) collected ($2)
Seat 5: Newheadpoker (button) (small blind) folded before Flop


PokerStars Hand #159242342006:  Hold'em Limit ($3/$6 USD) - 2016/09/29 9:54:35 ET
Table 'Algebar II' 10-max Seat #1 is the button
Seat 1: Psynto ($72 in chips)
Seat 5: Newheadpoker ($306.19 in chips)
Psynto: posts small blind $1
Newheadpoker: posts big blind $3
*** HOLE CARDS ***
Psynto: raises $3 to $6
Newheadpoker: folds
Uncalled bet ($3) returned to Psynto
Psynto collected $6 from pot
Psynto: doesn't show hand
*** SUMMARY ***
Total pot $6 | Rake $0
Seat 1: Psynto (button) (small blind) collected ($6)
Seat 5: Newheadpoker (big blind) folded before Flop


PokerStars Hand #159242337799:  Hold'em Limit ($3/$6 USD) - 2016/09/29 9:54:28 ET
Table 'Algebar II' 10-max Seat #5 is the button
Seat 1: Psynto ($72.54 in chips)
Seat 5: Newheadpoker ($303.19 in chips)
Newheadpoker: posts small blind $1
Psynto: posts big blind $3
*** HOLE CARDS ***
Newheadpoker: raises $3 to $6
Psynto: folds
Uncalled bet ($3) returned to Newheadpoker
Newheadpoker collected $6 from pot
Newheadpoker: doesn't show hand
*** SUMMARY ***
Total pot $6 | Rake $0
Seat 1: Psynto (big blind) folded before Flop
Seat 5: Newheadpoker (button) (small blind) collected ($6)


PokerStars Hand #159242385750:  Hold'em Limit ($3/$6 USD) - 2016/09/29 9:55:57 ET
Table 'Algebar II' 10-max Seat #5 is the button
Seat 1: Psynto ($90.40 in chips)
Seat 5: Newheadpoker ($286.95 in chips)
Newheadpoker: posts small blind $1
Psynto: posts big blind $3
*** HOLE CARDS ***
Newheadpoker: raises $3 to $6
Psynto: calls $3
*** FLOP *** [9h Ac Ah]
Psynto: checks
Newheadpoker: bets $3
Psynto: folds
Uncalled bet ($3) returned to Newheadpoker
Newheadpoker collected $11.76 from pot
Newheadpoker: doesn't show hand
*** SUMMARY ***
Total pot $12 | Rake $0.24
Board [9h Ac Ah]
Seat 1: Psynto (big blind) folded on the Flop
Seat 5: Newheadpoker (button) (small blind) collected ($11.76)


PokerStars Hand #159242382562:  Hold'em Limit ($3/$6 USD) - 2016/09/29 9:55:50 ET
Table 'Algebar II' 10-max Seat #1 is the button
Seat 1: Psynto ($87.40 in chips)
Seat 5: Newheadpoker ($289.95 in chips)
Psynto: posts small blind $1
Newheadpoker: posts big blind $3
*** HOLE CARDS ***
Psynto: raises $3 to $6
Newheadpoker: folds
Uncalled bet ($3) returned to Psynto
Psynto collected $6 from pot
Psynto: doesn't show hand
*** SUMMARY ***
Total pot $6 | Rake $0
Seat 1: Psynto (button) (small blind) collected ($6)
Seat 5: Newheadpoker (big blind) folded before Flop


PokerStars Hand #159242390935:  Hold'em Limit ($3/$6 USD) - 2016/09/29 9:56:07 ET
Table 'Algebar II' 10-max Seat #1 is the button
Seat 1: Psynto ($84.40 in chips)
Seat 5: Newheadpoker ($292.71 in chips)
Psynto: posts small blind $1
Newheadpoker: posts big blind $3
*** HOLE CARDS ***
Psynto: raises $3 to $6
Newheadpoker: calls $3
*** FLOP *** [4d 7c 6h]
Newheadpoker: checks
Psynto: checks
*** TURN *** [4d 7c 6h] [2s]
Newheadpoker: bets $6
Psynto: folds
Uncalled bet ($6) returned to Newheadpoker
Newheadpoker collected $11.76 from pot
Newheadpoker: doesn't show hand
*** SUMMARY ***
Total pot $12 | Rake $0.24
Board [4d 7c 6h 2s]
Seat 1: Psynto (button) (small blind) folded on the Turn
Seat 5: Newheadpoker (big blind) collected ($11.76)


PokerStars Hand #159242376656:  Hold'em Limit ($3/$6 USD) - 2016/09/29 9:55:39 ET
Table 'Algebar II' 10-max Seat #5 is the button
Seat 1: Psynto ($93.40 in chips)
Seat 5: Newheadpoker ($284.19 in chips)
Newheadpoker: posts small blind $1
Psynto: posts big blind $3
*** HOLE CARDS ***
Newheadpoker: raises $3 to $6
Psynto: calls $3
*** FLOP *** [8h Jc 6c]
Psynto: checks
Newheadpoker: bets $3
Psynto: folds
Uncalled bet ($3) returned to Newheadpoker
Newheadpoker collected $11.76 from pot
Newheadpoker: doesn't show hand
*** SUMMARY ***
Total pot $12 | Rake $0.24
Board [8h Jc 6c]
Seat 1: Psynto (big blind) folded on the Flop
Seat 5: Newheadpoker (button) (small blind) collected ($11.76)


PokerStars Hand #159242374160:  Hold'em Limit ($3/$6 USD) - 2016/09/29 9:55:34 ET
Table 'Algebar II' 10-max Seat #1 is the button
Seat 1: Psynto ($94.40 in chips)
Seat 5: Newheadpoker ($283.19 in chips)
Psynto: posts small blind $1
Newheadpoker: posts big blind $3
*** HOLE CARDS ***
Psynto: folds
Uncalled bet ($2) returned to Newheadpoker
Newheadpoker collected $2 from pot
Newheadpoker: doesn't show hand
*** SUMMARY ***
Total pot $2 | Rake $0
Seat 1: Psynto (button) (small blind) folded before Flop
Seat 5: Newheadpoker (big blind) collected ($2)


PokerStars Hand #159242371045:  Hold'em Limit ($3/$6 USD) - 2016/09/29 9:55:28 ET
Table 'Algebar II' 10-max Seat #5 is the button
Seat 1: Psynto ($93.40 in chips)
Seat 5: Newheadpoker ($284.19 in chips)
Newheadpoker: posts small blind $1
Psynto: posts big blind $3
*** HOLE CARDS ***
Newheadpoker: folds
Uncalled bet ($2) returned to Psynto
Psynto collected $2 from pot
Psynto: doesn't show hand
*** SUMMARY ***
Total pot $2 | Rake $0
Seat 1: Psynto (big blind) collected ($2)
Seat 5: Newheadpoker (button) (small blind) folded before Flop


PokerStars Hand #159242404757:  Hold'em Limit ($3/$6 USD) - 2016/09/29 9:56:34 ET
Table 'Algebar II' 10-max Seat #1 is the button
Seat 1: Psynto ($87.04 in chips)
Seat 5: Newheadpoker ($289.47 in chips)
Psynto: posts small blind $1
Newheadpoker: posts big blind $3
*** HOLE CARDS ***
Psynto: raises $3 to $6
Newheadpoker: raises $3 to $9
Psynto: calls $3
*** FLOP *** [Ah 3c 2d]
Newheadpoker: bets $3
Psynto: calls $3
*** TURN *** [Ah 3c 2d] [4h]
Newheadpoker: bets $6
Psynto: raises $6 to $12
Newheadpoker: calls $6
*** RIVER *** [Ah 3c 2d 4h] [4c]
Newheadpoker: checks
Psynto: bets $6
Newheadpoker: calls $6
*** SHOW DOWN ***
Psynto: shows [Qc Th] (a pair of Fours)
Newheadpoker: shows [Jh Jd] (two pair, Jacks and Fours)
Newheadpoker collected $59.50 from pot
*** SUMMARY ***
Total pot $60 | Rake $0.50
Board [Ah 3c 2d 4h 4c]
Seat 1: Psynto (button) (small blind) showed [Qc Th] and lost with a pair of Fours
Seat 5: Newheadpoker (big blind) showed [Jh Jd] and won ($59.50) with two pair, Jacks and Fours


PokerStars Hand #159242398798:  Hold'em Limit ($3/$6 USD) - 2016/09/29 9:56:22 ET
Table 'Algebar II' 10-max Seat #5 is the button
Seat 1: Psynto ($78.40 in chips)
Seat 5: Newheadpoker ($298.47 in chips)
Newheadpoker: posts small blind $1
Psynto: posts big blind $3
*** HOLE CARDS ***
Newheadpoker: raises $3 to $6
Psynto: raises $3 to $9
Newheadpoker: calls $3
*** FLOP *** [2c Qs Ac]
Psynto: bets $3
Newheadpoker: folds
Uncalled bet ($3) returned to Psynto
Psynto collected $17.64 from pot
Psynto: doesn't show hand
*** SUMMARY ***
Total pot $18 | Rake $0.36
Board [2c Qs Ac]
Seat 1: Psynto (big blind) collected ($17.64)
Seat 5: Newheadpoker (button) (small blind) folded on the Flop


PokerStars Hand #159242438261:  Hold'em Limit ($3/$6 USD) - 2016/09/29 9:57:40 ET
Table 'Algebar II' 10-max Seat #1 is the button
Seat 1: Psynto ($83.52 in chips)
Seat 5: Newheadpoker ($306.97 in chips)
Psynto: posts small blind $1
Newheadpoker: posts big blind $3
*** HOLE CARDS ***
Psynto: raises $3 to $6
Newheadpoker: folds
Uncalled bet ($3) returned to Psynto
Psynto collected $6 from pot
Psynto: doesn't show hand
*** SUMMARY ***
Total pot $6 | Rake $0
Seat 1: Psynto (button) (small blind) collected ($6)
Seat 5: Newheadpoker (big blind) folded before Flop


PokerStars Hand #159242448019:  Hold'em Limit ($3/$6 USD) - 2016/09/29 9:57:59 ET
Table 'Algebar II' 10-max Seat #1 is the button
Seat 1: Psynto ($77.52 in chips)
Seat 5: Newheadpoker ($312.61 in chips)
Psynto: posts small blind $1
Newheadpoker: posts big blind $3
*** HOLE CARDS ***
Psynto: folds
Uncalled bet ($2) returned to Newheadpoker
Newheadpoker collected $2 from pot
Newheadpoker: doesn't show hand
*** SUMMARY ***
Total pot $2 | Rake $0
Seat 1: Psynto (button) (small blind) folded before Flop
Seat 5: Newheadpoker (big blind) collected ($2)


PokerStars Hand #159242441468:  Hold'em Limit ($3/$6 USD) - 2016/09/29 9:57:46 ET
Table 'Algebar II' 10-max Seat #5 is the button
Seat 1: Psynto ($86.52 in chips)
Seat 5: Newheadpoker ($303.97 in chips)
Newheadpoker: posts small blind $1
Psynto: posts big blind $3
*** HOLE CARDS ***
Newheadpoker: raises $3 to $6
Psynto: calls $3
*** FLOP *** [7s 8d Ts]
Psynto: checks
Newheadpoker: bets $3
Psynto: calls $3
*** TURN *** [7s 8d Ts] [3d]
Psynto: checks
Newheadpoker: bets $6
Psynto: folds
Uncalled bet ($6) returned to Newheadpoker
Newheadpoker collected $17.64 from pot
Newheadpoker: doesn't show hand
*** SUMMARY ***
Total pot $18 | Rake $0.36
Board [7s 8d Ts 3d]
Seat 1: Psynto (big blind) folded on the Turn
Seat 5: Newheadpoker (button) (small blind) collected ($17.64)


PokerStars Hand #159242450331:  Hold'em Limit ($3/$6 USD) - 2016/09/29 9:58:04 ET
Table 'Algebar II' 10-max Seat #5 is the button
Seat 1: Psynto ($76.52 in chips)
Seat 5: Newheadpoker ($313.61 in chips)
Newheadpoker: posts small blind $1
Psynto: posts big blind $3
*** HOLE CARDS ***
Newheadpoker: raises $3 to $6
Psynto: calls $3
*** FLOP *** [8h 7s 6d]
Psynto: checks
Newheadpoker: bets $3
Psynto: calls $3
*** TURN *** [8h 7s 6d] [Jh]
Psynto: checks
Newheadpoker: bets $6
Psynto: calls $6
*** RIVER *** [8h 7s 6d Jh] [7h]
Psynto: checks
Newheadpoker: bets $6
Psynto: raises $6 to $12
Newheadpoker: calls $6
*** SHOW DOWN ***
Psynto: shows [3h 6h] (a flush, Jack high)
Newheadpoker: mucks hand
Psynto collected $53.50 from pot
*** SUMMARY ***
Total pot $54 | Rake $0.50
Board [8h 7s 6d Jh 7h]
Seat 1: Psynto (big blind) showed [3h 6h] and won ($53.50) with a flush, Jack high
Seat 5: Newheadpoker (button) (small blind) mucked


PokerStars Hand #159242460028:  Hold'em Limit ($3/$6 USD) - 2016/09/29 9:58:23 ET
Table 'Algebar II' 10-max Seat #1 is the button
Seat 1: Psynto ($103.02 in chips)
Seat 5: Newheadpoker ($286.61 in chips)
Psynto: posts small blind $1
Newheadpoker: posts big blind $3
*** HOLE CARDS ***
Psynto: raises $3 to $6
Newheadpoker: calls $3
*** FLOP *** [8d Jh 3h]
Newheadpoker: checks
Psynto: bets $3
Newheadpoker: folds
Uncalled bet ($3) returned to Psynto
Psynto collected $11.76 from pot
Psynto: doesn't show hand
*** SUMMARY ***
Total pot $12 | Rake $0.24
Board [8d Jh 3h]
Seat 1: Psynto (button) (small blind) collected ($11.76)
Seat 5: Newheadpoker (big blind) folded on the Flop


PokerStars Hand #159242425767:  Hold'em Limit ($3/$6 USD) - 2016/09/29 9:57:16 ET
Table 'Algebar II' 10-max Seat #5 is the button
Seat 1: Psynto ($72 in chips)
Seat 5: Newheadpoker ($318.97 in chips)
Newheadpoker: posts small blind $1
Psynto: posts big blind $3
*** HOLE CARDS ***
Newheadpoker: raises $3 to $6
Psynto: calls $3
*** FLOP *** [5h 2h 9s]
Psynto: checks
Newheadpoker: checks
*** TURN *** [5h 2h 9s] [7c]
Psynto: checks
Newheadpoker: checks
*** RIVER *** [5h 2h 9s 7c] [5c]
Psynto: checks
Newheadpoker: bets $6
Psynto: calls $6
*** SHOW DOWN ***
Newheadpoker: shows [Js Th] (a pair of Fives)
Psynto: shows [4c Kd] (a pair of Fives - King kicker)
Psynto collected $23.52 from pot
*** SUMMARY ***
Total pot $24 | Rake $0.48
Board [5h 2h 9s 7c 5c]
Seat 1: Psynto (big blind) showed [4c Kd] and won ($23.52) with a pair of Fives
Seat 5: Newheadpoker (button) (small blind) showed [Js Th] and lost with a pair of Fives


PokerStars Hand #159242468109:  Hold'em Limit ($3/$6 USD) - 2016/09/29 9:58:39 ET
Table 'Algebar II' 10-max Seat #1 is the button
Seat 1: Psynto ($109.78 in chips)
Seat 5: Newheadpoker ($279.61 in chips)
Psynto: posts small blind $1
Newheadpoker: posts big blind $3
*** HOLE CARDS ***
Psynto: raises $3 to $6
Newheadpoker: folds
Uncalled bet ($3) returned to Psynto
Psynto collected $6 from pot
Psynto: doesn't show hand
*** SUMMARY ***
Total pot $6 | Rake $0
Seat 1: Psynto (button) (small blind) collected ($6)
Seat 5: Newheadpoker (big blind) folded before Flop


PokerStars Hand #159242476870:  Hold'em Limit ($3/$6 USD) - 2016/09/29 9:58:56 ET
Table 'Algebar II' 10-max Seat #1 is the button
Seat 1: Psynto ($121.42 in chips)
Seat 5: Newheadpoker ($267.61 in chips)
Psynto: posts small blind $1
Newheadpoker: posts big blind $3
*** HOLE CARDS ***
Psynto: raises $3 to $6
Newheadpoker: folds
Uncalled bet ($3) returned to Psynto
Psynto collected $6 from pot
Psynto: doesn't show hand
*** SUMMARY ***
Total pot $6 | Rake $0
Seat 1: Psynto (button) (small blind) collected ($6)
Seat 5: Newheadpoker (big blind) folded before Flop


PokerStars Hand #159242471973:  Hold'em Limit ($3/$6 USD) - 2016/09/29 9:58:46 ET
Table 'Algebar II' 10-max Seat #5 is the button
Seat 1: Psynto ($112.78 in chips)
Seat 5: Newheadpoker ($276.61 in chips)
Newheadpoker: posts small blind $1
Psynto: posts big blind $3
*** HOLE CARDS ***
Newheadpoker: raises $3 to $6
Psynto: raises $3 to $9
Newheadpoker: calls $3
*** FLOP *** [3d Ac 6s]
Psynto: bets $3
Newheadpoker: folds
Uncalled bet ($3) returned to Psynto
Psynto collected $17.64 from pot
Psynto: doesn't show hand
*** SUMMARY ***
Total pot $18 | Rake $0.36
Board [3d Ac 6s]
Seat 1: Psynto (big blind) collected ($17.64)
Seat 5: Newheadpoker (button) (small blind) folded on the Flop


PokerStars Hand #159242464963:  Hold'em Limit ($3/$6 USD) - 2016/09/29 9:58:32 ET
Table 'Algebar II' 10-max Seat #5 is the button
Seat 1: Psynto ($108.78 in chips)
Seat 5: Newheadpoker ($280.61 in chips)
Newheadpoker: posts small blind $1
Psynto: posts big blind $3
*** HOLE CARDS ***
Newheadpoker: folds
Uncalled bet ($2) returned to Psynto
Psynto collected $2 from pot
Psynto: doesn't show hand
*** SUMMARY ***
Total pot $2 | Rake $0
Seat 1: Psynto (big blind) collected ($2)
Seat 5: Newheadpoker (button) (small blind) folded before Flop


PokerStars Hand #159242499398:  Hold'em Limit ($3/$6 USD) - 2016/09/29 9:59:40 ET
Table 'Algebar II' 10-max Seat #5 is the button
Seat 1: Psynto ($156.92 in chips)
Seat 5: Newheadpoker ($231.13 in chips)
Newheadpoker: posts small blind $1
Psynto: posts big blind $3
*** HOLE CARDS ***
Newheadpoker: raises $3 to $6
Psynto: calls $3
*** FLOP *** [Kh 3c 9s]
Psynto: checks
Newheadpoker: bets $3
Psynto: calls $3
*** TURN *** [Kh 3c 9s] [Qs]
Psynto: checks
Newheadpoker: checks
*** RIVER *** [Kh 3c 9s Qs] [Js]
Psynto: checks
Newheadpoker: checks
*** SHOW DOWN ***
Psynto: shows [7c 8c] (high card King)
Newheadpoker: mucks hand
Psynto collected $17.64 from pot
*** SUMMARY ***
Total pot $18 | Rake $0.36
Board [Kh 3c 9s Qs Js]
Seat 1: Psynto (big blind) showed [7c 8c] and won ($17.64) with high card King
Seat 5: Newheadpoker (button) (small blind) mucked


PokerStars Hand #159242506630:  Hold'em Limit ($3/$6 USD) - 2016/09/29 9:59:54 ET
Table 'Algebar II' 10-max Seat #1 is the button
Seat 1: Psynto ($165.56 in chips)
Seat 5: Newheadpoker ($222.13 in chips)
Psynto: posts small blind $1
Newheadpoker: posts big blind $3
*** HOLE CARDS ***
Psynto: raises $3 to $6
Newheadpoker: folds
Uncalled bet ($3) returned to Psynto
Psynto collected $6 from pot
Psynto: doesn't show hand
*** SUMMARY ***
Total pot $6 | Rake $0
Seat 1: Psynto (button) (small blind) collected ($6)
Seat 5: Newheadpoker (big blind) folded before Flop


PokerStars Hand #159242509375:  Hold'em Limit ($3/$6 USD) - 2016/09/29 10:00:00 ET
Table 'Algebar II' 10-max Seat #5 is the button
Seat 1: Psynto ($168.56 in chips)
Seat 5: Newheadpoker ($219.13 in chips)
Newheadpoker: posts small blind $1
Psynto: posts big blind $3
*** HOLE CARDS ***
Newheadpoker: raises $3 to $6
Psynto: calls $3
*** FLOP *** [Tc Jh 3s]
Psynto: checks
Newheadpoker: bets $3
Psynto: folds
Uncalled bet ($3) returned to Newheadpoker
Newheadpoker collected $11.76 from pot
Newheadpoker: doesn't show hand
*** SUMMARY ***
Total pot $12 | Rake $0.24
Board [Tc Jh 3s]
Seat 1: Psynto (big blind) folded on the Flop
Seat 5: Newheadpoker (button) (small blind) collected ($11.76)


PokerStars Hand #159242515286:  Hold'em Limit ($3/$6 USD) - 2016/09/29 10:00:10 ET
Table 'Algebar II' 10-max Seat #1 is the button
Seat 1: Psynto ($162.56 in chips)
Seat 5: Newheadpoker ($224.89 in chips)
Psynto: posts small blind $1
Newheadpoker: posts big blind $3
*** HOLE CARDS ***
Psynto: raises $3 to $6
Newheadpoker: folds
Uncalled bet ($3) returned to Psynto
Psynto collected $6 from pot
Psynto: doesn't show hand
*** SUMMARY ***
Total pot $6 | Rake $0
Seat 1: Psynto (button) (small blind) collected ($6)
Seat 5: Newheadpoker (big blind) folded before Flop


PokerStars Hand #159242518339:  Hold'em Limit ($3/$6 USD) - 2016/09/29 10:00:16 ET
Table 'Algebar II' 10-max Seat #5 is the button
Seat 1: Psynto ($165.56 in chips)
Seat 5: Newheadpoker ($221.89 in chips)
Newheadpoker: posts small blind $1
Psynto: posts big blind $3
*** HOLE CARDS ***
Newheadpoker: raises $3 to $6
Psynto: calls $3
*** FLOP *** [2s Ah As]
Psynto: checks
Newheadpoker: bets $3
Psynto: calls $3
*** TURN *** [2s Ah As] [Kh]
Psynto: checks
Newheadpoker: bets $6
Psynto: calls $6
*** RIVER *** [2s Ah As Kh] [9d]
Psynto: checks
Newheadpoker: checks
*** SHOW DOWN ***
Psynto: shows [Qd Th] (a pair of Aces)
Newheadpoker: mucks hand
Psynto collected $29.50 from pot
*** SUMMARY ***
Total pot $30 | Rake $0.50
Board [2s Ah As Kh 9d]
Seat 1: Psynto (big blind) showed [Qd Th] and won ($29.50) with a pair of Aces
Seat 5: Newheadpoker (button) (small blind) mucked


PokerStars Hand #159242492740:  Hold'em Limit ($3/$6 USD) - 2016/09/29 9:59:27 ET
Table 'Algebar II' 10-max Seat #1 is the button
Seat 1: Psynto ($168.92 in chips)
Seat 5: Newheadpoker ($219.61 in chips)
Psynto: posts small blind $1
Newheadpoker: posts big blind $3
*** HOLE CARDS ***
Psynto: raises $3 to $6
Newheadpoker: raises $3 to $9
Psynto: calls $3
*** FLOP *** [Th 2c 3c]
Newheadpoker: bets $3
Psynto: calls $3
*** TURN *** [Th 2c 3c] [4s]
Newheadpoker: bets $6
Psynto: folds
Uncalled bet ($6) returned to Newheadpoker
Newheadpoker collected $23.52 from pot
Newheadpoker: doesn't show hand
*** SUMMARY ***
Total pot $24 | Rake $0.48
Board [Th 2c 3c 4s]
Seat 1: Psynto (button) (small blind) folded on the Turn
Seat 5: Newheadpoker (big blind) collected ($23.52)


PokerStars Hand #159242536019:  Hold'em Limit ($3/$6 USD) - 2016/09/29 10:00:50 ET
Table 'Algebar II' 10-max Seat #5 is the button
Seat 1: Psynto ($168.06 in chips)
Seat 5: Newheadpoker ($218.41 in chips)
Newheadpoker: posts small blind $1
Psynto: posts big blind $3
*** HOLE CARDS ***
Newheadpoker: raises $3 to $6
Psynto: calls $3
*** FLOP *** [Ah 2s 8s]
Psynto: checks
Newheadpoker: bets $3
Psynto: calls $3
*** TURN *** [Ah 2s 8s] [6c]
Psynto: checks
Newheadpoker: bets $6
Psynto: calls $6
*** RIVER *** [Ah 2s 8s 6c] [7s]
Psynto: bets $6
Newheadpoker: calls $6
*** SHOW DOWN ***
Psynto: shows [7d 8c] (two pair, Eights and Sevens)
Newheadpoker: mucks hand
Psynto collected $41.50 from pot
*** SUMMARY ***
Total pot $42 | Rake $0.50
Board [Ah 2s 8s 6c 7s]
Seat 1: Psynto (big blind) showed [7d 8c] and won ($41.50) with two pair, Eights and Sevens
Seat 5: Newheadpoker (button) (small blind) mucked


PokerStars Hand #159242526852:  Hold'em Limit ($3/$6 USD) - 2016/09/29 10:00:33 ET
Table 'Algebar II' 10-max Seat #1 is the button
Seat 1: Psynto ($180.06 in chips)
Seat 5: Newheadpoker ($206.89 in chips)
Psynto: posts small blind $1
Newheadpoker: posts big blind $3
*** HOLE CARDS ***
Psynto: raises $3 to $6
Newheadpoker: raises $3 to $9
Psynto: calls $3
*** FLOP *** [6d 3h 6c]
Newheadpoker: bets $3
Psynto: calls $3
*** TURN *** [6d 3h 6c] [6h]
Newheadpoker: checks
Psynto: checks
*** RIVER *** [6d 3h 6c 6h] [2c]
Newheadpoker: checks
Psynto: checks
*** SHOW DOWN ***
Newheadpoker: shows [Td Jc] (three of a kind, Sixes)
Psynto: mucks hand
Newheadpoker collected $23.52 from pot
*** SUMMARY ***
Total pot $24 | Rake $0.48
Board [6d 3h 6c 6h 2c]
Seat 1: Psynto (button) (small blind) mucked
Seat 5: Newheadpoker (big blind) showed [Td Jc] and won ($23.52) with three of a kind, Sixes


PokerStars Hand #159242568182:  Hold'em Limit ($3/$6 USD) - 2016/09/29 10:01:47 ET
Table 'Algebar II' 10-max Seat #1 is the button
Seat 1: Psynto ($206.06 in chips)
Seat 5: Newheadpoker ($179.17 in chips)
Psynto: posts small blind $1
Newheadpoker: posts big blind $3
*** HOLE CARDS ***
Psynto: raises $3 to $6
Newheadpoker: calls $3
*** FLOP *** [7s 4s Ts]
Newheadpoker: checks
Psynto: bets $3
Newheadpoker: raises $3 to $6
Psynto: calls $3
*** TURN *** [7s 4s Ts] [3c]
Newheadpoker: bets $6
Psynto: calls $6
*** RIVER *** [7s 4s Ts 3c] [4d]
Newheadpoker: bets $6
Psynto: calls $6
*** SHOW DOWN ***
Newheadpoker: shows [8c 6s] (a pair of Fours)
Psynto: shows [Th Qh] (two pair, Tens and Fours)
Psynto collected $47.50 from pot
*** SUMMARY ***
Total pot $48 | Rake $0.50
Board [7s 4s Ts 3c 4d]
Seat 1: Psynto (button) (small blind) showed [Th Qh] and won ($47.50) with two pair, Tens and Fours
Seat 5: Newheadpoker (big blind) showed [8c 6s] and lost with a pair of Fours


PokerStars Hand #159242585310:  Hold'em Limit ($3/$6 USD) - 2016/09/29 10:02:17 ET
Table 'Algebar II' 10-max Seat #1 is the button
Seat 1: Psynto ($223.56 in chips)
Seat 5: Newheadpoker ($160.93 in chips)
Psynto: posts small blind $1
Newheadpoker: posts big blind $3
*** HOLE CARDS ***
Psynto: raises $3 to $6
Newheadpoker: folds
Uncalled bet ($3) returned to Psynto
Psynto collected $6 from pot
Psynto: doesn't show hand
*** SUMMARY ***
Total pot $6 | Rake $0
Seat 1: Psynto (button) (small blind) collected ($6)
Seat 5: Newheadpoker (big blind) folded before Flop


PokerStars Hand #159242579778:  Hold'em Limit ($3/$6 USD) - 2016/09/29 10:02:07 ET
Table 'Algebar II' 10-max Seat #5 is the button
Seat 1: Psynto ($229.56 in chips)
Seat 5: Newheadpoker ($155.17 in chips)
Newheadpoker: posts small blind $1
Psynto: posts big blind $3
*** HOLE CARDS ***
Newheadpoker: raises $3 to $6
Psynto: calls $3
*** FLOP *** [3s Ts 5d]
Psynto: checks
Newheadpoker: bets $3
Psynto: folds
Uncalled bet ($3) returned to Newheadpoker
Newheadpoker collected $11.76 from pot
Newheadpoker: doesn't show hand
*** SUMMARY ***
Total pot $12 | Rake $0.24
Board [3s Ts 5d]
Seat 1: Psynto (big blind) folded on the Flop
Seat 5: Newheadpoker (button) (small blind) collected ($11.76)


PokerStars Hand #159242563195:  Hold'em Limit ($3/$6 USD) - 2016/09/29 10:01:39 ET
Table 'Algebar II' 10-max Seat #5 is the button
Seat 1: Psynto ($212.06 in chips)
Seat 5: Newheadpoker ($173.41 in chips)
Newheadpoker: posts small blind $1
Psynto: posts big blind $3
*** HOLE CARDS ***
Newheadpoker: raises $3 to $6
Psynto: calls $3
*** FLOP *** [Ad 4d 9d]
Psynto: checks
Newheadpoker: bets $3
Psynto: folds
Uncalled bet ($3) returned to Newheadpoker
Newheadpoker collected $11.76 from pot
Newheadpoker: doesn't show hand
*** SUMMARY ***
Total pot $12 | Rake $0.24
Board [Ad 4d 9d]
Seat 1: Psynto (big blind) folded on the Flop
Seat 5: Newheadpoker (button) (small blind) collected ($11.76)


PokerStars Hand #159242547957:  Hold'em Limit ($3/$6 USD) - 2016/09/29 10:01:11 ET
Table 'Algebar II' 10-max Seat #1 is the button
Seat 1: Psynto ($188.56 in chips)
Seat 5: Newheadpoker ($197.41 in chips)
Psynto: posts small blind $1
Newheadpoker: posts big blind $3
*** HOLE CARDS ***
Psynto: raises $3 to $6
Newheadpoker: raises $3 to $9
Psynto: calls $3
*** FLOP *** [Qd 8s 4h]
Newheadpoker: bets $3
Psynto: calls $3
*** TURN *** [Qd 8s 4h] [9c]
Newheadpoker: bets $6
Psynto: calls $6
*** RIVER *** [Qd 8s 4h 9c] [Jh]
Newheadpoker: bets $6
Psynto: raises $6 to $12
Newheadpoker: folds
Uncalled bet ($6) returned to Psynto
Psynto collected $47.50 from pot
Psynto: doesn't show hand
*** SUMMARY ***
Total pot $48 | Rake $0.50
Board [Qd 8s 4h 9c Jh]
Seat 1: Psynto (button) (small blind) collected ($47.50)
Seat 5: Newheadpoker (big blind) folded on the River


PokerStars Hand #159242612889:  Hold'em Limit ($3/$6 USD) - 2016/09/29 10:03:05 ET
Table 'Algebar II' 10-max Seat #5 is the button
Seat 1: Psynto ($262.58 in chips)
Seat 5: Newheadpoker ($120.93 in chips)
Newheadpoker: posts small blind $1
Psynto: posts big blind $3
*** HOLE CARDS ***
Newheadpoker: raises $3 to $6
Psynto: calls $3
*** FLOP *** [Qh 5d 6s]
Psynto: checks
Newheadpoker: bets $3
Psynto: folds
Uncalled bet ($3) returned to Newheadpoker
Newheadpoker collected $11.76 from pot
Newheadpoker: doesn't show hand
*** SUMMARY ***
Total pot $12 | Rake $0.24
Board [Qh 5d 6s]
Seat 1: Psynto (big blind) folded on the Flop
Seat 5: Newheadpoker (button) (small blind) collected ($11.76)


PokerStars Hand #159242597533:  Hold'em Limit ($3/$6 USD) - 2016/09/29 10:02:39 ET
Table 'Algebar II' 10-max Seat #1 is the button
Seat 1: Psynto ($247.06 in chips)
Seat 5: Newheadpoker ($136.93 in chips)
Psynto: posts small blind $1
Newheadpoker: posts big blind $3
*** HOLE CARDS ***
Psynto: raises $3 to $6
Newheadpoker: raises $3 to $9
Psynto: calls $3
*** FLOP *** [2h 6c 2d]
Newheadpoker: bets $3
Psynto: calls $3
*** TURN *** [2h 6c 2d] [9h]
Newheadpoker: checks
Psynto: bets $6
Newheadpoker: folds
Uncalled bet ($6) returned to Psynto
Psynto collected $23.52 from pot
Psynto: doesn't show hand
*** SUMMARY ***
Total pot $24 | Rake $0.48
Board [2h 6c 2d 9h]
Seat 1: Psynto (button) (small blind) collected ($23.52)
Seat 5: Newheadpoker (big blind) folded on the Turn


PokerStars Hand #159242608846:  Hold'em Limit ($3/$6 USD) - 2016/09/29 10:02:58 ET
Table 'Algebar II' 10-max Seat #1 is the button
Seat 1: Psynto ($259.58 in chips)
Seat 5: Newheadpoker ($123.93 in chips)
Psynto: posts small blind $1
Newheadpoker: posts big blind $3
*** HOLE CARDS ***
Psynto: raises $3 to $6
Newheadpoker: folds
Uncalled bet ($3) returned to Psynto
Psynto collected $6 from pot
Psynto: doesn't show hand
*** SUMMARY ***
Total pot $6 | Rake $0
Seat 1: Psynto (button) (small blind) collected ($6)
Seat 5: Newheadpoker (big blind) folded before Flop


PokerStars Hand #159242605643:  Hold'em Limit ($3/$6 USD) - 2016/09/29 10:02:53 ET
Table 'Algebar II' 10-max Seat #5 is the button
Seat 1: Psynto ($258.58 in chips)
Seat 5: Newheadpoker ($124.93 in chips)
Newheadpoker: posts small blind $1
Psynto: posts big blind $3
*** HOLE CARDS ***
Newheadpoker: folds
Uncalled bet ($2) returned to Psynto
Psynto collected $2 from pot
Psynto: doesn't show hand
*** SUMMARY ***
Total pot $2 | Rake $0
Seat 1: Psynto (big blind) collected ($2)
Seat 5: Newheadpoker (button) (small blind) folded before Flop


PokerStars Hand #159242621962:  Hold'em Limit ($3/$6 USD) - 2016/09/29 10:03:20 ET
Table 'Algebar II' 10-max Seat #1 is the button
Seat 1: Psynto ($256.58 in chips)
Seat 5: Newheadpoker ($126.69 in chips)
Psynto: posts small blind $1
Newheadpoker: posts big blind $3
*** HOLE CARDS ***
Psynto: folds
Uncalled bet ($2) returned to Newheadpoker
Newheadpoker collected $2 from pot
Newheadpoker: doesn't show hand
*** SUMMARY ***
Total pot $2 | Rake $0
Seat 1: Psynto (button) (small blind) folded before Flop
Seat 5: Newheadpoker (big blind) collected ($2)


PokerStars Hand #159242628753:  Hold'em Limit ($3/$6 USD) - 2016/09/29 10:03:31 ET
Table 'Algebar II' 10-max Seat #1 is the button
Seat 1: Psynto ($252.58 in chips)
Seat 5: Newheadpoker ($130.69 in chips)
Psynto: posts small blind $1
Newheadpoker: posts big blind $3
*** HOLE CARDS ***
Psynto: folds
Uncalled bet ($2) returned to Newheadpoker
Newheadpoker collected $2 from pot
Newheadpoker: doesn't show hand
*** SUMMARY ***
Total pot $2 | Rake $0
Seat 1: Psynto (button) (small blind) folded before Flop
Seat 5: Newheadpoker (big blind) collected ($2)


PokerStars Hand #159242624899:  Hold'em Limit ($3/$6 USD) - 2016/09/29 10:03:24 ET
Table 'Algebar II' 10-max Seat #5 is the button
Seat 1: Psynto ($255.58 in chips)
Seat 5: Newheadpoker ($127.69 in chips)
Newheadpoker: posts small blind $1
Psynto: posts big blind $3
*** HOLE CARDS ***
Newheadpoker: raises $3 to $6
Psynto: folds
Uncalled bet ($3) returned to Newheadpoker
Newheadpoker collected $6 from pot
Newheadpoker: doesn't show hand
*** SUMMARY ***
Total pot $6 | Rake $0
Seat 1: Psynto (big blind) folded before Flop
Seat 5: Newheadpoker (button) (small blind) collected ($6)


PokerStars Hand #159242588525:  Hold'em Limit ($3/$6 USD) - 2016/09/29 10:02:23 ET
Table 'Algebar II' 10-max Seat #5 is the button
Seat 1: Psynto ($226.56 in chips)
Seat 5: Newheadpoker ($157.93 in chips)
Newheadpoker: posts small blind $1
Psynto: posts big blind $3
*** HOLE CARDS ***
Newheadpoker: raises $3 to $6
Psynto: calls $3
*** FLOP *** [5s 4c 2c]
Psynto: checks
Newheadpoker: bets $3
Psynto: calls $3
*** TURN *** [5s 4c 2c] [7c]
Psynto: checks
Newheadpoker: checks
*** RIVER *** [5s 4c 2c 7c] [Qc]
Psynto: bets $6
Newheadpoker: raises $6 to $12
Psynto: calls $6
*** SHOW DOWN ***
Newheadpoker: shows [Qd As] (a pair of Queens)
Psynto: shows [7h 9c] (a flush, Queen high)
Psynto collected $41.50 from pot
*** SUMMARY ***
Total pot $42 | Rake $0.50
Board [5s 4c 2c 7c Qc]
Seat 1: Psynto (big blind) showed [7h 9c] and won ($41.50) with a flush, Queen high
Seat 5: Newheadpoker (button) (small blind) showed [Qd As] and lost with a pair of Queens


PokerStars Hand #159242638377:  Hold'em Limit ($3/$6 USD) - 2016/09/29 10:03:47 ET
Table 'Algebar II' 10-max Seat #1 is the button
Seat 1: Psynto ($245.58 in chips)
Seat 5: Newheadpoker ($137.45 in chips)
Psynto: posts small blind $1
Newheadpoker: posts big blind $3
*** HOLE CARDS ***
Psynto: raises $3 to $6
Newheadpoker: calls $3
*** FLOP *** [8d 6h 2c]
Newheadpoker: checks
Psynto: checks
*** TURN *** [8d 6h 2c] [Js]
Newheadpoker: bets $6
Psynto: folds
Uncalled bet ($6) returned to Newheadpoker
Newheadpoker collected $11.76 from pot
Newheadpoker: doesn't show hand
*** SUMMARY ***
Total pot $12 | Rake $0.24
Board [8d 6h 2c Js]
Seat 1: Psynto (button) (small blind) folded on the Turn
Seat 5: Newheadpoker (big blind) collected ($11.76)


PokerStars Hand #159242631671:  Hold'em Limit ($3/$6 USD) - 2016/09/29 10:03:36 ET
Table 'Algebar II' 10-max Seat #5 is the button
Seat 1: Psynto ($251.58 in chips)
Seat 5: Newheadpoker ($131.69 in chips)
Newheadpoker: posts small blind $1
Psynto: posts big blind $3
*** HOLE CARDS ***
Newheadpoker: raises $3 to $6
Psynto: calls $3
*** FLOP *** [5h 5s 8c]
Psynto: checks
Newheadpoker: bets $3
Psynto: folds
Uncalled bet ($3) returned to Newheadpoker
Newheadpoker collected $11.76 from pot
Newheadpoker: doesn't show hand
*** SUMMARY ***
Total pot $12 | Rake $0.24
Board [5h 5s 8c]
Seat 1: Psynto (big blind) folded on the Flop
Seat 5: Newheadpoker (button) (small blind) collected ($11.76)


PokerStars Hand #159242655652:  Hold'em Limit ($3/$6 USD) - 2016/09/29 10:04:17 ET
Table 'Algebar II' 10-max Seat #1 is the button
Seat 1: Psynto ($233.58 in chips)
Seat 5: Newheadpoker ($148.97 in chips)
Psynto: posts small blind $1
Newheadpoker: posts big blind $3
*** HOLE CARDS ***
Psynto: raises $3 to $6
Newheadpoker: folds
Uncalled bet ($3) returned to Psynto
Psynto collected $6 from pot
Psynto: doesn't show hand
*** SUMMARY ***
Total pot $6 | Rake $0
Seat 1: Psynto (button) (small blind) collected ($6)
Seat 5: Newheadpoker (big blind) folded before Flop


PokerStars Hand #159242647994:  Hold'em Limit ($3/$6 USD) - 2016/09/29 10:04:04 ET
Table 'Algebar II' 10-max Seat #5 is the button
Seat 1: Psynto ($239.58 in chips)
Seat 5: Newheadpoker ($143.21 in chips)
Newheadpoker: posts small blind $1
Psynto: posts big blind $3
*** HOLE CARDS ***
Newheadpoker: raises $3 to $6
Psynto: calls $3
*** FLOP *** [Kc 4d 9h]
Psynto: checks
Newheadpoker: bets $3
Psynto: folds
Uncalled bet ($3) returned to Newheadpoker
Newheadpoker collected $11.76 from pot
Newheadpoker: doesn't show hand
*** SUMMARY ***
Total pot $12 | Rake $0.24
Board [Kc 4d 9h]
Seat 1: Psynto (big blind) folded on the Flop
Seat 5: Newheadpoker (button) (small blind) collected ($11.76)


PokerStars Hand #159242660369:  Hold'em Limit ($3/$6 USD) - 2016/09/29 10:04:25 ET
Table 'Algebar II' 10-max Seat #5 is the button
Seat 1: Psynto ($236.58 in chips)
Seat 5: Newheadpoker ($145.97 in chips)
Newheadpoker: posts small blind $1
Psynto: posts big blind $3
*** HOLE CARDS ***
Newheadpoker: raises $3 to $6
Psynto: calls $3
*** FLOP *** [9c 4h 3h]
Psynto: checks
Newheadpoker: bets $3
Psynto: calls $3
*** TURN *** [9c 4h 3h] [As]
Psynto: checks
Newheadpoker: bets $6
Psynto: calls $6
*** RIVER *** [9c 4h 3h As] [6s]
Psynto: checks
Newheadpoker: bets $6
Psynto: calls $6
*** SHOW DOWN ***
Newheadpoker: shows [7h 7s] (a pair of Sevens)
Psynto: mucks hand
Newheadpoker collected $41.50 from pot
*** SUMMARY ***
Total pot $42 | Rake $0.50
Board [9c 4h 3h As 6s]
Seat 1: Psynto (big blind) mucked
Seat 5: Newheadpoker (button) (small blind) showed [7h 7s] and won ($41.50) with a pair of Sevens


PokerStars Hand #159242675854:  Hold'em Limit ($3/$6 USD) - 2016/09/29 10:04:51 ET
Table 'Algebar II' 10-max Seat #1 is the button
Seat 1: Psynto ($215.58 in chips)
Seat 5: Newheadpoker ($166.47 in chips)
Psynto: posts small blind $1
Newheadpoker: posts big blind $3
*** HOLE CARDS ***
Psynto: raises $3 to $6
Newheadpoker: raises $3 to $9
Psynto: calls $3
*** FLOP *** [2d Ks 7d]
Newheadpoker: bets $3
Psynto: calls $3
*** TURN *** [2d Ks 7d] [Kd]
Newheadpoker: bets $6
Psynto: calls $6
*** RIVER *** [2d Ks 7d Kd] [Td]
Newheadpoker: bets $6
Psynto: calls $6
*** SHOW DOWN ***
Newheadpoker: shows [3s 3d] (a flush, King high)
Psynto: mucks hand
Newheadpoker collected $47.50 from pot
*** SUMMARY ***
Total pot $48 | Rake $0.50
Board [2d Ks 7d Kd Td]
Seat 1: Psynto (button) (small blind) mucked
Seat 5: Newheadpoker (big blind) showed [3s 3d] and won ($47.50) with a flush, King high


PokerStars Hand #159242705740:  Hold'em Limit ($3/$6 USD) - 2016/09/29 10:05:41 ET
Table 'Algebar II' 10-max Seat #1 is the button
Seat 1: Psynto ($170.58 in chips)
Seat 5: Newheadpoker ($210.47 in chips)
Psynto: posts small blind $1
Newheadpoker: posts big blind $3
*** HOLE CARDS ***
Psynto: folds
Uncalled bet ($2) returned to Newheadpoker
Newheadpoker collected $2 from pot
Newheadpoker: doesn't show hand
*** SUMMARY ***
Total pot $2 | Rake $0
Seat 1: Psynto (button) (small blind) folded before Flop
Seat 5: Newheadpoker (big blind) collected ($2)


PokerStars Hand #159242695063:  Hold'em Limit ($3/$6 USD) - 2016/09/29 10:05:23 ET
Table 'Algebar II' 10-max Seat #5 is the button
Seat 1: Psynto ($191.58 in chips)
Seat 5: Newheadpoker ($189.97 in chips)
Newheadpoker: posts small blind $1
Psynto: posts big blind $3
*** HOLE CARDS ***
Newheadpoker: raises $3 to $6
Psynto: calls $3
*** FLOP *** [5h 9h 3d]
Psynto: checks
Newheadpoker: bets $3
Psynto: calls $3
*** TURN *** [5h 9h 3d] [6h]
Psynto: checks
Newheadpoker: bets $6
Psynto: calls $6
*** RIVER *** [5h 9h 3d 6h] [2c]
Psynto: checks
Newheadpoker: bets $6
Psynto: calls $6
*** SHOW DOWN ***
Newheadpoker: shows [8h Th] (a flush, Ten high)
Psynto: mucks hand
Newheadpoker collected $41.50 from pot
*** SUMMARY ***
Total pot $42 | Rake $0.50
Board [5h 9h 3d 6h 2c]
Seat 1: Psynto (big blind) mucked
Seat 5: Newheadpoker (button) (small blind) showed [8h Th] and won ($41.50) with a flush, Ten high


PokerStars Hand #159242708558:  Hold'em Limit ($3/$6 USD) - 2016/09/29 10:05:46 ET
Table 'Algebar II' 10-max Seat #5 is the button
Seat 1: Psynto ($169.58 in chips)
Seat 5: Newheadpoker ($211.47 in chips)
Newheadpoker: posts small blind $1
Psynto: posts big blind $3
*** HOLE CARDS ***
Newheadpoker: raises $3 to $6
Psynto: raises $3 to $9
Newheadpoker: raises $3 to $12
Betting is capped
Psynto: calls $3
*** FLOP *** [2h Kc 8d]
Psynto: checks
Newheadpoker: bets $3
Psynto: calls $3
*** TURN *** [2h Kc 8d] [3h]
Psynto: checks
Newheadpoker: bets $6
Psynto: calls $6
*** RIVER *** [2h Kc 8d 3h] [6h]
Psynto: checks
Newheadpoker: bets $6
Psynto: raises $6 to $12
Newheadpoker: calls $6
*** SHOW DOWN ***
Psynto: shows [Qh 9h] (a flush, Queen high)
Newheadpoker: mucks hand
Psynto collected $65.50 from pot
*** SUMMARY ***
Total pot $66 | Rake $0.50
Board [2h Kc 8d 3h 6h]
Seat 1: Psynto (big blind) showed [Qh 9h] and won ($65.50) with a flush, Queen high
Seat 5: Newheadpoker (button) (small blind) mucked


PokerStars Hand #159242739752:  Hold'em Limit ($3/$6 USD) - 2016/09/29 10:06:38 ET
Table 'Algebar II' 10-max Seat #1 is the button
Seat 1: Psynto ($163.08 in chips)
Seat 5: Newheadpoker ($216.97 in chips)
Psynto: posts small blind $1
Newheadpoker: posts big blind $3
*** HOLE CARDS ***
Psynto: raises $3 to $6
Newheadpoker: calls $3
*** FLOP *** [Qd Ts 3d]
Newheadpoker: checks
Psynto: bets $3
Newheadpoker: calls $3
*** TURN *** [Qd Ts 3d] [8c]
Newheadpoker: checks
Psynto: bets $6
Newheadpoker: calls $6
*** RIVER *** [Qd Ts 3d 8c] [7s]
Newheadpoker: checks
Psynto: checks
*** SHOW DOWN ***
Newheadpoker: shows [2c Tc] (a pair of Tens)
Psynto: mucks hand
Newheadpoker collected $29.50 from pot
*** SUMMARY ***
Total pot $30 | Rake $0.50
Board [Qd Ts 3d 8c 7s]
Seat 1: Psynto (button) (small blind) mucked
Seat 5: Newheadpoker (big blind) showed [2c Tc] and won ($29.50) with a pair of Tens


PokerStars Hand #159242736027:  Hold'em Limit ($3/$6 USD) - 2016/09/29 10:06:32 ET
Table 'Algebar II' 10-max Seat #5 is the button
Seat 1: Psynto ($166.08 in chips)
Seat 5: Newheadpoker ($213.97 in chips)
Newheadpoker: posts small blind $1
Psynto: posts big blind $3
*** HOLE CARDS ***
Newheadpoker: raises $3 to $6
Psynto: folds
Uncalled bet ($3) returned to Newheadpoker
Newheadpoker collected $6 from pot
Newheadpoker: doesn't show hand
*** SUMMARY ***
Total pot $6 | Rake $0
Seat 1: Psynto (big blind) folded before Flop
Seat 5: Newheadpoker (button) (small blind) collected ($6)


PokerStars Hand #159242723634:  Hold'em Limit ($3/$6 USD) - 2016/09/29 10:06:11 ET
Table 'Algebar II' 10-max Seat #1 is the button
Seat 1: Psynto ($202.08 in chips)
Seat 5: Newheadpoker ($178.47 in chips)
Psynto: posts small blind $1
Newheadpoker: posts big blind $3
*** HOLE CARDS ***
Psynto: raises $3 to $6
Newheadpoker: raises $3 to $9
Psynto: calls $3
*** FLOP *** [8s 2h 4s]
Newheadpoker: bets $3
Psynto: calls $3
*** TURN *** [8s 2h 4s] [5s]
Newheadpoker: bets $6
Psynto: raises $6 to $12
Newheadpoker: raises $6 to $18
Psynto: calls $6
*** RIVER *** [8s 2h 4s 5s] [8d]
Newheadpoker: bets $6
Psynto: calls $6
*** SHOW DOWN ***
Newheadpoker: shows [Ah As] (two pair, Aces and Eights)
Psynto: mucks hand
Newheadpoker collected $71.50 from pot
*** SUMMARY ***
Total pot $72 | Rake $0.50
Board [8s 2h 4s 5s 8d]
Seat 1: Psynto (button) (small blind) mucked
Seat 5: Newheadpoker (big blind) showed [Ah As] and won ($71.50) with two pair, Aces and Eights


PokerStars Hand #159242750368:  Hold'em Limit ($3/$6 USD) - 2016/09/29 10:06:56 ET
Table 'Algebar II' 10-max Seat #5 is the button
Seat 1: Psynto ($148.08 in chips)
Seat 5: Newheadpoker ($231.47 in chips)
Newheadpoker: posts small blind $1
Psynto: posts big blind $3
*** HOLE CARDS ***
Newheadpoker: raises $3 to $6
Psynto: calls $3
*** FLOP *** [6s Td Qh]
Psynto: checks
Newheadpoker: bets $3
Psynto: calls $3
*** TURN *** [6s Td Qh] [3s]
Psynto: checks
Newheadpoker: checks
*** RIVER *** [6s Td Qh 3s] [Jc]
Psynto: bets $6
Newheadpoker: folds
Uncalled bet ($6) returned to Psynto
Psynto collected $17.64 from pot
Psynto: doesn't show hand
*** SUMMARY ***
Total pot $18 | Rake $0.36
Board [6s Td Qh 3s Jc]
Seat 1: Psynto (big blind) collected ($17.64)
Seat 5: Newheadpoker (button) (small blind) folded on the River


PokerStars Hand #159242763984:  Hold'em Limit ($3/$6 USD) - 2016/09/29 10:07:19 ET
Table 'Algebar II' 10-max Seat #5 is the button
Seat 1: Psynto ($159.72 in chips)
Seat 5: Newheadpoker ($219.47 in chips)
Newheadpoker: posts small blind $1
Psynto: posts big blind $3
*** HOLE CARDS ***
Newheadpoker: folds
Uncalled bet ($2) returned to Psynto
Psynto collected $2 from pot
Psynto: doesn't show hand
*** SUMMARY ***
Total pot $2 | Rake $0
Seat 1: Psynto (big blind) collected ($2)
Seat 5: Newheadpoker (button) (small blind) folded before Flop


PokerStars Hand #159242759883:  Hold'em Limit ($3/$6 USD) - 2016/09/29 10:07:13 ET
Table 'Algebar II' 10-max Seat #1 is the button
Seat 1: Psynto ($156.72 in chips)
Seat 5: Newheadpoker ($222.47 in chips)
Psynto: posts small blind $1
Newheadpoker: posts big blind $3
*** HOLE CARDS ***
Psynto: raises $3 to $6
Newheadpoker: folds
Uncalled bet ($3) returned to Psynto
Psynto collected $6 from pot
Psynto: doesn't show hand
*** SUMMARY ***
Total pot $6 | Rake $0
Seat 1: Psynto (button) (small blind) collected ($6)
Seat 5: Newheadpoker (big blind) folded before Flop


PokerStars Hand #159242767395:  Hold'em Limit ($3/$6 USD) - 2016/09/29 10:07:25 ET
Table 'Algebar II' 10-max Seat #1 is the button
Seat 1: Psynto ($160.72 in chips)
Seat 5: Newheadpoker ($218.47 in chips)
Psynto: posts small blind $1
Newheadpoker: posts big blind $3
*** HOLE CARDS ***
Psynto: raises $3 to $6
Newheadpoker: raises $3 to $9
Psynto: calls $3
*** FLOP *** [5c Kc 2d]
Newheadpoker: bets $3
Psynto: calls $3
*** TURN *** [5c Kc 2d] [Tc]
Newheadpoker: checks
Psynto: checks
*** RIVER *** [5c Kc 2d Tc] [4s]
Newheadpoker: bets $6
Psynto: calls $6
*** SHOW DOWN ***
Newheadpoker: shows [9h 5h] (a pair of Fives)
Psynto: mucks hand
Newheadpoker collected $35.50 from pot
*** SUMMARY ***
Total pot $36 | Rake $0.50
Board [5c Kc 2d Tc 4s]
Seat 1: Psynto (button) (small blind) mucked
Seat 5: Newheadpoker (big blind) showed [9h 5h] and won ($35.50) with a pair of Fives


PokerStars Hand #159242787309:  Hold'em Limit ($3/$6 USD) - 2016/09/29 10:07:59 ET
Table 'Algebar II' 10-max Seat #1 is the button
Seat 1: Psynto ($136.72 in chips)
Seat 5: Newheadpoker ($241.73 in chips)
Psynto: posts small blind $1
Newheadpoker: posts big blind $3
*** HOLE CARDS ***
Psynto: raises $3 to $6
Newheadpoker: folds
Uncalled bet ($3) returned to Psynto
Psynto collected $6 from pot
Psynto: doesn't show hand
*** SUMMARY ***
Total pot $6 | Rake $0
Seat 1: Psynto (button) (small blind) collected ($6)
Seat 5: Newheadpoker (big blind) folded before Flop


PokerStars Hand #159242781169:  Hold'em Limit ($3/$6 USD) - 2016/09/29 10:07:49 ET
Table 'Algebar II' 10-max Seat #5 is the button
Seat 1: Psynto ($142.72 in chips)
Seat 5: Newheadpoker ($235.97 in chips)
Newheadpoker: posts small blind $1
Psynto: posts big blind $3
*** HOLE CARDS ***
Newheadpoker: raises $3 to $6
Psynto: calls $3
*** FLOP *** [Js 2h 7h]
Psynto: checks
Newheadpoker: bets $3
Psynto: folds
Uncalled bet ($3) returned to Newheadpoker
Newheadpoker collected $11.76 from pot
Newheadpoker: doesn't show hand
*** SUMMARY ***
Total pot $12 | Rake $0.24
Board [Js 2h 7h]
Seat 1: Psynto (big blind) folded on the Flop
Seat 5: Newheadpoker (button) (small blind) collected ($11.76)


PokerStars Hand #159242804384:  Hold'em Limit ($3/$6 USD) - 2016/09/29 10:08:29 ET
Table 'Algebar II' 10-max Seat #1 is the button
Seat 1: Psynto ($148.36 in chips)
Seat 5: Newheadpoker ($229.73 in chips)
Psynto: posts small blind $1
Newheadpoker: posts big blind $3
*** HOLE CARDS ***
Psynto: raises $3 to $6
Newheadpoker: raises $3 to $9
Psynto: calls $3
*** FLOP *** [5h 2d Ts]
Newheadpoker: bets $3
Psynto: calls $3
*** TURN *** [5h 2d Ts] [Qc]
Newheadpoker: bets $6
Psynto: calls $6
*** RIVER *** [5h 2d Ts Qc] [4h]
Newheadpoker: bets $6
Psynto: raises $6 to $12
Newheadpoker: calls $6
*** SHOW DOWN ***
Psynto: shows [Qh Kd] (a pair of Queens)
Newheadpoker: mucks hand
Psynto collected $59.50 from pot
*** SUMMARY ***
Total pot $60 | Rake $0.50
Board [5h 2d Ts Qc 4h]
Seat 1: Psynto (button) (small blind) showed [Qh Kd] and won ($59.50) with a pair of Queens
Seat 5: Newheadpoker (big blind) mucked


PokerStars Hand #159242790405:  Hold'em Limit ($3/$6 USD) - 2016/09/29 10:08:05 ET
Table 'Algebar II' 10-max Seat #5 is the button
Seat 1: Psynto ($139.72 in chips)
Seat 5: Newheadpoker ($238.73 in chips)
Newheadpoker: posts small blind $1
Psynto: posts big blind $3
*** HOLE CARDS ***
Newheadpoker: raises $3 to $6
Psynto: calls $3
*** FLOP *** [5s 9d 4d]
Psynto: checks
Newheadpoker: bets $3
Psynto: calls $3
*** TURN *** [5s 9d 4d] [7h]
Psynto: checks
Newheadpoker: checks
*** RIVER *** [5s 9d 4d 7h] [4s]
Psynto: checks
Newheadpoker: checks
*** SHOW DOWN ***
Psynto: shows [6d Ac] (a pair of Fours)
Newheadpoker: mucks hand
Psynto collected $17.64 from pot
*** SUMMARY ***
Total pot $18 | Rake $0.36
Board [5s 9d 4d 7h 4s]
Seat 1: Psynto (big blind) showed [6d Ac] and won ($17.64) with a pair of Fours
Seat 5: Newheadpoker (button) (small blind) mucked


PokerStars Hand #159242816238:  Hold'em Limit ($3/$6 USD) - 2016/09/29 10:08:49 ET
Table 'Algebar II' 10-max Seat #5 is the button
Seat 1: Psynto ($177.86 in chips)
Seat 5: Newheadpoker ($199.73 in chips)
Newheadpoker: posts small blind $1
Psynto: posts big blind $3
*** HOLE CARDS ***
Newheadpoker: raises $3 to $6
Psynto: calls $3
*** FLOP *** [Th 5c 3h]
Psynto: checks
Newheadpoker: bets $3
Psynto: raises $3 to $6
Newheadpoker: folds
Uncalled bet ($3) returned to Psynto
Psynto collected $17.64 from pot
Psynto: doesn't show hand
*** SUMMARY ***
Total pot $18 | Rake $0.36
Board [Th 5c 3h]
Seat 1: Psynto (big blind) collected ($17.64)
Seat 5: Newheadpoker (button) (small blind) folded on the Flop


PokerStars Hand #159242823299:  Hold'em Limit ($3/$6 USD) - 2016/09/29 10:09:01 ET
Table 'Algebar II' 10-max Seat #1 is the button
Seat 1: Psynto ($186.50 in chips)
Seat 5: Newheadpoker ($190.73 in chips)
Psynto: posts small blind $1
Newheadpoker: posts big blind $3
*** HOLE CARDS ***
Psynto: raises $3 to $6
Newheadpoker: raises $3 to $9
Psynto: calls $3
*** FLOP *** [6s 5d 5h]
Newheadpoker: bets $3
Psynto: calls $3
*** TURN *** [6s 5d 5h] [9s]
Newheadpoker: bets $6
Psynto: folds
Uncalled bet ($6) returned to Newheadpoker
Newheadpoker collected $23.52 from pot
Newheadpoker: doesn't show hand
*** SUMMARY ***
Total pot $24 | Rake $0.48
Board [6s 5d 5h 9s]
Seat 1: Psynto (button) (small blind) folded on the Turn
Seat 5: Newheadpoker (big blind) collected ($23.52)


PokerStars Hand #159242832795:  Hold'em Limit ($3/$6 USD) - 2016/09/29 10:09:17 ET
Table 'Algebar II' 10-max Seat #5 is the button
Seat 1: Psynto ($174.50 in chips)
Seat 5: Newheadpoker ($202.25 in chips)
Newheadpoker: posts small blind $1
Psynto: posts big blind $3
*** HOLE CARDS ***
Newheadpoker: raises $3 to $6
Psynto: calls $3
*** FLOP *** [2d Js Qc]
Psynto: checks
Newheadpoker: bets $3
Psynto: raises $3 to $6
Newheadpoker: folds
Uncalled bet ($3) returned to Psynto
Psynto collected $17.64 from pot
Psynto: doesn't show hand
*** SUMMARY ***
Total pot $18 | Rake $0.36
Board [2d Js Qc]
Seat 1: Psynto (big blind) collected ($17.64)
Seat 5: Newheadpoker (button) (small blind) folded on the Flop


PokerStars Hand #159242839482:  Hold'em Limit ($3/$6 USD) - 2016/09/29 10:09:29 ET
Table 'Algebar II' 10-max Seat #1 is the button
Seat 1: Psynto ($183.14 in chips)
Seat 5: Newheadpoker ($193.25 in chips)
Psynto: posts small blind $1
Newheadpoker: posts big blind $3
*** HOLE CARDS ***
Psynto: raises $3 to $6
Newheadpoker: raises $3 to $9
Psynto: calls $3
*** FLOP *** [5h Ah 6d]
Newheadpoker: bets $3
Psynto: folds
Uncalled bet ($3) returned to Newheadpoker
Newheadpoker collected $17.64 from pot
Newheadpoker: doesn't show hand
*** SUMMARY ***
Total pot $18 | Rake $0.36
Board [5h Ah 6d]
Seat 1: Psynto (button) (small blind) folded on the Flop
Seat 5: Newheadpoker (big blind) collected ($17.64)


PokerStars Hand #159242845080:  Hold'em Limit ($3/$6 USD) - 2016/09/29 10:09:38 ET
Table 'Algebar II' 10-max Seat #5 is the button
Seat 1: Psynto ($174.14 in chips)
Seat 5: Newheadpoker ($201.89 in chips)
Newheadpoker: posts small blind $1
Psynto: posts big blind $3
*** HOLE CARDS ***
Newheadpoker: raises $3 to $6
Psynto: calls $3
*** FLOP *** [Ts Kc 3c]
Psynto: checks
Newheadpoker: bets $3
Psynto: calls $3
*** TURN *** [Ts Kc 3c] [4c]
Psynto: checks
Newheadpoker: bets $6
Psynto: calls $6
*** RIVER *** [Ts Kc 3c 4c] [Qh]
Psynto: checks
Newheadpoker: bets $6
Psynto: calls $6
*** SHOW DOWN ***
Newheadpoker: shows [6c Ac] (a flush, Ace high)
Psynto: mucks hand
Newheadpoker collected $41.50 from pot
*** SUMMARY ***
Total pot $42 | Rake $0.50
Board [Ts Kc 3c 4c Qh]
Seat 1: Psynto (big blind) mucked
Seat 5: Newheadpoker (button) (small blind) showed [6c Ac] and won ($41.50) with a flush, Ace high


PokerStars Hand #159242855212:  Hold'em Limit ($3/$6 USD) - 2016/09/29 10:09:56 ET
Table 'Algebar II' 10-max Seat #1 is the button
Seat 1: Psynto ($153.14 in chips)
Seat 5: Newheadpoker ($222.39 in chips)
Psynto: posts small blind $1
Newheadpoker: posts big blind $3
*** HOLE CARDS ***
Psynto: raises $3 to $6
Newheadpoker: folds
Uncalled bet ($3) returned to Psynto
Psynto collected $6 from pot
Psynto: doesn't show hand
*** SUMMARY ***
Total pot $6 | Rake $0
Seat 1: Psynto (button) (small blind) collected ($6)
Seat 5: Newheadpoker (big blind) folded before Flop


PokerStars Hand #159242868301:  Hold'em Limit ($3/$6 USD) - 2016/09/29 10:10:18 ET
Table 'Algebar II' 10-max Seat #1 is the button
Seat 1: Psynto ($132.14 in chips)
Seat 5: Newheadpoker ($242.89 in chips)
Psynto: posts small blind $1
Newheadpoker: posts big blind $3
*** HOLE CARDS ***
Psynto: raises $3 to $6
Newheadpoker: folds
Uncalled bet ($3) returned to Psynto
Psynto collected $6 from pot
Psynto: doesn't show hand
*** SUMMARY ***
Total pot $6 | Rake $0
Seat 1: Psynto (button) (small blind) collected ($6)
Seat 5: Newheadpoker (big blind) folded before Flop


PokerStars Hand #159242858723:  Hold'em Limit ($3/$6 USD) - 2016/09/29 10:10:02 ET
Table 'Algebar II' 10-max Seat #5 is the button
Seat 1: Psynto ($156.14 in chips)
Seat 5: Newheadpoker ($219.39 in chips)
Newheadpoker: posts small blind $1
Psynto: posts big blind $3
*** HOLE CARDS ***
Newheadpoker: raises $3 to $6
Psynto: calls $3
*** FLOP *** [4h 6d 9c]
Psynto: checks
Newheadpoker: bets $3
Psynto: raises $3 to $6
Newheadpoker: calls $3
*** TURN *** [4h 6d 9c] [8d]
Psynto: checks
Newheadpoker: bets $6
Psynto: calls $6
*** RIVER *** [4h 6d 9c 8d] [2h]
Psynto: checks
Newheadpoker: bets $6
Psynto: calls $6
*** SHOW DOWN ***
Newheadpoker: shows [Td 6h] (a pair of Sixes)
Psynto: mucks hand
Newheadpoker collected $47.50 from pot
*** SUMMARY ***
Total pot $48 | Rake $0.50
Board [4h 6d 9c 8d 2h]
Seat 1: Psynto (big blind) mucked
Seat 5: Newheadpoker (button) (small blind) showed [Td 6h] and won ($47.50) with a pair of Sixes


PokerStars Hand #159242882409:  Hold'em Limit ($3/$6 USD) - 2016/09/29 10:10:43 ET
Table 'Algebar II' 10-max Seat #1 is the button
Seat 1: Psynto ($158.64 in chips)
Seat 5: Newheadpoker ($215.89 in chips)
Psynto: posts small blind $1
Newheadpoker: posts big blind $3
*** HOLE CARDS ***
Psynto: raises $3 to $6
Newheadpoker: raises $3 to $9
Psynto: raises $3 to $12
Betting is capped
Newheadpoker: calls $3
*** FLOP *** [2h 3s 9h]
Newheadpoker: bets $3
Psynto: raises $3 to $6
Newheadpoker: folds
Uncalled bet ($3) returned to Psynto
Psynto collected $29.50 from pot
Psynto: doesn't show hand
*** SUMMARY ***
Total pot $30 | Rake $0.50
Board [2h 3s 9h]
Seat 1: Psynto (button) (small blind) collected ($29.50)
Seat 5: Newheadpoker (big blind) folded on the Flop


PokerStars Hand #159242871840:  Hold'em Limit ($3/$6 USD) - 2016/09/29 10:10:24 ET
Table 'Algebar II' 10-max Seat #5 is the button
Seat 1: Psynto ($135.14 in chips)
Seat 5: Newheadpoker ($239.89 in chips)
Newheadpoker: posts small blind $1
Psynto: posts big blind $3
*** HOLE CARDS ***
Newheadpoker: raises $3 to $6
Psynto: raises $3 to $9
Newheadpoker: calls $3
*** FLOP *** [Kh 9c 5d]
Psynto: bets $3
Newheadpoker: calls $3
*** TURN *** [Kh 9c 5d] [2d]
Psynto: bets $6
Newheadpoker: calls $6
*** RIVER *** [Kh 9c 5d 2d] [Th]
Psynto: bets $6
Newheadpoker: calls $6
*** SHOW DOWN ***
Psynto: shows [9h 9s] (three of a kind, Nines)
Newheadpoker: mucks hand
Psynto collected $47.50 from pot
*** SUMMARY ***
Total pot $48 | Rake $0.50
Board [Kh 9c 5d 2d Th]
Seat 1: Psynto (big blind) showed [9h 9s] and won ($47.50) with three of a kind, Nines
Seat 5: Newheadpoker (button) (small blind) mucked


PokerStars Hand #159242893497:  Hold'em Limit ($3/$6 USD) - 2016/09/29 10:11:02 ET
Table 'Algebar II' 10-max Seat #5 is the button
Seat 1: Psynto ($173.14 in chips)
Seat 5: Newheadpoker ($200.89 in chips)
Newheadpoker: posts small blind $1
Psynto: posts big blind $3
*** HOLE CARDS ***
Newheadpoker: raises $3 to $6
Psynto: calls $3
*** FLOP *** [6d 5d 9d]
Psynto: checks
Newheadpoker: bets $3
Psynto: folds
Uncalled bet ($3) returned to Newheadpoker
Newheadpoker collected $11.76 from pot
Newheadpoker: doesn't show hand
*** SUMMARY ***
Total pot $12 | Rake $0.24
Board [6d 5d 9d]
Seat 1: Psynto (big blind) folded on the Flop
Seat 5: Newheadpoker (button) (small blind) collected ($11.76)


PokerStars Hand #159242903246:  Hold'em Limit ($3/$6 USD) - 2016/09/29 10:11:19 ET
Table 'Algebar II' 10-max Seat #5 is the button
Seat 1: Psynto ($170.14 in chips)
Seat 5: Newheadpoker ($203.65 in chips)
Newheadpoker: posts small blind $1
Psynto: posts big blind $3
*** HOLE CARDS ***
Newheadpoker: folds
Uncalled bet ($2) returned to Psynto
Psynto collected $2 from pot
Psynto: doesn't show hand
*** SUMMARY ***
Total pot $2 | Rake $0
Seat 1: Psynto (big blind) collected ($2)
Seat 5: Newheadpoker (button) (small blind) folded before Flop


PokerStars Hand #159242898110:  Hold'em Limit ($3/$6 USD) - 2016/09/29 10:11:10 ET
Table 'Algebar II' 10-max Seat #1 is the button
Seat 1: Psynto ($167.14 in chips)
Seat 5: Newheadpoker ($206.65 in chips)
Psynto: posts small blind $1
Newheadpoker: posts big blind $3
*** HOLE CARDS ***
Psynto: raises $3 to $6
Newheadpoker: folds
Uncalled bet ($3) returned to Psynto
Psynto collected $6 from pot
Psynto: doesn't show hand
*** SUMMARY ***
Total pot $6 | Rake $0
Seat 1: Psynto (button) (small blind) collected ($6)
Seat 5: Newheadpoker (big blind) folded before Flop


PokerStars Hand #159242921334:  Hold'em Limit ($3/$6 USD) - 2016/09/29 10:11:50 ET
Table 'Algebar II' 10-max Seat #1 is the button
Seat 1: Psynto ($159.14 in chips)
Seat 5: Newheadpoker ($214.29 in chips)
Psynto: posts small blind $1
Newheadpoker: posts big blind $3
*** HOLE CARDS ***
Psynto: raises $3 to $6
Newheadpoker: folds
Uncalled bet ($3) returned to Psynto
Psynto collected $6 from pot
Psynto: doesn't show hand
*** SUMMARY ***
Total pot $6 | Rake $0
Seat 1: Psynto (button) (small blind) collected ($6)
Seat 5: Newheadpoker (big blind) folded before Flop


PokerStars Hand #159242918297:  Hold'em Limit ($3/$6 USD) - 2016/09/29 10:11:44 ET
Table 'Algebar II' 10-max Seat #5 is the button
Seat 1: Psynto ($162.14 in chips)
Seat 5: Newheadpoker ($211.29 in chips)
Newheadpoker: posts small blind $1
Psynto: posts big blind $3
*** HOLE CARDS ***
Newheadpoker: raises $3 to $6
Psynto: folds
Uncalled bet ($3) returned to Newheadpoker
Newheadpoker collected $6 from pot
Newheadpoker: doesn't show hand
*** SUMMARY ***
Total pot $6 | Rake $0
Seat 1: Psynto (big blind) folded before Flop
Seat 5: Newheadpoker (button) (small blind) collected ($6)


PokerStars Hand #159242907056:  Hold'em Limit ($3/$6 USD) - 2016/09/29 10:11:25 ET
Table 'Algebar II' 10-max Seat #1 is the button
Seat 1: Psynto ($171.14 in chips)
Seat 5: Newheadpoker ($202.65 in chips)
Psynto: posts small blind $1
Newheadpoker: posts big blind $3
*** HOLE CARDS ***
Psynto: raises $3 to $6
Newheadpoker: calls $3
*** FLOP *** [7c 4h Kc]
Newheadpoker: checks
Psynto: bets $3
Newheadpoker: calls $3
*** TURN *** [7c 4h Kc] [5h]
Newheadpoker: checks
Psynto: checks
*** RIVER *** [7c 4h Kc 5h] [3d]
Newheadpoker: bets $6
Psynto: folds
Uncalled bet ($6) returned to Newheadpoker
Newheadpoker collected $17.64 from pot
Newheadpoker: doesn't show hand
*** SUMMARY ***
Total pot $18 | Rake $0.36
Board [7c 4h Kc 5h 3d]
Seat 1: Psynto (button) (small blind) folded on the River
Seat 5: Newheadpoker (big blind) collected ($17.64)


PokerStars Hand #159242924708:  Hold'em Limit ($3/$6 USD) - 2016/09/29 10:11:55 ET
Table 'Algebar II' 10-max Seat #5 is the button
Seat 1: Psynto ($162.14 in chips)
Seat 5: Newheadpoker ($211.29 in chips)
Newheadpoker: posts small blind $1
Psynto: posts big blind $3
*** HOLE CARDS ***
Newheadpoker: raises $3 to $6
Psynto: calls $3
*** FLOP *** [3c Ks Ah]
Psynto: checks
Newheadpoker: bets $3
Psynto: calls $3
*** TURN *** [3c Ks Ah] [3s]
Psynto: checks
Newheadpoker: checks
*** RIVER *** [3c Ks Ah 3s] [4h]
Psynto: bets $6
Newheadpoker: folds
Uncalled bet ($6) returned to Psynto
Psynto collected $17.64 from pot
Psynto: doesn't show hand
*** SUMMARY ***
Total pot $18 | Rake $0.36
Board [3c Ks Ah 3s 4h]
Seat 1: Psynto (big blind) collected ($17.64)
Seat 5: Newheadpoker (button) (small blind) folded on the River


PokerStars Hand #159242933060:  Hold'em Limit ($3/$6 USD) - 2016/09/29 10:12:10 ET
Table 'Algebar II' 10-max Seat #1 is the button
Seat 1: Psynto ($170.78 in chips)
Seat 5: Newheadpoker ($202.29 in chips)
Psynto: posts small blind $1
Newheadpoker: posts big blind $3
*** HOLE CARDS ***
Psynto: raises $3 to $6
Newheadpoker: raises $3 to $9
Psynto: calls $3
*** FLOP *** [Tc 7h 4s]
Newheadpoker: bets $3
Psynto: calls $3
*** TURN *** [Tc 7h 4s] [Ac]
Newheadpoker: bets $6
Psynto: calls $6
*** RIVER *** [Tc 7h 4s Ac] [Qc]
Newheadpoker: bets $6
Psynto: folds
Uncalled bet ($6) returned to Newheadpoker
Newheadpoker collected $35.50 from pot
Newheadpoker: doesn't show hand
*** SUMMARY ***
Total pot $36 | Rake $0.50
Board [Tc 7h 4s Ac Qc]
Seat 1: Psynto (button) (small blind) folded on the River
Seat 5: Newheadpoker (big blind) collected ($35.50)


PokerStars Hand #159242962362:  Hold'em Limit ($3/$6 USD) - 2016/09/29 10:13:00 ET
Table 'Algebar II' 10-max Seat #5 is the button
Seat 1: Psynto ($161.42 in chips)
Seat 5: Newheadpoker ($210.55 in chips)
Newheadpoker: posts small blind $1
Psynto: posts big blind $3
*** HOLE CARDS ***
Newheadpoker: raises $3 to $6
Psynto: calls $3
*** FLOP *** [Jc 6s Ac]
Psynto: checks
Newheadpoker: bets $3
Psynto: folds
Uncalled bet ($3) returned to Newheadpoker
Newheadpoker collected $11.76 from pot
Newheadpoker: doesn't show hand
*** SUMMARY ***
Total pot $12 | Rake $0.24
Board [Jc 6s Ac]
Seat 1: Psynto (big blind) folded on the Flop
Seat 5: Newheadpoker (button) (small blind) collected ($11.76)


PokerStars Hand #159242958989:  Hold'em Limit ($3/$6 USD) - 2016/09/29 10:12:54 ET
Table 'Algebar II' 10-max Seat #1 is the button
Seat 1: Psynto ($158.42 in chips)
Seat 5: Newheadpoker ($213.55 in chips)
Psynto: posts small blind $1
Newheadpoker: posts big blind $3
*** HOLE CARDS ***
Psynto: raises $3 to $6
Newheadpoker: folds
Uncalled bet ($3) returned to Psynto
Psynto collected $6 from pot
Psynto: doesn't show hand
*** SUMMARY ***
Total pot $6 | Rake $0
Seat 1: Psynto (button) (small blind) collected ($6)
Seat 5: Newheadpoker (big blind) folded before Flop


PokerStars Hand #159242948801:  Hold'em Limit ($3/$6 USD) - 2016/09/29 10:12:37 ET
Table 'Algebar II' 10-max Seat #1 is the button
Seat 1: Psynto ($146.78 in chips)
Seat 5: Newheadpoker ($225.55 in chips)
Psynto: posts small blind $1
Newheadpoker: posts big blind $3
*** HOLE CARDS ***
Psynto: raises $3 to $6
Newheadpoker: folds
Uncalled bet ($3) returned to Psynto
Psynto collected $6 from pot
Psynto: doesn't show hand
*** SUMMARY ***
Total pot $6 | Rake $0
Seat 1: Psynto (button) (small blind) collected ($6)
Seat 5: Newheadpoker (big blind) folded before Flop


PokerStars Hand #159242942713:  Hold'em Limit ($3/$6 USD) - 2016/09/29 10:12:26 ET
Table 'Algebar II' 10-max Seat #5 is the button
Seat 1: Psynto ($152.78 in chips)
Seat 5: Newheadpoker ($219.79 in chips)
Newheadpoker: posts small blind $1
Psynto: posts big blind $3
*** HOLE CARDS ***
Newheadpoker: raises $3 to $6
Psynto: calls $3
*** FLOP *** [6h Qh 9c]
Psynto: checks
Newheadpoker: bets $3
Psynto: folds
Uncalled bet ($3) returned to Newheadpoker
Newheadpoker collected $11.76 from pot
Newheadpoker: doesn't show hand
*** SUMMARY ***
Total pot $12 | Rake $0.24
Board [6h Qh 9c]
Seat 1: Psynto (big blind) folded on the Flop
Seat 5: Newheadpoker (button) (small blind) collected ($11.76)


PokerStars Hand #159242972027:  Hold'em Limit ($3/$6 USD) - 2016/09/29 10:13:16 ET
Table 'Algebar II' 10-max Seat #1 is the button
Seat 1: Psynto ($155.42 in chips)
Seat 5: Newheadpoker ($216.31 in chips)
Psynto: posts small blind $1
Newheadpoker: posts big blind $3
*** HOLE CARDS ***
Psynto: raises $3 to $6
Newheadpoker: folds
Uncalled bet ($3) returned to Psynto
Psynto collected $6 from pot
Psynto: doesn't show hand
*** SUMMARY ***
Total pot $6 | Rake $0
Seat 1: Psynto (button) (small blind) collected ($6)
Seat 5: Newheadpoker (big blind) folded before Flop


PokerStars Hand #159242981805:  Hold'em Limit ($3/$6 USD) - 2016/09/29 10:13:33 ET
Table 'Algebar II' 10-max Seat #1 is the button
Seat 1: Psynto ($167.06 in chips)
Seat 5: Newheadpoker ($204.31 in chips)
Psynto: posts small blind $1
Newheadpoker: posts big blind $3
*** HOLE CARDS ***
Psynto: raises $3 to $6
Newheadpoker: folds
Uncalled bet ($3) returned to Psynto
Psynto collected $6 from pot
Psynto: doesn't show hand
*** SUMMARY ***
Total pot $6 | Rake $0
Seat 1: Psynto (button) (small blind) collected ($6)
Seat 5: Newheadpoker (big blind) folded before Flop


PokerStars Hand #159243002340:  Hold'em Limit ($3/$6 USD) - 2016/09/29 10:14:08 ET
Table 'Algebar II' 10-max Seat #1 is the button
Seat 1: Psynto ($142.06 in chips)
Seat 5: Newheadpoker ($228.81 in chips)
Psynto: posts small blind $1
Newheadpoker: posts big blind $3
*** HOLE CARDS ***
Psynto: folds
Uncalled bet ($2) returned to Newheadpoker
Newheadpoker collected $2 from pot
Newheadpoker: doesn't show hand
*** SUMMARY ***
Total pot $2 | Rake $0
Seat 1: Psynto (button) (small blind) folded before Flop
Seat 5: Newheadpoker (big blind) collected ($2)


PokerStars Hand #159242999085:  Hold'em Limit ($3/$6 USD) - 2016/09/29 10:14:02 ET
Table 'Algebar II' 10-max Seat #5 is the button
Seat 1: Psynto ($145.06 in chips)
Seat 5: Newheadpoker ($225.81 in chips)
Newheadpoker: posts small blind $1
Psynto: posts big blind $3
*** HOLE CARDS ***
Newheadpoker: raises $3 to $6
Psynto: folds
Uncalled bet ($3) returned to Newheadpoker
Newheadpoker collected $6 from pot
Newheadpoker: doesn't show hand
*** SUMMARY ***
Total pot $6 | Rake $0
Seat 1: Psynto (big blind) folded before Flop
Seat 5: Newheadpoker (button) (small blind) collected ($6)


PokerStars Hand #159242996289:  Hold'em Limit ($3/$6 USD) - 2016/09/29 10:13:57 ET
Table 'Algebar II' 10-max Seat #1 is the button
Seat 1: Psynto ($146.06 in chips)
Seat 5: Newheadpoker ($224.81 in chips)
Psynto: posts small blind $1
Newheadpoker: posts big blind $3
*** HOLE CARDS ***
Psynto: folds
Uncalled bet ($2) returned to Newheadpoker
Newheadpoker collected $2 from pot
Newheadpoker: doesn't show hand
*** SUMMARY ***
Total pot $2 | Rake $0
Seat 1: Psynto (button) (small blind) folded before Flop
Seat 5: Newheadpoker (big blind) collected ($2)


PokerStars Hand #159242985257:  Hold'em Limit ($3/$6 USD) - 2016/09/29 10:13:39 ET
Table 'Algebar II' 10-max Seat #5 is the button
Seat 1: Psynto ($170.06 in chips)
Seat 5: Newheadpoker ($201.31 in chips)
Newheadpoker: posts small blind $1
Psynto: posts big blind $3
*** HOLE CARDS ***
Newheadpoker: raises $3 to $6
Psynto: calls $3
*** FLOP *** [Kd Jc Qs]
Psynto: checks
Newheadpoker: bets $3
Psynto: raises $3 to $6
Newheadpoker: calls $3
*** TURN *** [Kd Jc Qs] [9s]
Psynto: bets $6
Newheadpoker: calls $6
*** RIVER *** [Kd Jc Qs 9s] [9d]
Psynto: bets $6
Newheadpoker: calls $6
*** SHOW DOWN ***
Psynto: shows [3s Ad] (a pair of Nines)
Newheadpoker: shows [2d Qc] (two pair, Queens and Nines)
Newheadpoker collected $47.50 from pot
*** SUMMARY ***
Total pot $48 | Rake $0.50
Board [Kd Jc Qs 9s 9d]
Seat 1: Psynto (big blind) showed [3s Ad] and lost with a pair of Nines
Seat 5: Newheadpoker (button) (small blind) showed [2d Qc] and won ($47.50) with two pair, Queens and Nines


PokerStars Hand #159243034260:  Hold'em Limit ($3/$6 USD) - 2016/09/29 10:15:02 ET
Table 'Algebar II' 10-max Seat #1 is the button
Seat 1: Psynto ($102.06 in chips)
Seat 5: Newheadpoker ($267.81 in chips)
Psynto: posts small blind $1
Newheadpoker: posts big blind $3
*** HOLE CARDS ***
Psynto: raises $3 to $6
Newheadpoker: folds
Uncalled bet ($3) returned to Psynto
Psynto collected $6 from pot
Psynto: doesn't show hand
*** SUMMARY ***
Total pot $6 | Rake $0
Seat 1: Psynto (button) (small blind) collected ($6)
Seat 5: Newheadpoker (big blind) folded before Flop


PokerStars Hand #159243021572:  Hold'em Limit ($3/$6 USD) - 2016/09/29 10:14:41 ET
Table 'Algebar II' 10-max Seat #5 is the button
Seat 1: Psynto ($123.06 in chips)
Seat 5: Newheadpoker ($247.31 in chips)
Newheadpoker: posts small blind $1
Psynto: posts big blind $3
*** HOLE CARDS ***
Newheadpoker: raises $3 to $6
Psynto: calls $3
*** FLOP *** [Td 4d Ah]
Psynto: checks
Newheadpoker: bets $3
Psynto: calls $3
*** TURN *** [Td 4d Ah] [5s]
Psynto: checks
Newheadpoker: checks
*** RIVER *** [Td 4d Ah 5s] [Ks]
Psynto: checks
Newheadpoker: bets $6
Psynto: raises $6 to $12
Newheadpoker: calls $6
*** SHOW DOWN ***
Psynto: shows [9h Kc] (a pair of Kings)
Newheadpoker: shows [Ac Qd] (a pair of Aces)
Newheadpoker collected $41.50 from pot
*** SUMMARY ***
Total pot $42 | Rake $0.50
Board [Td 4d Ah 5s Ks]
Seat 1: Psynto (big blind) showed [9h Kc] and lost with a pair of Kings
Seat 5: Newheadpoker (button) (small blind) showed [Ac Qd] and won ($41.50) with a pair of Aces


PokerStars Hand #159243018315:  Hold'em Limit ($3/$6 USD) - 2016/09/29 10:14:35 ET
Table 'Algebar II' 10-max Seat #1 is the button
Seat 1: Psynto ($120.06 in chips)
Seat 5: Newheadpoker ($250.31 in chips)
Psynto: posts small blind $1
Newheadpoker: posts big blind $3
*** HOLE CARDS ***
Psynto: raises $3 to $6
Newheadpoker: folds
Uncalled bet ($3) returned to Psynto
Psynto collected $6 from pot
Psynto: doesn't show hand
*** SUMMARY ***
Total pot $6 | Rake $0
Seat 1: Psynto (button) (small blind) collected ($6)
Seat 5: Newheadpoker (big blind) folded before Flop


PokerStars Hand #159243005074:  Hold'em Limit ($3/$6 USD) - 2016/09/29 10:14:12 ET
Table 'Algebar II' 10-max Seat #5 is the button
Seat 1: Psynto ($141.06 in chips)
Seat 5: Newheadpoker ($229.81 in chips)
Newheadpoker: posts small blind $1
Psynto: posts big blind $3
*** HOLE CARDS ***
Newheadpoker: raises $3 to $6
Psynto: calls $3
*** FLOP *** [6h 7h 2h]
Psynto: checks
Newheadpoker: bets $3
Psynto: calls $3
*** TURN *** [6h 7h 2h] [8h]
Psynto: checks
Newheadpoker: bets $6
Psynto: calls $6
*** RIVER *** [6h 7h 2h 8h] [Qc]
Psynto: checks
Newheadpoker: bets $6
Psynto: calls $6
*** SHOW DOWN ***
Newheadpoker: shows [6c 5h] (a flush, Eight high)
Psynto: mucks hand
Newheadpoker collected $41.50 from pot
*** SUMMARY ***
Total pot $42 | Rake $0.50
Board [6h 7h 2h 8h Qc]
Seat 1: Psynto (big blind) mucked
Seat 5: Newheadpoker (button) (small blind) showed [6c 5h] and won ($41.50) with a flush, Eight high


PokerStars Hand #159243037359:  Hold'em Limit ($3/$6 USD) - 2016/09/29 10:15:07 ET
Table 'Algebar II' 10-max Seat #5 is the button
Seat 1: Psynto ($105.06 in chips)
Seat 5: Newheadpoker ($264.81 in chips)
Newheadpoker: posts small blind $1
Psynto: posts big blind $3
*** HOLE CARDS ***
Newheadpoker: raises $3 to $6
Psynto: calls $3
*** FLOP *** [5s Jc 3s]
Psynto: checks
Newheadpoker: bets $3
Psynto: calls $3
*** TURN *** [5s Jc 3s] [5h]
Psynto: checks
Newheadpoker: checks
*** RIVER *** [5s Jc 3s 5h] [Ac]
Psynto: checks
Newheadpoker: bets $6
Psynto: calls $6
*** SHOW DOWN ***
Newheadpoker: shows [2s Th] (a pair of Fives)
Psynto: shows [Ks 6h] (a pair of Fives - Ace+King kicker)
Psynto collected $29.50 from pot
*** SUMMARY ***
Total pot $30 | Rake $0.50
Board [5s Jc 3s 5h Ac]
Seat 1: Psynto (big blind) showed [Ks 6h] and won ($29.50) with a pair of Fives
Seat 5: Newheadpoker (button) (small blind) showed [2s Th] and lost with a pair of Fives


PokerStars Hand #159243060579:  Hold'em Limit ($3/$6 USD) - 2016/09/29 10:15:47 ET
Table 'Algebar II' 10-max Seat #1 is the button
Seat 1: Psynto ($134.06 in chips)
Seat 5: Newheadpoker ($234.81 in chips)
Psynto: posts small blind $1
Newheadpoker: posts big blind $3
*** HOLE CARDS ***
Psynto: raises $3 to $6
Newheadpoker: calls $3
*** FLOP *** [3d 6d Kc]
Newheadpoker: checks
Psynto: bets $3
Newheadpoker: raises $3 to $6
Psynto: calls $3
*** TURN *** [3d 6d Kc] [9s]
Newheadpoker: bets $6
Psynto: raises $6 to $12
Newheadpoker: calls $6
*** RIVER *** [3d 6d Kc 9s] [Ac]
Newheadpoker: checks
Psynto: bets $6
Newheadpoker: calls $6
*** SHOW DOWN ***
Psynto: shows [5c 7c] (high card Ace)
Newheadpoker: shows [7d 6c] (a pair of Sixes)
Newheadpoker collected $59.50 from pot
*** SUMMARY ***
Total pot $60 | Rake $0.50
Board [3d 6d Kc 9s Ac]
Seat 1: Psynto (button) (small blind) showed [5c 7c] and lost with high card Ace
Seat 5: Newheadpoker (big blind) showed [7d 6c] and won ($59.50) with a pair of Sixes


PokerStars Hand #159243057075:  Hold'em Limit ($3/$6 USD) - 2016/09/29 10:15:41 ET
Table 'Algebar II' 10-max Seat #5 is the button
Seat 1: Psynto ($137.06 in chips)
Seat 5: Newheadpoker ($231.81 in chips)
Newheadpoker: posts small blind $1
Psynto: posts big blind $3
*** HOLE CARDS ***
Newheadpoker: raises $3 to $6
Psynto: folds
Uncalled bet ($3) returned to Newheadpoker
Newheadpoker collected $6 from pot
Newheadpoker: doesn't show hand
*** SUMMARY ***
Total pot $6 | Rake $0
Seat 1: Psynto (big blind) folded before Flop
Seat 5: Newheadpoker (button) (small blind) collected ($6)


PokerStars Hand #159243047872:  Hold'em Limit ($3/$6 USD) - 2016/09/29 10:15:25 ET
Table 'Algebar II' 10-max Seat #1 is the button
Seat 1: Psynto ($119.56 in chips)
Seat 5: Newheadpoker ($249.81 in chips)
Psynto: posts small blind $1
Newheadpoker: posts big blind $3
*** HOLE CARDS ***
Psynto: raises $3 to $6
Newheadpoker: raises $3 to $9
Psynto: calls $3
*** FLOP *** [2h 6c 9d]
Newheadpoker: bets $3
Psynto: calls $3
*** TURN *** [2h 6c 9d] [6d]
Newheadpoker: bets $6
Psynto: raises $6 to $12
Newheadpoker: folds
Uncalled bet ($6) returned to Psynto
Psynto collected $35.50 from pot
Psynto: doesn't show hand
*** SUMMARY ***
Total pot $36 | Rake $0.50
Board [2h 6c 9d 6d]
Seat 1: Psynto (button) (small blind) collected ($35.50)
Seat 5: Newheadpoker (big blind) folded on the Turn


PokerStars Hand #159243072756:  Hold'em Limit ($3/$6 USD) - 2016/09/29 10:16:07 ET
Table 'Algebar II' 10-max Seat #5 is the button
Seat 1: Psynto ($104.06 in chips)
Seat 5: Newheadpoker ($264.31 in chips)
Newheadpoker: posts small blind $1
Psynto: posts big blind $3
*** HOLE CARDS ***
Newheadpoker: raises $3 to $6
Psynto: calls $3
*** FLOP *** [5c 9s 2c]
Psynto: checks
Newheadpoker: bets $3
Psynto: calls $3
*** TURN *** [5c 9s 2c] [Qs]
Psynto: checks
Newheadpoker: checks
*** RIVER *** [5c 9s 2c Qs] [Ac]
Psynto: checks
Newheadpoker: bets $6
Psynto: calls $6
*** SHOW DOWN ***
Newheadpoker: shows [4c Tc] (a flush, Ace high)
Psynto: mucks hand
Newheadpoker collected $29.50 from pot
*** SUMMARY ***
Total pot $30 | Rake $0.50
Board [5c 9s 2c Qs Ac]
Seat 1: Psynto (big blind) mucked
Seat 5: Newheadpoker (button) (small blind) showed [4c Tc] and won ($29.50) with a flush, Ace high


PokerStars Hand #159243093569:  Hold'em Limit ($3/$6 USD) - 2016/09/29 10:16:42 ET
Table 'Algebar II' 10-max Seat #5 is the button
Seat 1: Psynto ($74.06 in chips)
Seat 5: Newheadpoker ($293.31 in chips)
Newheadpoker: posts small blind $1
Psynto: posts big blind $3
*** HOLE CARDS ***
Newheadpoker: raises $3 to $6
Psynto: calls $3
*** FLOP *** [6d Qc Ks]
Psynto: checks
Newheadpoker: bets $3
playa4ever88 joins the table at seat #10
Psynto: calls $3
*** TURN *** [6d Qc Ks] [3c]
Psynto: checks
Newheadpoker: checks
*** RIVER *** [6d Qc Ks 3c] [Jd]
Psynto: checks
Newheadpoker: checks
*** SHOW DOWN ***
Psynto: shows [4s 6s] (a pair of Sixes)
Newheadpoker: mucks hand
Psynto collected $17.64 from pot
*** SUMMARY ***
Total pot $18 | Rake $0.36
Board [6d Qc Ks 3c Jd]
Seat 1: Psynto (big blind) showed [4s 6s] and won ($17.64) with a pair of Sixes
Seat 5: Newheadpoker (button) (small blind) mucked


PokerStars Hand #159243083258:  Hold'em Limit ($3/$6 USD) - 2016/09/29 10:16:25 ET
Table 'Algebar II' 10-max Seat #1 is the button
Seat 1: Psynto ($89.06 in chips)
Seat 5: Newheadpoker ($278.81 in chips)
Psynto: posts small blind $1
Newheadpoker: posts big blind $3
*** HOLE CARDS ***
Psynto: raises $3 to $6
Newheadpoker: calls $3
*** FLOP *** [4h 2c Js]
Newheadpoker: checks
Psynto: bets $3
Newheadpoker: calls $3
*** TURN *** [4h 2c Js] [Th]
Newheadpoker: checks
Psynto: bets $6
Newheadpoker: calls $6
*** RIVER *** [4h 2c Js Th] [6c]
Newheadpoker: checks
Psynto: checks
*** SHOW DOWN ***
Newheadpoker: shows [As 3c] (high card Ace)
Psynto: mucks hand
Newheadpoker collected $29.50 from pot
*** SUMMARY ***
Total pot $30 | Rake $0.50
Board [4h 2c Js Th 6c]
Seat 1: Psynto (button) (small blind) mucked
Seat 5: Newheadpoker (big blind) showed [As 3c] and won ($29.50) with high card Ace


PokerStars Hand #159243103243:  Hold'em Limit ($3/$6 USD) - 2016/09/29 10:16:59 ET
Table 'Algebar II' 10-max Seat #1 is the button
Seat 1: Psynto ($82.70 in chips)
Seat 5: Newheadpoker ($284.31 in chips)
Psynto: posts small blind $1
Newheadpoker: posts big blind $3
*** HOLE CARDS ***
Psynto: raises $3 to $6
Newheadpoker: calls $3
*** FLOP *** [3c 5h 8c]
Newheadpoker: checks
Psynto: bets $3
Newheadpoker: calls $3
*** TURN *** [3c 5h 8c] [9d]
Newheadpoker: checks
Psynto: bets $6
Newheadpoker: calls $6
*** RIVER *** [3c 5h 8c 9d] [6d]
Newheadpoker: checks
Psynto: checks
*** SHOW DOWN ***
Newheadpoker: shows [4d Ah] (high card Ace)
Psynto: shows [Ks 5d] (a pair of Fives)
Psynto collected $29.50 from pot
*** SUMMARY ***
Total pot $30 | Rake $0.50
Board [3c 5h 8c 9d 6d]
Seat 1: Psynto (button) (small blind) showed [Ks 5d] and won ($29.50) with a pair of Fives
Seat 5: Newheadpoker (big blind) showed [4d Ah] and lost with high card Ace


PokerStars Hand #159243206589:  Hold'em Limit ($3/$6 USD) - 2016/09/29 10:19:54 ET
Table 'Algebar II' 10-max Seat #5 is the button
Seat 1: Psynto ($100.20 in chips)
Seat 5: Newheadpoker ($222.02 in chips)
Newheadpoker: posts small blind $1
playa4ever88: is sitting out
Psynto: posts big blind $3
*** HOLE CARDS ***
Newheadpoker: raises $3 to $6
Psynto: raises $3 to $9
Newheadpoker: calls $3
*** FLOP *** [4s 7d 6d]
Psynto: bets $3
Newheadpoker: raises $3 to $6
Psynto: calls $3
*** TURN *** [4s 7d 6d] [6s]
Psynto: checks
Newheadpoker: checks
*** RIVER *** [4s 7d 6d 6s] [6h]
Psynto: bets $6
Newheadpoker: folds
Uncalled bet ($6) returned to Psynto
Psynto collected $29.50 from pot
Psynto: doesn't show hand
*** SUMMARY ***
Total pot $30 | Rake $0.50
Board [4s 7d 6d 6s 6h]
Seat 1: Psynto (big blind) collected ($29.50)
Seat 5: Newheadpoker (button) (small blind) folded on the River


PokerStars Hand #159243216694:  Hold'em Limit ($3/$6 USD) - 2016/09/29 10:20:11 ET
Table 'Algebar II' 10-max Seat #1 is the button
Seat 1: Psynto ($114.70 in chips)
Seat 5: Newheadpoker ($207.02 in chips)
Psynto: posts small blind $1
Newheadpoker: posts big blind $3
*** HOLE CARDS ***
Psynto: raises $3 to $6
Newheadpoker: raises $3 to $9
Psynto: raises $3 to $12
Betting is capped
Newheadpoker: calls $3
*** FLOP *** [Jd 5c Ts]
Newheadpoker: checks
Psynto: bets $3
Newheadpoker: calls $3
*** TURN *** [Jd 5c Ts] [3s]
Newheadpoker: checks
Psynto: bets $6
Newheadpoker: calls $6
*** RIVER *** [Jd 5c Ts 3s] [5d]
Newheadpoker: checks
Psynto: bets $6
Newheadpoker: folds
Uncalled bet ($6) returned to Psynto
Psynto collected $41.50 from pot
Psynto: doesn't show hand
*** SUMMARY ***
Total pot $42 | Rake $0.50
Board [Jd 5c Ts 3s 5d]
Seat 1: Psynto (button) (small blind) collected ($41.50)
Seat 5: Newheadpoker (big blind) folded on the River


PokerStars Hand #159243640967:  Hold'em Limit ($3/$6 USD) - 2016/09/29 10:32:16 ET
Table 'Algebar II' 10-max Seat #7 is the button
Seat 5: Newheadpoker ($147.75 in chips)
Seat 7: ThePlayer_ok ($113.37 in chips)
ThePlayer_ok: posts small blind $1
mmm_bow22: is sitting out
Newheadpoker: posts big blind $3
*** HOLE CARDS ***
ThePlayer_ok: folds
Uncalled bet ($2) returned to Newheadpoker
mmm_bow22 leaves the table
Newheadpoker collected $2 from pot
Newheadpoker: doesn't show hand
*** SUMMARY ***
Total pot $2 | Rake $0
Seat 5: Newheadpoker (big blind) collected ($2)
Seat 7: ThePlayer_ok (button) (small blind) folded before Flop


PokerStars Hand #159243645099:  Hold'em Limit ($3/$6 USD) - 2016/09/29 10:32:25 ET
Table 'Algebar II' 10-max Seat #5 is the button
Seat 5: Newheadpoker ($148.75 in chips)
Seat 7: ThePlayer_ok ($112.37 in chips)
Newheadpoker: posts small blind $1
ThePlayer_ok: posts big blind $3
*** HOLE CARDS ***
Newheadpoker: raises $3 to $6
ThePlayer_ok: calls $3
*** FLOP *** [5c 6h 3c]
ThePlayer_ok: checks
Newheadpoker: bets $3
ThePlayer_ok: raises $3 to $6
Newheadpoker: calls $3
*** TURN *** [5c 6h 3c] [As]
ThePlayer_ok: bets $6
Newheadpoker: calls $6
*** RIVER *** [5c 6h 3c As] [Th]
ThePlayer_ok: bets $6
Newheadpoker: folds
Uncalled bet ($6) returned to ThePlayer_ok
ThePlayer_ok collected $35.50 from pot
ThePlayer_ok: doesn't show hand
*** SUMMARY ***
Total pot $36 | Rake $0.50
Board [5c 6h 3c As Th]
Seat 5: Newheadpoker (button) (small blind) folded on the River
Seat 7: ThePlayer_ok (big blind) collected ($35.50)


PokerStars Hand #159243659402:  Hold'em Limit ($3/$6 USD) - 2016/09/29 10:32:47 ET
Table 'Algebar II' 10-max Seat #7 is the button
Seat 5: Newheadpoker ($130.75 in chips)
Seat 7: ThePlayer_ok ($129.87 in chips)
ThePlayer_ok: posts small blind $1
Newheadpoker: posts big blind $3
*** HOLE CARDS ***
ThePlayer_ok: calls $2
Newheadpoker: checks
*** FLOP *** [9d 4s Qd]
Newheadpoker: checks
ThePlayer_ok: checks
*** TURN *** [9d 4s Qd] [2c]
Newheadpoker: bets $6
ThePlayer_ok: folds
Uncalled bet ($6) returned to Newheadpoker
Newheadpoker collected $5.88 from pot
Newheadpoker: doesn't show hand
*** SUMMARY ***
Total pot $6 | Rake $0.12
Board [9d 4s Qd 2c]
Seat 5: Newheadpoker (big blind) collected ($5.88)
Seat 7: ThePlayer_ok (button) (small blind) folded on the Turn


PokerStars Hand #159243669346:  Hold'em Limit ($3/$6 USD) - 2016/09/29 10:33:03 ET
Table 'Algebar II' 10-max Seat #5 is the button
Seat 5: Newheadpoker ($133.63 in chips)
Seat 7: ThePlayer_ok ($126.87 in chips)
Newheadpoker: posts small blind $1
ThePlayer_ok: posts big blind $3
*** HOLE CARDS ***
Newheadpoker: folds
Uncalled bet ($2) returned to ThePlayer_ok
ThePlayer_ok collected $2 from pot
ThePlayer_ok: doesn't show hand
*** SUMMARY ***
Total pot $2 | Rake $0
Seat 5: Newheadpoker (button) (small blind) folded before Flop
Seat 7: ThePlayer_ok (big blind) collected ($2)


PokerStars Hand #159243677272:  Hold'em Limit ($3/$6 USD) - 2016/09/29 10:33:16 ET
Table 'Algebar II' 10-max Seat #5 is the button
Seat 5: Newheadpoker ($129.63 in chips)
Seat 7: ThePlayer_ok ($130.87 in chips)
Newheadpoker: posts small blind $1
ThePlayer_ok: posts big blind $3
*** HOLE CARDS ***
Newheadpoker: raises $3 to $6
ThePlayer_ok: folds
Uncalled bet ($3) returned to Newheadpoker
Newheadpoker collected $6 from pot
Newheadpoker: doesn't show hand
*** SUMMARY ***
Total pot $6 | Rake $0
Seat 5: Newheadpoker (button) (small blind) collected ($6)
Seat 7: ThePlayer_ok (big blind) folded before Flop


PokerStars Hand #159243673467:  Hold'em Limit ($3/$6 USD) - 2016/09/29 10:33:10 ET
Table 'Algebar II' 10-max Seat #7 is the button
Seat 5: Newheadpoker ($132.63 in chips)
Seat 7: ThePlayer_ok ($127.87 in chips)
ThePlayer_ok: posts small blind $1
Newheadpoker: posts big blind $3
*** HOLE CARDS ***
ThePlayer_ok: raises $3 to $6
Newheadpoker: folds
Uncalled bet ($3) returned to ThePlayer_ok
ThePlayer_ok collected $6 from pot
ThePlayer_ok: doesn't show hand
*** SUMMARY ***
Total pot $6 | Rake $0
Seat 5: Newheadpoker (big blind) folded before Flop
Seat 7: ThePlayer_ok (button) (small blind) collected ($6)


PokerStars Hand #159243697795:  Hold'em Limit ($3/$6 USD) - 2016/09/29 10:33:50 ET
Table 'Algebar II' 10-max Seat #7 is the button
Seat 5: Newheadpoker ($131.38 in chips)
Seat 7: ThePlayer_ok ($128.62 in chips)
ThePlayer_ok: posts small blind $1
Newheadpoker: posts big blind $3
*** HOLE CARDS ***
ThePlayer_ok: raises $3 to $6
Newheadpoker: calls $3
*** FLOP *** [Js Qd 7c]
Newheadpoker: checks
ThePlayer_ok: bets $3
Newheadpoker: folds
Uncalled bet ($3) returned to ThePlayer_ok
ThePlayer_ok collected $11.76 from pot
ThePlayer_ok: doesn't show hand
*** SUMMARY ***
Total pot $12 | Rake $0.24
Board [Js Qd 7c]
Seat 5: Newheadpoker (big blind) folded on the Flop
Seat 7: ThePlayer_ok (button) (small blind) collected ($11.76)


PokerStars Hand #159243693318:  Hold'em Limit ($3/$6 USD) - 2016/09/29 10:33:43 ET
Table 'Algebar II' 10-max Seat #5 is the button
Seat 5: Newheadpoker ($132.38 in chips)
Seat 7: ThePlayer_ok ($127.62 in chips)
Newheadpoker: posts small blind $1
ThePlayer_ok: posts big blind $3
*** HOLE CARDS ***
Newheadpoker: folds
Uncalled bet ($2) returned to ThePlayer_ok
ThePlayer_ok collected $2 from pot
ThePlayer_ok: doesn't show hand
*** SUMMARY ***
Total pot $2 | Rake $0
Seat 5: Newheadpoker (button) (small blind) folded before Flop
Seat 7: ThePlayer_ok (big blind) collected ($2)


PokerStars Hand #159243706168:  Hold'em Limit ($3/$6 USD) - 2016/09/29 10:34:04 ET
Table 'Algebar II' 10-max Seat #5 is the button
Seat 5: Newheadpoker ($125.38 in chips)
Seat 7: ThePlayer_ok ($134.38 in chips)
Newheadpoker: posts small blind $1
ThePlayer_ok: posts big blind $3
*** HOLE CARDS ***
Newheadpoker: raises $3 to $6
ThePlayer_ok: folds
Uncalled bet ($3) returned to Newheadpoker
Newheadpoker collected $6 from pot
Newheadpoker: doesn't show hand
*** SUMMARY ***
Total pot $6 | Rake $0
Seat 5: Newheadpoker (button) (small blind) collected ($6)
Seat 7: ThePlayer_ok (big blind) folded before Flop


PokerStars Hand #159243710286:  Hold'em Limit ($3/$6 USD) - 2016/09/29 10:34:11 ET
Table 'Algebar II' 10-max Seat #7 is the button
Seat 5: Newheadpoker ($128.38 in chips)
Seat 7: ThePlayer_ok ($131.38 in chips)
ThePlayer_ok: posts small blind $1
Newheadpoker: posts big blind $3
*** HOLE CARDS ***
ThePlayer_ok: folds
Uncalled bet ($2) returned to Newheadpoker
Newheadpoker collected $2 from pot
Newheadpoker: doesn't show hand
*** SUMMARY ***
Total pot $2 | Rake $0
Seat 5: Newheadpoker (big blind) collected ($2)
Seat 7: ThePlayer_ok (button) (small blind) folded before Flop


PokerStars Hand #159243681486:  Hold'em Limit ($3/$6 USD) - 2016/09/29 10:33:24 ET
Table 'Algebar II' 10-max Seat #7 is the button
Seat 5: Newheadpoker ($132.63 in chips)
Seat 7: ThePlayer_ok ($127.87 in chips)
ThePlayer_ok: posts small blind $1
Newheadpoker: posts big blind $3
*** HOLE CARDS ***
ThePlayer_ok: raises $3 to $6
Newheadpoker: raises $3 to $9
ThePlayer_ok: calls $3
*** FLOP *** [8c 8s 4d]
Newheadpoker: bets $3
ThePlayer_ok: calls $3
*** TURN *** [8c 8s 4d] [6d]
Newheadpoker: bets $6
ThePlayer_ok: calls $6
*** RIVER *** [8c 8s 4d 6d] [4h]
Newheadpoker: checks
ThePlayer_ok: checks
*** SHOW DOWN ***
Newheadpoker: shows [Qs Kh] (two pair, Eights and Fours)
ThePlayer_ok: shows [9s Ks] (two pair, Eights and Fours)
Newheadpoker collected $17.75 from pot
ThePlayer_ok collected $17.75 from pot
*** SUMMARY ***
Total pot $36 | Rake $0.50
Board [8c 8s 4d 6d 4h]
Seat 5: Newheadpoker (big blind) showed [Qs Kh] and won ($17.75) with two pair, Eights and Fours
Seat 7: ThePlayer_ok (button) (small blind) showed [9s Ks] and won ($17.75) with two pair, Eights and Fours


PokerStars Hand #159243742398:  Hold'em Limit ($3/$6 USD) - 2016/09/29 10:35:03 ET
Table 'Algebar II' 10-max Seat #5 is the button
Seat 5: Newheadpoker ($129.38 in chips)
Seat 6: Susisiusiu ($44.40 in chips)
Newheadpoker: posts small blind $1
Susisiusiu: posts big blind $3
*** HOLE CARDS ***
Newheadpoker: raises $3 to $6
Susisiusiu: calls $3
*** FLOP *** [8s Ts Th]
Susisiusiu: checks
Newheadpoker: bets $3
Susisiusiu: calls $3
*** TURN *** [8s Ts Th] [2d]
Susisiusiu: checks
Newheadpoker: checks
*** RIVER *** [8s Ts Th 2d] [7d]
Susisiusiu: bets $6
Newheadpoker: folds
Uncalled bet ($6) returned to Susisiusiu
Susisiusiu collected $17.64 from pot
Susisiusiu: doesn't show hand
*** SUMMARY ***
Total pot $18 | Rake $0.36
Board [8s Ts Th 2d 7d]
Seat 5: Newheadpoker (button) (small blind) folded on the River
Seat 6: Susisiusiu (big blind) collected ($17.64)


PokerStars Hand #159243763907:  Hold'em Limit ($3/$6 USD) - 2016/09/29 10:35:39 ET
Table 'Algebar II' 10-max Seat #5 is the button
Seat 5: Newheadpoker ($143.88 in chips)
Seat 6: Susisiusiu ($29.04 in chips)
Newheadpoker: posts small blind $1
Susisiusiu: posts big blind $3
*** HOLE CARDS ***
Newheadpoker: raises $3 to $6
Susisiusiu: folds
Uncalled bet ($3) returned to Newheadpoker
Newheadpoker collected $6 from pot
Newheadpoker: doesn't show hand
*** SUMMARY ***
Total pot $6 | Rake $0
Seat 5: Newheadpoker (button) (small blind) collected ($6)
Seat 6: Susisiusiu (big blind) folded before Flop


PokerStars Hand #159243753545:  Hold'em Limit ($3/$6 USD) - 2016/09/29 10:35:22 ET
Table 'Algebar II' 10-max Seat #6 is the button
Seat 5: Newheadpoker ($120.38 in chips)
Seat 6: Susisiusiu ($53.04 in chips)
Susisiusiu: posts small blind $1
Newheadpoker: posts big blind $3
*** HOLE CARDS ***
Susisiusiu: raises $3 to $6
Newheadpoker: raises $3 to $9
Susisiusiu: calls $3
*** FLOP *** [Kd Kh Qd]
Newheadpoker: bets $3
Susisiusiu: calls $3
*** TURN *** [Kd Kh Qd] [Ah]
Newheadpoker: bets $6
Susisiusiu: calls $6
*** RIVER *** [Kd Kh Qd Ah] [7s]
Newheadpoker: bets $6
Susisiusiu: calls $6
*** SHOW DOWN ***
Newheadpoker: shows [Ks Ts] (three of a kind, Kings)
Susisiusiu: mucks hand
Newheadpoker collected $47.50 from pot
*** SUMMARY ***
Total pot $48 | Rake $0.50
Board [Kd Kh Qd Ah 7s]
Seat 5: Newheadpoker (big blind) showed [Ks Ts] and won ($47.50) with three of a kind, Kings
Seat 6: Susisiusiu (button) (small blind) mucked


PokerStars Hand #159243767653:  Hold'em Limit ($3/$6 USD) - 2016/09/29 10:35:45 ET
Table 'Algebar II' 10-max Seat #6 is the button
Seat 5: Newheadpoker ($146.88 in chips)
Seat 6: Susisiusiu ($26.04 in chips)
Susisiusiu: posts small blind $1
Newheadpoker: posts big blind $3
*** HOLE CARDS ***
Susisiusiu: raises $3 to $6
Newheadpoker: raises $3 to $9
Susisiusiu: calls $3
*** FLOP *** [Th Qd Jd]
Newheadpoker: bets $3
Susisiusiu: calls $3
*** TURN *** [Th Qd Jd] [Jh]
Newheadpoker: bets $6
Susisiusiu: calls $6
*** RIVER *** [Th Qd Jd Jh] [3s]
Newheadpoker: bets $6
Susisiusiu: raises $2.04 to $8.04 and is all-in
Newheadpoker: calls $2.04
*** SHOW DOWN ***
Susisiusiu: shows [Js 9d] (three of a kind, Jacks)
Newheadpoker: shows [Qs Qh] (a full house, Queens full of Jacks)
Newheadpoker collected $51.58 from pot
*** SUMMARY ***
Total pot $52.08 | Rake $0.50
Board [Th Qd Jd Jh 3s]
Seat 5: Newheadpoker (big blind) showed [Qs Qh] and won ($51.58) with a full house, Queens full of Jacks
Seat 6: Susisiusiu (button) (small blind) showed [Js 9d] and lost with three of a kind, Jacks


