PokerStars Hand #161867983587:  Hold'em Limit ($3/$6 USD) - 2016/11/23 20:27:35 ET
Table 'Algenib' 10-max Seat #6 is the button
Seat 5: Zooshark ($120 in chips)
Seat 6: ToDaFelt ($120 in chips)
ToDaFelt: posts small blind $1
GoliafUa: is sitting out
Zooshark: posts big blind $3
*** HOLE CARDS ***
ToDaFelt: raises $3 to $6
Zooshark: calls $3
*** FLOP *** [Tc 6s 2d]
Zooshark: bets $3
ToDaFelt: calls $3
*** TURN *** [Tc 6s 2d] [Ts]
Zooshark: bets $6
ToDaFelt: calls $6
*** RIVER *** [Tc 6s 2d Ts] [Jc]
Zooshark: bets $6
ToDaFelt: raises $6 to $12
Zooshark: folds
Uncalled bet ($6) returned to ToDaFelt
ToDaFelt collected $41.50 from pot
ToDaFelt: doesn't show hand
*** SUMMARY ***
Total pot $42 | Rake $0.50
Board [Tc 6s 2d Ts Jc]
Seat 5: Zooshark (big blind) folded on the River
Seat 6: ToDaFelt (button) (small blind) collected ($41.50)


PokerStars Hand #161867998464:  Hold'em Limit ($3/$6 USD) - 2016/11/23 20:28:06 ET
Table 'Algenib' 10-max Seat #5 is the button
Seat 5: Zooshark ($99 in chips)
Seat 6: ToDaFelt ($140.50 in chips)
Zooshark: posts small blind $1
ToDaFelt: posts big blind $3
*** HOLE CARDS ***
Zooshark: raises $3 to $6
ToDaFelt: raises $3 to $9
Zooshark: calls $3
*** FLOP *** [6h Td 4d]
ToDaFelt: bets $3
Zooshark: folds
Uncalled bet ($3) returned to ToDaFelt
ToDaFelt collected $17.64 from pot
ToDaFelt: doesn't show hand
*** SUMMARY ***
Total pot $18 | Rake $0.36
Board [6h Td 4d]
Seat 5: Zooshark (button) (small blind) folded on the Flop
Seat 6: ToDaFelt (big blind) collected ($17.64)


PokerStars Hand #161868005170:  Hold'em Limit ($3/$6 USD) - 2016/11/23 20:28:19 ET
Table 'Algenib' 10-max Seat #6 is the button
Seat 5: Zooshark ($90 in chips)
Seat 6: ToDaFelt ($149.14 in chips)
ToDaFelt: posts small blind $1
Zooshark: posts big blind $3
*** HOLE CARDS ***
ToDaFelt: raises $3 to $6
Zooshark: folds
Uncalled bet ($3) returned to ToDaFelt
ToDaFelt collected $6 from pot
ToDaFelt: doesn't show hand
*** SUMMARY ***
Total pot $6 | Rake $0
Seat 5: Zooshark (big blind) folded before Flop
Seat 6: ToDaFelt (button) (small blind) collected ($6)


PokerStars Hand #161868010350:  Hold'em Limit ($3/$6 USD) - 2016/11/23 20:28:30 ET
Table 'Algenib' 10-max Seat #5 is the button
Seat 5: Zooshark ($87 in chips)
Seat 6: ToDaFelt ($152.14 in chips)
Zooshark: posts small blind $1
ToDaFelt: posts big blind $3
*** HOLE CARDS ***
Zooshark: raises $3 to $6
ToDaFelt: calls $3
*** FLOP *** [5s 8s Qd]
ToDaFelt: checks
Zooshark: bets $3
ToDaFelt: raises $3 to $6
Zooshark: calls $3
*** TURN *** [5s 8s Qd] [4d]
ToDaFelt: bets $6
Zooshark: calls $6
*** RIVER *** [5s 8s Qd 4d] [Ac]
ToDaFelt: bets $6
Zooshark: calls $6
*** SHOW DOWN ***
ToDaFelt: shows [7c Ts] (high card Ace)
Zooshark: shows [Kh 5d] (a pair of Fives)
Zooshark collected $47.50 from pot
*** SUMMARY ***
Total pot $48 | Rake $0.50
Board [5s 8s Qd 4d Ac]
Seat 5: Zooshark (button) (small blind) showed [Kh 5d] and won ($47.50) with a pair of Fives
Seat 6: ToDaFelt (big blind) showed [7c Ts] and lost with high card Ace


PokerStars Hand #161868037537:  Hold'em Limit ($3/$6 USD) - 2016/11/23 20:29:27 ET
Table 'Algenib' 10-max Seat #6 is the button
Seat 5: Zooshark ($110.50 in chips)
Seat 6: ToDaFelt ($128.14 in chips)
ToDaFelt: posts small blind $1
Zooshark: posts big blind $3
*** HOLE CARDS ***
ToDaFelt: folds
Uncalled bet ($2) returned to Zooshark
Zooshark collected $2 from pot
Zooshark: doesn't show hand
*** SUMMARY ***
Total pot $2 | Rake $0
Seat 5: Zooshark (big blind) collected ($2)
Seat 6: ToDaFelt (button) (small blind) folded before Flop


PokerStars Hand #161868041254:  Hold'em Limit ($3/$6 USD) - 2016/11/23 20:29:34 ET
Table 'Algenib' 10-max Seat #5 is the button
Seat 5: Zooshark ($111.50 in chips)
Seat 6: ToDaFelt ($127.14 in chips)
Zooshark: posts small blind $1
ToDaFelt: posts big blind $3
*** HOLE CARDS ***
Zooshark: raises $3 to $6
HAL9QQQ joins the table at seat #3
ToDaFelt: calls $3
*** FLOP *** [3d Jc 3c]
ToDaFelt: checks
Zooshark: bets $3
ToDaFelt: raises $3 to $6
Zooshark: calls $3
*** TURN *** [3d Jc 3c] [4h]
ToDaFelt: bets $6
Zooshark: folds
Uncalled bet ($6) returned to ToDaFelt
ToDaFelt collected $23.52 from pot
ToDaFelt: doesn't show hand
*** SUMMARY ***
Total pot $24 | Rake $0.48
Board [3d Jc 3c 4h]
Seat 5: Zooshark (button) (small blind) folded on the Turn
Seat 6: ToDaFelt (big blind) collected ($23.52)


PokerStars Hand #161869375864:  Hold'em Limit ($3/$6 USD) - 2016/11/23 21:19:24 ET
Table 'Algenib' 10-max Seat #8 is the button
Seat 6: ToDaFelt ($121.61 in chips)
Seat 8: brittonm ($223.36 in chips)
brittonm: posts small blind $1
Lackys07: is sitting out
ToDaFelt: posts big blind $3
*** HOLE CARDS ***
brittonm: raises $3 to $6
Lackys07 leaves the table
ToDaFelt: folds
Uncalled bet ($3) returned to brittonm
brittonm collected $6 from pot
brittonm: doesn't show hand
*** SUMMARY ***
Total pot $6 | Rake $0
Seat 6: ToDaFelt (big blind) folded before Flop
Seat 8: brittonm (button) (small blind) collected ($6)


