PokerStars Hand #168907527559:  Hold'em Limit ($3/$6 USD) - 2017/04/11 17:32:14 ET
Table 'Algieba III' 6-max Seat #6 is the button
Seat 5: chsergey81 ($34.06 in chips)
Seat 6: ToDaFelt ($120 in chips)
ToDaFelt: posts small blind $1
chsergey81: posts big blind $3
*** HOLE CARDS ***
ToDaFelt: raises $3 to $6
chsergey81: calls $3
*** FLOP *** [3s Kd 4c]
chsergey81: checks
yamaxerm joins the table at seat #3
ToDaFelt: bets $3
chsergey81: calls $3
*** TURN *** [3s Kd 4c] [8d]
chsergey81: checks
ToDaFelt: bets $6
chsergey81: calls $6
*** RIVER *** [3s Kd 4c 8d] [Jd]
chsergey81: checks
ToDaFelt: checks
*** SHOW DOWN ***
chsergey81: shows [Ah 5c] (high card Ace)
ToDaFelt: shows [4s Ac] (a pair of Fours)
ToDaFelt collected $29.50 from pot
*** SUMMARY ***
Total pot $30 | Rake $0.50
Board [3s Kd 4c 8d Jd]
Seat 5: chsergey81 (big blind) showed [Ah 5c] and lost with high card Ace
Seat 6: ToDaFelt (button) (small blind) showed [4s Ac] and won ($29.50) with a pair of Fours


PokerStars Hand #168907554711:  Hold'em Limit ($3/$6 USD) - 2017/04/11 17:32:47 ET
Table 'Algieba III' 6-max Seat #5 is the button
Seat 5: chsergey81 ($19.06 in chips)
Seat 6: ToDaFelt ($134.50 in chips)
chsergey81: posts small blind $1
ToDaFelt: posts big blind $3
*** HOLE CARDS ***
chsergey81: calls $2
ToDaFelt: raises $3 to $6
chsergey81: calls $3
*** FLOP *** [5h Ad Kd]
ToDaFelt: bets $3
chsergey81: calls $3
*** TURN *** [5h Ad Kd] [Jc]
ToDaFelt: bets $6
chsergey81: raises $4.06 to $10.06 and is all-in
ToDaFelt: calls $4.06
*** RIVER *** [5h Ad Kd Jc] [8s]
*** SHOW DOWN ***
ToDaFelt: shows [9c Kc] (a pair of Kings)
chsergey81: shows [Td Qs] (a straight, Ten to Ace)
chsergey81 collected $37.62 from pot
*** SUMMARY ***
Total pot $38.12 | Rake $0.50
Board [5h Ad Kd Jc 8s]
Seat 5: chsergey81 (button) (small blind) showed [Td Qs] and won ($37.62) with a straight, Ten to Ace
Seat 6: ToDaFelt (big blind) showed [9c Kc] and lost with a pair of Kings


PokerStars Hand #168907829089:  Hold'em Limit ($3/$6 USD) - 2017/04/11 17:38:23 ET
Table 'Algieba III' 6-max Seat #1 is the button
Seat 1: bubsski ($27 in chips)
Seat 2: Chessnok ($112.28 in chips)
bubsski: posts small blind $1
Chessnok: posts big blind $3
*** HOLE CARDS ***
bubsski: raises $3 to $6
Chessnok: calls $3
*** FLOP *** [8s 4s 9d]
Chessnok: checks
bubsski: bets $3
Chessnok: raises $3 to $6
bubsski: calls $3
*** TURN *** [8s 4s 9d] [7s]
Chessnok: bets $6
bubsski: calls $6
*** RIVER *** [8s 4s 9d 7s] [Ah]
Chessnok: checks
bubsski: bets $6
Chessnok: calls $6
*** SHOW DOWN ***
bubsski: shows [Ad 4h] (two pair, Aces and Fours)
Chessnok: mucks hand
bubsski collected $47.50 from pot
*** SUMMARY ***
Total pot $48 | Rake $0.50
Board [8s 4s 9d 7s Ah]
Seat 1: bubsski (button) (small blind) showed [Ad 4h] and won ($47.50) with two pair, Aces and Fours
Seat 2: Chessnok (big blind) mucked


PokerStars Hand #168907802011:  Hold'em Limit ($3/$6 USD) - 2017/04/11 17:37:49 ET
Table 'Algieba III' 6-max Seat #2 is the button
Seat 1: bubsski ($46 in chips)
Seat 2: Chessnok ($94 in chips)
Chessnok: posts small blind $1
ToDaFelt: is sitting out
bubsski: posts big blind $3
*** HOLE CARDS ***
Chessnok: raises $3 to $6
ToDaFelt leaves the table
bubsski: calls $3
*** FLOP *** [Qh Ts 5c]
bubsski: checks
Chessnok: bets $3
bubsski: folds
Uncalled bet ($3) returned to Chessnok
Chessnok collected $11.76 from pot
Chessnok: doesn't show hand
*** SUMMARY ***
Total pot $12 | Rake $0.24
Board [Qh Ts 5c]
Seat 1: bubsski (big blind) folded on the Flop
Seat 2: Chessnok (button) (small blind) collected ($11.76)


PokerStars Hand #168907814188:  Hold'em Limit ($3/$6 USD) - 2017/04/11 17:38:04 ET
Table 'Algieba III' 6-max Seat #1 is the button
Seat 1: bubsski ($40 in chips)
Seat 2: Chessnok ($99.76 in chips)
bubsski: posts small blind $1
Chessnok: posts big blind $3
*** HOLE CARDS ***
bubsski: folds
Uncalled bet ($2) returned to Chessnok
Chessnok collected $2 from pot
Chessnok: doesn't show hand
*** SUMMARY ***
Total pot $2 | Rake $0
Seat 1: bubsski (button) (small blind) folded before Flop
Seat 2: Chessnok (big blind) collected ($2)


PokerStars Hand #168907818274:  Hold'em Limit ($3/$6 USD) - 2017/04/11 17:38:09 ET
Table 'Algieba III' 6-max Seat #2 is the button
Seat 1: bubsski ($39 in chips)
Seat 2: Chessnok ($100.76 in chips)
Chessnok: posts small blind $1
bubsski: posts big blind $3
*** HOLE CARDS ***
Chessnok: raises $3 to $6
bubsski: calls $3
*** FLOP *** [Ah 3c 7d]
bubsski: checks
Chessnok: bets $3
bubsski: raises $3 to $6
Chessnok: raises $3 to $9
bubsski: folds
Uncalled bet ($3) returned to Chessnok
Chessnok collected $23.52 from pot
Chessnok: doesn't show hand
*** SUMMARY ***
Total pot $24 | Rake $0.48
Board [Ah 3c 7d]
Seat 1: bubsski (big blind) folded on the Flop
Seat 2: Chessnok (button) (small blind) collected ($23.52)


PokerStars Hand #168907848346:  Hold'em Limit ($3/$6 USD) - 2017/04/11 17:38:47 ET
Table 'Algieba III' 6-max Seat #2 is the button
Seat 1: bubsski ($50.50 in chips)
Seat 2: Chessnok ($88.28 in chips)
Chessnok: posts small blind $1
bubsski: posts big blind $3
*** HOLE CARDS ***
Chessnok: raises $3 to $6
bubsski: calls $3
*** FLOP *** [Ah Kc 9s]
bubsski: checks
Chessnok: bets $3
bubsski: folds
Uncalled bet ($3) returned to Chessnok
Chessnok collected $11.76 from pot
Chessnok: doesn't show hand
*** SUMMARY ***
Total pot $12 | Rake $0.24
Board [Ah Kc 9s]
Seat 1: bubsski (big blind) folded on the Flop
Seat 2: Chessnok (button) (small blind) collected ($11.76)


PokerStars Hand #168907864272:  Hold'em Limit ($3/$6 USD) - 2017/04/11 17:39:07 ET
Table 'Algieba III' 6-max Seat #2 is the button
Seat 1: bubsski ($43.50 in chips)
Seat 2: Chessnok ($95.04 in chips)
Chessnok: posts small blind $1
bubsski: posts big blind $3
*** HOLE CARDS ***
Chessnok: raises $3 to $6
bubsski: calls $3
*** FLOP *** [2c Qh 4c]
bubsski: checks
Chessnok: bets $3
bubsski: folds
Uncalled bet ($3) returned to Chessnok
Chessnok collected $11.76 from pot
Chessnok: doesn't show hand
*** SUMMARY ***
Total pot $12 | Rake $0.24
Board [2c Qh 4c]
Seat 1: bubsski (big blind) folded on the Flop
Seat 2: Chessnok (button) (small blind) collected ($11.76)


PokerStars Hand #168907860872:  Hold'em Limit ($3/$6 USD) - 2017/04/11 17:39:02 ET
Table 'Algieba III' 6-max Seat #1 is the button
Seat 1: bubsski ($44.50 in chips)
Seat 2: Chessnok ($94.04 in chips)
bubsski: posts small blind $1
Chessnok: posts big blind $3
*** HOLE CARDS ***
bubsski: folds
Uncalled bet ($2) returned to Chessnok
Chessnok collected $2 from pot
Chessnok: doesn't show hand
*** SUMMARY ***
Total pot $2 | Rake $0
Seat 1: bubsski (button) (small blind) folded before Flop
Seat 2: Chessnok (big blind) collected ($2)


PokerStars Hand #168907871777:  Hold'em Limit ($3/$6 USD) - 2017/04/11 17:39:16 ET
Table 'Algieba III' 6-max Seat #1 is the button
Seat 1: bubsski ($37.50 in chips)
Seat 2: Chessnok ($100.80 in chips)
bubsski: posts small blind $1
Chessnok: posts big blind $3
*** HOLE CARDS ***
bubsski: raises $3 to $6
Chessnok: calls $3
*** FLOP *** [3d 6d Ts]
Chessnok: checks
bubsski: bets $3
Chessnok: calls $3
*** TURN *** [3d 6d Ts] [Qs]
Chessnok: checks
bubsski: checks
*** RIVER *** [3d 6d Ts Qs] [Jd]
Chessnok: bets $6
bubsski: calls $6
*** SHOW DOWN ***
Chessnok: shows [Qc 5h] (a pair of Queens)
bubsski: mucks hand
Chessnok collected $29.50 from pot
*** SUMMARY ***
Total pot $30 | Rake $0.50
Board [3d 6d Ts Qs Jd]
Seat 1: bubsski (button) (small blind) mucked
Seat 2: Chessnok (big blind) showed [Qc 5h] and won ($29.50) with a pair of Queens


PokerStars Hand #168907888656:  Hold'em Limit ($3/$6 USD) - 2017/04/11 17:39:37 ET
Table 'Algieba III' 6-max Seat #1 is the button
Seat 1: bubsski ($19.50 in chips)
Seat 2: Chessnok ($118.30 in chips)
bubsski: posts small blind $1
Chessnok: posts big blind $3
*** HOLE CARDS ***
bubsski: raises $3 to $6
Chessnok: folds
Uncalled bet ($3) returned to bubsski
bubsski collected $6 from pot
bubsski: doesn't show hand
*** SUMMARY ***
Total pot $6 | Rake $0
Seat 1: bubsski (button) (small blind) collected ($6)
Seat 2: Chessnok (big blind) folded before Flop


PokerStars Hand #168907884054:  Hold'em Limit ($3/$6 USD) - 2017/04/11 17:39:31 ET
Table 'Algieba III' 6-max Seat #2 is the button
Seat 1: bubsski ($22.50 in chips)
Seat 2: Chessnok ($115.30 in chips)
Chessnok: posts small blind $1
bubsski: posts big blind $3
*** HOLE CARDS ***
Chessnok: raises $3 to $6
bubsski: folds
Uncalled bet ($3) returned to Chessnok
Chessnok collected $6 from pot
Chessnok: doesn't show hand
*** SUMMARY ***
Total pot $6 | Rake $0
Seat 1: bubsski (big blind) folded before Flop
Seat 2: Chessnok (button) (small blind) collected ($6)


PokerStars Hand #168907893364:  Hold'em Limit ($3/$6 USD) - 2017/04/11 17:39:43 ET
Table 'Algieba III' 6-max Seat #2 is the button
Seat 1: bubsski ($82.50 in chips)
Seat 2: Chessnok ($115.30 in chips)
Chessnok: posts small blind $1
bubsski: posts big blind $3
*** HOLE CARDS ***
Chessnok: raises $3 to $6
bubsski: calls $3
*** FLOP *** [8s 6h 5h]
bubsski: checks
Chessnok: checks
*** TURN *** [8s 6h 5h] [6s]
bubsski: bets $6
Chessnok: calls $6
*** RIVER *** [8s 6h 5h 6s] [4c]
bubsski: bets $6
Chessnok: calls $6
*** SHOW DOWN ***
bubsski: shows [Jh 7s] (a straight, Four to Eight)
Chessnok: mucks hand
bubsski collected $35.50 from pot
*** SUMMARY ***
Total pot $36 | Rake $0.50
Board [8s 6h 5h 6s 4c]
Seat 1: bubsski (big blind) showed [Jh 7s] and won ($35.50) with a straight, Four to Eight
Seat 2: Chessnok (button) (small blind) mucked


PokerStars Hand #168907920891:  Hold'em Limit ($3/$6 USD) - 2017/04/11 17:40:08 ET
Table 'Algieba III' 6-max Seat #2 is the button
Seat 1: bubsski ($99 in chips)
Seat 2: Chessnok ($98.30 in chips)
Chessnok: posts small blind $1
bubsski: posts big blind $3
*** HOLE CARDS ***
Chessnok: raises $3 to $6
bubsski: folds
Uncalled bet ($3) returned to Chessnok
Chessnok collected $6 from pot
Chessnok: doesn't show hand
*** SUMMARY ***
Total pot $6 | Rake $0
Seat 1: bubsski (big blind) folded before Flop
Seat 2: Chessnok (button) (small blind) collected ($6)


PokerStars Hand #168907909490:  Hold'em Limit ($3/$6 USD) - 2017/04/11 17:40:03 ET
Table 'Algieba III' 6-max Seat #1 is the button
Seat 1: bubsski ($100 in chips)
Seat 2: Chessnok ($97.30 in chips)
bubsski: posts small blind $1
Chessnok: posts big blind $3
*** HOLE CARDS ***
bubsski: folds
Uncalled bet ($2) returned to Chessnok
Chessnok collected $2 from pot
Chessnok: doesn't show hand
*** SUMMARY ***
Total pot $2 | Rake $0
Seat 1: bubsski (button) (small blind) folded before Flop
Seat 2: Chessnok (big blind) collected ($2)


PokerStars Hand #168907925729:  Hold'em Limit ($3/$6 USD) - 2017/04/11 17:40:14 ET
Table 'Algieba III' 6-max Seat #1 is the button
Seat 1: bubsski ($96 in chips)
Seat 2: Chessnok ($101.30 in chips)
bubsski: posts small blind $1
Chessnok: posts big blind $3
*** HOLE CARDS ***
bubsski: raises $3 to $6
Chessnok: calls $3
*** FLOP *** [7h 9c 9h]
Chessnok: checks
bubsski: bets $3
Chessnok: raises $3 to $6
bubsski: calls $3
*** TURN *** [7h 9c 9h] [6d]
Chessnok: bets $6
bubsski: calls $6
*** RIVER *** [7h 9c 9h 6d] [Qs]
Chessnok: bets $6
bubsski: calls $6
*** SHOW DOWN ***
Chessnok: shows [6s 5c] (two pair, Nines and Sixes)
bubsski: shows [7c As] (two pair, Nines and Sevens)
bubsski collected $47.50 from pot
*** SUMMARY ***
Total pot $48 | Rake $0.50
Board [7h 9c 9h 6d Qs]
Seat 1: bubsski (button) (small blind) showed [7c As] and won ($47.50) with two pair, Nines and Sevens
Seat 2: Chessnok (big blind) showed [6s 5c] and lost with two pair, Nines and Sixes


PokerStars Hand #168907936811:  Hold'em Limit ($3/$6 USD) - 2017/04/11 17:40:28 ET
Table 'Algieba III' 6-max Seat #2 is the button
Seat 1: bubsski ($119.50 in chips)
Seat 2: Chessnok ($77.30 in chips)
Chessnok: posts small blind $1
bubsski: posts big blind $3
*** HOLE CARDS ***
Chessnok: raises $3 to $6
bubsski: calls $3
*** FLOP *** [8h Ad Ts]
bubsski: checks
Chessnok: bets $3
bubsski: calls $3
*** TURN *** [8h Ad Ts] [6c]
bubsski: checks
Chessnok: bets $6
bubsski: calls $6
*** RIVER *** [8h Ad Ts 6c] [2c]
bubsski: checks
Chessnok: bets $6
bubsski: calls $6
*** SHOW DOWN ***
Chessnok: shows [9d 7d] (a straight, Six to Ten)
bubsski: mucks hand
Chessnok collected $41.50 from pot
*** SUMMARY ***
Total pot $42 | Rake $0.50
Board [8h Ad Ts 6c 2c]
Seat 1: bubsski (big blind) mucked
Seat 2: Chessnok (button) (small blind) showed [9d 7d] and won ($41.50) with a straight, Six to Ten


PokerStars Hand #168907950070:  Hold'em Limit ($3/$6 USD) - 2017/04/11 17:40:45 ET
Table 'Algieba III' 6-max Seat #1 is the button
Seat 1: bubsski ($98.50 in chips)
Seat 2: Chessnok ($97.80 in chips)
bubsski: posts small blind $1
Chessnok: posts big blind $3
*** HOLE CARDS ***
bubsski: raises $3 to $6
Chessnok: raises $3 to $9
bubsski: calls $3
*** FLOP *** [9h Ks 7s]
Chessnok: bets $3
zloy1888 joins the table at seat #3
bubsski: calls $3
*** TURN *** [9h Ks 7s] [7d]
Chessnok: bets $6
bubsski: raises $6 to $12
ToDaFelt joins the table at seat #4
Chessnok: calls $6
*** RIVER *** [9h Ks 7s 7d] [2d]
Chessnok: checks
bubsski: bets $6
Chessnok: calls $6
*** SHOW DOWN ***
bubsski: shows [Kc Jd] (two pair, Kings and Sevens)
Chessnok: shows [Ac Kd] (two pair, Kings and Sevens - Ace kicker)
Chessnok collected $59.50 from pot
*** SUMMARY ***
Total pot $60 | Rake $0.50
Board [9h Ks 7s 7d 2d]
Seat 1: bubsski (button) (small blind) showed [Kc Jd] and lost with two pair, Kings and Sevens
Seat 2: Chessnok (big blind) showed [Ac Kd] and won ($59.50) with two pair, Kings and Sevens


