PokerStars Hand #149795517632:  Hold'em Limit ($3/$6 USD) - 2016/03/03 17:57:06 ET
Table 'Algoa' 6-max Seat #4 is the button
Seat 3: avel71 ($21 in chips)
Seat 4: Pandakey ($142.35 in chips)
Pandakey: posts small blind $1
ValeryRon: is sitting out
AzureCaper: is sitting out
avel71: posts big blind $3
*** HOLE CARDS ***
Pandakey: raises $3 to $6
AzureCaper leaves the table
ValeryRon leaves the table
avel71: folds
Uncalled bet ($3) returned to Pandakey
Pandakey collected $6 from pot
Pandakey: doesn't show hand
*** SUMMARY ***
Total pot $6 | Rake $0
Seat 3: avel71 (big blind) folded before Flop
Seat 4: Pandakey (button) (small blind) collected ($6)


PokerStars Hand #149795529171:  Hold'em Limit ($3/$6 USD) - 2016/03/03 17:57:22 ET
Table 'Algoa' 6-max Seat #3 is the button
Seat 3: avel71 ($18 in chips)
Seat 4: Pandakey ($145.35 in chips)
avel71: posts small blind $1
Pandakey: posts big blind $3
*** HOLE CARDS ***
avel71: folds
Uncalled bet ($2) returned to Pandakey
Pandakey collected $2 from pot
Pandakey: doesn't show hand
*** SUMMARY ***
Total pot $2 | Rake $0
Seat 3: avel71 (button) (small blind) folded before Flop
Seat 4: Pandakey (big blind) collected ($2)


PokerStars Hand #149795566408:  Hold'em Limit ($3/$6 USD) - 2016/03/03 17:58:16 ET
Table 'Algoa' 6-max Seat #3 is the button
Seat 3: avel71 ($12.75 in chips)
Seat 4: Pandakey ($150.10 in chips)
avel71: posts small blind $1
Pandakey: posts big blind $3
*** HOLE CARDS ***
avel71: raises $3 to $6
Pandakey: calls $3
*** FLOP *** [9h As Ks]
Pandakey: checks
avel71: bets $3
Pandakey: folds
Uncalled bet ($3) returned to avel71
avel71 collected $11.76 from pot
avel71: doesn't show hand
*** SUMMARY ***
Total pot $12 | Rake $0.24
Board [9h As Ks]
Seat 3: avel71 (button) (small blind) collected ($11.76)
Seat 4: Pandakey (big blind) folded on the Flop


PokerStars Hand #149795551486:  Hold'em Limit ($3/$6 USD) - 2016/03/03 17:57:54 ET
Table 'Algoa' 6-max Seat #3 is the button
Seat 3: avel71 ($16.75 in chips)
Seat 4: Pandakey ($146.10 in chips)
avel71: posts small blind $1
Pandakey: posts big blind $3
*** HOLE CARDS ***
avel71: raises $3 to $6
Pandakey: folds
Uncalled bet ($3) returned to avel71
avel71 collected $6 from pot
avel71: doesn't show hand
*** SUMMARY ***
Total pot $6 | Rake $0
Seat 3: avel71 (button) (small blind) collected ($6)
Seat 4: Pandakey (big blind) folded before Flop


PokerStars Hand #149795536957:  Hold'em Limit ($3/$6 USD) - 2016/03/03 17:57:33 ET
Table 'Algoa' 6-max Seat #4 is the button
Seat 3: avel71 ($17 in chips)
Seat 4: Pandakey ($146.35 in chips)
Pandakey: posts small blind $1
avel71: posts big blind $3
*** HOLE CARDS ***
Pandakey: raises $3 to $6
avel71: raises $3 to $9
Pandakey: calls $3
*** FLOP *** [Kd 8d 2h]
avel71: bets $3
Pandakey: calls $3
*** TURN *** [Kd 8d 2h] [Ad]
avel71: bets $5 and is all-in
Pandakey: calls $5
*** RIVER *** [Kd 8d 2h Ad] [2d]
*** SHOW DOWN ***
avel71: shows [Ah Qs] (two pair, Aces and Deuces)
Pandakey: shows [As Jc] (two pair, Aces and Deuces)
avel71 collected $16.75 from pot
Pandakey collected $16.75 from pot
*** SUMMARY ***
Total pot $34 | Rake $0.50
Board [Kd 8d 2h Ad 2d]
Seat 3: avel71 (big blind) showed [Ah Qs] and won ($16.75) with two pair, Aces and Deuces
Seat 4: Pandakey (button) (small blind) showed [As Jc] and won ($16.75) with two pair, Aces and Deuces


PokerStars Hand #149795558902:  Hold'em Limit ($3/$6 USD) - 2016/03/03 17:58:05 ET
Table 'Algoa' 6-max Seat #3 is the button
Seat 3: avel71 ($16.75 in chips)
Seat 4: Pandakey ($146.10 in chips)
avel71: posts small blind $1
Pandakey: posts big blind $3
*** HOLE CARDS ***
avel71: folds
Uncalled bet ($2) returned to Pandakey
Pandakey collected $2 from pot
Pandakey: doesn't show hand
*** SUMMARY ***
Total pot $2 | Rake $0
Seat 3: avel71 (button) (small blind) folded before Flop
Seat 4: Pandakey (big blind) collected ($2)


PokerStars Hand #149795555441:  Hold'em Limit ($3/$6 USD) - 2016/03/03 17:58:00 ET
Table 'Algoa' 6-max Seat #4 is the button
Seat 3: avel71 ($19.75 in chips)
Seat 4: Pandakey ($143.10 in chips)
Pandakey: posts small blind $1
avel71: posts big blind $3
*** HOLE CARDS ***
Pandakey: raises $3 to $6
avel71: folds
Uncalled bet ($3) returned to Pandakey
Pandakey collected $6 from pot
Pandakey: doesn't show hand
*** SUMMARY ***
Total pot $6 | Rake $0
Seat 3: avel71 (big blind) folded before Flop
Seat 4: Pandakey (button) (small blind) collected ($6)


PokerStars Hand #149795562340:  Hold'em Limit ($3/$6 USD) - 2016/03/03 17:58:10 ET
Table 'Algoa' 6-max Seat #4 is the button
Seat 3: avel71 ($15.75 in chips)
Seat 4: Pandakey ($147.10 in chips)
Pandakey: posts small blind $1
avel71: posts big blind $3
*** HOLE CARDS ***
Pandakey: raises $3 to $6
avel71: folds
Uncalled bet ($3) returned to Pandakey
Pandakey collected $6 from pot
Pandakey: doesn't show hand
*** SUMMARY ***
Total pot $6 | Rake $0
Seat 3: avel71 (big blind) folded before Flop
Seat 4: Pandakey (button) (small blind) collected ($6)


PokerStars Hand #149795584556:  Hold'em Limit ($3/$6 USD) - 2016/03/03 17:58:42 ET
Table 'Algoa' 6-max Seat #3 is the button
Seat 3: avel71 ($36.52 in chips)
Seat 4: Pandakey ($125.59 in chips)
avel71: posts small blind $1
Pandakey: posts big blind $3
*** HOLE CARDS ***
avel71: folds
Uncalled bet ($2) returned to Pandakey
Pandakey collected $2 from pot
Pandakey: doesn't show hand
*** SUMMARY ***
Total pot $2 | Rake $0
Seat 3: avel71 (button) (small blind) folded before Flop
Seat 4: Pandakey (big blind) collected ($2)


PokerStars Hand #149795573763:  Hold'em Limit ($3/$6 USD) - 2016/03/03 17:58:27 ET
Table 'Algoa' 6-max Seat #4 is the button
Seat 3: avel71 ($18.51 in chips)
Seat 4: Pandakey ($144.10 in chips)
Pandakey: posts small blind $1
avel71: posts big blind $3
*** HOLE CARDS ***
Pandakey: raises $3 to $6
avel71: calls $3
*** FLOP *** [Kc 4c 6s]
avel71: bets $3
Pandakey: calls $3
*** TURN *** [Kc 4c 6s] [Ts]
avel71: bets $6
Pandakey: calls $6
*** RIVER *** [Kc 4c 6s Ts] [9s]
avel71: bets $3.51 and is all-in
Pandakey: calls $3.51
*** SHOW DOWN ***
avel71: shows [6c 7s] (a pair of Sixes)
Pandakey: shows [Ac Qd] (high card Ace)
avel71 collected $36.52 from pot
*** SUMMARY ***
Total pot $37.02 | Rake $0.50
Board [Kc 4c 6s Ts 9s]
Seat 3: avel71 (big blind) showed [6c 7s] and won ($36.52) with a pair of Sixes
Seat 4: Pandakey (button) (small blind) showed [Ac Qd] and lost with high card Ace


PokerStars Hand #149795590105:  Hold'em Limit ($3/$6 USD) - 2016/03/03 17:58:50 ET
Table 'Algoa' 6-max Seat #4 is the button
Seat 3: avel71 ($35.52 in chips)
Seat 4: Pandakey ($126.59 in chips)
Pandakey: posts small blind $1
avel71: posts big blind $3
*** HOLE CARDS ***
Pandakey: folds
Uncalled bet ($2) returned to avel71
avel71 collected $2 from pot
avel71: doesn't show hand
*** SUMMARY ***
Total pot $2 | Rake $0
Seat 3: avel71 (big blind) collected ($2)
Seat 4: Pandakey (button) (small blind) folded before Flop


PokerStars Hand #149795593290:  Hold'em Limit ($3/$6 USD) - 2016/03/03 17:58:55 ET
Table 'Algoa' 6-max Seat #3 is the button
Seat 3: avel71 ($36.52 in chips)
Seat 4: Pandakey ($125.59 in chips)
avel71: posts small blind $1
Pandakey: posts big blind $3
*** HOLE CARDS ***
avel71: raises $3 to $6
Pandakey: calls $3
*** FLOP *** [Kd Qh Ts]
Pandakey: checks
avel71: bets $3
Pandakey: folds
Uncalled bet ($3) returned to avel71
avel71 collected $11.76 from pot
avel71: doesn't show hand
*** SUMMARY ***
Total pot $12 | Rake $0.24
Board [Kd Qh Ts]
Seat 3: avel71 (button) (small blind) collected ($11.76)
Seat 4: Pandakey (big blind) folded on the Flop


PokerStars Hand #149795599464:  Hold'em Limit ($3/$6 USD) - 2016/03/03 17:59:04 ET
Table 'Algoa' 6-max Seat #4 is the button
Seat 3: avel71 ($42.28 in chips)
Seat 4: Pandakey ($119.59 in chips)
Pandakey: posts small blind $1
avel71: posts big blind $3
*** HOLE CARDS ***
Pandakey: raises $3 to $6
avel71: raises $3 to $9
Pandakey: calls $3
*** FLOP *** [Ad 6h Ah]
avel71: bets $3
Pandakey: calls $3
*** TURN *** [Ad 6h Ah] [8d]
avel71: bets $6
Pandakey: raises $6 to $12
avel71: raises $6 to $18
Pandakey: raises $6 to $24
Betting is capped
avel71: calls $6
*** RIVER *** [Ad 6h Ah 8d] [2s]
avel71: bets $6
Pandakey: raises $6 to $12
avel71: calls $0.28 and is all-in
Uncalled bet ($5.72) returned to Pandakey
*** SHOW DOWN ***
Pandakey: shows [6d 6s] (a full house, Sixes full of Aces)
avel71: shows [Kc Tc] (a pair of Aces)
Pandakey collected $84.06 from pot
*** SUMMARY ***
Total pot $84.56 | Rake $0.50
Board [Ad 6h Ah 8d 2s]
Seat 3: avel71 (big blind) showed [Kc Tc] and lost with a pair of Aces
Seat 4: Pandakey (button) (small blind) showed [6d 6s] and won ($84.06) with a full house, Sixes full of Aces


