PokerStars Hand #161034706736:  Hold'em Limit ($3/$6 USD) - 2016/11/07 6:55:50 ET
Table 'Algorab' 6-max Seat #3 is the button
Seat 2: SilaSoNi ($74.64 in chips)
Seat 3: TbIP-TbIP 88 ($72 in chips)
TbIP-TbIP 88: posts small blind $1
SilaSoNi: posts big blind $3
*** HOLE CARDS ***
TbIP-TbIP 88: raises $3 to $6
SilaSoNi: calls $3
*** FLOP *** [Td 8c Qc]
SilaSoNi: checks
TbIP-TbIP 88: bets $3
SilaSoNi: calls $3
*** TURN *** [Td 8c Qc] [Jc]
SilaSoNi: checks
TbIP-TbIP 88: checks
*** RIVER *** [Td 8c Qc Jc] [Kh]
SilaSoNi: checks
TbIP-TbIP 88: bets $6
SilaSoNi: calls $6
*** SHOW DOWN ***
TbIP-TbIP 88: shows [6c 6s] (a pair of Sixes)
SilaSoNi: shows [7d Js] (a pair of Jacks)
SilaSoNi collected $29.50 from pot
*** SUMMARY ***
Total pot $30 | Rake $0.50
Board [Td 8c Qc Jc Kh]
Seat 2: SilaSoNi (big blind) showed [7d Js] and won ($29.50) with a pair of Jacks
Seat 3: TbIP-TbIP 88 (button) (small blind) showed [6c 6s] and lost with a pair of Sixes


PokerStars Hand #161034695884:  Hold'em Limit ($3/$6 USD) - 2016/11/07 6:55:24 ET
Table 'Algorab' 6-max Seat #2 is the button
Seat 2: SilaSoNi ($66 in chips)
Seat 3: TbIP-TbIP 88 ($72 in chips)
SilaSoNi: posts small blind $1
TbIP-TbIP 88: posts big blind $3
*** HOLE CARDS ***
SilaSoNi: raises $3 to $6
TbIP-TbIP 88: calls $3
*** FLOP *** [7c 2s Qs]
TbIP-TbIP 88: checks
SilaSoNi: bets $3
TbIP-TbIP 88: calls $3
*** TURN *** [7c 2s Qs] [Ad]
TbIP-TbIP 88: checks
SilaSoNi: checks
*** RIVER *** [7c 2s Qs Ad] [Qd]
TbIP-TbIP 88: checks
SilaSoNi: checks
*** SHOW DOWN ***
TbIP-TbIP 88: shows [6s 5c] (a pair of Queens)
SilaSoNi: shows [9s 6c] (a pair of Queens - Ace+Nine kicker)
SilaSoNi collected $17.64 from pot
*** SUMMARY ***
Total pot $18 | Rake $0.36
Board [7c 2s Qs Ad Qd]
Seat 2: SilaSoNi (button) (small blind) showed [9s 6c] and won ($17.64) with a pair of Queens
Seat 3: TbIP-TbIP 88 (big blind) showed [6s 5c] and lost with a pair of Queens


PokerStars Hand #161034747527:  Hold'em Limit ($3/$6 USD) - 2016/11/07 6:57:24 ET
Table 'Algorab' 6-max Seat #2 is the button
Seat 2: SilaSoNi ($96.78 in chips)
Seat 3: TbIP-TbIP 88 ($72 in chips)
SilaSoNi: posts small blind $1
TbIP-TbIP 88: posts big blind $3
*** HOLE CARDS ***
SilaSoNi: folds
Uncalled bet ($2) returned to TbIP-TbIP 88
TbIP-TbIP 88 collected $2 from pot
TbIP-TbIP 88: doesn't show hand
*** SUMMARY ***
Total pot $2 | Rake $0
Seat 2: SilaSoNi (button) (small blind) folded before Flop
Seat 3: TbIP-TbIP 88 (big blind) collected ($2)


PokerStars Hand #161034730145:  Hold'em Limit ($3/$6 USD) - 2016/11/07 6:56:44 ET
Table 'Algorab' 6-max Seat #3 is the button
Seat 2: SilaSoNi ($88.14 in chips)
Seat 3: TbIP-TbIP 88 ($73 in chips)
TbIP-TbIP 88: posts small blind $1
SilaSoNi: posts big blind $3
*** HOLE CARDS ***
TbIP-TbIP 88: raises $3 to $6
SilaSoNi: calls $3
*** FLOP *** [6c Jh 6d]
SilaSoNi: checks
TbIP-TbIP 88: bets $3
SilaSoNi: calls $3
*** TURN *** [6c Jh 6d] [5d]
SilaSoNi: checks
TbIP-TbIP 88: checks
*** RIVER *** [6c Jh 6d 5d] [8h]
SilaSoNi: bets $6
Hi Im Alexey joins the table at seat #4
TbIP-TbIP 88: folds
Uncalled bet ($6) returned to SilaSoNi
SilaSoNi collected $17.64 from pot
SilaSoNi: doesn't show hand
*** SUMMARY ***
Total pot $18 | Rake $0.36
Board [6c Jh 6d 5d 8h]
Seat 2: SilaSoNi (big blind) collected ($17.64)
Seat 3: TbIP-TbIP 88 (button) (small blind) folded on the River


PokerStars Hand #161034727524:  Hold'em Limit ($3/$6 USD) - 2016/11/07 6:56:38 ET
Table 'Algorab' 6-max Seat #2 is the button
Seat 2: SilaSoNi ($89.14 in chips)
Seat 3: TbIP-TbIP 88 ($72 in chips)
SilaSoNi: posts small blind $1
TbIP-TbIP 88: posts big blind $3
*** HOLE CARDS ***
SilaSoNi: folds
Uncalled bet ($2) returned to TbIP-TbIP 88
TbIP-TbIP 88 collected $2 from pot
TbIP-TbIP 88: doesn't show hand
*** SUMMARY ***
Total pot $2 | Rake $0
Seat 2: SilaSoNi (button) (small blind) folded before Flop
Seat 3: TbIP-TbIP 88 (big blind) collected ($2)


PokerStars Hand #161034960516:  Hold'em Limit ($3/$6 USD) - 2016/11/07 7:05:02 ET
Table 'Algorab' 6-max Seat #2 is the button
Seat 2: SilaSoNi ($36.22 in chips)
Seat 4: Hi Im Alexey ($111.49 in chips)
SilaSoNi: posts small blind $1
TbIP-TbIP 88: is sitting out
Hi Im Alexey: posts big blind $3
*** HOLE CARDS ***
SilaSoNi: folds
Uncalled bet ($2) returned to Hi Im Alexey
Hi Im Alexey collected $2 from pot
*** SUMMARY ***
Total pot $2 | Rake $0
Seat 2: SilaSoNi (button) (small blind) folded before Flop
Seat 4: Hi Im Alexey (big blind) collected ($2)


PokerStars Hand #161034992062:  Hold'em Limit ($3/$6 USD) - 2016/11/07 7:06:06 ET
Table 'Algorab' 6-max Seat #4 is the button
Seat 2: SilaSoNi ($13.22 in chips)
Seat 4: Hi Im Alexey ($133.99 in chips)
Hi Im Alexey: posts small blind $1
SilaSoNi: posts big blind $3
*** HOLE CARDS ***
Hi Im Alexey: raises $3 to $6
SilaSoNi: raises $3 to $9
Hi Im Alexey: raises $3 to $12
Betting is capped
SilaSoNi: calls $3
*** FLOP *** [3h 9c 8s]
SilaSoNi: bets $1.22 and is all-in
Hi Im Alexey: calls $1.22
*** TURN *** [3h 9c 8s] [9d]
*** RIVER *** [3h 9c 8s 9d] [6h]
*** SHOW DOWN ***
SilaSoNi: shows [Ac 2d] (a pair of Nines)
Hi Im Alexey: shows [Kc 5c] (a pair of Nines - lower kicker)
SilaSoNi collected $25.94 from pot
*** SUMMARY ***
Total pot $26.44 | Rake $0.50
Board [3h 9c 8s 9d 6h]
Seat 2: SilaSoNi (big blind) showed [Ac 2d] and won ($25.94) with a pair of Nines
Seat 4: Hi Im Alexey (button) (small blind) showed [Kc 5c] and lost with a pair of Nines


PokerStars Hand #161034989323:  Hold'em Limit ($3/$6 USD) - 2016/11/07 7:06:00 ET
Table 'Algorab' 6-max Seat #2 is the button
Seat 2: SilaSoNi ($14.22 in chips)
Seat 4: Hi Im Alexey ($132.99 in chips)
SilaSoNi: posts small blind $1
Hi Im Alexey: posts big blind $3
*** HOLE CARDS ***
SilaSoNi: folds
Uncalled bet ($2) returned to Hi Im Alexey
Hi Im Alexey collected $2 from pot
*** SUMMARY ***
Total pot $2 | Rake $0
Seat 2: SilaSoNi (button) (small blind) folded before Flop
Seat 4: Hi Im Alexey (big blind) collected ($2)


PokerStars Hand #161034964258:  Hold'em Limit ($3/$6 USD) - 2016/11/07 7:05:10 ET
Table 'Algorab' 6-max Seat #4 is the button
Seat 2: SilaSoNi ($35.22 in chips)
Seat 4: Hi Im Alexey ($112.49 in chips)
Hi Im Alexey: posts small blind $1
SilaSoNi: posts big blind $3
*** HOLE CARDS ***
Hi Im Alexey: raises $3 to $6
SilaSoNi: calls $3
*** FLOP *** [Kh 7h Jc]
SilaSoNi: checks
Hi Im Alexey: bets $3
SilaSoNi: calls $3
*** TURN *** [Kh 7h Jc] [4h]
SilaSoNi: checks
Hi Im Alexey: bets $6
SilaSoNi: calls $6
*** RIVER *** [Kh 7h Jc 4h] [5s]
SilaSoNi: checks
Hi Im Alexey: bets $6
TbIP-TbIP 88 leaves the table
SilaSoNi: calls $6
*** SHOW DOWN ***
Hi Im Alexey: shows [6c Jd] (a pair of Jacks)
SilaSoNi: mucks hand
Hi Im Alexey collected $41.50 from pot
*** SUMMARY ***
Total pot $42 | Rake $0.50
Board [Kh 7h Jc 4h 5s]
Seat 2: SilaSoNi (big blind) mucked
Seat 4: Hi Im Alexey (button) (small blind) showed [6c Jd] and won ($41.50) with a pair of Jacks


PokerStars Hand #161035005909:  Hold'em Limit ($3/$6 USD) - 2016/11/07 7:06:34 ET
Table 'Algorab' 6-max Seat #2 is the button
Seat 2: SilaSoNi ($25.94 in chips)
Seat 4: Hi Im Alexey ($120.77 in chips)
SilaSoNi: posts small blind $1
Hi Im Alexey: posts big blind $3
*** HOLE CARDS ***
SilaSoNi: folds
Uncalled bet ($2) returned to Hi Im Alexey
Hi Im Alexey collected $2 from pot
*** SUMMARY ***
Total pot $2 | Rake $0
Seat 2: SilaSoNi (button) (small blind) folded before Flop
Seat 4: Hi Im Alexey (big blind) collected ($2)


PokerStars Hand #161035008710:  Hold'em Limit ($3/$6 USD) - 2016/11/07 7:06:39 ET
Table 'Algorab' 6-max Seat #4 is the button
Seat 2: SilaSoNi ($24.94 in chips)
Seat 4: Hi Im Alexey ($121.77 in chips)
Hi Im Alexey: posts small blind $1
SilaSoNi: posts big blind $3
*** HOLE CARDS ***
Hi Im Alexey: folds
Uncalled bet ($2) returned to SilaSoNi
SilaSoNi collected $2 from pot
SilaSoNi: doesn't show hand
*** SUMMARY ***
Total pot $2 | Rake $0
Seat 2: SilaSoNi (big blind) collected ($2)
Seat 4: Hi Im Alexey (button) (small blind) folded before Flop


PokerStars Hand #161035012998:  Hold'em Limit ($3/$6 USD) - 2016/11/07 7:06:48 ET
Table 'Algorab' 6-max Seat #2 is the button
Seat 2: SilaSoNi ($25.94 in chips)
Seat 4: Hi Im Alexey ($120.77 in chips)
SilaSoNi: posts small blind $1
Hi Im Alexey: posts big blind $3
*** HOLE CARDS ***
SilaSoNi: raises $3 to $6
Hi Im Alexey: calls $3
*** FLOP *** [9s 9c 6s]
Hi Im Alexey: checks
Kosova1968 joins the table at seat #5
SilaSoNi: bets $3
Hi Im Alexey: raises $3 to $6
SilaSoNi: calls $3
*** TURN *** [9s 9c 6s] [5h]
Hi Im Alexey: bets $6
SilaSoNi: calls $6
*** RIVER *** [9s 9c 6s 5h] [Qd]
Hi Im Alexey: bets $6
SilaSoNi: folds
Uncalled bet ($6) returned to Hi Im Alexey
Hi Im Alexey collected $35.50 from pot
*** SUMMARY ***
Total pot $36 | Rake $0.50
Board [9s 9c 6s 5h Qd]
Seat 2: SilaSoNi (button) (small blind) folded on the River
Seat 4: Hi Im Alexey (big blind) collected ($35.50)


PokerStars Hand #161036575350:  Hold'em Limit ($3/$6 USD) - 2016/11/07 7:57:46 ET
Table 'Algorab' 6-max Seat #1 is the button
Seat 1: VolkovDmitri ($148.24 in chips)
Seat 5: Kosova1968 ($197.33 in chips)
VolkovDmitri: posts small blind $1
Kosova1968: posts big blind $3
*** HOLE CARDS ***
VolkovDmitri: folds
Uncalled bet ($2) returned to Kosova1968
Kosova1968 collected $2 from pot
*** SUMMARY ***
Total pot $2 | Rake $0
Seat 1: VolkovDmitri (button) (small blind) folded before Flop
Seat 5: Kosova1968 (big blind) collected ($2)


PokerStars Hand #161036550040:  Hold'em Limit ($3/$6 USD) - 2016/11/07 7:56:52 ET
Table 'Algorab' 6-max Seat #5 is the button
Seat 1: VolkovDmitri ($127.74 in chips)
Seat 5: Kosova1968 ($218.33 in chips)
Kosova1968: posts small blind $1
VolkovDmitri: posts big blind $3
*** HOLE CARDS ***
Kosova1968: raises $3 to $6
VolkovDmitri: raises $3 to $9
Kosova1968: calls $3
*** FLOP *** [9h Tc Qs]
VolkovDmitri: bets $3
Kosova1968: raises $3 to $6
VolkovDmitri: calls $3
*** TURN *** [9h Tc Qs] [3h]
VolkovDmitri: checks
Kosova1968: checks
*** RIVER *** [9h Tc Qs 3h] [9s]
VolkovDmitri: checks
Kosova1968: bets $6
VolkovDmitri: calls $6
*** SHOW DOWN ***
Kosova1968: shows [4h 8d] (a pair of Nines)
VolkovDmitri: shows [2c Ah] (a pair of Nines - Ace kicker)
VolkovDmitri collected $41.50 from pot
*** SUMMARY ***
Total pot $42 | Rake $0.50
Board [9h Tc Qs 3h 9s]
Seat 1: VolkovDmitri (big blind) showed [2c Ah] and won ($41.50) with a pair of Nines
Seat 5: Kosova1968 (button) (small blind) showed [4h 8d] and lost with a pair of Nines


PokerStars Hand #161036578213:  Hold'em Limit ($3/$6 USD) - 2016/11/07 7:57:52 ET
Table 'Algorab' 6-max Seat #5 is the button
Seat 1: VolkovDmitri ($147.24 in chips)
Seat 5: Kosova1968 ($198.33 in chips)
Kosova1968: posts small blind $1
VolkovDmitri: posts big blind $3
*** HOLE CARDS ***
Kosova1968: raises $3 to $6
VolkovDmitri: calls $3
*** FLOP *** [7s 4d Jc]
VolkovDmitri: checks
Kosova1968: bets $3
VolkovDmitri: calls $3
*** TURN *** [7s 4d Jc] [5c]
VolkovDmitri: bets $6
Kosova1968: calls $6
*** RIVER *** [7s 4d Jc 5c] [5d]
VolkovDmitri: bets $6
Kosova1968: raises $6 to $12
VolkovDmitri: raises $6 to $18
Kosova1968: calls $6
*** SHOW DOWN ***
VolkovDmitri: shows [6s 3s] (a straight, Three to Seven)
Kosova1968: shows [6d Jd] (two pair, Jacks and Fives)
VolkovDmitri collected $65.50 from pot
*** SUMMARY ***
Total pot $66 | Rake $0.50
Board [7s 4d Jc 5c 5d]
Seat 1: VolkovDmitri (big blind) showed [6s 3s] and won ($65.50) with a straight, Three to Seven
Seat 5: Kosova1968 (button) (small blind) showed [6d Jd] and lost with two pair, Jacks and Fives


PokerStars Hand #161036594667:  Hold'em Limit ($3/$6 USD) - 2016/11/07 7:58:27 ET
Table 'Algorab' 6-max Seat #1 is the button
Seat 1: VolkovDmitri ($179.74 in chips)
Seat 5: Kosova1968 ($165.33 in chips)
VolkovDmitri: posts small blind $1
Kosova1968: posts big blind $3
*** HOLE CARDS ***
VolkovDmitri: calls $2
Kosova1968: raises $3 to $6
VolkovDmitri: calls $3
*** FLOP *** [Qd 8s Tc]
Kosova1968: bets $3
VolkovDmitri: calls $3
*** TURN *** [Qd 8s Tc] [Js]
Kosova1968: bets $6
VolkovDmitri: calls $6
*** RIVER *** [Qd 8s Tc Js] [6h]
Kosova1968: bets $6
VolkovDmitri: calls $6
*** SHOW DOWN ***
Kosova1968: shows [9h 7c] (a straight, Eight to Queen)
VolkovDmitri: mucks hand
Kosova1968 collected $41.50 from pot
*** SUMMARY ***
Total pot $42 | Rake $0.50
Board [Qd 8s Tc Js 6h]
Seat 1: VolkovDmitri (button) (small blind) mucked
Seat 5: Kosova1968 (big blind) showed [9h 7c] and won ($41.50) with a straight, Eight to Queen


