PokerStars Hand #144355834619:  Hold'em Limit ($3/$6 USD) - 2015/11/25 7:23:47 ET
Table 'Algol' 6-max Seat #3 is the button
Seat 3: BigBadWex ($90 in chips)
Seat 4: Agrotait ($72 in chips)
BigBadWex: posts small blind $1
Agrotait: posts big blind $3
*** HOLE CARDS ***
BigBadWex: raises $3 to $6
Agrotait: calls $3
*** FLOP *** [3s 6c Qc]
Agrotait: checks
BigBadWex: bets $3
Agrotait: calls $3
*** TURN *** [3s 6c Qc] [Ah]
Agrotait: checks
BigBadWex: bets $6
Agrotait: calls $6
*** RIVER *** [3s 6c Qc Ah] [2d]
Agrotait: checks
BigBadWex: bets $6
Agrotait: calls $6
*** SHOW DOWN ***
BigBadWex: shows [Jd 9d] (high card Ace)
Agrotait: shows [6h Jh] (a pair of Sixes)
Agrotait collected $41.50 from pot
*** SUMMARY ***
Total pot $42 | Rake $0.50
Board [3s 6c Qc Ah 2d]
Seat 3: BigBadWex (button) (small blind) showed [Jd 9d] and lost with high card Ace
Seat 4: Agrotait (big blind) showed [6h Jh] and won ($41.50) with a pair of Sixes


PokerStars Hand #144355850519:  Hold'em Limit ($3/$6 USD) - 2015/11/25 7:24:18 ET
Table 'Algol' 6-max Seat #4 is the button
Seat 3: BigBadWex ($69 in chips)
Seat 4: Agrotait ($92.50 in chips)
Agrotait: posts small blind $1
BigBadWex: posts big blind $3
*** HOLE CARDS ***
Agrotait: raises $3 to $6
BigBadWex: calls $3
*** FLOP *** [8c Kd 4d]
BigBadWex: checks
Agrotait: bets $3
BigBadWex: raises $3 to $6
Agrotait: folds
Uncalled bet ($3) returned to BigBadWex
BigBadWex collected $17.64 from pot
*** SUMMARY ***
Total pot $18 | Rake $0.36
Board [8c Kd 4d]
Seat 3: BigBadWex (big blind) collected ($17.64)
Seat 4: Agrotait (button) (small blind) folded on the Flop


PokerStars Hand #144355872041:  Hold'em Limit ($3/$6 USD) - 2015/11/25 7:25:00 ET
Table 'Algol' 6-max Seat #3 is the button
Seat 3: BigBadWex ($77.64 in chips)
Seat 4: Agrotait ($83.50 in chips)
BigBadWex: posts small blind $1
Agrotait: posts big blind $3
*** HOLE CARDS ***
BigBadWex: raises $3 to $6
Agrotait: calls $3
*** FLOP *** [9s 3h 5h]
Agrotait: checks
BigBadWex: bets $3
Agrotait: raises $3 to $6
BigBadWex: calls $3
*** TURN *** [9s 3h 5h] [Th]
Agrotait: bets $6
BigBadWex: folds
Uncalled bet ($6) returned to Agrotait
Agrotait collected $23.52 from pot
Agrotait: doesn't show hand
*** SUMMARY ***
Total pot $24 | Rake $0.48
Board [9s 3h 5h Th]
Seat 3: BigBadWex (button) (small blind) folded on the Turn
Seat 4: Agrotait (big blind) collected ($23.52)


PokerStars Hand #144355938960:  Hold'em Limit ($3/$6 USD) - 2015/11/25 7:27:11 ET
Table 'Algol' 6-max Seat #3 is the button
Seat 3: BigBadWex ($56.64 in chips)
Seat 6: chipsdigme86 ($47.35 in chips)
BigBadWex: posts small blind $1
chipsdigme86: posts big blind $3
*** HOLE CARDS ***
BigBadWex: raises $3 to $6
chipsdigme86: folds
Uncalled bet ($3) returned to BigBadWex
BigBadWex collected $6 from pot
*** SUMMARY ***
Total pot $6 | Rake $0
Seat 3: BigBadWex (button) (small blind) collected ($6)
Seat 6: chipsdigme86 (big blind) folded before Flop


PokerStars Hand #144355899002:  Hold'em Limit ($3/$6 USD) - 2015/11/25 7:25:53 ET
Table 'Algol' 6-max Seat #4 is the button
Seat 3: BigBadWex ($65.64 in chips)
Seat 4: Agrotait ($95.02 in chips)
Agrotait: posts small blind $1
BigBadWex: posts big blind $3
*** HOLE CARDS ***
Agrotait: raises $3 to $6
BigBadWex: calls $3
*** FLOP *** [5s 3d Ah]
BigBadWex: checks
Agrotait: bets $3
BigBadWex: calls $3
*** TURN *** [5s 3d Ah] [8d]
BigBadWex: checks
Agrotait: checks
*** RIVER *** [5s 3d Ah 8d] [9d]
chipsdigme86 joins the table at seat #6
BigBadWex: checks
Agrotait: checks
*** SHOW DOWN ***
BigBadWex: shows [Jh 4h] (high card Ace)
Agrotait: shows [Qs 4c] (high card Ace - Queen kicker)
Agrotait collected $17.64 from pot
*** SUMMARY ***
Total pot $18 | Rake $0.36
Board [5s 3d Ah 8d 9d]
Seat 3: BigBadWex (big blind) showed [Jh 4h] and lost with high card Ace
Seat 4: Agrotait (button) (small blind) showed [Qs 4c] and won ($17.64) with high card Ace


PokerStars Hand #144360079653:  Hold'em Limit ($3/$6 USD) - 2015/11/25 9:29:14 ET
Table 'Algol' 6-max Seat #2 is the button
Seat 2: schnizm ($128.01 in chips)
Seat 6: 7superpoker ($46.90 in chips)
schnizm: posts small blind $1
HappyHb95: is sitting out
7superpoker: posts big blind $3
*** HOLE CARDS ***
schnizm: folds
Uncalled bet ($2) returned to 7superpoker
7superpoker collected $2 from pot
7superpoker: doesn't show hand
*** SUMMARY ***
Total pot $2 | Rake $0
Seat 2: schnizm (button) (small blind) folded before Flop
Seat 6: 7superpoker (big blind) collected ($2)


