PokerStars Hand #151545919993:  Hold'em Limit ($3/$6 USD) - 2016/04/06 21:30:19 ET
Table 'Algoa' 6-max Seat #6 is the button
Seat 4: Zubasa07 ($469.69 in chips)
Seat 6: MARIBORO8 ($78.72 in chips)
MARIBORO8: posts small blind $1
Zubasa07: posts big blind $3
*** HOLE CARDS ***
MARIBORO8: raises $3 to $6
Zubasa07: calls $3
*** FLOP *** [Ad 9c 4d]
Zubasa07: checks
MARIBORO8: checks
*** TURN *** [Ad 9c 4d] [6c]
Zubasa07: bets $6
MARIBORO8: calls $6
*** RIVER *** [Ad 9c 4d 6c] [Td]
Zubasa07: checks
MARIBORO8: checks
*** SHOW DOWN ***
Zubasa07: shows [2h 4h] (a pair of Fours)
MARIBORO8: mucks hand
Zubasa07 collected $23.52 from pot
*** SUMMARY ***
Total pot $24 | Rake $0.48
Board [Ad 9c 4d 6c Td]
Seat 4: Zubasa07 (big blind) showed [2h 4h] and won ($23.52) with a pair of Fours
Seat 6: MARIBORO8 (button) (small blind) mucked


PokerStars Hand #151545906960:  Hold'em Limit ($3/$6 USD) - 2016/04/06 21:29:46 ET
Table 'Algoa' 6-max Seat #4 is the button
Seat 4: Zubasa07 ($481.69 in chips)
Seat 6: MARIBORO8 ($67.20 in chips)
Zubasa07: posts small blind $1
.uuum7: is sitting out
MARIBORO8: posts big blind $3
*** HOLE CARDS ***
Zubasa07: raises $3 to $6
MARIBORO8: raises $3 to $9
Zubasa07: calls $3
*** FLOP *** [7c 5s 9d]
MARIBORO8: bets $3
Zubasa07: calls $3
*** TURN *** [7c 5s 9d] [6d]
MARIBORO8: checks
Zubasa07: checks
*** RIVER *** [7c 5s 9d 6d] [5h]
MARIBORO8: bets $6
Zubasa07: folds
Uncalled bet ($6) returned to MARIBORO8
MARIBORO8 collected $23.52 from pot
MARIBORO8: doesn't show hand
*** SUMMARY ***
Total pot $24 | Rake $0.48
Board [7c 5s 9d 6d 5h]
Seat 4: Zubasa07 (button) (small blind) folded on the River
Seat 6: MARIBORO8 (big blind) collected ($23.52)


PokerStars Hand #151545933158:  Hold'em Limit ($3/$6 USD) - 2016/04/06 21:30:51 ET
Table 'Algoa' 6-max Seat #4 is the button
Seat 4: Zubasa07 ($481.21 in chips)
Seat 6: MARIBORO8 ($66.72 in chips)
Zubasa07: posts small blind $1
MARIBORO8: posts big blind $3
*** HOLE CARDS ***
Zubasa07: raises $3 to $6
MARIBORO8: calls $3
*** FLOP *** [4h 5d 8h]
MARIBORO8: checks
Zubasa07: checks
*** TURN *** [4h 5d 8h] [6c]
MARIBORO8: bets $6
Zubasa07: folds
Uncalled bet ($6) returned to MARIBORO8
MARIBORO8 collected $11.76 from pot
MARIBORO8: doesn't show hand
*** SUMMARY ***
Total pot $12 | Rake $0.24
Board [4h 5d 8h 6c]
Seat 4: Zubasa07 (button) (small blind) folded on the Turn
Seat 6: MARIBORO8 (big blind) collected ($11.76)


PokerStars Hand #151545947060:  Hold'em Limit ($3/$6 USD) - 2016/04/06 21:31:26 ET
Table 'Algoa' 6-max Seat #6 is the button
Seat 4: Zubasa07 ($475.21 in chips)
Seat 6: MARIBORO8 ($72.48 in chips)
MARIBORO8: posts small blind $1
Zubasa07: posts big blind $3
*** HOLE CARDS ***
MARIBORO8: raises $3 to $6
Zubasa07: raises $3 to $9
MARIBORO8: calls $3
*** FLOP *** [Jd 4d 4s]
Zubasa07: bets $3
MARIBORO8: calls $3
*** TURN *** [Jd 4d 4s] [Td]
Zubasa07: bets $6
MARIBORO8: calls $6
*** RIVER *** [Jd 4d 4s Td] [Ah]
Zubasa07: checks
MARIBORO8: checks
*** SHOW DOWN ***
Zubasa07: shows [Th 9h] (two pair, Tens and Fours)
MARIBORO8: mucks hand
Zubasa07 collected $35.50 from pot
manon889 joins the table at seat #3
*** SUMMARY ***
Total pot $36 | Rake $0.50
Board [Jd 4d 4s Td Ah]
Seat 4: Zubasa07 (big blind) showed [Th 9h] and won ($35.50) with two pair, Tens and Fours
Seat 6: MARIBORO8 (button) (small blind) mucked


PokerStars Hand #151546393436:  Hold'em Limit ($3/$6 USD) - 2016/04/06 21:50:05 ET
Table 'Algoa' 6-max Seat #1 is the button
Seat 1: anetkaapro ($320.68 in chips)
Seat 3: MissEKAmouse ($131.37 in chips)
anetkaapro: posts small blind $1
MissEKAmouse: posts big blind $3
*** HOLE CARDS ***
anetkaapro: raises $3 to $6
MissEKAmouse: folds
Uncalled bet ($3) returned to anetkaapro
anetkaapro collected $6 from pot
anetkaapro: doesn't show hand
*** SUMMARY ***
Total pot $6 | Rake $0
Seat 1: anetkaapro (button) (small blind) collected ($6)
Seat 3: MissEKAmouse (big blind) folded before Flop


