PokerStars Hand #158166508788:  Hold'em Limit ($3/$6 USD) - 2016/09/04 17:00:42 ET
Table 'Algol' 6-max Seat #1 is the button
Seat 1: Zubasa07 ($500 in chips)
Seat 3: krille3000 ($45.94 in chips)
Zubasa07: posts small blind $1
krille3000: posts big blind $3
*** HOLE CARDS ***
Zubasa07: raises $3 to $6
krille3000: folds
Uncalled bet ($3) returned to Zubasa07
Zubasa07 collected $6 from pot
*** SUMMARY ***
Total pot $6 | Rake $0
Seat 1: Zubasa07 (button) (small blind) collected ($6)
Seat 3: krille3000 (big blind) folded before Flop


PokerStars Hand #158166519031:  Hold'em Limit ($3/$6 USD) - 2016/09/04 17:00:57 ET
Table 'Algol' 6-max Seat #3 is the button
Seat 1: Zubasa07 ($503 in chips)
Seat 3: krille3000 ($42.94 in chips)
krille3000: posts small blind $1
Zubasa07: posts big blind $3
*** HOLE CARDS ***
krille3000: raises $3 to $6
Zubasa07: raises $3 to $9
krille3000: calls $3
*** FLOP *** [Jd Ac 8s]
Zubasa07: bets $3
krille3000: calls $3
*** TURN *** [Jd Ac 8s] [Kh]
Zubasa07: checks
krille3000: bets $6
Zubasa07: folds
Uncalled bet ($6) returned to krille3000
krille3000 collected $23.52 from pot
*** SUMMARY ***
Total pot $24 | Rake $0.48
Board [Jd Ac 8s Kh]
Seat 1: Zubasa07 (big blind) folded on the Turn
Seat 3: krille3000 (button) (small blind) collected ($23.52)


PokerStars Hand #158166559247:  Hold'em Limit ($3/$6 USD) - 2016/09/04 17:01:50 ET
Table 'Algol' 6-max Seat #3 is the button
Seat 1: Zubasa07 ($490 in chips)
Seat 3: krille3000 ($55.46 in chips)
krille3000: posts small blind $1
Zubasa07: posts big blind $3
*** HOLE CARDS ***
krille3000: folds
Uncalled bet ($2) returned to Zubasa07
Zubasa07 collected $2 from pot
Zubasa07: doesn't show hand
*** SUMMARY ***
Total pot $2 | Rake $0
Seat 1: Zubasa07 (big blind) collected ($2)
Seat 3: krille3000 (button) (small blind) folded before Flop


PokerStars Hand #158166547392:  Hold'em Limit ($3/$6 USD) - 2016/09/04 17:01:35 ET
Table 'Algol' 6-max Seat #1 is the button
Seat 1: Zubasa07 ($491 in chips)
Seat 3: krille3000 ($54.46 in chips)
Zubasa07: posts small blind $1
krille3000: posts big blind $3
*** HOLE CARDS ***
Zubasa07: folds
Uncalled bet ($2) returned to krille3000
krille3000 collected $2 from pot
*** SUMMARY ***
Total pot $2 | Rake $0
Seat 1: Zubasa07 (button) (small blind) folded before Flop
Seat 3: krille3000 (big blind) collected ($2)


PokerStars Hand #158167709693:  Hold'em Limit ($3/$6 USD) - 2016/09/04 17:23:31 ET
Table 'Algol' 6-max Seat #1 is the button
Seat 1: Velbor107 ($300 in chips)
Seat 3: Jeelsy ($67.64 in chips)
Velbor107: posts small blind $1
Jeelsy: posts big blind $3
*** HOLE CARDS ***
Velbor107: raises $3 to $6
Jeelsy: calls $3
*** FLOP *** [4c Qh 8s]
Jeelsy: checks
Velbor107: bets $3
Jeelsy: calls $3
*** TURN *** [4c Qh 8s] [Ad]
Jeelsy: checks
Velbor107: bets $6
Jeelsy: folds
Uncalled bet ($6) returned to Velbor107
Velbor107 collected $17.64 from pot
*** SUMMARY ***
Total pot $18 | Rake $0.36
Board [4c Qh 8s Ad]
Seat 1: Velbor107 (button) (small blind) collected ($17.64)
Seat 3: Jeelsy (big blind) folded on the Turn


PokerStars Hand #158167756311:  Hold'em Limit ($3/$6 USD) - 2016/09/04 17:24:26 ET
Table 'Algol' 6-max Seat #1 is the button
Seat 1: Velbor107 ($323.14 in chips)
Seat 3: Jeelsy ($43.64 in chips)
Velbor107: posts small blind $1
Jeelsy: posts big blind $3
*** HOLE CARDS ***
Velbor107: folds
Uncalled bet ($2) returned to Jeelsy
Jeelsy collected $2 from pot
Jeelsy: doesn't show hand
*** SUMMARY ***
Total pot $2 | Rake $0
Seat 1: Velbor107 (button) (small blind) folded before Flop
Seat 3: Jeelsy (big blind) collected ($2)


PokerStars Hand #158167731957:  Hold'em Limit ($3/$6 USD) - 2016/09/04 17:23:57 ET
Table 'Algol' 6-max Seat #3 is the button
Seat 1: Velbor107 ($308.64 in chips)
Seat 3: Jeelsy ($58.64 in chips)
Jeelsy: posts small blind $1
Velbor107: posts big blind $3
*** HOLE CARDS ***
Jeelsy: raises $3 to $6
Velbor107: calls $3
*** FLOP *** [9d Kc 8d]
Velbor107: checks
Jeelsy: bets $3
ToDaFelt joins the table at seat #4
Velbor107: calls $3
*** TURN *** [9d Kc 8d] [Ac]
Velbor107: checks
Jeelsy: bets $6
Velbor107: raises $6 to $12
Jeelsy: folds
Uncalled bet ($6) returned to Velbor107
Velbor107 collected $29.50 from pot
*** SUMMARY ***
Total pot $30 | Rake $0.50
Board [9d Kc 8d Ac]
Seat 1: Velbor107 (big blind) collected ($29.50)
Seat 3: Jeelsy (button) (small blind) folded on the Turn


PokerStars Hand #158168331638:  Hold'em Limit ($3/$6 USD) - 2016/09/04 17:34:35 ET
Table 'Algol' 6-max Seat #5 is the button
Seat 5: vestimokrec ($107.13 in chips)
Seat 6: malcon ($120 in chips)
vestimokrec: posts small blind $1
malcon: posts big blind $3
*** HOLE CARDS ***
FaStBluff joins the table at seat #1
vestimokrec: raises $3 to $6
Jeelsy leaves the table
malcon: calls $3
*** FLOP *** [Ac Ts 7s]
ToDaFelt joins the table at seat #3
malcon: checks
vestimokrec: bets $3
malcon: calls $3
*** TURN *** [Ac Ts 7s] [7h]
malcon: checks
vestimokrec: checks
*** RIVER *** [Ac Ts 7s 7h] [2s]
malcon: bets $6
vestimokrec: folds
Uncalled bet ($6) returned to malcon
malcon collected $17.64 from pot
*** SUMMARY ***
Total pot $18 | Rake $0.36
Board [Ac Ts 7s 7h 2s]
Seat 5: vestimokrec (button) (small blind) folded on the River
Seat 6: malcon (big blind) collected ($17.64)


PokerStars Hand #158172392058:  Hold'em Limit ($3/$6 USD) - 2016/09/04 19:07:39 ET
Table 'Algol' 6-max Seat #6 is the button
Seat 3: ToDaFelt ($363 in chips)
Seat 6: knas4 ($291.34 in chips)
knas4: posts small blind $1
ToDaFelt: posts big blind $3
*** HOLE CARDS ***
wokin888 leaves the table
knas4: raises $3 to $6
ToDaFelt: calls $3
*** FLOP *** [3s 5h Ts]
ToDaFelt: checks
knas4: bets $3
ToDaFelt: raises $3 to $6
knas4: calls $3
*** TURN *** [3s 5h Ts] [8s]
ToDaFelt: bets $6
knas4: raises $6 to $12
ToDaFelt: calls $6
*** RIVER *** [3s 5h Ts 8s] [Qc]
ToDaFelt: checks
knas4: bets $6
ToDaFelt: calls $6
*** SHOW DOWN ***
knas4: shows [Qh Qd] (three of a kind, Queens)
ToDaFelt: mucks hand
knas4 collected $59.50 from pot
*** SUMMARY ***
Total pot $60 | Rake $0.50
Board [3s 5h Ts 8s Qc]
Seat 3: ToDaFelt (big blind) mucked
Seat 6: knas4 (button) (small blind) showed [Qh Qd] and won ($59.50) with three of a kind, Queens


