PokerStars Hand #164324534741:  Hold'em Limit ($3/$6 USD) - 2017/01/09 19:18:42 ET
Table 'Algunde' 10-max Seat #2 is the button
Seat 1: Zubasa07 ($505.76 in chips)
Seat 2: anebodil ($132.86 in chips)
anebodil: posts small blind $1
Zubasa07: posts big blind $3
*** HOLE CARDS ***
anebodil: folds
Uncalled bet ($2) returned to Zubasa07
Zubasa07 collected $2 from pot
Zubasa07: doesn't show hand
*** SUMMARY ***
Total pot $2 | Rake $0
Seat 1: Zubasa07 (big blind) collected ($2)
Seat 2: anebodil (button) (small blind) folded before Flop


PokerStars Hand #164324519997:  Hold'em Limit ($3/$6 USD) - 2017/01/09 19:18:22 ET
Table 'Algunde' 10-max Seat #1 is the button
Seat 1: Zubasa07 ($500 in chips)
Seat 2: anebodil ($138.86 in chips)
Zubasa07: posts small blind $1
anebodil: posts big blind $3
*** HOLE CARDS ***
Zubasa07: raises $3 to $6
anebodil: calls $3
*** FLOP *** [2c Ts Qh]
anebodil: checks
Zubasa07: bets $3
anebodil: folds
Uncalled bet ($3) returned to Zubasa07
Zubasa07 collected $11.76 from pot
Zubasa07: doesn't show hand
*** SUMMARY ***
Total pot $12 | Rake $0.24
Board [2c Ts Qh]
Seat 1: Zubasa07 (button) (small blind) collected ($11.76)
Seat 2: anebodil (big blind) folded on the Flop


PokerStars Hand #164324558297:  Hold'em Limit ($3/$6 USD) - 2017/01/09 19:19:16 ET
Table 'Algunde' 10-max Seat #2 is the button
Seat 1: Zubasa07 ($500.76 in chips)
Seat 2: anebodil ($137.62 in chips)
anebodil: posts small blind $1
Zubasa07: posts big blind $3
*** HOLE CARDS ***
anebodil: folds
Uncalled bet ($2) returned to Zubasa07
Zubasa07 collected $2 from pot
Zubasa07: doesn't show hand
*** SUMMARY ***
Total pot $2 | Rake $0
Seat 1: Zubasa07 (big blind) collected ($2)
Seat 2: anebodil (button) (small blind) folded before Flop


PokerStars Hand #164324538677:  Hold'em Limit ($3/$6 USD) - 2017/01/09 19:18:48 ET
Table 'Algunde' 10-max Seat #1 is the button
Seat 1: Zubasa07 ($506.76 in chips)
Seat 2: anebodil ($131.86 in chips)
Zubasa07: posts small blind $1
anebodil: posts big blind $3
*** HOLE CARDS ***
Zubasa07: raises $3 to $6
anebodil: calls $3
*** FLOP *** [Tc Qd 9c]
anebodil: bets $3
Zubasa07: folds
Uncalled bet ($3) returned to anebodil
anebodil collected $11.76 from pot
*** SUMMARY ***
Total pot $12 | Rake $0.24
Board [Tc Qd 9c]
Seat 1: Zubasa07 (button) (small blind) folded on the Flop
Seat 2: anebodil (big blind) collected ($11.76)


PokerStars Hand #164324588412:  Hold'em Limit ($3/$6 USD) - 2017/01/09 19:19:58 ET
Table 'Algunde' 10-max Seat #1 is the button
Seat 1: Zubasa07 ($493.76 in chips)
Seat 2: anebodil ($144.26 in chips)
Zubasa07: posts small blind $1
anebodil: posts big blind $3
*** HOLE CARDS ***
Zubasa07: folds
Uncalled bet ($2) returned to anebodil
anebodil collected $2 from pot
*** SUMMARY ***
Total pot $2 | Rake $0
Seat 1: Zubasa07 (button) (small blind) folded before Flop
Seat 2: anebodil (big blind) collected ($2)


PokerStars Hand #164324584916:  Hold'em Limit ($3/$6 USD) - 2017/01/09 19:19:53 ET
Table 'Algunde' 10-max Seat #2 is the button
Seat 1: Zubasa07 ($492.76 in chips)
Seat 2: anebodil ($145.26 in chips)
anebodil: posts small blind $1
Zubasa07: posts big blind $3
*** HOLE CARDS ***
anebodil: folds
Uncalled bet ($2) returned to Zubasa07
Zubasa07 collected $2 from pot
Zubasa07: doesn't show hand
*** SUMMARY ***
Total pot $2 | Rake $0
Seat 1: Zubasa07 (big blind) collected ($2)
Seat 2: anebodil (button) (small blind) folded before Flop


PokerStars Hand #164324561704:  Hold'em Limit ($3/$6 USD) - 2017/01/09 19:19:20 ET
Table 'Algunde' 10-max Seat #1 is the button
Seat 1: Zubasa07 ($501.76 in chips)
Seat 2: anebodil ($136.62 in chips)
Zubasa07: posts small blind $1
anebodil: posts big blind $3
*** HOLE CARDS ***
Zubasa07: raises $3 to $6
anebodil: calls $3
*** FLOP *** [Ad 8s 9h]
anebodil: checks
Zubasa07: bets $3
anebodil: calls $3
*** TURN *** [Ad 8s 9h] [8d]
anebodil: bets $6
Zubasa07: folds
Uncalled bet ($6) returned to anebodil
anebodil collected $17.64 from pot
*** SUMMARY ***
Total pot $18 | Rake $0.36
Board [Ad 8s 9h 8d]
Seat 1: Zubasa07 (button) (small blind) folded on the Turn
Seat 2: anebodil (big blind) collected ($17.64)


PokerStars Hand #164324592844:  Hold'em Limit ($3/$6 USD) - 2017/01/09 19:20:04 ET
Table 'Algunde' 10-max Seat #2 is the button
Seat 1: Zubasa07 ($492.76 in chips)
Seat 2: anebodil ($145.26 in chips)
anebodil: posts small blind $1
Zubasa07: posts big blind $3
*** HOLE CARDS ***
anebodil: raises $3 to $6
Zubasa07: raises $3 to $9
anebodil: calls $3
*** FLOP *** [2d 7s 8s]
Great_Kang joins the table at seat #3
Zubasa07: bets $3
anebodil: calls $3
*** TURN *** [2d 7s 8s] [8d]
Zubasa07: bets $6
anebodil: calls $6
*** RIVER *** [2d 7s 8s 8d] [Qh]
Zubasa07: bets $6
anebodil: calls $6
*** SHOW DOWN ***
Zubasa07: shows [Ks Qs] (two pair, Queens and Eights)
anebodil: mucks hand
Zubasa07 collected $47.50 from pot
*** SUMMARY ***
Total pot $48 | Rake $0.50
Board [2d 7s 8s 8d Qh]
Seat 1: Zubasa07 (big blind) showed [Ks Qs] and won ($47.50) with two pair, Queens and Eights
Seat 2: anebodil (button) (small blind) mucked


PokerStars Hand #164324626295:  Hold'em Limit ($3/$6 USD) - 2017/01/09 19:20:52 ET
Table 'Algunde' 10-max Seat #1 is the button
Seat 1: Zubasa07 ($516.26 in chips)
Seat 2: anebodil ($121.26 in chips)
Zubasa07: posts small blind $1
anebodil: posts big blind $3
*** HOLE CARDS ***
Zubasa07: raises $3 to $6
anebodil: calls $3
*** FLOP *** [6h Ah 2s]
anebodil: checks
Zubasa07: bets $3
anebodil: folds
Uncalled bet ($3) returned to Zubasa07
Zubasa07 collected $11.76 from pot
Zubasa07: doesn't show hand
*** SUMMARY ***
Total pot $12 | Rake $0.24
Board [6h Ah 2s]
Seat 1: Zubasa07 (button) (small blind) collected ($11.76)
Seat 2: anebodil (big blind) folded on the Flop


PokerStars Hand #164324725677:  Hold'em Limit ($3/$6 USD) - 2017/01/09 19:23:13 ET
Table 'Algunde' 10-max Seat #2 is the button
Seat 1: Zubasa07 ($556.80 in chips)
Seat 2: anebodil ($94.26 in chips)
anebodil: posts small blind $1
Zubasa07: posts big blind $3
*** HOLE CARDS ***
anebodil: raises $3 to $6
Zubasa07: calls $3
*** FLOP *** [2d 7c 4s]
Zubasa07: checks
anebodil: checks
*** TURN *** [2d 7c 4s] [3d]
Zubasa07: bets $6
anebodil: calls $6
*** RIVER *** [2d 7c 4s 3d] [6c]
Zubasa07: checks
anebodil: checks
*** SHOW DOWN ***
Zubasa07: shows [4c As] (a pair of Fours)
anebodil: mucks hand
Zubasa07 collected $23.52 from pot
*** SUMMARY ***
Total pot $24 | Rake $0.48
Board [2d 7c 4s 3d 6c]
Seat 1: Zubasa07 (big blind) showed [4c As] and won ($23.52) with a pair of Fours
Seat 2: anebodil (button) (small blind) mucked


PokerStars Hand #164324778730:  Hold'em Limit ($3/$6 USD) - 2017/01/09 19:24:28 ET
Table 'Algunde' 10-max Seat #1 is the button
Seat 1: Zubasa07 ($589.82 in chips)
Seat 2: anebodil ($60.26 in chips)
Zubasa07: posts small blind $1
anebodil: posts big blind $3
*** HOLE CARDS ***
Zubasa07: raises $3 to $6
anebodil: calls $3
*** FLOP *** [Jc 8d 5d]
anebodil: checks
Zubasa07: bets $3
anebodil: folds
Uncalled bet ($3) returned to Zubasa07
Zubasa07 collected $11.76 from pot
Zubasa07: doesn't show hand
*** SUMMARY ***
Total pot $12 | Rake $0.24
Board [Jc 8d 5d]
Seat 1: Zubasa07 (button) (small blind) collected ($11.76)
Seat 2: anebodil (big blind) folded on the Flop


PokerStars Hand #164324748370:  Hold'em Limit ($3/$6 USD) - 2017/01/09 19:23:45 ET
Table 'Algunde' 10-max Seat #1 is the button
Seat 1: Zubasa07 ($568.32 in chips)
Seat 2: anebodil ($82.26 in chips)
Zubasa07: posts small blind $1
anebodil: posts big blind $3
*** HOLE CARDS ***
Zubasa07: raises $3 to $6
anebodil: calls $3
*** FLOP *** [7s 9s 9d]
anebodil: checks
Zubasa07: bets $3
anebodil: calls $3
*** TURN *** [7s 9s 9d] [3c]
anebodil: bets $6
Zubasa07: calls $6
*** RIVER *** [7s 9s 9d 3c] [Kh]
anebodil: bets $6
Zubasa07: calls $6
*** SHOW DOWN ***
anebodil: shows [Qd As] (a pair of Nines)
Zubasa07: shows [Ts 3s] (two pair, Nines and Threes)
Zubasa07 collected $41.50 from pot
*** SUMMARY ***
Total pot $42 | Rake $0.50
Board [7s 9s 9d 3c Kh]
Seat 1: Zubasa07 (button) (small blind) showed [Ts 3s] and won ($41.50) with two pair, Nines and Threes
Seat 2: anebodil (big blind) showed [Qd As] and lost with a pair of Nines


PokerStars Hand #164324774969:  Hold'em Limit ($3/$6 USD) - 2017/01/09 19:24:23 ET
Table 'Algunde' 10-max Seat #2 is the button
Seat 1: Zubasa07 ($588.82 in chips)
Seat 2: anebodil ($61.26 in chips)
anebodil: posts small blind $1
Zubasa07: posts big blind $3
*** HOLE CARDS ***
anebodil: folds
Uncalled bet ($2) returned to Zubasa07
Zubasa07 collected $2 from pot
Zubasa07: doesn't show hand
*** SUMMARY ***
Total pot $2 | Rake $0
Seat 1: Zubasa07 (big blind) collected ($2)
Seat 2: anebodil (button) (small blind) folded before Flop


PokerStars Hand #164324803094:  Hold'em Limit ($3/$6 USD) - 2017/01/09 19:25:03 ET
Table 'Algunde' 10-max Seat #1 is the button
Seat 1: Zubasa07 ($571.58 in chips)
Seat 2: anebodil ($77.76 in chips)
Zubasa07: posts small blind $1
anebodil: posts big blind $3
*** HOLE CARDS ***
Zubasa07: raises $3 to $6
anebodil: folds
Uncalled bet ($3) returned to Zubasa07
Zubasa07 collected $6 from pot
Zubasa07: doesn't show hand
*** SUMMARY ***
Total pot $6 | Rake $0
Seat 1: Zubasa07 (button) (small blind) collected ($6)
Seat 2: anebodil (big blind) folded before Flop


PokerStars Hand #164324789519:  Hold'em Limit ($3/$6 USD) - 2017/01/09 19:24:43 ET
Table 'Algunde' 10-max Seat #2 is the button
Seat 1: Zubasa07 ($595.58 in chips)
Seat 2: anebodil ($54.26 in chips)
anebodil: posts small blind $1
Zubasa07: posts big blind $3
*** HOLE CARDS ***
anebodil: raises $3 to $6
Zubasa07: raises $3 to $9
anebodil: calls $3
*** FLOP *** [Ks 2h Td]
Zubasa07: bets $3
anebodil: calls $3
*** TURN *** [Ks 2h Td] [8d]
Zubasa07: bets $6
anebodil: calls $6
*** RIVER *** [Ks 2h Td 8d] [Ts]
Zubasa07: bets $6
anebodil: calls $6
*** SHOW DOWN ***
Zubasa07: shows [4s 5s] (a pair of Tens)
anebodil: shows [Qs 8s] (two pair, Tens and Eights)
anebodil collected $47.50 from pot
*** SUMMARY ***
Total pot $48 | Rake $0.50
Board [Ks 2h Td 8d Ts]
Seat 1: Zubasa07 (big blind) showed [4s 5s] and lost with a pair of Tens
Seat 2: anebodil (button) (small blind) showed [Qs 8s] and won ($47.50) with two pair, Tens and Eights


PokerStars Hand #164324859686:  Hold'em Limit ($3/$6 USD) - 2017/01/09 19:26:24 ET
Table 'Algunde' 10-max Seat #2 is the button
Seat 1: Zubasa07 ($593.10 in chips)
Seat 2: anebodil ($55.76 in chips)
anebodil: posts small blind $1
Zubasa07: posts big blind $3
*** HOLE CARDS ***
anebodil: folds
Uncalled bet ($2) returned to Zubasa07
Zubasa07 collected $2 from pot
Zubasa07: doesn't show hand
*** SUMMARY ***
Total pot $2 | Rake $0
Seat 1: Zubasa07 (big blind) collected ($2)
Seat 2: anebodil (button) (small blind) folded before Flop


PokerStars Hand #164324853179:  Hold'em Limit ($3/$6 USD) - 2017/01/09 19:26:15 ET
Table 'Algunde' 10-max Seat #1 is the button
Seat 1: Zubasa07 ($590.10 in chips)
Seat 2: anebodil ($58.76 in chips)
Zubasa07: posts small blind $1
anebodil: posts big blind $3
*** HOLE CARDS ***
Zubasa07: raises $3 to $6
anebodil: folds
Uncalled bet ($3) returned to Zubasa07
Zubasa07 collected $6 from pot
Zubasa07: doesn't show hand
*** SUMMARY ***
Total pot $6 | Rake $0
Seat 1: Zubasa07 (button) (small blind) collected ($6)
Seat 2: anebodil (big blind) folded before Flop


PokerStars Hand #164324807396:  Hold'em Limit ($3/$6 USD) - 2017/01/09 19:25:09 ET
Table 'Algunde' 10-max Seat #2 is the button
Seat 1: Zubasa07 ($574.58 in chips)
Seat 2: anebodil ($74.76 in chips)
anebodil: posts small blind $1
Zubasa07: posts big blind $3
*** HOLE CARDS ***
anebodil: raises $3 to $6
Zubasa07: calls $3
*** FLOP *** [3s 7d 6c]
Zubasa07: checks
anebodil: checks
*** TURN *** [3s 7d 6c] [Qs]
Zubasa07: checks
anebodil: checks
*** RIVER *** [3s 7d 6c Qs] [6s]
Zubasa07: bets $6
anebodil: calls $6
*** SHOW DOWN ***
Zubasa07: shows [2s Ad] (a pair of Sixes)
anebodil: mucks hand
Zubasa07 collected $23.52 from pot
*** SUMMARY ***
Total pot $24 | Rake $0.48
Board [3s 7d 6c Qs 6s]
Seat 1: Zubasa07 (big blind) showed [2s Ad] and won ($23.52) with a pair of Sixes
Seat 2: anebodil (button) (small blind) mucked


PokerStars Hand #164324849563:  Hold'em Limit ($3/$6 USD) - 2017/01/09 19:26:09 ET
Table 'Algunde' 10-max Seat #2 is the button
Seat 1: Zubasa07 ($589.10 in chips)
Seat 2: anebodil ($59.76 in chips)
anebodil: posts small blind $1
Zubasa07: posts big blind $3
*** HOLE CARDS ***
anebodil: folds
Uncalled bet ($2) returned to Zubasa07
Zubasa07 collected $2 from pot
Zubasa07: doesn't show hand
*** SUMMARY ***
Total pot $2 | Rake $0
Seat 1: Zubasa07 (big blind) collected ($2)
Seat 2: anebodil (button) (small blind) folded before Flop


PokerStars Hand #164324846134:  Hold'em Limit ($3/$6 USD) - 2017/01/09 19:26:04 ET
Table 'Algunde' 10-max Seat #1 is the button
Seat 1: Zubasa07 ($590.10 in chips)
Seat 2: anebodil ($58.76 in chips)
Zubasa07: posts small blind $1
anebodil: posts big blind $3
*** HOLE CARDS ***
Zubasa07: folds
Uncalled bet ($2) returned to anebodil
anebodil collected $2 from pot
*** SUMMARY ***
Total pot $2 | Rake $0
Seat 1: Zubasa07 (button) (small blind) folded before Flop
Seat 2: anebodil (big blind) collected ($2)


PokerStars Hand #164324842442:  Hold'em Limit ($3/$6 USD) - 2017/01/09 19:25:59 ET
Table 'Algunde' 10-max Seat #2 is the button
Seat 1: Zubasa07 ($589.10 in chips)
Seat 2: anebodil ($59.76 in chips)
anebodil: posts small blind $1
Zubasa07: posts big blind $3
*** HOLE CARDS ***
anebodil: folds
Uncalled bet ($2) returned to Zubasa07
Zubasa07 collected $2 from pot
Zubasa07: doesn't show hand
*** SUMMARY ***
Total pot $2 | Rake $0
Seat 1: Zubasa07 (big blind) collected ($2)
Seat 2: anebodil (button) (small blind) folded before Flop


PokerStars Hand #164324838246:  Hold'em Limit ($3/$6 USD) - 2017/01/09 19:25:53 ET
Table 'Algunde' 10-max Seat #1 is the button
Seat 1: Zubasa07 ($586.10 in chips)
Seat 2: anebodil ($62.76 in chips)
Zubasa07: posts small blind $1
anebodil: posts big blind $3
*** HOLE CARDS ***
Zubasa07: raises $3 to $6
anebodil: folds
Uncalled bet ($3) returned to Zubasa07
Zubasa07 collected $6 from pot
Zubasa07: doesn't show hand
*** SUMMARY ***
Total pot $6 | Rake $0
Seat 1: Zubasa07 (button) (small blind) collected ($6)
Seat 2: anebodil (big blind) folded before Flop


PokerStars Hand #164324863415:  Hold'em Limit ($3/$6 USD) - 2017/01/09 19:26:29 ET
Table 'Algunde' 10-max Seat #1 is the button
Seat 1: Zubasa07 ($594.10 in chips)
Seat 2: anebodil ($54.76 in chips)
Zubasa07: posts small blind $1
anebodil: posts big blind $3
*** HOLE CARDS ***
Zubasa07: raises $3 to $6
anebodil: calls $3
*** FLOP *** [As 5c 2d]
anebodil: checks
Zubasa07: bets $3
anebodil: calls $3
*** TURN *** [As 5c 2d] [3c]
anebodil: bets $6
Zubasa07: folds
Uncalled bet ($6) returned to anebodil
anebodil collected $17.64 from pot
*** SUMMARY ***
Total pot $18 | Rake $0.36
Board [As 5c 2d 3c]
Seat 1: Zubasa07 (button) (small blind) folded on the Turn
Seat 2: anebodil (big blind) collected ($17.64)


PokerStars Hand #164325169499:  Hold'em Limit ($3/$6 USD) - 2017/01/09 19:33:47 ET
Table 'Algunde' 10-max Seat #3 is the button
Seat 3: Great_Kang ($126.64 in chips)
Seat 4: WackoJacko13 ($135.84 in chips)
Great_Kang: posts small blind $1
WackoJacko13: posts big blind $3
*** HOLE CARDS ***
Great_Kang: raises $3 to $6
WackoJacko13: folds
Uncalled bet ($3) returned to Great_Kang
Great_Kang collected $6 from pot
Great_Kang: doesn't show hand
*** SUMMARY ***
Total pot $6 | Rake $0
Seat 3: Great_Kang (button) (small blind) collected ($6)
Seat 4: WackoJacko13 (big blind) folded before Flop


PokerStars Hand #164325165892:  Hold'em Limit ($3/$6 USD) - 2017/01/09 19:33:42 ET
Table 'Algunde' 10-max Seat #4 is the button
Seat 3: Great_Kang ($125.64 in chips)
Seat 4: WackoJacko13 ($136.84 in chips)
WackoJacko13: posts small blind $1
Zubasa07: is sitting out
Great_Kang: posts big blind $3
*** HOLE CARDS ***
WackoJacko13: folds
Uncalled bet ($2) returned to Great_Kang
Great_Kang collected $2 from pot
Great_Kang: doesn't show hand
*** SUMMARY ***
Total pot $2 | Rake $0
Seat 3: Great_Kang (big blind) collected ($2)
Seat 4: WackoJacko13 (button) (small blind) folded before Flop


PokerStars Hand #164325173290:  Hold'em Limit ($3/$6 USD) - 2017/01/09 19:33:53 ET
Table 'Algunde' 10-max Seat #4 is the button
Seat 3: Great_Kang ($129.64 in chips)
Seat 4: WackoJacko13 ($132.84 in chips)
WackoJacko13: posts small blind $1
Great_Kang: posts big blind $3
*** HOLE CARDS ***
WackoJacko13: folds
Uncalled bet ($2) returned to Great_Kang
Great_Kang collected $2 from pot
Great_Kang: doesn't show hand
*** SUMMARY ***
Total pot $2 | Rake $0
Seat 3: Great_Kang (big blind) collected ($2)
Seat 4: WackoJacko13 (button) (small blind) folded before Flop


PokerStars Hand #164325176801:  Hold'em Limit ($3/$6 USD) - 2017/01/09 19:33:58 ET
Table 'Algunde' 10-max Seat #3 is the button
Seat 3: Great_Kang ($130.64 in chips)
Seat 4: WackoJacko13 ($131.84 in chips)
Great_Kang: posts small blind $1
WackoJacko13: posts big blind $3
*** HOLE CARDS ***
Great_Kang: raises $3 to $6
WackoJacko13: raises $3 to $9
Great_Kang: calls $3
*** FLOP *** [2s As 2h]
WackoJacko13: bets $3
Great_Kang: folds
Uncalled bet ($3) returned to WackoJacko13
WackoJacko13 collected $17.64 from pot
WackoJacko13: doesn't show hand
*** SUMMARY ***
Total pot $18 | Rake $0.36
Board [2s As 2h]
Seat 3: Great_Kang (button) (small blind) folded on the Flop
Seat 4: WackoJacko13 (big blind) collected ($17.64)


PokerStars Hand #164325194542:  Hold'em Limit ($3/$6 USD) - 2017/01/09 19:34:24 ET
Table 'Algunde' 10-max Seat #4 is the button
Seat 3: Great_Kang ($121.64 in chips)
Seat 4: WackoJacko13 ($140.48 in chips)
WackoJacko13: posts small blind $1
Great_Kang: posts big blind $3
*** HOLE CARDS ***
WackoJacko13: raises $3 to $6
Great_Kang: calls $3
*** FLOP *** [9c 3h 6s]
Great_Kang: checks
WackoJacko13: bets $3
Great_Kang: folds
Uncalled bet ($3) returned to WackoJacko13
WackoJacko13 collected $11.76 from pot
WackoJacko13: doesn't show hand
*** SUMMARY ***
Total pot $12 | Rake $0.24
Board [9c 3h 6s]
Seat 3: Great_Kang (big blind) folded on the Flop
Seat 4: WackoJacko13 (button) (small blind) collected ($11.76)


PokerStars Hand #164325206200:  Hold'em Limit ($3/$6 USD) - 2017/01/09 19:34:41 ET
Table 'Algunde' 10-max Seat #3 is the button
Seat 3: Great_Kang ($120 in chips)
Seat 4: WackoJacko13 ($146.24 in chips)
Great_Kang: posts small blind $1
WackoJacko13: posts big blind $3
*** HOLE CARDS ***
Great_Kang: raises $3 to $6
WackoJacko13: raises $3 to $9
Great_Kang: calls $3
*** FLOP *** [Jc 2c Jd]
WackoJacko13: checks
Great_Kang: bets $3
WackoJacko13: raises $3 to $6
Great_Kang: calls $3
*** TURN *** [Jc 2c Jd] [Kd]
WackoJacko13: bets $6
Great_Kang: calls $6
*** RIVER *** [Jc 2c Jd Kd] [6d]
WackoJacko13: bets $6
Great_Kang: calls $6
*** SHOW DOWN ***
WackoJacko13: shows [8c Th] (a pair of Jacks)
Great_Kang: shows [2d Qh] (two pair, Jacks and Deuces)
Great_Kang collected $53.50 from pot
*** SUMMARY ***
Total pot $54 | Rake $0.50
Board [Jc 2c Jd Kd 6d]
Seat 3: Great_Kang (button) (small blind) showed [2d Qh] and won ($53.50) with two pair, Jacks and Deuces
Seat 4: WackoJacko13 (big blind) showed [8c Th] and lost with a pair of Jacks


PokerStars Hand #164325246324:  Hold'em Limit ($3/$6 USD) - 2017/01/09 19:35:41 ET
Table 'Algunde' 10-max Seat #3 is the button
Seat 3: Great_Kang ($173 in chips)
Seat 4: WackoJacko13 ($92.24 in chips)
Great_Kang: posts small blind $1
WackoJacko13: posts big blind $3
*** HOLE CARDS ***
Great_Kang: raises $3 to $6
WackoJacko13: raises $3 to $9
Great_Kang: calls $3
*** FLOP *** [5c 9h 3h]
WackoJacko13: bets $3
Great_Kang: calls $3
*** TURN *** [5c 9h 3h] [2d]
WackoJacko13: bets $6
Great_Kang: calls $6
*** RIVER *** [5c 9h 3h 2d] [5h]
WackoJacko13: bets $6
Great_Kang: raises $6 to $12
WackoJacko13: calls $6
*** SHOW DOWN ***
Great_Kang: shows [5d 4h] (three of a kind, Fives)
WackoJacko13: mucks hand
Great_Kang collected $59.50 from pot
*** SUMMARY ***
Total pot $60 | Rake $0.50
Board [5c 9h 3h 2d 5h]
Seat 3: Great_Kang (button) (small blind) showed [5d 4h] and won ($59.50) with three of a kind, Fives
Seat 4: WackoJacko13 (big blind) mucked


PokerStars Hand #164325321506:  Hold'em Limit ($3/$6 USD) - 2017/01/09 19:37:32 ET
Table 'Algunde' 10-max Seat #3 is the button
Seat 3: Great_Kang ($195.50 in chips)
Seat 4: WackoJacko13 ($78.86 in chips)
Great_Kang: posts small blind $1
WackoJacko13: posts big blind $3
*** HOLE CARDS ***
Great_Kang: folds
Uncalled bet ($2) returned to WackoJacko13
WackoJacko13 collected $2 from pot
WackoJacko13: doesn't show hand
*** SUMMARY ***
Total pot $2 | Rake $0
Seat 3: Great_Kang (button) (small blind) folded before Flop
Seat 4: WackoJacko13 (big blind) collected ($2)


PokerStars Hand #164325309416:  Hold'em Limit ($3/$6 USD) - 2017/01/09 19:37:14 ET
Table 'Algunde' 10-max Seat #4 is the button
Seat 3: Great_Kang ($198.50 in chips)
Seat 4: WackoJacko13 ($75.98 in chips)
WackoJacko13: posts small blind $1
Zubasa07: is sitting out
Great_Kang: posts big blind $3
*** HOLE CARDS ***
WackoJacko13: calls $2
Zubasa07 leaves the table
Great_Kang: checks
*** FLOP *** [Qc Jh Jd]
Great_Kang: checks
WackoJacko13: checks
*** TURN *** [Qc Jh Jd] [3h]
Great_Kang: checks
WackoJacko13: checks
*** RIVER *** [Qc Jh Jd 3h] [Tc]
Great_Kang: checks
WackoJacko13: checks
*** SHOW DOWN ***
Great_Kang: shows [7s 4c] (a pair of Jacks)
WackoJacko13: shows [8c Kc] (a pair of Jacks - King kicker)
WackoJacko13 collected $5.88 from pot
*** SUMMARY ***
Total pot $6 | Rake $0.12
Board [Qc Jh Jd 3h Tc]
Seat 3: Great_Kang (big blind) showed [7s 4c] and lost with a pair of Jacks
Seat 4: WackoJacko13 (button) (small blind) showed [8c Kc] and won ($5.88) with a pair of Jacks


PokerStars Hand #164325822748:  Hold'em Limit ($3/$6 USD) - 2017/01/09 19:50:17 ET
Table 'Algunde' 10-max Seat #3 is the button
Seat 3: Great_Kang ($274.10 in chips)
Seat 6: RaisemyNut$ ($195.38 in chips)
Great_Kang: posts small blind $1
RaisemyNut$: posts big blind $3
*** HOLE CARDS ***
WackoJacko13 leaves the table
Great_Kang: folds
Uncalled bet ($2) returned to RaisemyNut$
RaisemyNut$ collected $2 from pot
RaisemyNut$: doesn't show hand
*** SUMMARY ***
Total pot $2 | Rake $0
Seat 3: Great_Kang (button) (small blind) folded before Flop
Seat 6: RaisemyNut$ (big blind) collected ($2)


PokerStars Hand #164325817836:  Hold'em Limit ($3/$6 USD) - 2017/01/09 19:50:09 ET
Table 'Algunde' 10-max Seat #6 is the button
Seat 3: Great_Kang ($273.10 in chips)
Seat 6: RaisemyNut$ ($196.38 in chips)
RaisemyNut$: posts small blind $1
Great_Kang: posts big blind $3
*** HOLE CARDS ***
RaisemyNut$: folds
Uncalled bet ($2) returned to Great_Kang
Great_Kang collected $2 from pot
Great_Kang: doesn't show hand
WackoJacko13 said, "luk suk"
*** SUMMARY ***
Total pot $2 | Rake $0
Seat 3: Great_Kang (big blind) collected ($2)
Seat 6: RaisemyNut$ (button) (small blind) folded before Flop


PokerStars Hand #164336680549:  Hold'em Limit ($3/$6 USD) - 2017/01/10 4:16:32 ET
Table 'Algunde' 10-max Seat #5 is the button
Seat 5: alfredg ($66.73 in chips)
Seat 10: sim5sim5 ($153.93 in chips)
alfredg: posts small blind $1
sim5sim5: posts big blind $3
*** HOLE CARDS ***
alfredg: folds
Uncalled bet ($2) returned to sim5sim5
sim5sim5 collected $2 from pot
sim5sim5: doesn't show hand
*** SUMMARY ***
Total pot $2 | Rake $0
Seat 5: alfredg (button) (small blind) folded before Flop
Seat 10: sim5sim5 (big blind) collected ($2)


PokerStars Hand #164336669414:  Hold'em Limit ($3/$6 USD) - 2017/01/10 4:16:00 ET
Table 'Algunde' 10-max Seat #10 is the button
Seat 5: alfredg ($87.73 in chips)
Seat 10: sim5sim5 ($133.43 in chips)
sim5sim5: posts small blind $1
alfredg: posts big blind $3
*** HOLE CARDS ***
sim5sim5: raises $3 to $6
alfredg: calls $3
*** FLOP *** [3s 5c Jc]
alfredg: checks
sim5sim5: bets $3
alfredg: calls $3
*** TURN *** [3s 5c Jc] [Th]
alfredg: checks
sim5sim5: bets $6
alfredg: calls $6
*** RIVER *** [3s 5c Jc Th] [Kh]
alfredg: checks
sim5sim5: bets $6
alfredg: calls $6
*** SHOW DOWN ***
sim5sim5: shows [Ac Ad] (a pair of Aces)
alfredg: mucks hand
sim5sim5 collected $41.50 from pot
*** SUMMARY ***
Total pot $42 | Rake $0.50
Board [3s 5c Jc Th Kh]
Seat 5: alfredg (big blind) mucked
Seat 10: sim5sim5 (button) (small blind) showed [Ac Ad] and won ($41.50) with a pair of Aces


PokerStars Hand #164336762697:  Hold'em Limit ($3/$6 USD) - 2017/01/10 4:20:23 ET
Table 'Algunde' 10-max Seat #10 is the button
Seat 5: alfredg ($72.08 in chips)
Seat 10: sim5sim5 ($100.43 in chips)
sim5sim5: posts small blind $1
alfredg: posts big blind $3
*** HOLE CARDS ***
sim5sim5: raises $3 to $6
alfredg: calls $3
*** FLOP *** [As Jc 8s]
alfredg: checks
sim5sim5: bets $3
alfredg: folds
Uncalled bet ($3) returned to sim5sim5
sim5sim5 collected $11.76 from pot
sim5sim5: doesn't show hand
*** SUMMARY ***
Total pot $12 | Rake $0.24
Board [As Jc 8s]
Seat 5: alfredg (big blind) folded on the Flop
Seat 10: sim5sim5 (button) (small blind) collected ($11.76)


PokerStars Hand #164336767298:  Hold'em Limit ($3/$6 USD) - 2017/01/10 4:20:36 ET
Table 'Algunde' 10-max Seat #5 is the button
Seat 5: alfredg ($66.08 in chips)
Seat 10: sim5sim5 ($106.19 in chips)
alfredg: posts small blind $1
sim5sim5: posts big blind $3
*** HOLE CARDS ***
alfredg: raises $3 to $6
sim5sim5: raises $3 to $9
alfredg: calls $3
*** FLOP *** [Td 5s 5d]
sim5sim5: bets $3
alfredg: calls $3
*** TURN *** [Td 5s 5d] [Qd]
sim5sim5: bets $6
alfredg: raises $6 to $12
sim5sim5: calls $6
*** RIVER *** [Td 5s 5d Qd] [4s]
sim5sim5: checks
alfredg: bets $6
sim5sim5: calls $6
*** SHOW DOWN ***
alfredg: shows [Qh 9d] (two pair, Queens and Fives)
sim5sim5: mucks hand
alfredg collected $59.50 from pot
*** SUMMARY ***
Total pot $60 | Rake $0.50
Board [Td 5s 5d Qd 4s]
Seat 5: alfredg (button) (small blind) showed [Qh 9d] and won ($59.50) with two pair, Queens and Fives
Seat 10: sim5sim5 (big blind) mucked


PokerStars Hand #164336785066:  Hold'em Limit ($3/$6 USD) - 2017/01/10 4:21:25 ET
Table 'Algunde' 10-max Seat #5 is the button
Seat 5: alfredg ($104.22 in chips)
Seat 10: sim5sim5 ($72 in chips)
alfredg: posts small blind $1
sim5sim5: posts big blind $3
*** HOLE CARDS ***
alfredg: raises $3 to $6
sim5sim5: calls $3
*** FLOP *** [5d 7d 9s]
sim5sim5: checks
alfredg: bets $3
sim5sim5: calls $3
*** TURN *** [5d 7d 9s] [Qd]
sim5sim5: checks
alfredg: bets $6
sim5sim5: calls $6
*** RIVER *** [5d 7d 9s Qd] [2h]
sim5sim5: checks
alfredg: bets $6
sim5sim5: calls $6
*** SHOW DOWN ***
alfredg: shows [Ad 7s] (a pair of Sevens)
sim5sim5: mucks hand
alfredg collected $41.50 from pot
*** SUMMARY ***
Total pot $42 | Rake $0.50
Board [5d 7d 9s Qd 2h]
Seat 5: alfredg (button) (small blind) showed [Ad 7s] and won ($41.50) with a pair of Sevens
Seat 10: sim5sim5 (big blind) mucked


PokerStars Hand #164336796790:  Hold'em Limit ($3/$6 USD) - 2017/01/10 4:21:57 ET
Table 'Algunde' 10-max Seat #10 is the button
Seat 5: alfredg ($124.72 in chips)
Seat 10: sim5sim5 ($72 in chips)
sim5sim5: posts small blind $1
alfredg: posts big blind $3
*** HOLE CARDS ***
sim5sim5: folds
Uncalled bet ($2) returned to alfredg
alfredg collected $2 from pot
alfredg: doesn't show hand
*** SUMMARY ***
Total pot $2 | Rake $0
Seat 5: alfredg (big blind) collected ($2)
Seat 10: sim5sim5 (button) (small blind) folded before Flop


PokerStars Hand #164336777920:  Hold'em Limit ($3/$6 USD) - 2017/01/10 4:21:05 ET
Table 'Algunde' 10-max Seat #10 is the button
Seat 5: alfredg ($95.58 in chips)
Seat 10: sim5sim5 ($76.19 in chips)
sim5sim5: posts small blind $1
alfredg: posts big blind $3
*** HOLE CARDS ***
sim5sim5: raises $3 to $6
alfredg: calls $3
*** FLOP *** [2h 6s 3h]
alfredg: checks
sim5sim5: bets $3
alfredg: calls $3
*** TURN *** [2h 6s 3h] [4s]
alfredg: checks
sim5sim5: checks
*** RIVER *** [2h 6s 3h 4s] [9s]
alfredg: bets $6
sim5sim5: folds
Uncalled bet ($6) returned to alfredg
alfredg collected $17.64 from pot
alfredg: doesn't show hand
*** SUMMARY ***
Total pot $18 | Rake $0.36
Board [2h 6s 3h 4s 9s]
Seat 5: alfredg (big blind) collected ($17.64)
Seat 10: sim5sim5 (button) (small blind) folded on the River


PokerStars Hand #164336806138:  Hold'em Limit ($3/$6 USD) - 2017/01/10 4:22:23 ET
Table 'Algunde' 10-max Seat #10 is the button
Seat 5: alfredg ($116.72 in chips)
Seat 10: sim5sim5 ($80.64 in chips)
RockKillerTY joins the table at seat #6
sim5sim5: posts small blind $1
alfredg: posts big blind $3
*** HOLE CARDS ***
sim5sim5: raises $3 to $6
alfredg: folds
Uncalled bet ($3) returned to sim5sim5
sim5sim5 collected $6 from pot
sim5sim5: doesn't show hand
*** SUMMARY ***
Total pot $6 | Rake $0
Seat 5: alfredg (big blind) folded before Flop
Seat 10: sim5sim5 (button) (small blind) collected ($6)


PokerStars Hand #164336798899:  Hold'em Limit ($3/$6 USD) - 2017/01/10 4:22:03 ET
Table 'Algunde' 10-max Seat #5 is the button
Seat 5: alfredg ($125.72 in chips)
Seat 10: sim5sim5 ($72 in chips)
alfredg: posts small blind $1
sim5sim5: posts big blind $3
*** HOLE CARDS ***
alfredg: calls $2
sim5sim5: checks
*** FLOP *** [Kd 2d 9h]
sim5sim5: checks
alfredg: checks
*** TURN *** [Kd 2d 9h] [9c]
sim5sim5: bets $6
alfredg: calls $6
*** RIVER *** [Kd 2d 9h 9c] [5h]
sim5sim5: bets $6
alfredg: folds
Uncalled bet ($6) returned to sim5sim5
sim5sim5 collected $17.64 from pot
sim5sim5: doesn't show hand
*** SUMMARY ***
Total pot $18 | Rake $0.36
Board [Kd 2d 9h 9c 5h]
Seat 5: alfredg (button) (small blind) folded on the River
Seat 10: sim5sim5 (big blind) collected ($17.64)


PokerStars Hand #164336998073:  Hold'em Limit ($3/$6 USD) - 2017/01/10 4:30:55 ET
Table 'Algunde' 10-max Seat #6 is the button
Seat 5: alfredg ($59.72 in chips)
Seat 6: RockKillerTY ($197.86 in chips)
RockKillerTY: posts small blind $1
Speed2008: is sitting out
alfredg: posts big blind $3
*** HOLE CARDS ***
RockKillerTY: raises $3 to $6
alfredg: calls $3
*** FLOP *** [8d Qc Td]
alfredg: checks
RockKillerTY: bets $3
alfredg: raises $3 to $6
RockKillerTY: calls $3
*** TURN *** [8d Qc Td] [9d]
alfredg: bets $6
RockKillerTY: calls $6
*** RIVER *** [8d Qc Td 9d] [Ts]
Speed2008 leaves the table
alfredg: bets $6
RockKillerTY: calls $6
*** SHOW DOWN ***
alfredg: shows [3s Qd] (two pair, Queens and Tens)
RockKillerTY: shows [Ad Tc] (three of a kind, Tens)
RockKillerTY collected $47.50 from pot
*** SUMMARY ***
Total pot $48 | Rake $0.50
Board [8d Qc Td 9d Ts]
Seat 5: alfredg (big blind) showed [3s Qd] and lost with two pair, Queens and Tens
Seat 6: RockKillerTY (button) (small blind) showed [Ad Tc] and won ($47.50) with three of a kind, Tens


PokerStars Hand #164337013658:  Hold'em Limit ($3/$6 USD) - 2017/01/10 4:31:37 ET
Table 'Algunde' 10-max Seat #6 is the button
Seat 5: alfredg ($34.72 in chips)
Seat 6: RockKillerTY ($222.36 in chips)
RockKillerTY: posts small blind $1
alfredg: posts big blind $3
*** HOLE CARDS ***
RockKillerTY: folds
Uncalled bet ($2) returned to alfredg
alfredg collected $2 from pot
alfredg: doesn't show hand
*** SUMMARY ***
Total pot $2 | Rake $0
Seat 5: alfredg (big blind) collected ($2)
Seat 6: RockKillerTY (button) (small blind) folded before Flop


PokerStars Hand #164337015497:  Hold'em Limit ($3/$6 USD) - 2017/01/10 4:31:42 ET
Table 'Algunde' 10-max Seat #5 is the button
Seat 5: alfredg ($35.72 in chips)
Seat 6: RockKillerTY ($221.36 in chips)
alfredg: posts small blind $1
RockKillerTY: posts big blind $3
*** HOLE CARDS ***
alfredg: calls $2
RockKillerTY: raises $3 to $6
sushini2 joins the table at seat #7
alfredg: calls $3
*** FLOP *** [5c 4d Kh]
RockKillerTY: bets $3
alfredg: folds
Uncalled bet ($3) returned to RockKillerTY
RockKillerTY collected $11.76 from pot
RockKillerTY: doesn't show hand
*** SUMMARY ***
Total pot $12 | Rake $0.24
Board [5c 4d Kh]
Seat 5: alfredg (button) (small blind) folded on the Flop
Seat 6: RockKillerTY (big blind) collected ($11.76)


PokerStars Hand #164337011434:  Hold'em Limit ($3/$6 USD) - 2017/01/10 4:31:31 ET
Table 'Algunde' 10-max Seat #5 is the button
Seat 5: alfredg ($35.72 in chips)
Seat 6: RockKillerTY ($221.36 in chips)
alfredg: posts small blind $1
RockKillerTY: posts big blind $3
*** HOLE CARDS ***
alfredg: folds
Uncalled bet ($2) returned to RockKillerTY
RockKillerTY collected $2 from pot
RockKillerTY: doesn't show hand
*** SUMMARY ***
Total pot $2 | Rake $0
Seat 5: alfredg (button) (small blind) folded before Flop
Seat 6: RockKillerTY (big blind) collected ($2)


