PokerStars Hand #168492003697:  Hold'em Limit ($3/$6 USD) - 2017/04/02 17:27:03 ET
Table 'Algunde' 6-max Seat #1 is the button
Seat 1: garry67677 ($70.64 in chips)
Seat 2: TbIP-TbIP 88 ($80.50 in chips)
garry67677: posts small blind $1
TbIP-TbIP 88: posts big blind $3
*** HOLE CARDS ***
garry67677: raises $3 to $6
TbIP-TbIP 88: calls $3
*** FLOP *** [Qs 4d Qd]
TbIP-TbIP 88: checks
garry67677: bets $3
TbIP-TbIP 88: calls $3
*** TURN *** [Qs 4d Qd] [9d]
TbIP-TbIP 88: checks
garry67677: bets $6
TbIP-TbIP 88: calls $6
*** RIVER *** [Qs 4d Qd 9d] [2s]
TbIP-TbIP 88: checks
garry67677: bets $6
TbIP-TbIP 88: folds
Uncalled bet ($6) returned to garry67677
garry67677 collected $29.50 from pot
garry67677: doesn't show hand
*** SUMMARY ***
Total pot $30 | Rake $0.50
Board [Qs 4d Qd 9d 2s]
Seat 1: garry67677 (button) (small blind) collected ($29.50)
Seat 2: TbIP-TbIP 88 (big blind) folded on the River


PokerStars Hand #168491988419:  Hold'em Limit ($3/$6 USD) - 2017/04/02 17:26:47 ET
Table 'Algunde' 6-max Seat #2 is the button
Seat 1: garry67677 ($62 in chips)
Seat 2: TbIP-TbIP 88 ($89.50 in chips)
TbIP-TbIP 88: posts small blind $1
garry67677: posts big blind $3
*** HOLE CARDS ***
TbIP-TbIP 88: raises $3 to $6
garry67677: raises $3 to $9
TbIP-TbIP 88: calls $3
*** FLOP *** [Ad 6s 6h]
garry67677: bets $3
TbIP-TbIP 88: folds
Uncalled bet ($3) returned to garry67677
garry67677 collected $17.64 from pot
garry67677: doesn't show hand
*** SUMMARY ***
Total pot $18 | Rake $0.36
Board [Ad 6s 6h]
Seat 1: garry67677 (big blind) collected ($17.64)
Seat 2: TbIP-TbIP 88 (button) (small blind) folded on the Flop


PokerStars Hand #168491968266:  Hold'em Limit ($3/$6 USD) - 2017/04/02 17:26:27 ET
Table 'Algunde' 6-max Seat #1 is the button
Seat 1: garry67677 ($80 in chips)
Seat 2: TbIP-TbIP 88 ($72 in chips)
garry67677: posts small blind $1
TbIP-TbIP 88: posts big blind $3
*** HOLE CARDS ***
garry67677: raises $3 to $6
TbIP-TbIP 88: calls $3
*** FLOP *** [9c 5s 7c]
TbIP-TbIP 88: checks
garry67677: checks
*** TURN *** [9c 5s 7c] [7s]
TbIP-TbIP 88: bets $6
garry67677: calls $6
*** RIVER *** [9c 5s 7c 7s] [5d]
TbIP-TbIP 88: bets $6
garry67677: calls $6
*** SHOW DOWN ***
TbIP-TbIP 88: shows [8h 9s] (two pair, Nines and Sevens)
garry67677: mucks hand
TbIP-TbIP 88 collected $35.50 from pot
*** SUMMARY ***
Total pot $36 | Rake $0.50
Board [9c 5s 7c 7s 5d]
Seat 1: garry67677 (button) (small blind) mucked
Seat 2: TbIP-TbIP 88 (big blind) showed [8h 9s] and won ($35.50) with two pair, Nines and Sevens


PokerStars Hand #168492064078:  Hold'em Limit ($3/$6 USD) - 2017/04/02 17:28:04 ET
Table 'Algunde' 6-max Seat #1 is the button
Seat 1: garry67677 ($111.64 in chips)
Seat 2: TbIP-TbIP 88 ($72 in chips)
garry67677 is disconnected
garry67677 is connected
garry67677: posts small blind $1
TbIP-TbIP 88: posts big blind $3
*** HOLE CARDS ***
garry67677: folds
Uncalled bet ($2) returned to TbIP-TbIP 88
TbIP-TbIP 88 collected $2 from pot
TbIP-TbIP 88: doesn't show hand
*** SUMMARY ***
Total pot $2 | Rake $0
Seat 1: garry67677 (button) (small blind) folded before Flop
Seat 2: TbIP-TbIP 88 (big blind) collected ($2)


PokerStars Hand #168492023382:  Hold'em Limit ($3/$6 USD) - 2017/04/02 17:27:23 ET
Table 'Algunde' 6-max Seat #2 is the button
Seat 1: garry67677 ($85.14 in chips)
Seat 2: TbIP-TbIP 88 ($72 in chips)
TbIP-TbIP 88: posts small blind $1
garry67677: posts big blind $3
*** HOLE CARDS ***
TbIP-TbIP 88: raises $3 to $6
garry67677: calls $3
*** FLOP *** [9h 5s Qs]
garry67677: checks
TbIP-TbIP 88: bets $3
garry67677: calls $3
*** TURN *** [9h 5s Qs] [Js]
garry67677: checks
TbIP-TbIP 88: bets $6
garry67677: raises $6 to $12
TbIP-TbIP 88: calls $6
*** RIVER *** [9h 5s Qs Js] [Qh]
garry67677: bets $6
TbIP-TbIP 88: calls $6
*** SHOW DOWN ***
garry67677: shows [Th Qd] (three of a kind, Queens)
TbIP-TbIP 88: mucks hand
garry67677 collected $53.50 from pot
*** SUMMARY ***
Total pot $54 | Rake $0.50
Board [9h 5s Qs Js Qh]
Seat 1: garry67677 (big blind) showed [Th Qd] and won ($53.50) with three of a kind, Queens
Seat 2: TbIP-TbIP 88 (button) (small blind) mucked


PokerStars Hand #168492120576:  Hold'em Limit ($3/$6 USD) - 2017/04/02 17:29:02 ET
Table 'Algunde' 6-max Seat #1 is the button
Seat 1: garry67677 ($119.28 in chips)
Seat 2: TbIP-TbIP 88 ($72 in chips)
garry67677: posts small blind $1
TbIP-TbIP 88: posts big blind $3
*** HOLE CARDS ***
garry67677: calls $2
TbIP-TbIP 88: raises $3 to $6
garry67677: calls $3
*** FLOP *** [2d 3d 2s]
TbIP-TbIP 88: bets $3
garry67677: calls $3
*** TURN *** [2d 3d 2s] [8s]
TbIP-TbIP 88: checks
garry67677: checks
*** RIVER *** [2d 3d 2s 8s] [8c]
TbIP-TbIP 88: bets $6
garry67677: calls $6
*** SHOW DOWN ***
TbIP-TbIP 88: shows [Th Ad] (two pair, Eights and Deuces)
garry67677: shows [4d As] (two pair, Eights and Deuces)
TbIP-TbIP 88 collected $14.75 from pot
garry67677 collected $14.75 from pot
*** SUMMARY ***
Total pot $30 | Rake $0.50
Board [2d 3d 2s 8s 8c]
Seat 1: garry67677 (button) (small blind) showed [4d As] and won ($14.75) with two pair, Eights and Deuces
Seat 2: TbIP-TbIP 88 (big blind) showed [Th Ad] and won ($14.75) with two pair, Eights and Deuces


PokerStars Hand #168492089070:  Hold'em Limit ($3/$6 USD) - 2017/04/02 17:28:30 ET
Table 'Algunde' 6-max Seat #2 is the button
Seat 1: garry67677 ($110.64 in chips)
Seat 2: TbIP-TbIP 88 ($73 in chips)
TbIP-TbIP 88: posts small blind $1
garry67677: posts big blind $3
*** HOLE CARDS ***
TbIP-TbIP 88: raises $3 to $6
garry67677: calls $3
*** FLOP *** [5h Kd 3h]
garry67677: checks
TbIP-TbIP 88: bets $3
garry67677: calls $3
*** TURN *** [5h Kd 3h] [4d]
garry67677: checks
TbIP-TbIP 88: checks
*** RIVER *** [5h Kd 3h 4d] [Ad]
garry67677: bets $6
TbIP-TbIP 88: folds
Uncalled bet ($6) returned to garry67677
garry67677 collected $17.64 from pot
garry67677: doesn't show hand
*** SUMMARY ***
Total pot $18 | Rake $0.36
Board [5h Kd 3h 4d Ad]
Seat 1: garry67677 (big blind) collected ($17.64)
Seat 2: TbIP-TbIP 88 (button) (small blind) folded on the River


PokerStars Hand #168492195191:  Hold'em Limit ($3/$6 USD) - 2017/04/02 17:30:18 ET
Table 'Algunde' 6-max Seat #1 is the button
Seat 1: garry67677 ($123.54 in chips)
Seat 2: TbIP-TbIP 88 ($72 in chips)
garry67677: posts small blind $1
TbIP-TbIP 88: posts big blind $3
*** HOLE CARDS ***
garry67677: calls $2
TbIP-TbIP 88: raises $3 to $6
garry67677: calls $3
*** FLOP *** [Kc Kd Tc]
TbIP-TbIP 88: bets $3
garry67677: raises $3 to $6
TbIP-TbIP 88: calls $3
*** TURN *** [Kc Kd Tc] [Ks]
TbIP-TbIP 88: checks
garry67677: bets $6
TbIP-TbIP 88: calls $6
*** RIVER *** [Kc Kd Tc Ks] [8c]
TbIP-TbIP 88: bets $6
garry67677: calls $6
*** SHOW DOWN ***
TbIP-TbIP 88: shows [6d Td] (a full house, Kings full of Tens)
garry67677: mucks hand
TbIP-TbIP 88 collected $47.50 from pot
*** SUMMARY ***
Total pot $48 | Rake $0.50
Board [Kc Kd Tc Ks 8c]
Seat 1: garry67677 (button) (small blind) mucked
Seat 2: TbIP-TbIP 88 (big blind) showed [6d Td] and won ($47.50) with a full house, Kings full of Tens


PokerStars Hand #168492174155:  Hold'em Limit ($3/$6 USD) - 2017/04/02 17:29:57 ET
Table 'Algunde' 6-max Seat #2 is the button
Seat 1: garry67677 ($117.78 in chips)
Seat 2: TbIP-TbIP 88 ($73 in chips)
TbIP-TbIP 88: posts small blind $1
garry67677: posts big blind $3
*** HOLE CARDS ***
TbIP-TbIP 88: raises $3 to $6
garry67677: calls $3
*** FLOP *** [9s 7d 6c]
garry67677: checks
TbIP-TbIP 88: checks
*** TURN *** [9s 7d 6c] [8c]
garry67677: bets $6
TbIP-TbIP 88: folds
Uncalled bet ($6) returned to garry67677
garry67677 collected $11.76 from pot
garry67677: doesn't show hand
*** SUMMARY ***
Total pot $12 | Rake $0.24
Board [9s 7d 6c 8c]
Seat 1: garry67677 (big blind) collected ($11.76)
Seat 2: TbIP-TbIP 88 (button) (small blind) folded on the Turn


PokerStars Hand #168492169526:  Hold'em Limit ($3/$6 USD) - 2017/04/02 17:29:52 ET
Table 'Algunde' 6-max Seat #1 is the button
Seat 1: garry67677 ($118.78 in chips)
Seat 2: TbIP-TbIP 88 ($72 in chips)
garry67677: posts small blind $1
TbIP-TbIP 88: posts big blind $3
*** HOLE CARDS ***
garry67677: folds
Uncalled bet ($2) returned to TbIP-TbIP 88
TbIP-TbIP 88 collected $2 from pot
TbIP-TbIP 88: doesn't show hand
*** SUMMARY ***
Total pot $2 | Rake $0
Seat 1: garry67677 (button) (small blind) folded before Flop
Seat 2: TbIP-TbIP 88 (big blind) collected ($2)


PokerStars Hand #168492140109:  Hold'em Limit ($3/$6 USD) - 2017/04/02 17:29:22 ET
Table 'Algunde' 6-max Seat #2 is the button
Seat 1: garry67677 ($119.03 in chips)
Seat 2: TbIP-TbIP 88 ($72 in chips)
TbIP-TbIP 88: posts small blind $1
garry67677: posts big blind $3
*** HOLE CARDS ***
TbIP-TbIP 88: raises $3 to $6
garry67677: calls $3
*** FLOP *** [Qh 8h 5c]
garry67677: checks
TbIP-TbIP 88: bets $3
garry67677: calls $3
*** TURN *** [Qh 8h 5c] [Ah]
garry67677: checks
TbIP-TbIP 88: bets $6
garry67677: raises $6 to $12
TbIP-TbIP 88: calls $6
*** RIVER *** [Qh 8h 5c Ah] [Ac]
garry67677: checks
TbIP-TbIP 88: checks
*** SHOW DOWN ***
garry67677: shows [Qs 8c] (two pair, Aces and Queens)
TbIP-TbIP 88: shows [5s Qc] (two pair, Aces and Queens)
garry67677 collected $20.75 from pot
TbIP-TbIP 88 collected $20.75 from pot
*** SUMMARY ***
Total pot $42 | Rake $0.50
Board [Qh 8h 5c Ah Ac]
Seat 1: garry67677 (big blind) showed [Qs 8c] and won ($20.75) with two pair, Aces and Queens
Seat 2: TbIP-TbIP 88 (button) (small blind) showed [5s Qc] and won ($20.75) with two pair, Aces and Queens


PokerStars Hand #168492256364:  Hold'em Limit ($3/$6 USD) - 2017/04/02 17:31:21 ET
Table 'Algunde' 6-max Seat #2 is the button
Seat 1: garry67677 ($102.18 in chips)
Seat 2: TbIP-TbIP 88 ($92.26 in chips)
TbIP-TbIP 88: posts small blind $1
garry67677: posts big blind $3
*** HOLE CARDS ***
TbIP-TbIP 88: raises $3 to $6
garry67677: calls $3
*** FLOP *** [4h Ks 9s]
garry67677: checks
TbIP-TbIP 88: bets $3
garry67677: calls $3
*** TURN *** [4h Ks 9s] [8s]
garry67677: checks
TbIP-TbIP 88: bets $6
garry67677: raises $6 to $12
TbIP-TbIP 88: calls $6
*** RIVER *** [4h Ks 9s 8s] [3s]
garry67677: bets $6
TbIP-TbIP 88: calls $6
*** SHOW DOWN ***
garry67677: shows [5d Kh] (a pair of Kings)
TbIP-TbIP 88: shows [9c Kc] (two pair, Kings and Nines)
TbIP-TbIP 88 collected $53.50 from pot
*** SUMMARY ***
Total pot $54 | Rake $0.50
Board [4h Ks 9s 8s 3s]
Seat 1: garry67677 (big blind) showed [5d Kh] and lost with a pair of Kings
Seat 2: TbIP-TbIP 88 (button) (small blind) showed [9c Kc] and won ($53.50) with two pair, Kings and Nines


PokerStars Hand #168492233643:  Hold'em Limit ($3/$6 USD) - 2017/04/02 17:30:58 ET
Table 'Algunde' 6-max Seat #1 is the button
Seat 1: garry67677 ($93.54 in chips)
Seat 2: TbIP-TbIP 88 ($101.26 in chips)
garry67677: posts small blind $1
TbIP-TbIP 88: posts big blind $3
*** HOLE CARDS ***
garry67677: raises $3 to $6
TbIP-TbIP 88: calls $3
*** FLOP *** [9s 9c 4c]
TbIP-TbIP 88: checks
garry67677: bets $3
TbIP-TbIP 88: calls $3
*** TURN *** [9s 9c 4c] [2s]
TbIP-TbIP 88: checks
garry67677: checks
*** RIVER *** [9s 9c 4c 2s] [As]
TbIP-TbIP 88: checks
garry67677: checks
*** SHOW DOWN ***
TbIP-TbIP 88: shows [Jd Qh] (a pair of Nines)
garry67677: shows [6h Ks] (a pair of Nines - Ace+King kicker)
garry67677 collected $17.64 from pot
*** SUMMARY ***
Total pot $18 | Rake $0.36
Board [9s 9c 4c 2s As]
Seat 1: garry67677 (button) (small blind) showed [6h Ks] and won ($17.64) with a pair of Nines
Seat 2: TbIP-TbIP 88 (big blind) showed [Jd Qh] and lost with a pair of Nines


PokerStars Hand #168492215328:  Hold'em Limit ($3/$6 USD) - 2017/04/02 17:30:39 ET
Table 'Algunde' 6-max Seat #2 is the button
Seat 1: garry67677 ($99.54 in chips)
Seat 2: TbIP-TbIP 88 ($95.50 in chips)
TbIP-TbIP 88: posts small blind $1
garry67677: posts big blind $3
*** HOLE CARDS ***
TbIP-TbIP 88: raises $3 to $6
garry67677: calls $3
*** FLOP *** [Qd 3s Ah]
garry67677: checks
TbIP-TbIP 88: bets $3
garry67677: folds
Uncalled bet ($3) returned to TbIP-TbIP 88
TbIP-TbIP 88 collected $11.76 from pot
TbIP-TbIP 88: doesn't show hand
*** SUMMARY ***
Total pot $12 | Rake $0.24
Board [Qd 3s Ah]
Seat 1: garry67677 (big blind) folded on the Flop
Seat 2: TbIP-TbIP 88 (button) (small blind) collected ($11.76)


PokerStars Hand #168492309280:  Hold'em Limit ($3/$6 USD) - 2017/04/02 17:32:15 ET
Table 'Algunde' 6-max Seat #1 is the button
Seat 1: garry67677 ($75.06 in chips)
Seat 2: TbIP-TbIP 88 ($118.76 in chips)
garry67677: posts small blind $1
TbIP-TbIP 88: posts big blind $3
*** HOLE CARDS ***
garry67677: calls $2
TbIP-TbIP 88: raises $3 to $6
garry67677: calls $3
*** FLOP *** [8h 2c 3s]
TbIP-TbIP 88: bets $3
garry67677: calls $3
*** TURN *** [8h 2c 3s] [7c]
TbIP-TbIP 88: checks
garry67677: bets $6
TbIP-TbIP 88: calls $6
*** RIVER *** [8h 2c 3s 7c] [9s]
TbIP-TbIP 88: checks
garry67677: bets $6
TbIP-TbIP 88: calls $6
*** SHOW DOWN ***
garry67677: shows [9c 7h] (two pair, Nines and Sevens)
TbIP-TbIP 88: mucks hand
garry67677 collected $41.50 from pot
*** SUMMARY ***
Total pot $42 | Rake $0.50
Board [8h 2c 3s 7c 9s]
Seat 1: garry67677 (button) (small blind) showed [9c 7h] and won ($41.50) with two pair, Nines and Sevens
Seat 2: TbIP-TbIP 88 (big blind) mucked


PokerStars Hand #168492301703:  Hold'em Limit ($3/$6 USD) - 2017/04/02 17:32:08 ET
Table 'Algunde' 6-max Seat #2 is the button
Seat 1: garry67677 ($78.06 in chips)
Seat 2: TbIP-TbIP 88 ($115.76 in chips)
TbIP-TbIP 88: posts small blind $1
garry67677: posts big blind $3
*** HOLE CARDS ***
TbIP-TbIP 88: raises $3 to $6
garry67677: folds
Uncalled bet ($3) returned to TbIP-TbIP 88
TbIP-TbIP 88 collected $6 from pot
TbIP-TbIP 88: doesn't show hand
*** SUMMARY ***
Total pot $6 | Rake $0
Seat 1: garry67677 (big blind) folded before Flop
Seat 2: TbIP-TbIP 88 (button) (small blind) collected ($6)


PokerStars Hand #168492275429:  Hold'em Limit ($3/$6 USD) - 2017/04/02 17:31:41 ET
Table 'Algunde' 6-max Seat #1 is the button
Seat 1: garry67677 ($75.18 in chips)
Seat 2: TbIP-TbIP 88 ($118.76 in chips)
garry67677: posts small blind $1
TbIP-TbIP 88: posts big blind $3
*** HOLE CARDS ***
garry67677: calls $2
TbIP-TbIP 88: checks
*** FLOP *** [Jh 7c Kh]
TbIP-TbIP 88: checks
garry67677: checks
*** TURN *** [Jh 7c Kh] [6s]
TbIP-TbIP 88: checks
garry67677: bets $6
TbIP-TbIP 88: folds
Uncalled bet ($6) returned to garry67677
garry67677 collected $5.88 from pot
garry67677: doesn't show hand
*** SUMMARY ***
Total pot $6 | Rake $0.12
Board [Jh 7c Kh 6s]
Seat 1: garry67677 (button) (small blind) collected ($5.88)
Seat 2: TbIP-TbIP 88 (big blind) folded on the Turn


PokerStars Hand #168492383140:  Hold'em Limit ($3/$6 USD) - 2017/04/02 17:33:32 ET
Table 'Algunde' 6-max Seat #2 is the button
Seat 1: garry67677 ($71.56 in chips)
Seat 2: TbIP-TbIP 88 ($120.90 in chips)
TbIP-TbIP 88: posts small blind $1
garry67677: posts big blind $3
*** HOLE CARDS ***
krytalex joins the table at seat #3
TbIP-TbIP 88: folds
Uncalled bet ($2) returned to garry67677
garry67677 collected $2 from pot
garry67677: doesn't show hand
*** SUMMARY ***
Total pot $2 | Rake $0
Seat 1: garry67677 (big blind) collected ($2)
Seat 2: TbIP-TbIP 88 (button) (small blind) folded before Flop


PokerStars Hand #168492363823:  Hold'em Limit ($3/$6 USD) - 2017/04/02 17:33:12 ET
Table 'Algunde' 6-max Seat #1 is the button
Seat 1: garry67677 ($86.56 in chips)
Seat 2: TbIP-TbIP 88 ($106.40 in chips)
garry67677: posts small blind $1
TbIP-TbIP 88: posts big blind $3
*** HOLE CARDS ***
garry67677: raises $3 to $6
TbIP-TbIP 88: calls $3
*** FLOP *** [Kc 5h Jc]
TbIP-TbIP 88: checks
garry67677: bets $3
TbIP-TbIP 88: calls $3
*** TURN *** [Kc 5h Jc] [9h]
TbIP-TbIP 88: checks
garry67677: checks
*** RIVER *** [Kc 5h Jc 9h] [9c]
TbIP-TbIP 88: bets $6
garry67677: calls $6
*** SHOW DOWN ***
TbIP-TbIP 88: shows [9d Qh] (three of a kind, Nines)
garry67677: mucks hand
TbIP-TbIP 88 collected $29.50 from pot
*** SUMMARY ***
Total pot $30 | Rake $0.50
Board [Kc 5h Jc 9h 9c]
Seat 1: garry67677 (button) (small blind) mucked
Seat 2: TbIP-TbIP 88 (big blind) showed [9d Qh] and won ($29.50) with three of a kind, Nines


PokerStars Hand #168492333185:  Hold'em Limit ($3/$6 USD) - 2017/04/02 17:32:40 ET
Table 'Algunde' 6-max Seat #2 is the button
Seat 1: garry67677 ($95.56 in chips)
Seat 2: TbIP-TbIP 88 ($97.76 in chips)
TbIP-TbIP 88: posts small blind $1
garry67677: posts big blind $3
*** HOLE CARDS ***
TbIP-TbIP 88: raises $3 to $6
garry67677: calls $3
*** FLOP *** [5c 6c 4h]
garry67677: checks
TbIP-TbIP 88: bets $3
garry67677: calls $3
*** TURN *** [5c 6c 4h] [4s]
garry67677: checks
TbIP-TbIP 88: bets $6
garry67677: folds
Uncalled bet ($6) returned to TbIP-TbIP 88
TbIP-TbIP 88 collected $17.64 from pot
TbIP-TbIP 88: doesn't show hand
*** SUMMARY ***
Total pot $18 | Rake $0.36
Board [5c 6c 4h 4s]
Seat 1: garry67677 (big blind) folded on the Turn
Seat 2: TbIP-TbIP 88 (button) (small blind) collected ($17.64)


PokerStars Hand #168492390733:  Hold'em Limit ($3/$6 USD) - 2017/04/02 17:33:40 ET
Table 'Algunde' 6-max Seat #1 is the button
Seat 1: garry67677 ($72.56 in chips)
Seat 2: TbIP-TbIP 88 ($119.90 in chips)
garry67677: posts small blind $1
TbIP-TbIP 88: posts big blind $3
*** HOLE CARDS ***
garry67677: folds
Uncalled bet ($2) returned to TbIP-TbIP 88
TbIP-TbIP 88 collected $2 from pot
TbIP-TbIP 88: doesn't show hand
*** SUMMARY ***
Total pot $2 | Rake $0
Seat 1: garry67677 (button) (small blind) folded before Flop
Seat 2: TbIP-TbIP 88 (big blind) collected ($2)


PokerStars Hand #168497206893:  Hold'em Limit ($3/$6 USD) - 2017/04/02 19:15:34 ET
Table 'Algunde' 6-max Seat #1 is the button
Seat 1: B_loJkl ($146.89 in chips)
Seat 2: stasschi ($268.61 in chips)
B_loJkl: posts small blind $1
stasschi: posts big blind $3
*** HOLE CARDS ***
B_loJkl: raises $3 to $6
stasschi: calls $3
*** FLOP *** [Td 3h 5h]
stasschi: checks
B_loJkl: checks
*** TURN *** [Td 3h 5h] [4c]
stasschi: checks
B_loJkl: checks
*** RIVER *** [Td 3h 5h 4c] [8s]
stasschi: checks
B_loJkl: bets $6
stasschi: calls $6
*** SHOW DOWN ***
B_loJkl: shows [8d Qc] (a pair of Eights)
stasschi: shows [8c Qd] (a pair of Eights)
stasschi collected $11.76 from pot
B_loJkl collected $11.76 from pot
*** SUMMARY ***
Total pot $24 | Rake $0.48
Board [Td 3h 5h 4c 8s]
Seat 1: B_loJkl (button) (small blind) showed [8d Qc] and won ($11.76) with a pair of Eights
Seat 2: stasschi (big blind) showed [8c Qd] and won ($11.76) with a pair of Eights


PokerStars Hand #168498719454:  Hold'em Limit ($3/$6 USD) - 2017/04/02 19:56:26 ET
Table 'Algunde' 6-max Seat #3 is the button
Seat 3: JAMAL LEMOER ($120 in chips)
Seat 4: Pti4ka_Tucan ($98.23 in chips)
JAMAL LEMOER: posts small blind $1
Pti4ka_Tucan: posts big blind $3
*** HOLE CARDS ***
JAMAL LEMOER: raises $3 to $6
Pti4ka_Tucan: raises $3 to $9
JAMAL LEMOER: calls $3
*** FLOP *** [4c 9d Kd]
Pti4ka_Tucan: bets $3
JAMAL LEMOER: folds
Uncalled bet ($3) returned to Pti4ka_Tucan
Pti4ka_Tucan collected $17.64 from pot
Pti4ka_Tucan: doesn't show hand
*** SUMMARY ***
Total pot $18 | Rake $0.36
Board [4c 9d Kd]
Seat 3: JAMAL LEMOER (button) (small blind) folded on the Flop
Seat 4: Pti4ka_Tucan (big blind) collected ($17.64)


PokerStars Hand #168498736495:  Hold'em Limit ($3/$6 USD) - 2017/04/02 19:57:04 ET
Table 'Algunde' 6-max Seat #3 is the button
Seat 3: JAMAL LEMOER ($105 in chips)
Seat 4: Pti4ka_Tucan ($112.63 in chips)
JAMAL LEMOER: posts small blind $1
Pti4ka_Tucan: posts big blind $3
*** HOLE CARDS ***
JAMAL LEMOER: raises $3 to $6
Pti4ka_Tucan: calls $3
*** FLOP *** [6h 8s 6d]
Pti4ka_Tucan: checks
JAMAL LEMOER: bets $3
Pti4ka_Tucan: calls $3
*** TURN *** [6h 8s 6d] [5d]
Pti4ka_Tucan: checks
JAMAL LEMOER: bets $6
Pti4ka_Tucan: calls $6
*** RIVER *** [6h 8s 6d 5d] [2s]
Pti4ka_Tucan: checks
JAMAL LEMOER: bets $6
Pti4ka_Tucan: calls $6
*** SHOW DOWN ***
JAMAL LEMOER: shows [9d Jc] (a pair of Sixes)
Pti4ka_Tucan: shows [Ks 9c] (a pair of Sixes - King kicker)
Pti4ka_Tucan collected $41.50 from pot
*** SUMMARY ***
Total pot $42 | Rake $0.50
Board [6h 8s 6d 5d 2s]
Seat 3: JAMAL LEMOER (button) (small blind) showed [9d Jc] and lost with a pair of Sixes
Seat 4: Pti4ka_Tucan (big blind) showed [Ks 9c] and won ($41.50) with a pair of Sixes


PokerStars Hand #168498728914:  Hold'em Limit ($3/$6 USD) - 2017/04/02 19:56:47 ET
Table 'Algunde' 6-max Seat #4 is the button
Seat 3: JAMAL LEMOER ($111 in chips)
Seat 4: Pti4ka_Tucan ($106.87 in chips)
Pti4ka_Tucan: posts small blind $1
JAMAL LEMOER: posts big blind $3
*** HOLE CARDS ***
Pti4ka_Tucan: raises $3 to $6
JAMAL LEMOER: calls $3
*** FLOP *** [5c Td Jh]
JAMAL LEMOER: checks
Pti4ka_Tucan: bets $3
JAMAL LEMOER: folds
Uncalled bet ($3) returned to Pti4ka_Tucan
Pti4ka_Tucan collected $11.76 from pot
Pti4ka_Tucan: doesn't show hand
*** SUMMARY ***
Total pot $12 | Rake $0.24
Board [5c Td Jh]
Seat 3: JAMAL LEMOER (big blind) folded on the Flop
Seat 4: Pti4ka_Tucan (button) (small blind) collected ($11.76)


PokerStars Hand #168498763102:  Hold'em Limit ($3/$6 USD) - 2017/04/02 19:58:03 ET
Table 'Algunde' 6-max Seat #3 is the button
Seat 3: JAMAL LEMOER ($107.50 in chips)
Seat 4: Pti4ka_Tucan ($109.13 in chips)
JAMAL LEMOER: posts small blind $1
Pti4ka_Tucan: posts big blind $3
*** HOLE CARDS ***
JAMAL LEMOER: raises $3 to $6
Pti4ka_Tucan: calls $3
*** FLOP *** [5h Ts 6h]
Pti4ka_Tucan: checks
JAMAL LEMOER: bets $3
Pti4ka_Tucan: calls $3
*** TURN *** [5h Ts 6h] [8c]
Pti4ka_Tucan: checks
JAMAL LEMOER: bets $6
Pti4ka_Tucan: calls $6
*** RIVER *** [5h Ts 6h 8c] [Ah]
Pti4ka_Tucan: checks
JAMAL LEMOER: checks
*** SHOW DOWN ***
Pti4ka_Tucan: shows [5d 7c] (a pair of Fives)
JAMAL LEMOER: shows [8s 5c] (two pair, Eights and Fives)
JAMAL LEMOER collected $29.50 from pot
*** SUMMARY ***
Total pot $30 | Rake $0.50
Board [5h Ts 6h 8c Ah]
Seat 3: JAMAL LEMOER (button) (small blind) showed [8s 5c] and won ($29.50) with two pair, Eights and Fives
Seat 4: Pti4ka_Tucan (big blind) showed [5d 7c] and lost with a pair of Fives


PokerStars Hand #168498752102:  Hold'em Limit ($3/$6 USD) - 2017/04/02 19:57:39 ET
Table 'Algunde' 6-max Seat #4 is the button
Seat 3: JAMAL LEMOER ($84 in chips)
Seat 4: Pti4ka_Tucan ($133.13 in chips)
Pti4ka_Tucan: posts small blind $1
JAMAL LEMOER: posts big blind $3
*** HOLE CARDS ***
Pti4ka_Tucan: raises $3 to $6
JAMAL LEMOER: raises $3 to $9
Pti4ka_Tucan: calls $3
*** FLOP *** [Th 5s 9c]
JAMAL LEMOER: bets $3
B_loJkl joins the table at seat #5
Pti4ka_Tucan: calls $3
*** TURN *** [Th 5s 9c] [9h]
JAMAL LEMOER: bets $6
Pti4ka_Tucan: calls $6
*** RIVER *** [Th 5s 9c 9h] [8d]
JAMAL LEMOER: bets $6
Pti4ka_Tucan: calls $6
*** SHOW DOWN ***
JAMAL LEMOER: shows [Qh Qc] (two pair, Queens and Nines)
Pti4ka_Tucan: mucks hand
JAMAL LEMOER collected $47.50 from pot
*** SUMMARY ***
Total pot $48 | Rake $0.50
Board [Th 5s 9c 9h 8d]
Seat 3: JAMAL LEMOER (big blind) showed [Qh Qc] and won ($47.50) with two pair, Queens and Nines
Seat 4: Pti4ka_Tucan (button) (small blind) mucked


