PokerStars Hand #164452401599:  Hold'em Limit ($3/$6 USD) - 2017/01/12 10:28:16 ET
Table 'Algunde' 6-max Seat #5 is the button
Seat 3: ragz2riche5 ($196.41 in chips)
Seat 5: Mordnilap ($86.50 in chips)
Mordnilap: posts small blind $1
ragz2riche5: posts big blind $3
*** HOLE CARDS ***
Mordnilap: raises $3 to $6
ragz2riche5: calls $3
*** FLOP *** [5s 2c 8h]
Great_Kang joins the table at seat #6
ragz2riche5: bets $3
Mordnilap: calls $3
*** TURN *** [5s 2c 8h] [3s]
ragz2riche5: bets $6
Mordnilap: raises $6 to $12
ragz2riche5: calls $6
*** RIVER *** [5s 2c 8h 3s] [Ah]
ragz2riche5: checks
Mordnilap: bets $6
ragz2riche5: calls $6
*** SHOW DOWN ***
Mordnilap: shows [4d 6d] (a straight, Deuce to Six)
ragz2riche5: mucks hand
Mordnilap collected $53.50 from pot
*** SUMMARY ***
Total pot $54 | Rake $0.50
Board [5s 2c 8h 3s Ah]
Seat 3: ragz2riche5 (big blind) mucked
Seat 5: Mordnilap (button) (small blind) showed [4d 6d] and won ($53.50) with a straight, Deuce to Six


PokerStars Hand #164452376923:  Hold'em Limit ($3/$6 USD) - 2017/01/12 10:27:43 ET
Table 'Algunde' 6-max Seat #3 is the button
Seat 3: ragz2riche5 ($211.41 in chips)
Seat 5: Mordnilap ($72 in chips)
ragz2riche5: posts small blind $1
Mordnilap: posts big blind $3
*** HOLE CARDS ***
ragz2riche5: calls $2
Mordnilap: checks
*** FLOP *** [7c 6h Td]
LouisB joins the table at seat #4
Mordnilap: checks
ragz2riche5: checks
*** TURN *** [7c 6h Td] [9c]
Mordnilap: checks
ragz2riche5: bets $6
Mordnilap: calls $6
*** RIVER *** [7c 6h Td 9c] [Ks]
Mordnilap: checks
ragz2riche5: bets $6
Mordnilap: calls $6
*** SHOW DOWN ***
ragz2riche5: shows [4s Qs] (high card King)
Mordnilap: shows [2h 9d] (a pair of Nines)
Mordnilap collected $29.50 from pot
*** SUMMARY ***
Total pot $30 | Rake $0.50
Board [7c 6h Td 9c Ks]
Seat 3: ragz2riche5 (button) (small blind) showed [4s Qs] and lost with high card King
Seat 5: Mordnilap (big blind) showed [2h 9d] and won ($29.50) with a pair of Nines


PokerStars Hand #164454060502:  Hold'em Limit ($3/$6 USD) - 2017/01/12 11:05:00 ET
Table 'Algunde' 6-max Seat #5 is the button
Seat 2: rascal_319 ($150.64 in chips)
Seat 5: Mordnilap ($167.86 in chips)
Mordnilap: posts small blind $1
Great_Kang: is sitting out
rascal_319: posts big blind $3
*** HOLE CARDS ***
Great_Kang leaves the table
Mordnilap: folds
Uncalled bet ($2) returned to rascal_319
rascal_319 collected $2 from pot
rascal_319: doesn't show hand
*** SUMMARY ***
Total pot $2 | Rake $0
Seat 2: rascal_319 (big blind) collected ($2)
Seat 5: Mordnilap (button) (small blind) folded before Flop


PokerStars Hand #164454067262:  Hold'em Limit ($3/$6 USD) - 2017/01/12 11:05:08 ET
Table 'Algunde' 6-max Seat #2 is the button
Seat 2: rascal_319 ($151.64 in chips)
Seat 5: Mordnilap ($166.86 in chips)
rascal_319: posts small blind $1
Mordnilap: posts big blind $3
*** HOLE CARDS ***
rascal_319: raises $3 to $6
Mordnilap: calls $3
*** FLOP *** [Js 9h Qd]
Mordnilap: checks
rascal_319: checks
*** TURN *** [Js 9h Qd] [8c]
Mordnilap: checks
rascal_319: checks
*** RIVER *** [Js 9h Qd 8c] [6h]
Mordnilap: bets $6
rascal_319: folds
Uncalled bet ($6) returned to Mordnilap
Mordnilap collected $11.76 from pot
Mordnilap: doesn't show hand
*** SUMMARY ***
Total pot $12 | Rake $0.24
Board [Js 9h Qd 8c 6h]
Seat 2: rascal_319 (button) (small blind) folded on the River
Seat 5: Mordnilap (big blind) collected ($11.76)


