PokerStars Hand #157094852383:  Hold'em Limit ($3/$6 USD) - 2016/08/10 7:03:09 ET
Table 'Algunde' 6-max Seat #1 is the button
Seat 1: ChipsOrre ($120 in chips)
Seat 3: simper11 ($120 in chips)
ChipsOrre: posts small blind $1
simper11: posts big blind $3
*** HOLE CARDS ***
ChipsOrre: folds
Uncalled bet ($2) returned to simper11
simper11 collected $2 from pot
simper11: doesn't show hand
*** SUMMARY ***
Total pot $2 | Rake $0
Seat 1: ChipsOrre (button) (small blind) folded before Flop
Seat 3: simper11 (big blind) collected ($2)


PokerStars Hand #157094855084:  Hold'em Limit ($3/$6 USD) - 2016/08/10 7:03:15 ET
Table 'Algunde' 6-max Seat #3 is the button
Seat 1: ChipsOrre ($119 in chips)
Seat 3: simper11 ($121 in chips)
simper11: posts small blind $1
ChipsOrre: posts big blind $3
*** HOLE CARDS ***
simper11: raises $3 to $6
ChipsOrre: raises $3 to $9
simper11: calls $3
*** FLOP *** [9h Ah Kd]
ChipsOrre: bets $3
simper11: calls $3
*** TURN *** [9h Ah Kd] [6d]
ChipsOrre: bets $6
simper11: calls $6
*** RIVER *** [9h Ah Kd 6d] [5s]
ChipsOrre: bets $6
simper11: calls $6
*** SHOW DOWN ***
ChipsOrre: shows [Ks Kh] (three of a kind, Kings)
simper11: mucks hand
ChipsOrre collected $47.50 from pot
*** SUMMARY ***
Total pot $48 | Rake $0.50
Board [9h Ah Kd 6d 5s]
Seat 1: ChipsOrre (big blind) showed [Ks Kh] and won ($47.50) with three of a kind, Kings
Seat 3: simper11 (button) (small blind) mucked


PokerStars Hand #157094862716:  Hold'em Limit ($3/$6 USD) - 2016/08/10 7:03:34 ET
Table 'Algunde' 6-max Seat #1 is the button
Seat 1: ChipsOrre ($142.50 in chips)
Seat 3: simper11 ($120 in chips)
ChipsOrre: posts small blind $1
simper11: posts big blind $3
*** HOLE CARDS ***
ChipsOrre: raises $3 to $6
simper11: calls $3
*** FLOP *** [Th Ks 3c]
simper11: checks
ChipsOrre: bets $3
simper11: folds
Uncalled bet ($3) returned to ChipsOrre
ChipsOrre collected $11.76 from pot
ChipsOrre: doesn't show hand
*** SUMMARY ***
Total pot $12 | Rake $0.24
Board [Th Ks 3c]
Seat 1: ChipsOrre (button) (small blind) collected ($11.76)
Seat 3: simper11 (big blind) folded on the Flop


PokerStars Hand #157094868239:  Hold'em Limit ($3/$6 USD) - 2016/08/10 7:03:48 ET
Table 'Algunde' 6-max Seat #3 is the button
Seat 1: ChipsOrre ($148.26 in chips)
Seat 3: simper11 ($120 in chips)
simper11: posts small blind $1
ChipsOrre: posts big blind $3
*** HOLE CARDS ***
simper11: raises $3 to $6
ChipsOrre: calls $3
*** FLOP *** [Jh 7d 7h]
ChipsOrre: checks
simper11: bets $3
ChipsOrre: calls $3
*** TURN *** [Jh 7d 7h] [4c]
ChipsOrre: checks
simper11: bets $6
ChipsOrre: calls $6
*** RIVER *** [Jh 7d 7h 4c] [4s]
ChipsOrre: checks
simper11: checks
*** SHOW DOWN ***
ChipsOrre: shows [2s Ac] (two pair, Sevens and Fours)
simper11: shows [As 3h] (two pair, Sevens and Fours)
ChipsOrre collected $14.75 from pot
simper11 collected $14.75 from pot
*** SUMMARY ***
Total pot $30 | Rake $0.50
Board [Jh 7d 7h 4c 4s]
Seat 1: ChipsOrre (big blind) showed [2s Ac] and won ($14.75) with two pair, Sevens and Fours
Seat 3: simper11 (button) (small blind) showed [As 3h] and won ($14.75) with two pair, Sevens and Fours


PokerStars Hand #157094878811:  Hold'em Limit ($3/$6 USD) - 2016/08/10 7:04:14 ET
Table 'Algunde' 6-max Seat #3 is the button
Seat 1: ChipsOrre ($153.77 in chips)
Seat 3: simper11 ($120 in chips)
simper11: posts small blind $1
ChipsOrre: posts big blind $3
*** HOLE CARDS ***
simper11: folds
Uncalled bet ($2) returned to ChipsOrre
ChipsOrre collected $2 from pot
ChipsOrre: doesn't show hand
*** SUMMARY ***
Total pot $2 | Rake $0
Seat 1: ChipsOrre (big blind) collected ($2)
Seat 3: simper11 (button) (small blind) folded before Flop


PokerStars Hand #157094874825:  Hold'em Limit ($3/$6 USD) - 2016/08/10 7:04:04 ET
Table 'Algunde' 6-max Seat #1 is the button
Seat 1: ChipsOrre ($148.01 in chips)
Seat 3: simper11 ($120 in chips)
ChipsOrre: posts small blind $1
simper11: posts big blind $3
*** HOLE CARDS ***
ChipsOrre: raises $3 to $6
simper11: calls $3
*** FLOP *** [Jc Ah 3h]
simper11: checks
ChipsOrre: bets $3
simper11: folds
Uncalled bet ($3) returned to ChipsOrre
ChipsOrre collected $11.76 from pot
ChipsOrre: doesn't show hand
*** SUMMARY ***
Total pot $12 | Rake $0.24
Board [Jc Ah 3h]
Seat 1: ChipsOrre (button) (small blind) collected ($11.76)
Seat 3: simper11 (big blind) folded on the Flop


PokerStars Hand #157094880605:  Hold'em Limit ($3/$6 USD) - 2016/08/10 7:04:19 ET
Table 'Algunde' 6-max Seat #1 is the button
Seat 1: ChipsOrre ($154.77 in chips)
Seat 3: simper11 ($120 in chips)
ChipsOrre: posts small blind $1
simper11: posts big blind $3
*** HOLE CARDS ***
ChipsOrre: folds
Uncalled bet ($2) returned to simper11
simper11 collected $2 from pot
simper11: doesn't show hand
*** SUMMARY ***
Total pot $2 | Rake $0
Seat 1: ChipsOrre (button) (small blind) folded before Flop
Seat 3: simper11 (big blind) collected ($2)


PokerStars Hand #157094890491:  Hold'em Limit ($3/$6 USD) - 2016/08/10 7:04:43 ET
Table 'Algunde' 6-max Seat #1 is the button
Seat 1: ChipsOrre ($138.77 in chips)
Seat 3: simper11 ($135.50 in chips)
ChipsOrre: posts small blind $1
simper11: posts big blind $3
*** HOLE CARDS ***
ChipsOrre: raises $3 to $6
simper11: calls $3
*** FLOP *** [6d 6h 9d]
simper11: checks
ChipsOrre: bets $3
simper11: folds
Uncalled bet ($3) returned to ChipsOrre
ChipsOrre collected $11.76 from pot
ChipsOrre: doesn't show hand
*** SUMMARY ***
Total pot $12 | Rake $0.24
Board [6d 6h 9d]
Seat 1: ChipsOrre (button) (small blind) collected ($11.76)
Seat 3: simper11 (big blind) folded on the Flop


PokerStars Hand #157094896843:  Hold'em Limit ($3/$6 USD) - 2016/08/10 7:04:59 ET
Table 'Algunde' 6-max Seat #3 is the button
Seat 1: ChipsOrre ($144.53 in chips)
Seat 3: simper11 ($129.50 in chips)
simper11: posts small blind $1
ChipsOrre: posts big blind $3
*** HOLE CARDS ***
simper11: raises $3 to $6
ChipsOrre: raises $3 to $9
simper11: calls $3
*** FLOP *** [Kc 8c 4h]
ChipsOrre: bets $3
simper11: calls $3
*** TURN *** [Kc 8c 4h] [Ts]
ChipsOrre: bets $6
simper11: calls $6
*** RIVER *** [Kc 8c 4h Ts] [3h]
ChipsOrre: bets $6
simper11: folds
Uncalled bet ($6) returned to ChipsOrre
ChipsOrre collected $35.50 from pot
ChipsOrre: doesn't show hand
*** SUMMARY ***
Total pot $36 | Rake $0.50
Board [Kc 8c 4h Ts 3h]
Seat 1: ChipsOrre (big blind) collected ($35.50)
Seat 3: simper11 (button) (small blind) folded on the River


PokerStars Hand #157094905126:  Hold'em Limit ($3/$6 USD) - 2016/08/10 7:05:19 ET
Table 'Algunde' 6-max Seat #1 is the button
Seat 1: ChipsOrre ($162.03 in chips)
Seat 3: simper11 ($120 in chips)
ChipsOrre: posts small blind $1
simper11: posts big blind $3
*** HOLE CARDS ***
ChipsOrre: raises $3 to $6
simper11: calls $3
*** FLOP *** [Th Td 4h]
simper11: checks
ChipsOrre: bets $3
simper11: folds
Uncalled bet ($3) returned to ChipsOrre
ChipsOrre collected $11.76 from pot
ChipsOrre: doesn't show hand
*** SUMMARY ***
Total pot $12 | Rake $0.24
Board [Th Td 4h]
Seat 1: ChipsOrre (button) (small blind) collected ($11.76)
Seat 3: simper11 (big blind) folded on the Flop


PokerStars Hand #157094882767:  Hold'em Limit ($3/$6 USD) - 2016/08/10 7:04:24 ET
Table 'Algunde' 6-max Seat #3 is the button
Seat 1: ChipsOrre ($153.77 in chips)
Seat 3: simper11 ($121 in chips)
simper11: posts small blind $1
ChipsOrre: posts big blind $3
*** HOLE CARDS ***
simper11: raises $3 to $6
ChipsOrre: calls $3
*** FLOP *** [4s 7d 4d]
ChipsOrre: checks
simper11: bets $3
ChipsOrre: calls $3
*** TURN *** [4s 7d 4d] [Ks]
ChipsOrre: checks
simper11: bets $6
ChipsOrre: calls $6
*** RIVER *** [4s 7d 4d Ks] [Jh]
ChipsOrre: checks
simper11: bets $6
ChipsOrre: folds
Uncalled bet ($6) returned to simper11
simper11 collected $29.50 from pot
simper11: doesn't show hand
*** SUMMARY ***
Total pot $30 | Rake $0.50
Board [4s 7d 4d Ks Jh]
Seat 1: ChipsOrre (big blind) folded on the River
Seat 3: simper11 (button) (small blind) collected ($29.50)


PokerStars Hand #157094928995:  Hold'em Limit ($3/$6 USD) - 2016/08/10 7:06:19 ET
Table 'Algunde' 6-max Seat #3 is the button
Seat 1: ChipsOrre ($160.43 in chips)
Seat 3: simper11 ($129.64 in chips)
simper11: posts small blind $1
ChipsOrre: posts big blind $3
*** HOLE CARDS ***
simper11: raises $3 to $6
ChipsOrre: calls $3
*** FLOP *** [9h 5s 3d]
ChipsOrre: checks
simper11: bets $3
ChipsOrre: calls $3
*** TURN *** [9h 5s 3d] [8s]
ChipsOrre: checks
simper11: bets $6
ChipsOrre: calls $6
*** RIVER *** [9h 5s 3d 8s] [2h]
ChipsOrre: checks
simper11: bets $6
ChipsOrre: folds
Uncalled bet ($6) returned to simper11
simper11 collected $29.50 from pot
simper11: doesn't show hand
*** SUMMARY ***
Total pot $30 | Rake $0.50
Board [9h 5s 3d 8s 2h]
Seat 1: ChipsOrre (big blind) folded on the River
Seat 3: simper11 (button) (small blind) collected ($29.50)


PokerStars Hand #157094909526:  Hold'em Limit ($3/$6 USD) - 2016/08/10 7:05:30 ET
Table 'Algunde' 6-max Seat #3 is the button
Seat 1: ChipsOrre ($167.79 in chips)
Seat 3: simper11 ($120 in chips)
simper11: posts small blind $1
ChipsOrre: posts big blind $3
*** HOLE CARDS ***
simper11: raises $3 to $6
ChipsOrre: calls $3
*** FLOP *** [3c Ts 7s]
ChipsOrre: checks
simper11: bets $3
ChipsOrre: folds
Uncalled bet ($3) returned to simper11
simper11 collected $11.76 from pot
simper11: doesn't show hand
*** SUMMARY ***
Total pot $12 | Rake $0.24
Board [3c Ts 7s]
Seat 1: ChipsOrre (big blind) folded on the Flop
Seat 3: simper11 (button) (small blind) collected ($11.76)


PokerStars Hand #157094914319:  Hold'em Limit ($3/$6 USD) - 2016/08/10 7:05:42 ET
Table 'Algunde' 6-max Seat #1 is the button
Seat 1: ChipsOrre ($161.79 in chips)
Seat 3: simper11 ($125.76 in chips)
ChipsOrre: posts small blind $1
simper11: posts big blind $3
*** HOLE CARDS ***
ChipsOrre: raises $3 to $6
simper11: calls $3
*** FLOP *** [4d 7c Js]
simper11: checks
ChipsOrre: bets $3
simper11: calls $3
*** TURN *** [4d 7c Js] [8h]
simper11: checks
ChipsOrre: bets $6
simper11: folds
Uncalled bet ($6) returned to ChipsOrre
ChipsOrre collected $17.64 from pot
ChipsOrre: doesn't show hand
*** SUMMARY ***
Total pot $18 | Rake $0.36
Board [4d 7c Js 8h]
Seat 1: ChipsOrre (button) (small blind) collected ($17.64)
Seat 3: simper11 (big blind) folded on the Turn


PokerStars Hand #157094926767:  Hold'em Limit ($3/$6 USD) - 2016/08/10 7:06:13 ET
Table 'Algunde' 6-max Seat #1 is the button
Seat 1: ChipsOrre ($161.43 in chips)
Seat 3: simper11 ($128.64 in chips)
ChipsOrre: posts small blind $1
simper11: posts big blind $3
*** HOLE CARDS ***
ChipsOrre: folds
Uncalled bet ($2) returned to simper11
simper11 collected $2 from pot
simper11: doesn't show hand
*** SUMMARY ***
Total pot $2 | Rake $0
Seat 1: ChipsOrre (button) (small blind) folded before Flop
Seat 3: simper11 (big blind) collected ($2)


PokerStars Hand #157094953611:  Hold'em Limit ($3/$6 USD) - 2016/08/10 7:07:19 ET
Table 'Algunde' 6-max Seat #3 is the button
Seat 1: ChipsOrre ($120.43 in chips)
Seat 3: simper11 ($168.64 in chips)
simper11: posts small blind $1
ChipsOrre: posts big blind $3
*** HOLE CARDS ***
simper11: raises $3 to $6
ChipsOrre: raises $3 to $9
simper11: calls $3
*** FLOP *** [7h 4d 5h]
ChipsOrre: bets $3
simper11: calls $3
*** TURN *** [7h 4d 5h] [9d]
ChipsOrre: bets $6
simper11: raises $6 to $12
ChipsOrre: raises $6 to $18
simper11: calls $6
*** RIVER *** [7h 4d 5h 9d] [5d]
ChipsOrre: bets $6
simper11: calls $6
*** SHOW DOWN ***
ChipsOrre: shows [8c 6c] (a straight, Five to Nine)
simper11: mucks hand
ChipsOrre collected $71.50 from pot
*** SUMMARY ***
Total pot $72 | Rake $0.50
Board [7h 4d 5h 9d 5d]
Seat 1: ChipsOrre (big blind) showed [8c 6c] and won ($71.50) with a straight, Five to Nine
Seat 3: simper11 (button) (small blind) mucked


PokerStars Hand #157094937733:  Hold'em Limit ($3/$6 USD) - 2016/08/10 7:06:40 ET
Table 'Algunde' 6-max Seat #1 is the button
Seat 1: ChipsOrre ($145.43 in chips)
Seat 3: simper11 ($144.14 in chips)
ChipsOrre: posts small blind $1
simper11: posts big blind $3
*** HOLE CARDS ***
ChipsOrre: raises $3 to $6
simper11: folds
Uncalled bet ($3) returned to ChipsOrre
ChipsOrre collected $6 from pot
ChipsOrre: doesn't show hand
*** SUMMARY ***
Total pot $6 | Rake $0
Seat 1: ChipsOrre (button) (small blind) collected ($6)
Seat 3: simper11 (big blind) folded before Flop


PokerStars Hand #157094951082:  Hold'em Limit ($3/$6 USD) - 2016/08/10 7:07:13 ET
Table 'Algunde' 6-max Seat #1 is the button
Seat 1: ChipsOrre ($121.43 in chips)
Seat 3: simper11 ($167.64 in chips)
ChipsOrre: posts small blind $1
simper11: posts big blind $3
*** HOLE CARDS ***
ChipsOrre: folds
Uncalled bet ($2) returned to simper11
simper11 collected $2 from pot
simper11: doesn't show hand
*** SUMMARY ***
Total pot $2 | Rake $0
Seat 1: ChipsOrre (button) (small blind) folded before Flop
Seat 3: simper11 (big blind) collected ($2)


PokerStars Hand #157094940189:  Hold'em Limit ($3/$6 USD) - 2016/08/10 7:06:46 ET
Table 'Algunde' 6-max Seat #3 is the button
Seat 1: ChipsOrre ($148.43 in chips)
Seat 3: simper11 ($141.14 in chips)
simper11: posts small blind $1
ChipsOrre: posts big blind $3
*** HOLE CARDS ***
simper11: raises $3 to $6
ChipsOrre: raises $3 to $9
simper11: calls $3
*** FLOP *** [3c 9d 2d]
ChipsOrre: bets $3
simper11: raises $3 to $6
ChipsOrre: calls $3
*** TURN *** [3c 9d 2d] [5s]
ChipsOrre: checks
simper11: bets $6
ChipsOrre: calls $6
*** RIVER *** [3c 9d 2d 5s] [Kd]
ChipsOrre: checks
simper11: bets $6
ChipsOrre: calls $6
*** SHOW DOWN ***
simper11: shows [4c 5c] (a pair of Fives)
ChipsOrre: mucks hand
simper11 collected $53.50 from pot
*** SUMMARY ***
Total pot $54 | Rake $0.50
Board [3c 9d 2d 5s Kd]
Seat 1: ChipsOrre (big blind) mucked
Seat 3: simper11 (button) (small blind) showed [4c 5c] and won ($53.50) with a pair of Fives


PokerStars Hand #157094976653:  Hold'em Limit ($3/$6 USD) - 2016/08/10 7:08:16 ET
Table 'Algunde' 6-max Seat #1 is the button
Seat 1: ChipsOrre ($134.93 in chips)
Seat 3: simper11 ($153.14 in chips)
ChipsOrre: posts small blind $1
simper11: posts big blind $3
*** HOLE CARDS ***
ChipsOrre: raises $3 to $6
simper11: calls $3
*** FLOP *** [Ac Ks 8s]
simper11: checks
ChipsOrre: bets $3
simper11: calls $3
*** TURN *** [Ac Ks 8s] [2c]
simper11: checks
ChipsOrre: bets $6
simper11: raises $6 to $12
ChipsOrre: calls $6
*** RIVER *** [Ac Ks 8s 2c] [8h]
simper11: bets $6
ChipsOrre: raises $6 to $12
simper11: calls $6
*** SHOW DOWN ***
ChipsOrre: shows [4c 3c] (a pair of Eights)
simper11: shows [2s Ad] (two pair, Aces and Eights)
simper11 collected $65.50 from pot
*** SUMMARY ***
Total pot $66 | Rake $0.50
Board [Ac Ks 8s 2c 8h]
Seat 1: ChipsOrre (button) (small blind) showed [4c 3c] and lost with a pair of Eights
Seat 3: simper11 (big blind) showed [2s Ad] and won ($65.50) with two pair, Aces and Eights


PokerStars Hand #157094959988:  Hold'em Limit ($3/$6 USD) - 2016/08/10 7:07:35 ET
Table 'Algunde' 6-max Seat #1 is the button
Seat 1: ChipsOrre ($155.93 in chips)
Seat 3: simper11 ($132.64 in chips)
ChipsOrre: posts small blind $1
simper11: posts big blind $3
*** HOLE CARDS ***
ChipsOrre: raises $3 to $6
simper11: raises $3 to $9
ChipsOrre: calls $3
*** FLOP *** [7h Jd 3h]
simper11: bets $3
ChipsOrre: calls $3
*** TURN *** [7h Jd 3h] [Qh]
simper11: bets $6
ChipsOrre: calls $6
*** RIVER *** [7h Jd 3h Qh] [3d]
simper11: bets $6
ChipsOrre: folds
Uncalled bet ($6) returned to simper11
simper11 collected $35.50 from pot
simper11: doesn't show hand
*** SUMMARY ***
Total pot $36 | Rake $0.50
Board [7h Jd 3h Qh 3d]
Seat 1: ChipsOrre (button) (small blind) folded on the River
Seat 3: simper11 (big blind) collected ($35.50)


PokerStars Hand #157094974555:  Hold'em Limit ($3/$6 USD) - 2016/08/10 7:08:11 ET
Table 'Algunde' 6-max Seat #3 is the button
Seat 1: ChipsOrre ($137.93 in chips)
Seat 3: simper11 ($150.14 in chips)
simper11: posts small blind $1
ChipsOrre: posts big blind $3
*** HOLE CARDS ***
simper11: raises $3 to $6
ChipsOrre: folds
Uncalled bet ($3) returned to simper11
simper11 collected $6 from pot
simper11: doesn't show hand
*** SUMMARY ***
Total pot $6 | Rake $0
Seat 1: ChipsOrre (big blind) folded before Flop
Seat 3: simper11 (button) (small blind) collected ($6)


PokerStars Hand #157094985759:  Hold'em Limit ($3/$6 USD) - 2016/08/10 7:08:38 ET
Table 'Algunde' 6-max Seat #3 is the button
Seat 1: ChipsOrre ($101.93 in chips)
Seat 3: simper11 ($185.64 in chips)
simper11: posts small blind $1
ChipsOrre: posts big blind $3
*** HOLE CARDS ***
simper11: raises $3 to $6
ChipsOrre: folds
Uncalled bet ($3) returned to simper11
simper11 collected $6 from pot
simper11: doesn't show hand
*** SUMMARY ***
Total pot $6 | Rake $0
Seat 1: ChipsOrre (big blind) folded before Flop
Seat 3: simper11 (button) (small blind) collected ($6)


PokerStars Hand #157094992912:  Hold'em Limit ($3/$6 USD) - 2016/08/10 7:08:56 ET
Table 'Algunde' 6-max Seat #3 is the button
Seat 1: ChipsOrre ($104.69 in chips)
Seat 3: simper11 ($182.64 in chips)
simper11: posts small blind $1
ChipsOrre: posts big blind $3
*** HOLE CARDS ***
simper11: raises $3 to $6
ChipsOrre: calls $3
*** FLOP *** [3s 3d 3h]
ChipsOrre: checks
simper11: bets $3
ChipsOrre: calls $3
*** TURN *** [3s 3d 3h] [Jh]
ChipsOrre: checks
simper11: checks
*** RIVER *** [3s 3d 3h Jh] [7c]
ChipsOrre: checks
simper11: checks
*** SHOW DOWN ***
ChipsOrre: shows [2c Ad] (three of a kind, Threes)
simper11: mucks hand
ChipsOrre collected $17.64 from pot
*** SUMMARY ***
Total pot $18 | Rake $0.36
Board [3s 3d 3h Jh 7c]
Seat 1: ChipsOrre (big blind) showed [2c Ad] and won ($17.64) with three of a kind, Threes
Seat 3: simper11 (button) (small blind) mucked


PokerStars Hand #157094988468:  Hold'em Limit ($3/$6 USD) - 2016/08/10 7:08:45 ET
Table 'Algunde' 6-max Seat #1 is the button
Seat 1: ChipsOrre ($98.93 in chips)
Seat 3: simper11 ($188.64 in chips)
ChipsOrre: posts small blind $1
simper11: posts big blind $3
*** HOLE CARDS ***
ChipsOrre: raises $3 to $6
simper11: calls $3
*** FLOP *** [8c 2c 9c]
simper11: checks
ChipsOrre: bets $3
simper11: folds
Uncalled bet ($3) returned to ChipsOrre
ChipsOrre collected $11.76 from pot
ChipsOrre: doesn't show hand
*** SUMMARY ***
Total pot $12 | Rake $0.24
Board [8c 2c 9c]
Seat 1: ChipsOrre (button) (small blind) collected ($11.76)
Seat 3: simper11 (big blind) folded on the Flop


PokerStars Hand #157095007473:  Hold'em Limit ($3/$6 USD) - 2016/08/10 7:09:31 ET
Table 'Algunde' 6-max Seat #3 is the button
Seat 1: ChipsOrre ($119.09 in chips)
Seat 3: simper11 ($167.64 in chips)
simper11: posts small blind $1
ChipsOrre: posts big blind $3
*** HOLE CARDS ***
simper11: folds
Uncalled bet ($2) returned to ChipsOrre
ChipsOrre collected $2 from pot
ChipsOrre: doesn't show hand
*** SUMMARY ***
Total pot $2 | Rake $0
Seat 1: ChipsOrre (big blind) collected ($2)
Seat 3: simper11 (button) (small blind) folded before Flop


PokerStars Hand #157095001557:  Hold'em Limit ($3/$6 USD) - 2016/08/10 7:09:17 ET
Table 'Algunde' 6-max Seat #1 is the button
Seat 1: ChipsOrre ($113.33 in chips)
Seat 3: simper11 ($173.64 in chips)
ChipsOrre: posts small blind $1
simper11: posts big blind $3
*** HOLE CARDS ***
ChipsOrre: raises $3 to $6
simper11: calls $3
*** FLOP *** [7c Qh 9h]
simper11: checks
ChipsOrre: bets $3
simper11: folds
Uncalled bet ($3) returned to ChipsOrre
ChipsOrre collected $11.76 from pot
ChipsOrre: doesn't show hand
*** SUMMARY ***
Total pot $12 | Rake $0.24
Board [7c Qh 9h]
Seat 1: ChipsOrre (button) (small blind) collected ($11.76)
Seat 3: simper11 (big blind) folded on the Flop


PokerStars Hand #157095033093:  Hold'em Limit ($3/$6 USD) - 2016/08/10 7:10:34 ET
Table 'Algunde' 6-max Seat #3 is the button
Seat 1: ChipsOrre ($109.85 in chips)
Seat 3: simper11 ($176.14 in chips)
simper11: posts small blind $1
ChipsOrre: posts big blind $3
*** HOLE CARDS ***
simper11: folds
Uncalled bet ($2) returned to ChipsOrre
ChipsOrre collected $2 from pot
ChipsOrre: doesn't show hand
*** SUMMARY ***
Total pot $2 | Rake $0
Seat 1: ChipsOrre (big blind) collected ($2)
Seat 3: simper11 (button) (small blind) folded before Flop


PokerStars Hand #157095030334:  Hold'em Limit ($3/$6 USD) - 2016/08/10 7:10:27 ET
Table 'Algunde' 6-max Seat #1 is the button
Seat 1: ChipsOrre ($110.85 in chips)
Seat 3: simper11 ($175.14 in chips)
ChipsOrre: posts small blind $1
simper11: posts big blind $3
*** HOLE CARDS ***
ChipsOrre: folds
Uncalled bet ($2) returned to simper11
simper11 collected $2 from pot
simper11: doesn't show hand
*** SUMMARY ***
Total pot $2 | Rake $0
Seat 1: ChipsOrre (button) (small blind) folded before Flop
Seat 3: simper11 (big blind) collected ($2)


PokerStars Hand #157095018132:  Hold'em Limit ($3/$6 USD) - 2016/08/10 7:09:57 ET
Table 'Algunde' 6-max Seat #3 is the button
Seat 1: ChipsOrre ($105.09 in chips)
Seat 3: simper11 ($181.14 in chips)
simper11: posts small blind $1
ChipsOrre: posts big blind $3
*** HOLE CARDS ***
simper11: raises $3 to $6
ChipsOrre: calls $3
*** FLOP *** [6h 7c 6d]
ChipsOrre: checks
simper11: checks
*** TURN *** [6h 7c 6d] [3c]
ChipsOrre: bets $6
simper11: folds
Uncalled bet ($6) returned to ChipsOrre
ChipsOrre collected $11.76 from pot
ChipsOrre: doesn't show hand
*** SUMMARY ***
Total pot $12 | Rake $0.24
Board [6h 7c 6d 3c]
Seat 1: ChipsOrre (big blind) collected ($11.76)
Seat 3: simper11 (button) (small blind) folded on the Turn


PokerStars Hand #157095010365:  Hold'em Limit ($3/$6 USD) - 2016/08/10 7:09:38 ET
Table 'Algunde' 6-max Seat #1 is the button
Seat 1: ChipsOrre ($120.09 in chips)
Seat 3: simper11 ($166.64 in chips)
ChipsOrre: posts small blind $1
simper11: posts big blind $3
*** HOLE CARDS ***
ChipsOrre: raises $3 to $6
simper11: calls $3
*** FLOP *** [2s 7c 8d]
simper11: checks
ChipsOrre: bets $3
simper11: calls $3
*** TURN *** [2s 7c 8d] [5d]
simper11: checks
ChipsOrre: checks
*** RIVER *** [2s 7c 8d 5d] [9c]
simper11: bets $6
ChipsOrre: calls $6
*** SHOW DOWN ***
simper11: shows [6d Qd] (a straight, Five to Nine)
ChipsOrre: mucks hand
simper11 collected $29.50 from pot
*** SUMMARY ***
Total pot $30 | Rake $0.50
Board [2s 7c 8d 5d 9c]
Seat 1: ChipsOrre (button) (small blind) mucked
Seat 3: simper11 (big blind) showed [6d Qd] and won ($29.50) with a straight, Five to Nine


PokerStars Hand #157095037061:  Hold'em Limit ($3/$6 USD) - 2016/08/10 7:10:44 ET
Table 'Algunde' 6-max Seat #3 is the button
Seat 1: ChipsOrre ($109.85 in chips)
Seat 3: simper11 ($176.14 in chips)
simper11: posts small blind $1
ChipsOrre: posts big blind $3
*** HOLE CARDS ***
simper11: raises $3 to $6
ChipsOrre: calls $3
*** FLOP *** [3h Qd 8s]
ChipsOrre: checks
simper11: bets $3
ChipsOrre: calls $3
*** TURN *** [3h Qd 8s] [3d]
ChipsOrre: checks
simper11: bets $6
ChipsOrre: calls $6
*** RIVER *** [3h Qd 8s 3d] [7d]
ChipsOrre: checks
simper11: bets $6
ChipsOrre: raises $6 to $12
simper11: calls $6
*** SHOW DOWN ***
ChipsOrre: shows [Kd 6d] (a flush, King high)
simper11: mucks hand
ChipsOrre collected $53.50 from pot
*** SUMMARY ***
Total pot $54 | Rake $0.50
Board [3h Qd 8s 3d 7d]
Seat 1: ChipsOrre (big blind) showed [Kd 6d] and won ($53.50) with a flush, King high
Seat 3: simper11 (button) (small blind) mucked


PokerStars Hand #157095035119:  Hold'em Limit ($3/$6 USD) - 2016/08/10 7:10:39 ET
Table 'Algunde' 6-max Seat #1 is the button
Seat 1: ChipsOrre ($110.85 in chips)
Seat 3: simper11 ($175.14 in chips)
ChipsOrre: posts small blind $1
simper11: posts big blind $3
*** HOLE CARDS ***
ChipsOrre: folds
Uncalled bet ($2) returned to simper11
simper11 collected $2 from pot
simper11: doesn't show hand
*** SUMMARY ***
Total pot $2 | Rake $0
Seat 1: ChipsOrre (button) (small blind) folded before Flop
Seat 3: simper11 (big blind) collected ($2)


PokerStars Hand #157095052786:  Hold'em Limit ($3/$6 USD) - 2016/08/10 7:11:23 ET
Table 'Algunde' 6-max Seat #1 is the button
Seat 1: ChipsOrre ($136.35 in chips)
Seat 3: simper11 ($149.14 in chips)
ChipsOrre: posts small blind $1
simper11: posts big blind $3
*** HOLE CARDS ***
ChipsOrre: raises $3 to $6
simper11: calls $3
*** FLOP *** [Kh 2h Td]
simper11: checks
ChipsOrre: bets $3
simper11: calls $3
*** TURN *** [Kh 2h Td] [Qs]
simper11: checks
ChipsOrre: bets $6
simper11: folds
Uncalled bet ($6) returned to ChipsOrre
ChipsOrre collected $17.64 from pot
ChipsOrre: doesn't show hand
*** SUMMARY ***
Total pot $18 | Rake $0.36
Board [Kh 2h Td Qs]
Seat 1: ChipsOrre (button) (small blind) collected ($17.64)
Seat 3: simper11 (big blind) folded on the Turn


