PokerStars Hand #158977630419:  Hold'em Limit ($3/$6 USD) - 2016/09/23 6:57:05 ET
Table 'Algunde' 6-max Seat #4 is the button
Seat 1: ECP1955 ($119 in chips)
Seat 4: Agrotait ($73 in chips)
Agrotait: posts small blind $1
ECP1955: posts big blind $3
*** HOLE CARDS ***
Agrotait: raises $3 to $6
ECP1955: calls $3
*** FLOP *** [Td 5d 3c]
ECP1955: checks
Agrotait: checks
*** TURN *** [Td 5d 3c] [Kd]
ECP1955: bets $6
Agrotait: calls $6
*** RIVER *** [Td 5d 3c Kd] [Js]
ECP1955: checks
Agrotait: bets $6
ECP1955: calls $6
*** SHOW DOWN ***
Agrotait: shows [Jh Qh] (a pair of Jacks)
ECP1955: shows [Jc Ad] (a pair of Jacks - Ace kicker)
ECP1955 collected $35.50 from pot
*** SUMMARY ***
Total pot $36 | Rake $0.50
Board [Td 5d 3c Kd Js]
Seat 1: ECP1955 (big blind) showed [Jc Ad] and won ($35.50) with a pair of Jacks
Seat 4: Agrotait (button) (small blind) showed [Jh Qh] and lost with a pair of Jacks


PokerStars Hand #158977627057:  Hold'em Limit ($3/$6 USD) - 2016/09/23 6:56:56 ET
Table 'Algunde' 6-max Seat #1 is the button
Seat 1: ECP1955 ($120 in chips)
Seat 4: Agrotait ($72 in chips)
ECP1955: posts small blind $1
Agrotait: posts big blind $3
*** HOLE CARDS ***
ECP1955: folds
Uncalled bet ($2) returned to Agrotait
Agrotait collected $2 from pot
Agrotait: doesn't show hand
*** SUMMARY ***
Total pot $2 | Rake $0
Seat 1: ECP1955 (button) (small blind) folded before Flop
Seat 4: Agrotait (big blind) collected ($2)


PokerStars Hand #158977656659:  Hold'em Limit ($3/$6 USD) - 2016/09/23 6:58:18 ET
Table 'Algunde' 6-max Seat #1 is the button
Seat 1: ECP1955 ($147 in chips)
Seat 4: Agrotait ($81.76 in chips)
ECP1955: posts small blind $1
Agrotait: posts big blind $3
*** HOLE CARDS ***
ECP1955: folds
Uncalled bet ($2) returned to Agrotait
Agrotait collected $2 from pot
Agrotait: doesn't show hand
*** SUMMARY ***
Total pot $2 | Rake $0
Seat 1: ECP1955 (button) (small blind) folded before Flop
Seat 4: Agrotait (big blind) collected ($2)


PokerStars Hand #158977651148:  Hold'em Limit ($3/$6 USD) - 2016/09/23 6:58:03 ET
Table 'Algunde' 6-max Seat #4 is the button
Seat 1: ECP1955 ($153 in chips)
Seat 4: Agrotait ($76 in chips)
Agrotait: posts small blind $1
ECP1955: posts big blind $3
*** HOLE CARDS ***
Agrotait: raises $3 to $6
ECP1955: calls $3
*** FLOP *** [7h 5d 9h]
ECP1955: checks
Agrotait: bets $3
ECP1955: folds
Uncalled bet ($3) returned to Agrotait
Agrotait collected $11.76 from pot
Agrotait: doesn't show hand
*** SUMMARY ***
Total pot $12 | Rake $0.24
Board [7h 5d 9h]
Seat 1: ECP1955 (big blind) folded on the Flop
Seat 4: Agrotait (button) (small blind) collected ($11.76)


PokerStars Hand #158977648743:  Hold'em Limit ($3/$6 USD) - 2016/09/23 6:57:56 ET
Table 'Algunde' 6-max Seat #1 is the button
Seat 1: ECP1955 ($154 in chips)
Seat 4: Agrotait ($75 in chips)
ECP1955: posts small blind $1
Agrotait: posts big blind $3
*** HOLE CARDS ***
ECP1955: folds
Uncalled bet ($2) returned to Agrotait
Agrotait collected $2 from pot
Agrotait: doesn't show hand
*** SUMMARY ***
Total pot $2 | Rake $0
Seat 1: ECP1955 (button) (small blind) folded before Flop
Seat 4: Agrotait (big blind) collected ($2)


PokerStars Hand #158977646229:  Hold'em Limit ($3/$6 USD) - 2016/09/23 6:57:49 ET
Table 'Algunde' 6-max Seat #4 is the button
Seat 1: ECP1955 ($157 in chips)
Seat 4: Agrotait ($72 in chips)
Agrotait: posts small blind $1
ECP1955: posts big blind $3
*** HOLE CARDS ***
Agrotait: raises $3 to $6
ECP1955: folds
Uncalled bet ($3) returned to Agrotait
Agrotait collected $6 from pot
Agrotait: doesn't show hand
*** SUMMARY ***
Total pot $6 | Rake $0
Seat 1: ECP1955 (big blind) folded before Flop
Seat 4: Agrotait (button) (small blind) collected ($6)


PokerStars Hand #158977638927:  Hold'em Limit ($3/$6 USD) - 2016/09/23 6:57:29 ET
Table 'Algunde' 6-max Seat #1 is the button
Seat 1: ECP1955 ($136.50 in chips)
Seat 4: Agrotait ($72 in chips)
ECP1955: posts small blind $1
Agrotait: posts big blind $3
*** HOLE CARDS ***
ECP1955: calls $2
Agrotait: raises $3 to $6
ECP1955: calls $3
*** FLOP *** [Kh 9h 4s]
Agrotait: bets $3
ECP1955: calls $3
*** TURN *** [Kh 9h 4s] [Jd]
Agrotait: bets $6
ECP1955: calls $6
*** RIVER *** [Kh 9h 4s Jd] [Jh]
Agrotait: bets $6
ECP1955: calls $6
*** SHOW DOWN ***
Agrotait: shows [9d Ac] (two pair, Jacks and Nines)
ECP1955: shows [Kc Qs] (two pair, Kings and Jacks)
ECP1955 collected $41.50 from pot
*** SUMMARY ***
Total pot $42 | Rake $0.50
Board [Kh 9h 4s Jd Jh]
Seat 1: ECP1955 (button) (small blind) showed [Kc Qs] and won ($41.50) with two pair, Kings and Jacks
Seat 4: Agrotait (big blind) showed [9d Ac] and lost with two pair, Jacks and Nines


PokerStars Hand #158977676807:  Hold'em Limit ($3/$6 USD) - 2016/09/23 6:59:13 ET
Table 'Algunde' 6-max Seat #1 is the button
Seat 1: ECP1955 ($118 in chips)
Seat 4: Agrotait ($110.02 in chips)
ECP1955: posts small blind $1
Agrotait: posts big blind $3
*** HOLE CARDS ***
ECP1955: calls $2
Agrotait: checks
*** FLOP *** [Jc Ah Jd]
Agrotait: bets $3
ECP1955: calls $3
*** TURN *** [Jc Ah Jd] [Ad]
Agrotait: checks
ECP1955: checks
*** RIVER *** [Jc Ah Jd Ad] [3s]
Agrotait: checks
ECP1955: bets $6
Agrotait: folds
Uncalled bet ($6) returned to ECP1955
ECP1955 collected $11.76 from pot
ECP1955: doesn't show hand
*** SUMMARY ***
Total pot $12 | Rake $0.24
Board [Jc Ah Jd Ad 3s]
Seat 1: ECP1955 (button) (small blind) collected ($11.76)
Seat 4: Agrotait (big blind) folded on the River


PokerStars Hand #158977665776:  Hold'em Limit ($3/$6 USD) - 2016/09/23 6:58:43 ET
Table 'Algunde' 6-max Seat #4 is the button
Seat 1: ECP1955 ($139 in chips)
Seat 4: Agrotait ($89.52 in chips)
Agrotait: posts small blind $1
ECP1955: posts big blind $3
*** HOLE CARDS ***
Agrotait: raises $3 to $6
ECP1955: calls $3
*** FLOP *** [4h Qd 2h]
ECP1955: checks
Agrotait: bets $3
ECP1955: calls $3
*** TURN *** [4h Qd 2h] [Ad]
ECP1955: checks
Agrotait: bets $6
ECP1955: calls $6
*** RIVER *** [4h Qd 2h Ad] [Jc]
ECP1955: checks
Agrotait: bets $6
ECP1955: calls $6
*** SHOW DOWN ***
Agrotait: shows [5c 3c] (a straight, Ace to Five)
ECP1955: mucks hand
Agrotait collected $41.50 from pot
*** SUMMARY ***
Total pot $42 | Rake $0.50
Board [4h Qd 2h Ad Jc]
Seat 1: ECP1955 (big blind) mucked
Seat 4: Agrotait (button) (small blind) showed [5c 3c] and won ($41.50) with a straight, Ace to Five


PokerStars Hand #158977663684:  Hold'em Limit ($3/$6 USD) - 2016/09/23 6:58:37 ET
Table 'Algunde' 6-max Seat #1 is the button
Seat 1: ECP1955 ($140 in chips)
Seat 4: Agrotait ($88.52 in chips)
ECP1955: posts small blind $1
Agrotait: posts big blind $3
*** HOLE CARDS ***
ECP1955: folds
Uncalled bet ($2) returned to Agrotait
Agrotait collected $2 from pot
Agrotait: doesn't show hand
*** SUMMARY ***
Total pot $2 | Rake $0
Seat 1: ECP1955 (button) (small blind) folded before Flop
Seat 4: Agrotait (big blind) collected ($2)


PokerStars Hand #158977659043:  Hold'em Limit ($3/$6 USD) - 2016/09/23 6:58:24 ET
Table 'Algunde' 6-max Seat #4 is the button
Seat 1: ECP1955 ($146 in chips)
Seat 4: Agrotait ($82.76 in chips)
Agrotait: posts small blind $1
ECP1955: posts big blind $3
*** HOLE CARDS ***
Agrotait: raises $3 to $6
ECP1955: calls $3
*** FLOP *** [Jd Qs Kd]
ECP1955: checks
Agrotait: bets $3
ECP1955: folds
Uncalled bet ($3) returned to Agrotait
Agrotait collected $11.76 from pot
Agrotait: doesn't show hand
*** SUMMARY ***
Total pot $12 | Rake $0.24
Board [Jd Qs Kd]
Seat 1: ECP1955 (big blind) folded on the Flop
Seat 4: Agrotait (button) (small blind) collected ($11.76)


PokerStars Hand #158977698283:  Hold'em Limit ($3/$6 USD) - 2016/09/23 7:00:11 ET
Table 'Algunde' 6-max Seat #1 is the button
Seat 1: ECP1955 ($134.26 in chips)
Seat 4: Agrotait ($93.02 in chips)
ECP1955: posts small blind $1
Agrotait: posts big blind $3
*** HOLE CARDS ***
ECP1955: folds
Uncalled bet ($2) returned to Agrotait
Agrotait collected $2 from pot
Agrotait: doesn't show hand
*** SUMMARY ***
Total pot $2 | Rake $0
Seat 1: ECP1955 (button) (small blind) folded before Flop
Seat 4: Agrotait (big blind) collected ($2)


PokerStars Hand #158977689442:  Hold'em Limit ($3/$6 USD) - 2016/09/23 6:59:48 ET
Table 'Algunde' 6-max Seat #4 is the button
Seat 1: ECP1955 ($119.76 in chips)
Seat 4: Agrotait ($108.02 in chips)
Agrotait: posts small blind $1
ECP1955: posts big blind $3
*** HOLE CARDS ***
Agrotait: raises $3 to $6
ECP1955: calls $3
*** FLOP *** [Jc 6d 4d]
ECP1955: checks
Agrotait: bets $3
ECP1955: calls $3
*** TURN *** [Jc 6d 4d] [8s]
ECP1955: checks
Agrotait: bets $6
ECP1955: raises $6 to $12
Agrotait: folds
Uncalled bet ($6) returned to ECP1955
ECP1955 collected $29.50 from pot
ECP1955: doesn't show hand
*** SUMMARY ***
Total pot $30 | Rake $0.50
Board [Jc 6d 4d 8s]
Seat 1: ECP1955 (big blind) collected ($29.50)
Seat 4: Agrotait (button) (small blind) folded on the Turn


PokerStars Hand #158977687270:  Hold'em Limit ($3/$6 USD) - 2016/09/23 6:59:42 ET
Table 'Algunde' 6-max Seat #1 is the button
Seat 1: ECP1955 ($120.76 in chips)
Seat 4: Agrotait ($107.02 in chips)
ECP1955: posts small blind $1
Agrotait: posts big blind $3
*** HOLE CARDS ***
ECP1955: folds
Uncalled bet ($2) returned to Agrotait
Agrotait collected $2 from pot
Agrotait: doesn't show hand
*** SUMMARY ***
Total pot $2 | Rake $0
Seat 1: ECP1955 (button) (small blind) folded before Flop
Seat 4: Agrotait (big blind) collected ($2)


PokerStars Hand #158977684922:  Hold'em Limit ($3/$6 USD) - 2016/09/23 6:59:35 ET
Table 'Algunde' 6-max Seat #4 is the button
Seat 1: ECP1955 ($123.76 in chips)
Seat 4: Agrotait ($104.02 in chips)
Agrotait: posts small blind $1
ECP1955: posts big blind $3
*** HOLE CARDS ***
Agrotait: raises $3 to $6
ECP1955: folds
Uncalled bet ($3) returned to Agrotait
Agrotait collected $6 from pot
Agrotait: doesn't show hand
*** SUMMARY ***
Total pot $6 | Rake $0
Seat 1: ECP1955 (big blind) folded before Flop
Seat 4: Agrotait (button) (small blind) collected ($6)


PokerStars Hand #158977712724:  Hold'em Limit ($3/$6 USD) - 2016/09/23 7:00:49 ET
Table 'Algunde' 6-max Seat #1 is the button
Seat 1: ECP1955 ($135.02 in chips)
Seat 4: Agrotait ($92.02 in chips)
ECP1955: posts small blind $1
Agrotait: posts big blind $3
*** HOLE CARDS ***
ECP1955: calls $2
Agrotait: raises $3 to $6
ECP1955: calls $3
*** FLOP *** [Ah 8c Tc]
Agrotait: bets $3
ECP1955: calls $3
*** TURN *** [Ah 8c Tc] [4d]
Agrotait: checks
ECP1955: checks
*** RIVER *** [Ah 8c Tc 4d] [Ts]
Agrotait: checks
ECP1955: bets $6
Agrotait: calls $6
*** SHOW DOWN ***
ECP1955: shows [Td As] (a full house, Tens full of Aces)
Agrotait: mucks hand
ECP1955 collected $29.50 from pot
*** SUMMARY ***
Total pot $30 | Rake $0.50
Board [Ah 8c Tc 4d Ts]
Seat 1: ECP1955 (button) (small blind) showed [Td As] and won ($29.50) with a full house, Tens full of Aces
Seat 4: Agrotait (big blind) mucked


PokerStars Hand #158977709812:  Hold'em Limit ($3/$6 USD) - 2016/09/23 7:00:42 ET
Table 'Algunde' 6-max Seat #4 is the button
Seat 1: ECP1955 ($138.02 in chips)
Seat 4: Agrotait ($89.02 in chips)
Agrotait: posts small blind $1
ECP1955: posts big blind $3
*** HOLE CARDS ***
Agrotait: raises $3 to $6
ECP1955: folds
Uncalled bet ($3) returned to Agrotait
Agrotait collected $6 from pot
Agrotait: doesn't show hand
*** SUMMARY ***
Total pot $6 | Rake $0
Seat 1: ECP1955 (big blind) folded before Flop
Seat 4: Agrotait (button) (small blind) collected ($6)


PokerStars Hand #158977707603:  Hold'em Limit ($3/$6 USD) - 2016/09/23 7:00:36 ET
Table 'Algunde' 6-max Seat #1 is the button
Seat 1: ECP1955 ($139.02 in chips)
Seat 4: Agrotait ($88.02 in chips)
ECP1955: posts small blind $1
Agrotait: posts big blind $3
*** HOLE CARDS ***
ECP1955: folds
Uncalled bet ($2) returned to Agrotait
Agrotait collected $2 from pot
Agrotait: doesn't show hand
*** SUMMARY ***
Total pot $2 | Rake $0
Seat 1: ECP1955 (button) (small blind) folded before Flop
Seat 4: Agrotait (big blind) collected ($2)


PokerStars Hand #158977700382:  Hold'em Limit ($3/$6 USD) - 2016/09/23 7:00:17 ET
Table 'Algunde' 6-max Seat #4 is the button
Seat 1: ECP1955 ($133.26 in chips)
Seat 4: Agrotait ($94.02 in chips)
Agrotait: posts small blind $1
ECP1955: posts big blind $3
*** HOLE CARDS ***
Agrotait: raises $3 to $6
ECP1955: calls $3
*** FLOP *** [As 8c 5c]
ECP1955: bets $3
Agrotait: folds
Uncalled bet ($3) returned to ECP1955
ECP1955 collected $11.76 from pot
ECP1955: doesn't show hand
*** SUMMARY ***
Total pot $12 | Rake $0.24
Board [As 8c 5c]
Seat 1: ECP1955 (big blind) collected ($11.76)
Seat 4: Agrotait (button) (small blind) folded on the Flop


PokerStars Hand #158977748825:  Hold'em Limit ($3/$6 USD) - 2016/09/23 7:02:18 ET
Table 'Algunde' 6-max Seat #1 is the button
Seat 1: ECP1955 ($160.02 in chips)
Seat 4: Agrotait ($66.02 in chips)
ECP1955: posts small blind $1
Agrotait: posts big blind $3
*** HOLE CARDS ***
ECP1955: calls $2
Agrotait: checks
*** FLOP *** [8d Qd As]
Agrotait: bets $3
ECP1955: calls $3
*** TURN *** [8d Qd As] [6c]
Agrotait: bets $6
ECP1955: folds
Uncalled bet ($6) returned to Agrotait
Agrotait collected $11.76 from pot
Agrotait: doesn't show hand
*** SUMMARY ***
Total pot $12 | Rake $0.24
Board [8d Qd As 6c]
Seat 1: ECP1955 (button) (small blind) folded on the Turn
Seat 4: Agrotait (big blind) collected ($11.76)


PokerStars Hand #158977745669:  Hold'em Limit ($3/$6 USD) - 2016/09/23 7:02:11 ET
Table 'Algunde' 6-max Seat #4 is the button
Seat 1: ECP1955 ($163.02 in chips)
Seat 4: Agrotait ($63.02 in chips)
Agrotait: posts small blind $1
ECP1955: posts big blind $3
*** HOLE CARDS ***
Agrotait: raises $3 to $6
ECP1955: folds
Uncalled bet ($3) returned to Agrotait
Agrotait collected $6 from pot
Agrotait: doesn't show hand
*** SUMMARY ***
Total pot $6 | Rake $0
Seat 1: ECP1955 (big blind) folded before Flop
Seat 4: Agrotait (button) (small blind) collected ($6)


PokerStars Hand #158977742677:  Hold'em Limit ($3/$6 USD) - 2016/09/23 7:02:03 ET
Table 'Algunde' 6-max Seat #1 is the button
Seat 1: ECP1955 ($164.02 in chips)
Seat 4: Agrotait ($62.02 in chips)
ECP1955: posts small blind $1
Agrotait: posts big blind $3
*** HOLE CARDS ***
ECP1955: folds
Uncalled bet ($2) returned to Agrotait
Agrotait collected $2 from pot
Agrotait: doesn't show hand
*** SUMMARY ***
Total pot $2 | Rake $0
Seat 1: ECP1955 (button) (small blind) folded before Flop
Seat 4: Agrotait (big blind) collected ($2)


PokerStars Hand #158977729982:  Hold'em Limit ($3/$6 USD) - 2016/09/23 7:01:32 ET
Table 'Algunde' 6-max Seat #4 is the button
Seat 1: ECP1955 ($149.52 in chips)
Seat 4: Agrotait ($77.02 in chips)
Agrotait: posts small blind $1
ECP1955: posts big blind $3
*** HOLE CARDS ***
Agrotait: raises $3 to $6
ECP1955: calls $3
*** FLOP *** [7h Jd Jh]
ECP1955: checks
Agrotait: bets $3
ECP1955: calls $3
*** TURN *** [7h Jd Jh] [2h]
ECP1955: checks
Agrotait: checks
*** RIVER *** [7h Jd Jh 2h] [7d]
ECP1955: bets $6
Agrotait: calls $6
*** SHOW DOWN ***
ECP1955: shows [Jc 8s] (a full house, Jacks full of Sevens)
Agrotait: mucks hand
ECP1955 collected $29.50 from pot
*** SUMMARY ***
Total pot $30 | Rake $0.50
Board [7h Jd Jh 2h 7d]
Seat 1: ECP1955 (big blind) showed [Jc 8s] and won ($29.50) with a full house, Jacks full of Sevens
Seat 4: Agrotait (button) (small blind) mucked


PokerStars Hand #158977770790:  Hold'em Limit ($3/$6 USD) - 2016/09/23 7:03:11 ET
Table 'Algunde' 6-max Seat #4 is the button
Seat 1: ECP1955 ($173.52 in chips)
Seat 4: Agrotait ($73 in chips)
Agrotait: posts small blind $1
ECP1955: posts big blind $3
*** HOLE CARDS ***
Agrotait: raises $3 to $6
ECP1955: calls $3
*** FLOP *** [Ad 4d 5c]
ECP1955: bets $3
Agrotait: calls $3
*** TURN *** [Ad 4d 5c] [7d]
ECP1955: bets $6
Agrotait: folds
Uncalled bet ($6) returned to ECP1955
ECP1955 collected $17.64 from pot
ECP1955: doesn't show hand
*** SUMMARY ***
Total pot $18 | Rake $0.36
Board [Ad 4d 5c 7d]
Seat 1: ECP1955 (big blind) collected ($17.64)
Seat 4: Agrotait (button) (small blind) folded on the Turn


PokerStars Hand #158977768163:  Hold'em Limit ($3/$6 USD) - 2016/09/23 7:03:05 ET
Table 'Algunde' 6-max Seat #1 is the button
Seat 1: ECP1955 ($174.52 in chips)
Seat 4: Agrotait ($72 in chips)
ECP1955: posts small blind $1
Agrotait: posts big blind $3
*** HOLE CARDS ***
ECP1955: folds
Uncalled bet ($2) returned to Agrotait
Agrotait collected $2 from pot
Agrotait: doesn't show hand
*** SUMMARY ***
Total pot $2 | Rake $0
Seat 1: ECP1955 (button) (small blind) folded before Flop
Seat 4: Agrotait (big blind) collected ($2)


PokerStars Hand #158977755910:  Hold'em Limit ($3/$6 USD) - 2016/09/23 7:02:35 ET
Table 'Algunde' 6-max Seat #4 is the button
Seat 1: ECP1955 ($154.02 in chips)
Seat 4: Agrotait ($71.78 in chips)
Agrotait: posts small blind $1
ECP1955: posts big blind $3
*** HOLE CARDS ***
Agrotait: raises $3 to $6
ECP1955: calls $3
*** FLOP *** [Jd 3h Kc]
ECP1955: bets $3
Agrotait: calls $3
*** TURN *** [Jd 3h Kc] [Ks]
ECP1955: bets $6
Agrotait: calls $6
*** RIVER *** [Jd 3h Kc Ks] [7s]
ECP1955: bets $6
Agrotait: calls $6
*** SHOW DOWN ***
ECP1955: shows [7d Td] (two pair, Kings and Sevens)
Agrotait: mucks hand
ECP1955 collected $41.50 from pot
*** SUMMARY ***
Total pot $42 | Rake $0.50
Board [Jd 3h Kc Ks 7s]
Seat 1: ECP1955 (big blind) showed [7d Td] and won ($41.50) with two pair, Kings and Sevens
Seat 4: Agrotait (button) (small blind) mucked


PokerStars Hand #158977796449:  Hold'em Limit ($3/$6 USD) - 2016/09/23 7:04:13 ET
Table 'Algunde' 6-max Seat #4 is the button
Seat 1: ECP1955 ($165.16 in chips)
Seat 4: Agrotait ($80.50 in chips)
Agrotait: posts small blind $1
ECP1955: posts big blind $3
*** HOLE CARDS ***
Agrotait: raises $3 to $6
ECP1955: folds
Uncalled bet ($3) returned to Agrotait
Agrotait collected $6 from pot
Agrotait: doesn't show hand
*** SUMMARY ***
Total pot $6 | Rake $0
Seat 1: ECP1955 (big blind) folded before Flop
Seat 4: Agrotait (button) (small blind) collected ($6)


PokerStars Hand #158977793585:  Hold'em Limit ($3/$6 USD) - 2016/09/23 7:04:06 ET
Table 'Algunde' 6-max Seat #1 is the button
Seat 1: ECP1955 ($166.16 in chips)
Seat 4: Agrotait ($79.50 in chips)
ECP1955: posts small blind $1
Agrotait: posts big blind $3
*** HOLE CARDS ***
ECP1955: folds
Uncalled bet ($2) returned to Agrotait
Agrotait collected $2 from pot
Agrotait: doesn't show hand
*** SUMMARY ***
Total pot $2 | Rake $0
Seat 1: ECP1955 (button) (small blind) folded before Flop
Seat 4: Agrotait (big blind) collected ($2)


PokerStars Hand #158977781545:  Hold'em Limit ($3/$6 USD) - 2016/09/23 7:03:37 ET
Table 'Algunde' 6-max Seat #4 is the button
Seat 1: ECP1955 ($181.16 in chips)
Seat 4: Agrotait ($65 in chips)
Agrotait: posts small blind $1
ECP1955: posts big blind $3
*** HOLE CARDS ***
Agrotait: raises $3 to $6
ECP1955: calls $3
*** FLOP *** [2s 9s 6c]
ECP1955: checks
Agrotait: bets $3
ECP1955: calls $3
*** TURN *** [2s 9s 6c] [4d]
ECP1955: checks
Agrotait: bets $6
ECP1955: calls $6
*** RIVER *** [2s 9s 6c 4d] [5c]
ECP1955: checks
Agrotait: checks
*** SHOW DOWN ***
ECP1955: shows [6h 7h] (a pair of Sixes)
Agrotait: shows [Ts 6s] (a pair of Sixes - Ten kicker)
Agrotait collected $29.50 from pot
*** SUMMARY ***
Total pot $30 | Rake $0.50
Board [2s 9s 6c 4d 5c]
Seat 1: ECP1955 (big blind) showed [6h 7h] and lost with a pair of Sixes
Seat 4: Agrotait (button) (small blind) showed [Ts 6s] and won ($29.50) with a pair of Sixes


PokerStars Hand #158977778030:  Hold'em Limit ($3/$6 USD) - 2016/09/23 7:03:29 ET
Table 'Algunde' 6-max Seat #1 is the button
Seat 1: ECP1955 ($182.16 in chips)
Seat 4: Agrotait ($64 in chips)
ECP1955: posts small blind $1
Agrotait: posts big blind $3
*** HOLE CARDS ***
ECP1955: folds
Uncalled bet ($2) returned to Agrotait
Agrotait collected $2 from pot
Agrotait: doesn't show hand
*** SUMMARY ***
Total pot $2 | Rake $0
Seat 1: ECP1955 (button) (small blind) folded before Flop
Seat 4: Agrotait (big blind) collected ($2)


PokerStars Hand #158977811360:  Hold'em Limit ($3/$6 USD) - 2016/09/23 7:04:49 ET
Table 'Algunde' 6-max Seat #1 is the button
Seat 1: ECP1955 ($162.16 in chips)
Seat 4: Agrotait ($83.50 in chips)
ECP1955: posts small blind $1
Agrotait: posts big blind $3
*** HOLE CARDS ***
ECP1955: calls $2
Agrotait: checks
*** FLOP *** [Td Ah Qc]
Agrotait: bets $3
ECP1955: calls $3
*** TURN *** [Td Ah Qc] [8c]
Agrotait: checks
ECP1955: bets $6
Agrotait: folds
Uncalled bet ($6) returned to ECP1955
ECP1955 collected $11.76 from pot
ECP1955: doesn't show hand
*** SUMMARY ***
Total pot $12 | Rake $0.24
Board [Td Ah Qc 8c]
Seat 1: ECP1955 (button) (small blind) collected ($11.76)
Seat 4: Agrotait (big blind) folded on the Turn


PokerStars Hand #158977807765:  Hold'em Limit ($3/$6 USD) - 2016/09/23 7:04:41 ET
Table 'Algunde' 6-max Seat #4 is the button
Seat 1: ECP1955 ($161.16 in chips)
Seat 4: Agrotait ($84.50 in chips)
Agrotait: posts small blind $1
ECP1955: posts big blind $3
*** HOLE CARDS ***
Agrotait: folds
Uncalled bet ($2) returned to ECP1955
ECP1955 collected $2 from pot
ECP1955: doesn't show hand
*** SUMMARY ***
Total pot $2 | Rake $0
Seat 1: ECP1955 (big blind) collected ($2)
Seat 4: Agrotait (button) (small blind) folded before Flop


PokerStars Hand #158977805188:  Hold'em Limit ($3/$6 USD) - 2016/09/23 7:04:35 ET
Table 'Algunde' 6-max Seat #1 is the button
Seat 1: ECP1955 ($162.16 in chips)
Seat 4: Agrotait ($83.50 in chips)
ECP1955: posts small blind $1
Agrotait: posts big blind $3
*** HOLE CARDS ***
ECP1955: folds
Uncalled bet ($2) returned to Agrotait
Agrotait collected $2 from pot
Agrotait: doesn't show hand
*** SUMMARY ***
Total pot $2 | Rake $0
Seat 1: ECP1955 (button) (small blind) folded before Flop
Seat 4: Agrotait (big blind) collected ($2)


PokerStars Hand #158977829816:  Hold'em Limit ($3/$6 USD) - 2016/09/23 7:05:34 ET
Table 'Algunde' 6-max Seat #4 is the button
Seat 1: ECP1955 ($167.92 in chips)
Seat 4: Agrotait ($77.50 in chips)
Agrotait: posts small blind $1
ECP1955: posts big blind $3
*** HOLE CARDS ***
Agrotait: raises $3 to $6
ECP1955: folds
Uncalled bet ($3) returned to Agrotait
Agrotait collected $6 from pot
Agrotait: doesn't show hand
*** SUMMARY ***
Total pot $6 | Rake $0
Seat 1: ECP1955 (big blind) folded before Flop
Seat 4: Agrotait (button) (small blind) collected ($6)


PokerStars Hand #158977865424:  Hold'em Limit ($3/$6 USD) - 2016/09/23 7:07:00 ET
Table 'Algunde' 6-max Seat #4 is the button
Seat 1: ECP1955 ($191.42 in chips)
Seat 4: Agrotait ($72 in chips)
Agrotait: posts small blind $1
ECP1955: posts big blind $3
*** HOLE CARDS ***
Agrotait: raises $3 to $6
ECP1955: folds
Uncalled bet ($3) returned to Agrotait
Agrotait collected $6 from pot
Agrotait: doesn't show hand
*** SUMMARY ***
Total pot $6 | Rake $0
Seat 1: ECP1955 (big blind) folded before Flop
Seat 4: Agrotait (button) (small blind) collected ($6)


PokerStars Hand #158977833544:  Hold'em Limit ($3/$6 USD) - 2016/09/23 7:05:43 ET
Table 'Algunde' 6-max Seat #1 is the button
Seat 1: ECP1955 ($164.92 in chips)
Seat 4: Agrotait ($80.50 in chips)
ECP1955: posts small blind $1
Agrotait: posts big blind $3
*** HOLE CARDS ***
ECP1955: calls $2
Agrotait: raises $3 to $6
ECP1955: calls $3
*** FLOP *** [2d 9s 5s]
Agrotait: bets $3
ECP1955: calls $3
*** TURN *** [2d 9s 5s] [4c]
Agrotait: bets $6
ECP1955: calls $6
*** RIVER *** [2d 9s 5s 4c] [5h]
Agrotait: bets $6
ECP1955: raises $6 to $12
Agrotait: calls $6
*** SHOW DOWN ***
ECP1955: shows [Tc 5c] (three of a kind, Fives)
Agrotait: mucks hand
ECP1955 collected $53.50 from pot
*** SUMMARY ***
Total pot $54 | Rake $0.50
Board [2d 9s 5s 4c 5h]
Seat 1: ECP1955 (button) (small blind) showed [Tc 5c] and won ($53.50) with three of a kind, Fives
Seat 4: Agrotait (big blind) mucked


PokerStars Hand #158977898372:  Hold'em Limit ($3/$6 USD) - 2016/09/23 7:08:20 ET
Table 'Algunde' 6-max Seat #4 is the button
Seat 1: ECP1955 ($211.92 in chips)
Seat 4: Agrotait ($72 in chips)
Agrotait: posts small blind $1
ECP1955: posts big blind $3
*** HOLE CARDS ***
Agrotait: raises $3 to $6
ECP1955: folds
Uncalled bet ($3) returned to Agrotait
Agrotait collected $6 from pot
Agrotait: doesn't show hand
*** SUMMARY ***
Total pot $6 | Rake $0
Seat 1: ECP1955 (big blind) folded before Flop
Seat 4: Agrotait (button) (small blind) collected ($6)


PokerStars Hand #158977871572:  Hold'em Limit ($3/$6 USD) - 2016/09/23 7:07:15 ET
Table 'Algunde' 6-max Seat #1 is the button
Seat 1: ECP1955 ($188.42 in chips)
Seat 4: Agrotait ($75 in chips)
ECP1955: posts small blind $1
Agrotait: posts big blind $3
*** HOLE CARDS ***
ECP1955: calls $2
Agrotait: raises $3 to $6
ECP1955: raises $3 to $9
Agrotait: calls $3
*** FLOP *** [8d Kc 7s]
Agrotait: checks
ECP1955: bets $3
Agrotait: calls $3
*** TURN *** [8d Kc 7s] [3d]
Agrotait: checks
ECP1955: bets $6
Agrotait: calls $6
*** RIVER *** [8d Kc 7s 3d] [Qc]
Agrotait: checks
ECP1955: bets $6
Agrotait: calls $6
*** SHOW DOWN ***
ECP1955: shows [Qs Qd] (three of a kind, Queens)
Agrotait: mucks hand
ECP1955 collected $47.50 from pot
*** SUMMARY ***
Total pot $48 | Rake $0.50
Board [8d Kc 7s 3d Qc]
Seat 1: ECP1955 (button) (small blind) showed [Qs Qd] and won ($47.50) with three of a kind, Queens
Seat 4: Agrotait (big blind) mucked


PokerStars Hand #158977901411:  Hold'em Limit ($3/$6 USD) - 2016/09/23 7:08:27 ET
Table 'Algunde' 6-max Seat #1 is the button
Seat 1: ECP1955 ($208.92 in chips)
Seat 4: Agrotait ($75 in chips)
ECP1955: posts small blind $1
Agrotait: posts big blind $3
*** HOLE CARDS ***
ECP1955: calls $2
Agrotait: raises $3 to $6
ECP1955: calls $3
*** FLOP *** [8d 8h 9s]
Agrotait: bets $3
JumpSeat123 joins the table at seat #5
ECP1955: calls $3
*** TURN *** [8d 8h 9s] [3d]
Agrotait: bets $6
ECP1955: folds
Uncalled bet ($6) returned to Agrotait
Agrotait collected $17.64 from pot
Agrotait: doesn't show hand
*** SUMMARY ***
Total pot $18 | Rake $0.36
Board [8d 8h 9s 3d]
Seat 1: ECP1955 (button) (small blind) folded on the Turn
Seat 4: Agrotait (big blind) collected ($17.64)


PokerStars Hand #158985586191:  Hold'em Limit ($3/$6 USD) - 2016/09/23 11:17:57 ET
Table 'Algunde' 6-max Seat #6 is the button
Seat 4: Ak4life82 ($96.95 in chips)
Seat 6: shampBTgogo ($71.92 in chips)
shampBTgogo: posts small blind $1
Ak4life82: posts big blind $3
*** HOLE CARDS ***
shampBTgogo: folds
Uncalled bet ($2) returned to Ak4life82
Ak4life82 collected $2 from pot
*** SUMMARY ***
Total pot $2 | Rake $0
Seat 4: Ak4life82 (big blind) collected ($2)
Seat 6: shampBTgogo (button) (small blind) folded before Flop


PokerStars Hand #158985592967:  Hold'em Limit ($3/$6 USD) - 2016/09/23 11:18:08 ET
Table 'Algunde' 6-max Seat #6 is the button
Seat 4: Ak4life82 ($96.95 in chips)
Seat 6: shampBTgogo ($71.92 in chips)
shampBTgogo: posts small blind $1
Ak4life82: posts big blind $3
*** HOLE CARDS ***
shampBTgogo: raises $3 to $6
Ak4life82: folds
Uncalled bet ($3) returned to shampBTgogo
shampBTgogo collected $6 from pot
shampBTgogo: doesn't show hand
*** SUMMARY ***
Total pot $6 | Rake $0
Seat 4: Ak4life82 (big blind) folded before Flop
Seat 6: shampBTgogo (button) (small blind) collected ($6)


PokerStars Hand #158985590251:  Hold'em Limit ($3/$6 USD) - 2016/09/23 11:18:04 ET
Table 'Algunde' 6-max Seat #4 is the button
Seat 4: Ak4life82 ($97.95 in chips)
Seat 6: shampBTgogo ($70.92 in chips)
Ak4life82: posts small blind $1
shampBTgogo: posts big blind $3
*** HOLE CARDS ***
Ale4o leaves the table
Ak4life82: folds
Uncalled bet ($2) returned to shampBTgogo
shampBTgogo collected $2 from pot
shampBTgogo: doesn't show hand
*** SUMMARY ***
Total pot $2 | Rake $0
Seat 4: Ak4life82 (button) (small blind) folded before Flop
Seat 6: shampBTgogo (big blind) collected ($2)


