PokerStars Hand #145849220325:  Hold'em Limit ($3/$6 USD) - 2015/12/24 10:53:15 ET
Table 'Alhena II' 6-max Seat #4 is the button
Seat 3: Shiba1989 ($78.28 in chips)
Seat 4: TbIP-TbIP 88 ($72 in chips)
TbIP-TbIP 88: posts small blind $1
Shiba1989: posts big blind $3
*** HOLE CARDS ***
TbIP-TbIP 88: folds
Uncalled bet ($2) returned to Shiba1989
Shiba1989 collected $2 from pot
Shiba1989: doesn't show hand
*** SUMMARY ***
Total pot $2 | Rake $0
Seat 3: Shiba1989 (big blind) collected ($2)
Seat 4: TbIP-TbIP 88 (button) (small blind) folded before Flop


PokerStars Hand #145849174731:  Hold'em Limit ($3/$6 USD) - 2015/12/24 10:52:14 ET
Table 'Alhena II' 6-max Seat #3 is the button
Seat 3: Shiba1989 ($69.64 in chips)
Seat 4: TbIP-TbIP 88 ($72 in chips)
Shiba1989: posts small blind $1
TbIP-TbIP 88: posts big blind $3
*** HOLE CARDS ***
Shiba1989: calls $2
TbIP-TbIP 88: raises $3 to $6
Shiba1989: calls $3
*** FLOP *** [7d 6d 8c]
TbIP-TbIP 88: bets $3
Shiba1989: calls $3
*** TURN *** [7d 6d 8c] [4c]
TbIP-TbIP 88: checks
Shiba1989: bets $6
TbIP-TbIP 88: folds
Uncalled bet ($6) returned to Shiba1989
Shiba1989 collected $17.64 from pot
Shiba1989: doesn't show hand
*** SUMMARY ***
Total pot $18 | Rake $0.36
Board [7d 6d 8c 4c]
Seat 3: Shiba1989 (button) (small blind) collected ($17.64)
Seat 4: TbIP-TbIP 88 (big blind) folded on the Turn


PokerStars Hand #145849262980:  Hold'em Limit ($3/$6 USD) - 2015/12/24 10:54:12 ET
Table 'Alhena II' 6-max Seat #3 is the button
Seat 3: Shiba1989 ($88.92 in chips)
Seat 4: TbIP-TbIP 88 ($72 in chips)
Shiba1989: posts small blind $1
TbIP-TbIP 88: posts big blind $3
*** HOLE CARDS ***
Shiba1989: calls $2
TbIP-TbIP 88: checks
*** FLOP *** [9c 3c Kc]
TbIP-TbIP 88: bets $3
Shiba1989: folds
Uncalled bet ($3) returned to TbIP-TbIP 88
TbIP-TbIP 88 collected $5.88 from pot
TbIP-TbIP 88: doesn't show hand
*** SUMMARY ***
Total pot $6 | Rake $0.12
Board [9c 3c Kc]
Seat 3: Shiba1989 (button) (small blind) folded on the Flop
Seat 4: TbIP-TbIP 88 (big blind) collected ($5.88)


PokerStars Hand #145849258761:  Hold'em Limit ($3/$6 USD) - 2015/12/24 10:54:07 ET
Table 'Alhena II' 6-max Seat #4 is the button
Seat 3: Shiba1989 ($87.92 in chips)
Seat 4: TbIP-TbIP 88 ($72 in chips)
TbIP-TbIP 88: posts small blind $1
Shiba1989: posts big blind $3
*** HOLE CARDS ***
TbIP-TbIP 88: folds
Uncalled bet ($2) returned to Shiba1989
Shiba1989 collected $2 from pot
Shiba1989: doesn't show hand
*** SUMMARY ***
Total pot $2 | Rake $0
Seat 3: Shiba1989 (big blind) collected ($2)
Seat 4: TbIP-TbIP 88 (button) (small blind) folded before Flop


PokerStars Hand #145849224678:  Hold'em Limit ($3/$6 USD) - 2015/12/24 10:53:21 ET
Table 'Alhena II' 6-max Seat #3 is the button
Seat 3: Shiba1989 ($79.28 in chips)
Seat 4: TbIP-TbIP 88 ($72 in chips)
Shiba1989: posts small blind $1
TbIP-TbIP 88: posts big blind $3
*** HOLE CARDS ***
Shiba1989: raises $3 to $6
TbIP-TbIP 88: calls $3
*** FLOP *** [Kd 2s Tc]
TbIP-TbIP 88: checks
Shiba1989: bets $3
TbIP-TbIP 88: calls $3
*** TURN *** [Kd 2s Tc] [8d]
TbIP-TbIP 88: checks
Shiba1989: bets $6
TbIP-TbIP 88: folds
Uncalled bet ($6) returned to Shiba1989
Shiba1989 collected $17.64 from pot
*** SUMMARY ***
Total pot $18 | Rake $0.36
Board [Kd 2s Tc 8d]
Seat 3: Shiba1989 (button) (small blind) collected ($17.64)
Seat 4: TbIP-TbIP 88 (big blind) folded on the Turn


PokerStars Hand #145849310667:  Hold'em Limit ($3/$6 USD) - 2015/12/24 10:55:17 ET
Table 'Alhena II' 6-max Seat #3 is the button
Seat 3: Shiba1989 ($112.42 in chips)
Seat 4: TbIP-TbIP 88 ($72 in chips)
Shiba1989: posts small blind $1
TbIP-TbIP 88: posts big blind $3
*** HOLE CARDS ***
Shiba1989: folds
Uncalled bet ($2) returned to TbIP-TbIP 88
TbIP-TbIP 88 collected $2 from pot
TbIP-TbIP 88: doesn't show hand
*** SUMMARY ***
Total pot $2 | Rake $0
Seat 3: Shiba1989 (button) (small blind) folded before Flop
Seat 4: TbIP-TbIP 88 (big blind) collected ($2)


PokerStars Hand #145849275177:  Hold'em Limit ($3/$6 USD) - 2015/12/24 10:54:29 ET
Table 'Alhena II' 6-max Seat #4 is the button
Seat 3: Shiba1989 ($85.92 in chips)
Seat 4: TbIP-TbIP 88 ($74.88 in chips)
TbIP-TbIP 88: posts small blind $1
Shiba1989: posts big blind $3
*** HOLE CARDS ***
TbIP-TbIP 88: raises $3 to $6
Shiba1989: calls $3
*** FLOP *** [2s 8c Kd]
Shiba1989: checks
TbIP-TbIP 88: bets $3
Shiba1989: calls $3
*** TURN *** [2s 8c Kd] [Tc]
Shiba1989: checks
TbIP-TbIP 88: bets $6
Shiba1989: calls $6
*** RIVER *** [2s 8c Kd Tc] [9h]
Shiba1989: checks
TbIP-TbIP 88: bets $6
Shiba1989: raises $6 to $12
TbIP-TbIP 88: calls $6
*** SHOW DOWN ***
Shiba1989: shows [Qs Jc] (a straight, Nine to King)
TbIP-TbIP 88: mucks hand
Shiba1989 collected $53.50 from pot
*** SUMMARY ***
Total pot $54 | Rake $0.50
Board [2s 8c Kd Tc 9h]
Seat 3: Shiba1989 (big blind) showed [Qs Jc] and won ($53.50) with a straight, Nine to King
Seat 4: TbIP-TbIP 88 (button) (small blind) mucked


PokerStars Hand #145849339993:  Hold'em Limit ($3/$6 USD) - 2015/12/24 10:56:03 ET
Table 'Alhena II' 6-max Seat #3 is the button
Seat 3: Shiba1989 ($125.92 in chips)
Seat 4: TbIP-TbIP 88 ($72 in chips)
Shiba1989: posts small blind $1
TbIP-TbIP 88: posts big blind $3
*** HOLE CARDS ***
Shiba1989: folds
Uncalled bet ($2) returned to TbIP-TbIP 88
TbIP-TbIP 88 collected $2 from pot
TbIP-TbIP 88: doesn't show hand
*** SUMMARY ***
Total pot $2 | Rake $0
Seat 3: Shiba1989 (button) (small blind) folded before Flop
Seat 4: TbIP-TbIP 88 (big blind) collected ($2)


PokerStars Hand #145849314412:  Hold'em Limit ($3/$6 USD) - 2015/12/24 10:55:23 ET
Table 'Alhena II' 6-max Seat #4 is the button
Seat 3: Shiba1989 ($111.42 in chips)
Seat 4: TbIP-TbIP 88 ($73 in chips)
TbIP-TbIP 88: posts small blind $1
Shiba1989: posts big blind $3
*** HOLE CARDS ***
TbIP-TbIP 88: raises $3 to $6
Shiba1989: calls $3
*** FLOP *** [Qh 9d 2c]
Shiba1989: checks
TbIP-TbIP 88: bets $3
Shiba1989: calls $3
*** TURN *** [Qh 9d 2c] [Ad]
Shiba1989: checks
TbIP-TbIP 88: bets $6
Shiba1989: calls $6
*** RIVER *** [Qh 9d 2c Ad] [7h]
Shiba1989: checks
Actionni13 joins the table at seat #2
TbIP-TbIP 88: checks
*** SHOW DOWN ***
Shiba1989: shows [2h 8c] (a pair of Deuces)
TbIP-TbIP 88: mucks hand
Shiba1989 collected $29.50 from pot
*** SUMMARY ***
Total pot $30 | Rake $0.50
Board [Qh 9d 2c Ad 7h]
Seat 3: Shiba1989 (big blind) showed [2h 8c] and won ($29.50) with a pair of Deuces
Seat 4: TbIP-TbIP 88 (button) (small blind) mucked


PokerStars Hand #145852765427:  Hold'em Limit ($3/$6 USD) - 2015/12/24 12:14:32 ET
Table 'Alhena II' 6-max Seat #4 is the button
Seat 3: Mckay312 ($76.45 in chips)
Seat 4: vvk22 ($139.73 in chips)
vvk22: posts small blind $1
Mckay312: posts big blind $3
*** HOLE CARDS ***
vvk22: raises $3 to $6
Mckay312: calls $3
*** FLOP *** [Ks 9d 3d]
Mckay312: checks
vvk22: bets $3
Mckay312: folds
Uncalled bet ($3) returned to vvk22
marjan 76 joins the table at seat #5
vvk22 collected $11.76 from pot
*** SUMMARY ***
Total pot $12 | Rake $0.24
Board [Ks 9d 3d]
Seat 3: Mckay312 (big blind) folded on the Flop
Seat 4: vvk22 (button) (small blind) collected ($11.76)


PokerStars Hand #145852772465:  Hold'em Limit ($3/$6 USD) - 2015/12/24 12:14:42 ET
Table 'Alhena II' 6-max Seat #3 is the button
Seat 3: Mckay312 ($70.45 in chips)
Seat 4: vvk22 ($145.49 in chips)
Mckay312: posts small blind $1
vvk22: posts big blind $3
*** HOLE CARDS ***
Mckay312: raises $3 to $6
vvk22: calls $3
*** FLOP *** [Th Kc 7h]
vvk22: checks
Mckay312: bets $3
vvk22: folds
Uncalled bet ($3) returned to Mckay312
Mckay312 collected $11.76 from pot
*** SUMMARY ***
Total pot $12 | Rake $0.24
Board [Th Kc 7h]
Seat 3: Mckay312 (button) (small blind) collected ($11.76)
Seat 4: vvk22 (big blind) folded on the Flop


PokerStars Hand #145853144116:  Hold'em Limit ($3/$6 USD) - 2015/12/24 12:23:02 ET
Table 'Alhena II' 6-max Seat #3 is the button
Seat 3: Mckay312 ($153.03 in chips)
Seat 5: marjan 76 ($119.40 in chips)
Mckay312: posts small blind $1
marjan 76: posts big blind $3
*** HOLE CARDS ***
Mckay312: folds
Uncalled bet ($2) returned to marjan 76
marjan 76 collected $2 from pot
*** SUMMARY ***
Total pot $2 | Rake $0
Seat 3: Mckay312 (button) (small blind) folded before Flop
Seat 5: marjan 76 (big blind) collected ($2)


PokerStars Hand #145853135075:  Hold'em Limit ($3/$6 USD) - 2015/12/24 12:22:50 ET
Table 'Alhena II' 6-max Seat #5 is the button
Seat 3: Mckay312 ($150.15 in chips)
Seat 5: marjan 76 ($122.40 in chips)
marjan 76: posts small blind $1
Mckay312: posts big blind $3
*** HOLE CARDS ***
marjan 76: calls $2
Mckay312: checks
*** FLOP *** [9s As 9h]
Mckay312: checks
marjan 76: checks
*** TURN *** [9s As 9h] [Jc]
Mckay312: checks
marjan 76: checks
*** RIVER *** [9s As 9h Jc] [5s]
Mckay312: bets $6
marjan 76: folds
Uncalled bet ($6) returned to Mckay312
Mckay312 collected $5.88 from pot
*** SUMMARY ***
Total pot $6 | Rake $0.12
Board [9s As 9h Jc 5s]
Seat 3: Mckay312 (big blind) collected ($5.88)
Seat 5: marjan 76 (button) (small blind) folded on the River


PokerStars Hand #145853126159:  Hold'em Limit ($3/$6 USD) - 2015/12/24 12:22:38 ET
Table 'Alhena II' 6-max Seat #3 is the button
Seat 3: Mckay312 ($156.15 in chips)
Seat 5: marjan 76 ($116.64 in chips)
vvk22: is sitting out
vvk22 leaves the table
Mckay312: posts small blind $1
marjan 76: posts big blind $3
*** HOLE CARDS ***
Mckay312: raises $3 to $6
marjan 76: calls $3
*** FLOP *** [5h 8d 4d]
marjan 76: checks
Mckay312: checks
*** TURN *** [5h 8d 4d] [Ac]
marjan 76: bets $6
Mckay312: folds
Uncalled bet ($6) returned to marjan 76
marjan 76 collected $11.76 from pot
*** SUMMARY ***
Total pot $12 | Rake $0.24
Board [5h 8d 4d Ac]
Seat 3: Mckay312 (button) (small blind) folded on the Turn
Seat 5: marjan 76 (big blind) collected ($11.76)


PokerStars Hand #145853183024:  Hold'em Limit ($3/$6 USD) - 2015/12/24 12:23:55 ET
Table 'Alhena II' 6-max Seat #3 is the button
Seat 3: Mckay312 ($136.91 in chips)
Seat 5: marjan 76 ($134.78 in chips)
Mckay312: posts small blind $1
marjan 76: posts big blind $3
*** HOLE CARDS ***
Mckay312: raises $3 to $6
marjan 76: calls $3
*** FLOP *** [Js 6s Kc]
marjan 76: checks
Mckay312: bets $3
marjan 76: raises $3 to $6
Mckay312: calls $3
*** TURN *** [Js 6s Kc] [8d]
marjan 76: bets $6
Mckay312: calls $6
*** RIVER *** [Js 6s Kc 8d] [5h]
marjan 76: bets $6
Mckay312: calls $6
*** SHOW DOWN ***
marjan 76: shows [Qs Jd] (a pair of Jacks)
Mckay312: mucks hand
marjan 76 collected $47.50 from pot
*** SUMMARY ***
Total pot $48 | Rake $0.50
Board [Js 6s Kc 8d 5h]
Seat 3: Mckay312 (button) (small blind) mucked
Seat 5: marjan 76 (big blind) showed [Qs Jd] and won ($47.50) with a pair of Jacks


PokerStars Hand #145853170800:  Hold'em Limit ($3/$6 USD) - 2015/12/24 12:23:38 ET
Table 'Alhena II' 6-max Seat #5 is the button
Seat 3: Mckay312 ($139.91 in chips)
Seat 5: marjan 76 ($131.90 in chips)
marjan 76: posts small blind $1
Mckay312: posts big blind $3
*** HOLE CARDS ***
marjan 76: calls $2
Mckay312: checks
*** FLOP *** [Jh Qh Kc]
Mckay312: checks
marjan 76: checks
*** TURN *** [Jh Qh Kc] [As]
Mckay312: checks
marjan 76: checks
*** RIVER *** [Jh Qh Kc As] [5h]
Mckay312: checks
marjan 76: bets $6
Mckay312: folds
Uncalled bet ($6) returned to marjan 76
marjan 76 collected $5.88 from pot
*** SUMMARY ***
Total pot $6 | Rake $0.12
Board [Jh Qh Kc As 5h]
Seat 3: Mckay312 (big blind) folded on the River
Seat 5: marjan 76 (button) (small blind) collected ($5.88)


PokerStars Hand #145853158895:  Hold'em Limit ($3/$6 USD) - 2015/12/24 12:23:22 ET
Table 'Alhena II' 6-max Seat #3 is the button
Seat 3: Mckay312 ($154.91 in chips)
Seat 5: marjan 76 ($117.40 in chips)
Mckay312: posts small blind $1
marjan 76: posts big blind $3
*** HOLE CARDS ***
Mckay312: raises $3 to $6
marjan 76: raises $3 to $9
Mckay312: calls $3
*** FLOP *** [5h 4c 7h]
marjan 76: checks
Mckay312: checks
*** TURN *** [5h 4c 7h] [3s]
marjan 76: bets $6
Mckay312: calls $6
*** RIVER *** [5h 4c 7h 3s] [Js]
marjan 76: bets $6
Mckay312: folds
Uncalled bet ($6) returned to marjan 76
marjan 76 collected $29.50 from pot
*** SUMMARY ***
Total pot $30 | Rake $0.50
Board [5h 4c 7h 3s Js]
Seat 3: Mckay312 (button) (small blind) folded on the River
Seat 5: marjan 76 (big blind) collected ($29.50)


PokerStars Hand #145853148052:  Hold'em Limit ($3/$6 USD) - 2015/12/24 12:23:07 ET
Table 'Alhena II' 6-max Seat #5 is the button
Seat 3: Mckay312 ($152.03 in chips)
Seat 5: marjan 76 ($120.40 in chips)
marjan 76: posts small blind $1
Mckay312: posts big blind $3
*** HOLE CARDS ***
marjan 76: calls $2
Mckay312: checks
*** FLOP *** [Tc 2c 5d]
Mckay312: checks
marjan 76: checks
*** TURN *** [Tc 2c 5d] [4s]
Mckay312: bets $6
marjan 76: folds
Uncalled bet ($6) returned to Mckay312
Mckay312 collected $5.88 from pot
*** SUMMARY ***
Total pot $6 | Rake $0.12
Board [Tc 2c 5d 4s]
Seat 3: Mckay312 (big blind) collected ($5.88)
Seat 5: marjan 76 (button) (small blind) folded on the Turn


PokerStars Hand #145853203726:  Hold'em Limit ($3/$6 USD) - 2015/12/24 12:24:23 ET
Table 'Alhena II' 6-max Seat #3 is the button
Seat 3: Mckay312 ($115.79 in chips)
Seat 5: marjan 76 ($155.28 in chips)
Mckay312: posts small blind $1
marjan 76: posts big blind $3
*** HOLE CARDS ***
Mckay312: raises $3 to $6
marjan 76: folds
Uncalled bet ($3) returned to Mckay312
marjan 76 leaves the table
Mckay312 collected $6 from pot
*** SUMMARY ***
Total pot $6 | Rake $0
Seat 3: Mckay312 (button) (small blind) collected ($6)
Seat 5: marjan 76 (big blind) folded before Flop


PokerStars Hand #145853195148:  Hold'em Limit ($3/$6 USD) - 2015/12/24 12:24:12 ET
Table 'Alhena II' 6-max Seat #5 is the button
Seat 3: Mckay312 ($112.91 in chips)
Seat 5: marjan 76 ($158.28 in chips)
marjan 76: posts small blind $1
Mckay312: posts big blind $3
*** HOLE CARDS ***
marjan 76: calls $2
Mckay312: checks
*** FLOP *** [9c 6c Tc]
Mckay312: checks
marjan 76: checks
*** TURN *** [9c 6c Tc] [5s]
Mckay312: bets $6
marjan 76: folds
Uncalled bet ($6) returned to Mckay312
Mckay312 collected $5.88 from pot
*** SUMMARY ***
Total pot $6 | Rake $0.12
Board [9c 6c Tc 5s]
Seat 3: Mckay312 (big blind) collected ($5.88)
Seat 5: marjan 76 (button) (small blind) folded on the Turn


PokerStars Hand #145853823272:  Hold'em Limit ($3/$6 USD) - 2015/12/24 12:38:18 ET
Table 'Alhena II' 6-max Seat #4 is the button
Seat 2: gatorblood32 ($91.94 in chips)
Seat 4: Karpik09 ($90 in chips)
Karpik09: posts small blind $1
gatorblood32: posts big blind $3
*** HOLE CARDS ***
Karpik09: raises $3 to $6
gatorblood32: raises $3 to $9
Karpik09: calls $3
*** FLOP *** [Tc 6s Ad]
gatorblood32: bets $3
Karpik09: calls $3
*** TURN *** [Tc 6s Ad] [9d]
gatorblood32: bets $6
Karpik09: calls $6
*** RIVER *** [Tc 6s Ad 9d] [2h]
gatorblood32: bets $6
Karpik09: folds
Uncalled bet ($6) returned to gatorblood32
gatorblood32 collected $35.50 from pot
gatorblood32: doesn't show hand
*** SUMMARY ***
Total pot $36 | Rake $0.50
Board [Tc 6s Ad 9d 2h]
Seat 2: gatorblood32 (big blind) collected ($35.50)
Seat 4: Karpik09 (button) (small blind) folded on the River


PokerStars Hand #145853906137:  Hold'em Limit ($3/$6 USD) - 2015/12/24 12:40:11 ET
Table 'Alhena II' 6-max Seat #4 is the button
Seat 2: gatorblood32 ($123.94 in chips)
Seat 4: Karpik09 ($90 in chips)
Karpik09: posts small blind $1
gatorblood32: posts big blind $3
*** HOLE CARDS ***
Karpik09: raises $3 to $6
gatorblood32: folds
Uncalled bet ($3) returned to Karpik09
Karpik09 collected $6 from pot
Karpik09: doesn't show hand
*** SUMMARY ***
Total pot $6 | Rake $0
Seat 2: gatorblood32 (big blind) folded before Flop
Seat 4: Karpik09 (button) (small blind) collected ($6)


PokerStars Hand #145853900713:  Hold'em Limit ($3/$6 USD) - 2015/12/24 12:40:03 ET
Table 'Alhena II' 6-max Seat #2 is the button
Seat 2: gatorblood32 ($124.94 in chips)
Seat 4: Karpik09 ($89 in chips)
gatorblood32: posts small blind $1
Karpik09: posts big blind $3
*** HOLE CARDS ***
gatorblood32: folds
Uncalled bet ($2) returned to Karpik09
Karpik09 collected $2 from pot
Karpik09: doesn't show hand
*** SUMMARY ***
Total pot $2 | Rake $0
Seat 2: gatorblood32 (button) (small blind) folded before Flop
Seat 4: Karpik09 (big blind) collected ($2)


PokerStars Hand #145853896207:  Hold'em Limit ($3/$6 USD) - 2015/12/24 12:39:57 ET
Table 'Alhena II' 6-max Seat #4 is the button
Seat 2: gatorblood32 ($123.94 in chips)
Seat 4: Karpik09 ($90 in chips)
Karpik09: posts small blind $1
gatorblood32: posts big blind $3
*** HOLE CARDS ***
Karpik09: folds
Uncalled bet ($2) returned to gatorblood32
gatorblood32 collected $2 from pot
gatorblood32: doesn't show hand
*** SUMMARY ***
Total pot $2 | Rake $0
Seat 2: gatorblood32 (big blind) collected ($2)
Seat 4: Karpik09 (button) (small blind) folded before Flop


PokerStars Hand #145853847991:  Hold'em Limit ($3/$6 USD) - 2015/12/24 12:38:52 ET
Table 'Alhena II' 6-max Seat #2 is the button
Seat 2: gatorblood32 ($109.44 in chips)
Seat 4: Karpik09 ($72 in chips)
gatorblood32: posts small blind $1
Karpik09: posts big blind $3
*** HOLE CARDS ***
gatorblood32: raises $3 to $6
Karpik09: calls $3
*** FLOP *** [4c 3h 9h]
Karpik09: checks
gatorblood32: bets $3
Karpik09: calls $3
*** TURN *** [4c 3h 9h] [8d]
Karpik09: checks
gatorblood32: checks
*** RIVER *** [4c 3h 9h 8d] [Ad]
Karpik09: checks
gatorblood32 is disconnected
gatorblood32 is connected
gatorblood32: bets $6
Karpik09: calls $6
*** SHOW DOWN ***
gatorblood32: shows [6h As] (a pair of Aces)
Karpik09: mucks hand
gatorblood32 collected $29.50 from pot
*** SUMMARY ***
Total pot $30 | Rake $0.50
Board [4c 3h 9h 8d Ad]
Seat 2: gatorblood32 (button) (small blind) showed [6h As] and won ($29.50) with a pair of Aces
Seat 4: Karpik09 (big blind) mucked


PokerStars Hand #145854131189:  Hold'em Limit ($3/$6 USD) - 2015/12/24 12:45:05 ET
Table 'Alhena II' 6-max Seat #5 is the button
Seat 4: Karpik09 ($100.64 in chips)
Seat 5: ManicSmokey ($73 in chips)
ManicSmokey: posts small blind $1
Karpik09: posts big blind $3
*** HOLE CARDS ***
ManicSmokey: folds
Uncalled bet ($2) returned to Karpik09
SashaYuvelir joins the table at seat #6
Karpik09 collected $2 from pot
Karpik09: doesn't show hand
*** SUMMARY ***
Total pot $2 | Rake $0
Seat 4: Karpik09 (big blind) collected ($2)
Seat 5: ManicSmokey (button) (small blind) folded before Flop


PokerStars Hand #145854124457:  Hold'em Limit ($3/$6 USD) - 2015/12/24 12:44:57 ET
Table 'Alhena II' 6-max Seat #4 is the button
Seat 4: Karpik09 ($101.64 in chips)
Seat 5: ManicSmokey ($72 in chips)
Karpik09: posts small blind $1
ManicSmokey: posts big blind $3
*** HOLE CARDS ***
Karpik09: folds
Uncalled bet ($2) returned to ManicSmokey
ManicSmokey collected $2 from pot
ManicSmokey: doesn't show hand
*** SUMMARY ***
Total pot $2 | Rake $0
Seat 4: Karpik09 (button) (small blind) folded before Flop
Seat 5: ManicSmokey (big blind) collected ($2)


PokerStars Hand #145854135222:  Hold'em Limit ($3/$6 USD) - 2015/12/24 12:45:11 ET
Table 'Alhena II' 6-max Seat #4 is the button
Seat 4: Karpik09 ($101.64 in chips)
Seat 5: ManicSmokey ($72 in chips)
Karpik09: posts small blind $1
ManicSmokey: posts big blind $3
*** HOLE CARDS ***
Karpik09: raises $3 to $6
ManicSmokey: calls $3
*** FLOP *** [7h 2h 6c]
ManicSmokey: checks
Karpik09: bets $3
ManicSmokey: raises $3 to $6
Karpik09: calls $3
*** TURN *** [7h 2h 6c] [3d]
ManicSmokey: bets $6
Karpik09: calls $6
*** RIVER *** [7h 2h 6c 3d] [Ah]
ManicSmokey: bets $6
Karpik09: calls $6
*** SHOW DOWN ***
ManicSmokey: shows [Qc 5h] (high card Ace)
Karpik09: shows [9h 7c] (a pair of Sevens)
Karpik09 collected $47.50 from pot
*** SUMMARY ***
Total pot $48 | Rake $0.50
Board [7h 2h 6c 3d Ah]
Seat 4: Karpik09 (button) (small blind) showed [9h 7c] and won ($47.50) with a pair of Sevens
Seat 5: ManicSmokey (big blind) showed [Qc 5h] and lost with high card Ace


PokerStars Hand #145854314527:  Hold'em Limit ($3/$6 USD) - 2015/12/24 12:48:50 ET
Table 'Alhena II' 6-max Seat #6 is the button
Seat 2: bentinck113 ($112 in chips)
Seat 6: SashaYuvelir ($160.47 in chips)
ManicSmokey leaves the table
SashaYuvelir: posts small blind $1
bentinck113: posts big blind $3
*** HOLE CARDS ***
SashaYuvelir: raises $3 to $6
bentinck113: calls $3
*** FLOP *** [3c Ks Jh]
bentinck113: checks
SashaYuvelir: bets $3
bentinck113: calls $3
*** TURN *** [3c Ks Jh] [Kh]
bentinck113: checks
SashaYuvelir: checks
*** RIVER *** [3c Ks Jh Kh] [2h]
bentinck113: bets $6
SashaYuvelir: folds
Uncalled bet ($6) returned to bentinck113
bentinck113 collected $17.64 from pot
bentinck113: doesn't show hand
*** SUMMARY ***
Total pot $18 | Rake $0.36
Board [3c Ks Jh Kh 2h]
Seat 2: bentinck113 (big blind) collected ($17.64)
Seat 6: SashaYuvelir (button) (small blind) folded on the River


PokerStars Hand #145854872826:  Hold'em Limit ($3/$6 USD) - 2015/12/24 12:59:47 ET
Table 'Alhena II' 6-max Seat #4 is the button
Seat 4: Karpik09 ($90 in chips)
Seat 5: vvk22 ($45.35 in chips)
Karpik09: posts small blind $1
vvk22: posts big blind $3
*** HOLE CARDS ***
Karpik09: raises $3 to $6
vvk22: calls $3
*** FLOP *** [Kd 4s 9c]
vvk22: bets $3
Karpik09: calls $3
*** TURN *** [Kd 4s 9c] [3d]
vvk22: bets $6
Karpik09: calls $6
*** RIVER *** [Kd 4s 9c 3d] [Td]
vvk22: bets $6
Karpik09: raises $6 to $12
vvk22: folds
Uncalled bet ($6) returned to Karpik09
Karpik09 collected $41.50 from pot
Karpik09: doesn't show hand
*** SUMMARY ***
Total pot $42 | Rake $0.50
Board [Kd 4s 9c 3d Td]
Seat 4: Karpik09 (button) (small blind) collected ($41.50)
Seat 5: vvk22 (big blind) folded on the River


PokerStars Hand #145854935380:  Hold'em Limit ($3/$6 USD) - 2015/12/24 13:01:03 ET
Table 'Alhena II' 6-max Seat #5 is the button
Seat 4: Karpik09 ($90 in chips)
Seat 5: vvk22 ($62.35 in chips)
vvk22: posts small blind $1
Karpik09: posts big blind $3
*** HOLE CARDS ***
vvk22: raises $3 to $6
Karpik09: calls $3
*** FLOP *** [Js 9h Ts]
Karpik09: checks
vvk22: bets $3
Karpik09: calls $3
*** TURN *** [Js 9h Ts] [9s]
Karpik09: checks
vvk22: bets $6
Karpik09: raises $6 to $12
vvk22: calls $6
*** RIVER *** [Js 9h Ts 9s] [7d]
Karpik09: bets $6
vvk22: calls $6
*** SHOW DOWN ***
Karpik09: shows [5d 9c] (three of a kind, Nines)
vvk22: shows [8s Th] (a straight, Seven to Jack)
vvk22 collected $53.50 from pot
*** SUMMARY ***
Total pot $54 | Rake $0.50
Board [Js 9h Ts 9s 7d]
Seat 4: Karpik09 (big blind) showed [5d 9c] and lost with three of a kind, Nines
Seat 5: vvk22 (button) (small blind) showed [8s Th] and won ($53.50) with a straight, Seven to Jack


PokerStars Hand #145854917540:  Hold'em Limit ($3/$6 USD) - 2015/12/24 13:00:42 ET
Table 'Alhena II' 6-max Seat #4 is the button
Seat 4: Karpik09 ($92.50 in chips)
Seat 5: vvk22 ($41.85 in chips)
Karpik09: posts small blind $1
vvk22: posts big blind $3
*** HOLE CARDS ***
Karpik09: raises $3 to $6
vvk22: calls $3
*** FLOP *** [4h 8s 8c]
vvk22: bets $3
Karpik09: calls $3
*** TURN *** [4h 8s 8c] [7s]
vvk22: bets $6
Karpik09: calls $6
*** RIVER *** [4h 8s 8c 7s] [Qs]
vvk22: bets $6
Karpik09: calls $6
*** SHOW DOWN ***
vvk22: shows [3d 3s] (two pair, Eights and Threes)
Karpik09: mucks hand
vvk22 collected $41.50 from pot
*** SUMMARY ***
Total pot $42 | Rake $0.50
Board [4h 8s 8c 7s Qs]
Seat 4: Karpik09 (button) (small blind) mucked
Seat 5: vvk22 (big blind) showed [3d 3s] and won ($41.50) with two pair, Eights and Threes


PokerStars Hand #145854895914:  Hold'em Limit ($3/$6 USD) - 2015/12/24 13:00:14 ET
Table 'Alhena II' 6-max Seat #5 is the button
Seat 4: Karpik09 ($110.50 in chips)
Seat 5: vvk22 ($24.35 in chips)
vvk22: posts small blind $1
Karpik09: posts big blind $3
*** HOLE CARDS ***
vvk22: raises $3 to $6
Karpik09: calls $3
*** FLOP *** [Qc Tc Td]
Karpik09: checks
vvk22: checks
*** TURN *** [Qc Tc Td] [6c]
Karpik09: bets $6
vvk22: raises $6 to $12
Karpik09: calls $6
*** RIVER *** [Qc Tc Td 6c] [Ac]
Karpik09: checks
vvk22: checks
*** SHOW DOWN ***
Karpik09: shows [5d 6s] (two pair, Tens and Sixes)
vvk22: shows [Ts 4d] (three of a kind, Tens)
vvk22 collected $35.50 from pot
*** SUMMARY ***
Total pot $36 | Rake $0.50
Board [Qc Tc Td 6c Ac]
Seat 4: Karpik09 (big blind) showed [5d 6s] and lost with two pair, Tens and Sixes
Seat 5: vvk22 (button) (small blind) showed [Ts 4d] and won ($35.50) with three of a kind, Tens


PokerStars Hand #145854997520:  Hold'em Limit ($3/$6 USD) - 2015/12/24 13:02:14 ET
Table 'Alhena II' 6-max Seat #5 is the button
Seat 4: Karpik09 ($90 in chips)
Seat 5: vvk22 ($115.35 in chips)
vvk22: posts small blind $1
Karpik09: posts big blind $3
*** HOLE CARDS ***
vvk22: calls $2
Karpik09: raises $3 to $6
vvk22: calls $3
*** FLOP *** [4d Ac Ks]
Karpik09: bets $3
vvk22: folds
Uncalled bet ($3) returned to Karpik09
Karpik09 collected $11.76 from pot
Karpik09: doesn't show hand
*** SUMMARY ***
Total pot $12 | Rake $0.24
Board [4d Ac Ks]
Seat 4: Karpik09 (big blind) collected ($11.76)
Seat 5: vvk22 (button) (small blind) folded on the Flop


PokerStars Hand #145854967576:  Hold'em Limit ($3/$6 USD) - 2015/12/24 13:01:41 ET
Table 'Alhena II' 6-max Seat #4 is the button
Seat 4: Karpik09 ($90 in chips)
Seat 5: vvk22 ($88.85 in chips)
Karpik09: posts small blind $1
vvk22: posts big blind $3
*** HOLE CARDS ***
Karpik09: raises $3 to $6
vvk22: calls $3
*** FLOP *** [6h Js Jd]
vvk22: checks
Karpik09: bets $3
vvk22: calls $3
*** TURN *** [6h Js Jd] [9c]
vvk22: checks
Karpik09: bets $6
vvk22: raises $6 to $12
Karpik09: calls $6
*** RIVER *** [6h Js Jd 9c] [Td]
vvk22: bets $6
Karpik09: calls $6
*** SHOW DOWN ***
vvk22: shows [Jc 8h] (three of a kind, Jacks)
Karpik09: mucks hand
vvk22 collected $53.50 from pot
*** SUMMARY ***
Total pot $54 | Rake $0.50
Board [6h Js Jd 9c Td]
Seat 4: Karpik09 (button) (small blind) mucked
Seat 5: vvk22 (big blind) showed [Jc 8h] and won ($53.50) with three of a kind, Jacks


PokerStars Hand #145855023770:  Hold'em Limit ($3/$6 USD) - 2015/12/24 13:02:42 ET
Table 'Alhena II' 6-max Seat #5 is the button
Seat 4: Karpik09 ($94.76 in chips)
Seat 5: vvk22 ($110.35 in chips)
vvk22: posts small blind $1
Karpik09: posts big blind $3
*** HOLE CARDS ***
vvk22: raises $3 to $6
Karpik09: calls $3
*** FLOP *** [Qh Jh 7d]
Karpik09: checks
vvk22: bets $3
Karpik09: calls $3
*** TURN *** [Qh Jh 7d] [Td]
Karpik09: checks
vvk22: checks
*** RIVER *** [Qh Jh 7d Td] [Kh]
Karpik09: checks
vvk22: checks
*** SHOW DOWN ***
Karpik09: shows [9d Ks] (a straight, Nine to King)
vvk22: mucks hand
Karpik09 collected $17.64 from pot
*** SUMMARY ***
Total pot $18 | Rake $0.36
Board [Qh Jh 7d Td Kh]
Seat 4: Karpik09 (big blind) showed [9d Ks] and won ($17.64) with a straight, Nine to King
Seat 5: vvk22 (button) (small blind) mucked


PokerStars Hand #145855017394:  Hold'em Limit ($3/$6 USD) - 2015/12/24 13:02:35 ET
Table 'Alhena II' 6-max Seat #4 is the button
Seat 4: Karpik09 ($95.76 in chips)
Seat 5: vvk22 ($109.35 in chips)
Karpik09: posts small blind $1
vvk22: posts big blind $3
*** HOLE CARDS ***
Karpik09: folds
Uncalled bet ($2) returned to vvk22
vvk22 collected $2 from pot
*** SUMMARY ***
Total pot $2 | Rake $0
Seat 4: Karpik09 (button) (small blind) folded before Flop
Seat 5: vvk22 (big blind) collected ($2)


PokerStars Hand #145855054919:  Hold'em Limit ($3/$6 USD) - 2015/12/24 13:03:17 ET
Table 'Alhena II' 6-max Seat #4 is the button
Seat 4: Karpik09 ($103.40 in chips)
Seat 5: vvk22 ($101.35 in chips)
Karpik09: posts small blind $1
vvk22: posts big blind $3
*** HOLE CARDS ***
Karpik09: raises $3 to $6
vvk22: calls $3
*** FLOP *** [2h 5s 6c]
vvk22: checks
Karpik09: bets $3
vvk22: calls $3
*** TURN *** [2h 5s 6c] [8h]
vvk22: checks
Karpik09: bets $6
vvk22: folds
Uncalled bet ($6) returned to Karpik09
Karpik09 collected $17.64 from pot
Karpik09: doesn't show hand
*** SUMMARY ***
Total pot $18 | Rake $0.36
Board [2h 5s 6c 8h]
Seat 4: Karpik09 (button) (small blind) collected ($17.64)
Seat 5: vvk22 (big blind) folded on the Turn


PokerStars Hand #145867519187:  Hold'em Limit ($3/$6 USD) - 2015/12/24 17:33:04 ET
Table 'Alhena II' 6-max Seat #5 is the button
Seat 5: Dok2920 ($271.09 in chips)
Seat 6: andru1983 ($191.45 in chips)
Dok2920: posts small blind $1
andru1983: posts big blind $3
*** HOLE CARDS ***
Xerxesklonk leaves the table
Dok2920: folds
Uncalled bet ($2) returned to andru1983
andru1983 collected $2 from pot
andru1983: doesn't show hand
*** SUMMARY ***
Total pot $2 | Rake $0
Seat 5: Dok2920 (button) (small blind) folded before Flop
Seat 6: andru1983 (big blind) collected ($2)


PokerStars Hand #145867511719:  Hold'em Limit ($3/$6 USD) - 2015/12/24 17:32:58 ET
Table 'Alhena II' 6-max Seat #6 is the button
Seat 5: Dok2920 ($270.09 in chips)
Seat 6: andru1983 ($192.45 in chips)
andru1983: posts small blind $1
Xerxesklonk: is sitting out
Dok2920: posts big blind $3
*** HOLE CARDS ***
andru1983: folds
Uncalled bet ($2) returned to Dok2920
Dok2920 collected $2 from pot
*** SUMMARY ***
Total pot $2 | Rake $0
Seat 5: Dok2920 (big blind) collected ($2)
Seat 6: andru1983 (button) (small blind) folded before Flop


PokerStars Hand #145867525748:  Hold'em Limit ($3/$6 USD) - 2015/12/24 17:33:10 ET
Table 'Alhena II' 6-max Seat #6 is the button
Seat 5: Dok2920 ($270.09 in chips)
Seat 6: andru1983 ($192.45 in chips)
andru1983: posts small blind $1
Dok2920: posts big blind $3
*** HOLE CARDS ***
andru1983: raises $3 to $6
Dok2920: folds
Uncalled bet ($3) returned to andru1983
andru1983 collected $6 from pot
andru1983: doesn't show hand
*** SUMMARY ***
Total pot $6 | Rake $0
Seat 5: Dok2920 (big blind) folded before Flop
Seat 6: andru1983 (button) (small blind) collected ($6)


PokerStars Hand #145867818641:  Hold'em Limit ($3/$6 USD) - 2015/12/24 17:39:00 ET
Table 'Alhena II' 6-max Seat #1 is the button
Seat 1: ValeryRon ($96 in chips)
Seat 6: vakten10 ($202.86 in chips)
ValeryRon: posts small blind $1
vakten10: posts big blind $3
*** HOLE CARDS ***
ValeryRon: folds
Uncalled bet ($2) returned to vakten10
vakten10 collected $2 from pot
vakten10: doesn't show hand
*** SUMMARY ***
Total pot $2 | Rake $0
Seat 1: ValeryRon (button) (small blind) folded before Flop
Seat 6: vakten10 (big blind) collected ($2)


PokerStars Hand #145867823073:  Hold'em Limit ($3/$6 USD) - 2015/12/24 17:39:05 ET
Table 'Alhena II' 6-max Seat #6 is the button
Seat 1: ValeryRon ($95 in chips)
Seat 6: vakten10 ($203.86 in chips)
vakten10: posts small blind $1
ValeryRon: posts big blind $3
*** HOLE CARDS ***
vakten10: raises $3 to $6
vestimokrec joins the table at seat #2
ValeryRon: raises $3 to $9
vakten10: calls $3
*** FLOP *** [6s Kc 9d]
ValeryRon: bets $3
vakten10: raises $3 to $6
ValeryRon: calls $3
*** TURN *** [6s Kc 9d] [3h]
ValeryRon: checks
vakten10: bets $6
ValeryRon: calls $6
*** RIVER *** [6s Kc 9d 3h] [7h]
ValeryRon: checks
vakten10: bets $6
ValeryRon: calls $6
*** SHOW DOWN ***
vakten10: shows [9h 4c] (a pair of Nines)
ValeryRon: shows [Td Kd] (a pair of Kings)
ValeryRon collected $53.50 from pot
*** SUMMARY ***
Total pot $54 | Rake $0.50
Board [6s Kc 9d 3h 7h]
Seat 1: ValeryRon (big blind) showed [Td Kd] and won ($53.50) with a pair of Kings
Seat 6: vakten10 (button) (small blind) showed [9h 4c] and lost with a pair of Nines


