PokerStars Hand #171840706395:  Hold'em Limit ($3/$6 USD) - 2017/06/16 7:44:36 ET
Table 'Alhena II' 6-max Seat #3 is the button
Seat 3: SpartakM1985 ($117 in chips)
Seat 5: scorpio04 ($267.67 in chips)
SpartakM1985: posts small blind $1
scorpio04: posts big blind $3
*** HOLE CARDS ***
SpartakM1985: folds
Uncalled bet ($2) returned to scorpio04
scorpio04 collected $2 from pot
scorpio04: doesn't show hand
*** SUMMARY ***
Total pot $2 | Rake $0
Seat 3: SpartakM1985 (button) (small blind) folded before Flop
Seat 5: scorpio04 (big blind) collected ($2)


PokerStars Hand #171840703893:  Hold'em Limit ($3/$6 USD) - 2017/06/16 7:44:30 ET
Table 'Alhena II' 6-max Seat #5 is the button
Seat 3: SpartakM1985 ($120 in chips)
Seat 5: scorpio04 ($264.67 in chips)
scorpio04: posts small blind $1
SpartakM1985: posts big blind $3
*** HOLE CARDS ***
scorpio04: raises $3 to $6
SpartakM1985: folds
Uncalled bet ($3) returned to scorpio04
scorpio04 collected $6 from pot
scorpio04: doesn't show hand
*** SUMMARY ***
Total pot $6 | Rake $0
Seat 3: SpartakM1985 (big blind) folded before Flop
Seat 5: scorpio04 (button) (small blind) collected ($6)


PokerStars Hand #171840728769:  Hold'em Limit ($3/$6 USD) - 2017/06/16 7:45:28 ET
Table 'Alhena II' 6-max Seat #3 is the button
Seat 3: SpartakM1985 ($98 in chips)
Seat 5: scorpio04 ($286.17 in chips)
SpartakM1985: posts small blind $1
scorpio04: posts big blind $3
*** HOLE CARDS ***
boom65 joins the table at seat #4
SpartakM1985: folds
Uncalled bet ($2) returned to scorpio04
scorpio04 collected $2 from pot
scorpio04: doesn't show hand
*** SUMMARY ***
Total pot $2 | Rake $0
Seat 3: SpartakM1985 (button) (small blind) folded before Flop
Seat 5: scorpio04 (big blind) collected ($2)


PokerStars Hand #171840709318:  Hold'em Limit ($3/$6 USD) - 2017/06/16 7:44:42 ET
Table 'Alhena II' 6-max Seat #5 is the button
Seat 3: SpartakM1985 ($116 in chips)
Seat 5: scorpio04 ($268.67 in chips)
scorpio04: posts small blind $1
SpartakM1985: posts big blind $3
*** HOLE CARDS ***
scorpio04: raises $3 to $6
SpartakM1985: raises $3 to $9
scorpio04: calls $3
*** FLOP *** [Kh Ad Ts]
SpartakM1985: bets $3
scorpio04: calls $3
*** TURN *** [Kh Ad Ts] [7h]
SpartakM1985: bets $6
scorpio04: calls $6
*** RIVER *** [Kh Ad Ts 7h] [Td]
SpartakM1985: checks
scorpio04: checks
*** SHOW DOWN ***
SpartakM1985: shows [Jd Jh] (two pair, Jacks and Tens)
scorpio04: shows [4s Kc] (two pair, Kings and Tens)
scorpio04 collected $35.50 from pot
*** SUMMARY ***
Total pot $36 | Rake $0.50
Board [Kh Ad Ts 7h Td]
Seat 3: SpartakM1985 (big blind) showed [Jd Jh] and lost with two pair, Jacks and Tens
Seat 5: scorpio04 (button) (small blind) showed [4s Kc] and won ($35.50) with two pair, Kings and Tens


PokerStars Hand #171840730942:  Hold'em Limit ($3/$6 USD) - 2017/06/16 7:45:33 ET
Table 'Alhena II' 6-max Seat #5 is the button
Seat 3: SpartakM1985 ($97 in chips)
Seat 5: scorpio04 ($287.17 in chips)
scorpio04: posts small blind $1
SpartakM1985: posts big blind $3
*** HOLE CARDS ***
scorpio04: raises $3 to $6
SpartakM1985: calls $3
*** FLOP *** [Kh 2c 8h]
SpartakM1985: checks
scorpio04: bets $3
SpartakM1985: raises $3 to $6
scorpio04: calls $3
*** TURN *** [Kh 2c 8h] [9d]
SpartakM1985: bets $6
scorpio04: folds
Uncalled bet ($6) returned to SpartakM1985
SpartakM1985 collected $23.52 from pot
SpartakM1985: doesn't show hand
*** SUMMARY ***
Total pot $24 | Rake $0.48
Board [Kh 2c 8h 9d]
Seat 3: SpartakM1985 (big blind) collected ($23.52)
Seat 5: scorpio04 (button) (small blind) folded on the Turn


PokerStars Hand #171840806780:  Hold'em Limit ($3/$6 USD) - 2017/06/16 7:48:31 ET
Table 'Alhena II' 6-max Seat #5 is the button
Seat 3: SpartakM1985 ($96.26 in chips)
Seat 5: scorpio04 ($340.28 in chips)
scorpio04: posts small blind $1
SpartakM1985: posts big blind $3
*** HOLE CARDS ***
scorpio04: folds
Uncalled bet ($2) returned to SpartakM1985
SpartakM1985 collected $2 from pot
SpartakM1985: doesn't show hand
*** SUMMARY ***
Total pot $2 | Rake $0
Seat 3: SpartakM1985 (big blind) collected ($2)
Seat 5: scorpio04 (button) (small blind) folded before Flop


PokerStars Hand #171840835627:  Hold'em Limit ($3/$6 USD) - 2017/06/16 7:49:39 ET
Table 'Alhena II' 6-max Seat #3 is the button
Seat 3: SpartakM1985 ($104.02 in chips)
Seat 5: scorpio04 ($332.28 in chips)
SpartakM1985: posts small blind $1
scorpio04: posts big blind $3
*** HOLE CARDS ***
SpartakM1985: folds
Uncalled bet ($2) returned to scorpio04
scorpio04 collected $2 from pot
scorpio04: doesn't show hand
*** SUMMARY ***
Total pot $2 | Rake $0
Seat 3: SpartakM1985 (button) (small blind) folded before Flop
Seat 5: scorpio04 (big blind) collected ($2)


PokerStars Hand #171840833061:  Hold'em Limit ($3/$6 USD) - 2017/06/16 7:49:33 ET
Table 'Alhena II' 6-max Seat #5 is the button
Seat 3: SpartakM1985 ($103.02 in chips)
Seat 5: scorpio04 ($333.28 in chips)
scorpio04: posts small blind $1
SpartakM1985: posts big blind $3
*** HOLE CARDS ***
scorpio04: folds
Uncalled bet ($2) returned to SpartakM1985
SpartakM1985 collected $2 from pot
SpartakM1985: doesn't show hand
*** SUMMARY ***
Total pot $2 | Rake $0
Seat 3: SpartakM1985 (big blind) collected ($2)
Seat 5: scorpio04 (button) (small blind) folded before Flop


PokerStars Hand #171840831195:  Hold'em Limit ($3/$6 USD) - 2017/06/16 7:49:28 ET
Table 'Alhena II' 6-max Seat #3 is the button
Seat 3: SpartakM1985 ($104.02 in chips)
Seat 5: scorpio04 ($332.28 in chips)
SpartakM1985: posts small blind $1
scorpio04: posts big blind $3
*** HOLE CARDS ***
SpartakM1985: folds
Uncalled bet ($2) returned to scorpio04
scorpio04 collected $2 from pot
scorpio04: doesn't show hand
*** SUMMARY ***
Total pot $2 | Rake $0
Seat 3: SpartakM1985 (button) (small blind) folded before Flop
Seat 5: scorpio04 (big blind) collected ($2)


PokerStars Hand #171840826842:  Hold'em Limit ($3/$6 USD) - 2017/06/16 7:49:18 ET
Table 'Alhena II' 6-max Seat #5 is the button
Seat 3: SpartakM1985 ($103.02 in chips)
Seat 5: scorpio04 ($333.28 in chips)
scorpio04: posts small blind $1
SpartakM1985: posts big blind $3
*** HOLE CARDS ***
scorpio04: folds
Uncalled bet ($2) returned to SpartakM1985
SpartakM1985 collected $2 from pot
SpartakM1985: doesn't show hand
*** SUMMARY ***
Total pot $2 | Rake $0
Seat 3: SpartakM1985 (big blind) collected ($2)
Seat 5: scorpio04 (button) (small blind) folded before Flop


PokerStars Hand #171840809345:  Hold'em Limit ($3/$6 USD) - 2017/06/16 7:48:37 ET
Table 'Alhena II' 6-max Seat #3 is the button
Seat 3: SpartakM1985 ($97.26 in chips)
Seat 5: scorpio04 ($339.28 in chips)
SpartakM1985: posts small blind $1
scorpio04: posts big blind $3
*** HOLE CARDS ***
SpartakM1985: raises $3 to $6
boom65 leaves the table
scorpio04: calls $3
*** FLOP *** [Qc 5c 5s]
scorpio04: checks
SpartakM1985: checks
*** TURN *** [Qc 5c 5s] [Ah]
scorpio04: checks
SpartakM1985: bets $6
scorpio04: folds
Uncalled bet ($6) returned to SpartakM1985
SpartakM1985 collected $11.76 from pot
SpartakM1985: doesn't show hand
*** SUMMARY ***
Total pot $12 | Rake $0.24
Board [Qc 5c 5s Ah]
Seat 3: SpartakM1985 (button) (small blind) collected ($11.76)
Seat 5: scorpio04 (big blind) folded on the Turn


PokerStars Hand #171840854947:  Hold'em Limit ($3/$6 USD) - 2017/06/16 7:50:23 ET
Table 'Alhena II' 6-max Seat #5 is the button
Seat 3: SpartakM1985 ($110.66 in chips)
Seat 5: scorpio04 ($325.28 in chips)
scorpio04: posts small blind $1
SpartakM1985: posts big blind $3
*** HOLE CARDS ***
scorpio04: raises $3 to $6
SpartakM1985: calls $3
*** FLOP *** [3s As 8c]
SpartakM1985: checks
scorpio04: bets $3
SpartakM1985: folds
Uncalled bet ($3) returned to scorpio04
scorpio04 collected $11.76 from pot
scorpio04: doesn't show hand
*** SUMMARY ***
Total pot $12 | Rake $0.24
Board [3s As 8c]
Seat 3: SpartakM1985 (big blind) folded on the Flop
Seat 5: scorpio04 (button) (small blind) collected ($11.76)


PokerStars Hand #171840852933:  Hold'em Limit ($3/$6 USD) - 2017/06/16 7:50:19 ET
Table 'Alhena II' 6-max Seat #3 is the button
Seat 3: SpartakM1985 ($111.66 in chips)
Seat 5: scorpio04 ($324.28 in chips)
SpartakM1985: posts small blind $1
scorpio04: posts big blind $3
*** HOLE CARDS ***
SpartakM1985: folds
Uncalled bet ($2) returned to scorpio04
scorpio04 collected $2 from pot
scorpio04: doesn't show hand
*** SUMMARY ***
Total pot $2 | Rake $0
Seat 3: SpartakM1985 (button) (small blind) folded before Flop
Seat 5: scorpio04 (big blind) collected ($2)


PokerStars Hand #171840841366:  Hold'em Limit ($3/$6 USD) - 2017/06/16 7:49:52 ET
Table 'Alhena II' 6-max Seat #5 is the button
Seat 3: SpartakM1985 ($103.02 in chips)
Seat 5: scorpio04 ($333.28 in chips)
scorpio04: posts small blind $1
SpartakM1985: posts big blind $3
*** HOLE CARDS ***
scorpio04: raises $3 to $6
SpartakM1985: raises $3 to $9
scorpio04: calls $3
*** FLOP *** [4d Ac Kd]
SpartakM1985: bets $3
scorpio04: folds
Uncalled bet ($3) returned to SpartakM1985
SpartakM1985 collected $17.64 from pot
SpartakM1985: doesn't show hand
*** SUMMARY ***
Total pot $18 | Rake $0.36
Board [4d Ac Kd]
Seat 3: SpartakM1985 (big blind) collected ($17.64)
Seat 5: scorpio04 (button) (small blind) folded on the Flop


PokerStars Hand #171840839516:  Hold'em Limit ($3/$6 USD) - 2017/06/16 7:49:48 ET
Table 'Alhena II' 6-max Seat #3 is the button
Seat 3: SpartakM1985 ($104.02 in chips)
Seat 5: scorpio04 ($332.28 in chips)
SpartakM1985: posts small blind $1
scorpio04: posts big blind $3
*** HOLE CARDS ***
SpartakM1985: folds
Uncalled bet ($2) returned to scorpio04
scorpio04 collected $2 from pot
scorpio04: doesn't show hand
*** SUMMARY ***
Total pot $2 | Rake $0
Seat 3: SpartakM1985 (button) (small blind) folded before Flop
Seat 5: scorpio04 (big blind) collected ($2)


PokerStars Hand #171840837495:  Hold'em Limit ($3/$6 USD) - 2017/06/16 7:49:43 ET
Table 'Alhena II' 6-max Seat #5 is the button
Seat 3: SpartakM1985 ($103.02 in chips)
Seat 5: scorpio04 ($333.28 in chips)
scorpio04: posts small blind $1
SpartakM1985: posts big blind $3
*** HOLE CARDS ***
scorpio04: folds
Uncalled bet ($2) returned to SpartakM1985
SpartakM1985 collected $2 from pot
SpartakM1985: doesn't show hand
*** SUMMARY ***
Total pot $2 | Rake $0
Seat 3: SpartakM1985 (big blind) collected ($2)
Seat 5: scorpio04 (button) (small blind) folded before Flop


PokerStars Hand #171840884809:  Hold'em Limit ($3/$6 USD) - 2017/06/16 7:51:33 ET
Table 'Alhena II' 6-max Seat #3 is the button
Seat 3: SpartakM1985 ($130.80 in chips)
Seat 5: scorpio04 ($304.04 in chips)
SpartakM1985: posts small blind $1
scorpio04: posts big blind $3
*** HOLE CARDS ***
SpartakM1985: folds
Uncalled bet ($2) returned to scorpio04
scorpio04 collected $2 from pot
scorpio04: doesn't show hand
*** SUMMARY ***
Total pot $2 | Rake $0
Seat 3: SpartakM1985 (button) (small blind) folded before Flop
Seat 5: scorpio04 (big blind) collected ($2)


PokerStars Hand #171840873593:  Hold'em Limit ($3/$6 USD) - 2017/06/16 7:51:07 ET
Table 'Alhena II' 6-max Seat #5 is the button
Seat 3: SpartakM1985 ($122.16 in chips)
Seat 5: scorpio04 ($313.04 in chips)
scorpio04: posts small blind $1
SpartakM1985: posts big blind $3
*** HOLE CARDS ***
scorpio04: raises $3 to $6
SpartakM1985: raises $3 to $9
scorpio04: calls $3
*** FLOP *** [7h 2c Qs]
SpartakM1985: bets $3
scorpio04: folds
Uncalled bet ($3) returned to SpartakM1985
SpartakM1985 collected $17.64 from pot
SpartakM1985: doesn't show hand
*** SUMMARY ***
Total pot $18 | Rake $0.36
Board [7h 2c Qs]
Seat 3: SpartakM1985 (big blind) collected ($17.64)
Seat 5: scorpio04 (button) (small blind) folded on the Flop


PokerStars Hand #171840862957:  Hold'em Limit ($3/$6 USD) - 2017/06/16 7:50:42 ET
Table 'Alhena II' 6-max Seat #3 is the button
Seat 3: SpartakM1985 ($104.66 in chips)
Seat 5: scorpio04 ($331.04 in chips)
SpartakM1985: posts small blind $1
scorpio04: posts big blind $3
*** HOLE CARDS ***
SpartakM1985: raises $3 to $6
scorpio04: calls $3
*** FLOP *** [2d Jh Tc]
scorpio04: checks
SpartakM1985: checks
*** TURN *** [2d Jh Tc] [8d]
scorpio04: bets $6
SpartakM1985: calls $6
*** RIVER *** [2d Jh Tc 8d] [Qd]
scorpio04: bets $6
SpartakM1985: raises $6 to $12
scorpio04: folds
Uncalled bet ($6) returned to SpartakM1985
SpartakM1985 collected $35.50 from pot
SpartakM1985: doesn't show hand
*** SUMMARY ***
Total pot $36 | Rake $0.50
Board [2d Jh Tc 8d Qd]
Seat 3: SpartakM1985 (button) (small blind) collected ($35.50)
Seat 5: scorpio04 (big blind) folded on the River


PokerStars Hand #171840913320:  Hold'em Limit ($3/$6 USD) - 2017/06/16 7:52:39 ET
Table 'Alhena II' 6-max Seat #5 is the button
Seat 3: SpartakM1985 ($123.32 in chips)
Seat 5: scorpio04 ($310.54 in chips)
scorpio04: posts small blind $1
SpartakM1985: posts big blind $3
*** HOLE CARDS ***
scorpio04: folds
Uncalled bet ($2) returned to SpartakM1985
SpartakM1985 collected $2 from pot
SpartakM1985: doesn't show hand
*** SUMMARY ***
Total pot $2 | Rake $0
Seat 3: SpartakM1985 (big blind) collected ($2)
Seat 5: scorpio04 (button) (small blind) folded before Flop


PokerStars Hand #171840905845:  Hold'em Limit ($3/$6 USD) - 2017/06/16 7:52:22 ET
Table 'Alhena II' 6-max Seat #3 is the button
Seat 3: SpartakM1985 ($141.32 in chips)
Seat 5: scorpio04 ($293.04 in chips)
SpartakM1985: posts small blind $1
scorpio04: posts big blind $3
*** HOLE CARDS ***
SpartakM1985: raises $3 to $6
scorpio04: raises $3 to $9
SpartakM1985: calls $3
*** FLOP *** [Qd 2d 9c]
scorpio04: bets $3
SpartakM1985: calls $3
*** TURN *** [Qd 2d 9c] [6d]
scorpio04: checks
SpartakM1985: checks
*** RIVER *** [Qd 2d 9c 6d] [4c]
scorpio04: bets $6
SpartakM1985: calls $6
*** SHOW DOWN ***
scorpio04: shows [Td 9h] (a pair of Nines)
SpartakM1985: mucks hand
scorpio04 collected $35.50 from pot
*** SUMMARY ***
Total pot $36 | Rake $0.50
Board [Qd 2d 9c 6d 4c]
Seat 3: SpartakM1985 (button) (small blind) mucked
Seat 5: scorpio04 (big blind) showed [Td 9h] and won ($35.50) with a pair of Nines


PokerStars Hand #171840886873:  Hold'em Limit ($3/$6 USD) - 2017/06/16 7:51:38 ET
Table 'Alhena II' 6-max Seat #5 is the button
Seat 3: SpartakM1985 ($129.80 in chips)
Seat 5: scorpio04 ($305.04 in chips)
scorpio04: posts small blind $1
SpartakM1985: posts big blind $3
*** HOLE CARDS ***
scorpio04: raises $3 to $6
SpartakM1985: raises $3 to $9
scorpio04: calls $3
*** FLOP *** [Qc Ks 2c]
SpartakM1985: bets $3
scorpio04: calls $3
*** TURN *** [Qc Ks 2c] [8h]
SpartakM1985: bets $6
scorpio04: folds
Uncalled bet ($6) returned to SpartakM1985
SpartakM1985 collected $23.52 from pot
SpartakM1985: doesn't show hand
*** SUMMARY ***
Total pot $24 | Rake $0.48
Board [Qc Ks 2c 8h]
Seat 3: SpartakM1985 (big blind) collected ($23.52)
Seat 5: scorpio04 (button) (small blind) folded on the Turn


PokerStars Hand #171840933602:  Hold'em Limit ($3/$6 USD) - 2017/06/16 7:53:27 ET
Table 'Alhena II' 6-max Seat #3 is the button
Seat 3: SpartakM1985 ($117.32 in chips)
Seat 5: scorpio04 ($316.30 in chips)
SpartakM1985: posts small blind $1
scorpio04: posts big blind $3
*** HOLE CARDS ***
SpartakM1985: folds
Uncalled bet ($2) returned to scorpio04
scorpio04 collected $2 from pot
scorpio04: doesn't show hand
*** SUMMARY ***
Total pot $2 | Rake $0
Seat 3: SpartakM1985 (button) (small blind) folded before Flop
Seat 5: scorpio04 (big blind) collected ($2)


PokerStars Hand #171840927106:  Hold'em Limit ($3/$6 USD) - 2017/06/16 7:53:11 ET
Table 'Alhena II' 6-max Seat #5 is the button
Seat 3: SpartakM1985 ($123.32 in chips)
Seat 5: scorpio04 ($310.54 in chips)
scorpio04: posts small blind $1
SpartakM1985: posts big blind $3
*** HOLE CARDS ***
scorpio04: raises $3 to $6
SpartakM1985: calls $3
*** FLOP *** [Qc Kc 6c]
SpartakM1985: checks
scorpio04: bets $3
SpartakM1985: folds
Uncalled bet ($3) returned to scorpio04
scorpio04 collected $11.76 from pot
scorpio04: doesn't show hand
*** SUMMARY ***
Total pot $12 | Rake $0.24
Board [Qc Kc 6c]
Seat 3: SpartakM1985 (big blind) folded on the Flop
Seat 5: scorpio04 (button) (small blind) collected ($11.76)


PokerStars Hand #171840924834:  Hold'em Limit ($3/$6 USD) - 2017/06/16 7:53:06 ET
Table 'Alhena II' 6-max Seat #3 is the button
Seat 3: SpartakM1985 ($124.32 in chips)
Seat 5: scorpio04 ($309.54 in chips)
SpartakM1985: posts small blind $1
scorpio04: posts big blind $3
*** HOLE CARDS ***
SpartakM1985: folds
Uncalled bet ($2) returned to scorpio04
scorpio04 collected $2 from pot
scorpio04: doesn't show hand
*** SUMMARY ***
Total pot $2 | Rake $0
Seat 3: SpartakM1985 (button) (small blind) folded before Flop
Seat 5: scorpio04 (big blind) collected ($2)


PokerStars Hand #171840921133:  Hold'em Limit ($3/$6 USD) - 2017/06/16 7:52:58 ET
Table 'Alhena II' 6-max Seat #5 is the button
Seat 3: SpartakM1985 ($123.32 in chips)
Seat 5: scorpio04 ($310.54 in chips)
scorpio04: posts small blind $1
SpartakM1985: posts big blind $3
*** HOLE CARDS ***
scorpio04: folds
Uncalled bet ($2) returned to SpartakM1985
SpartakM1985 collected $2 from pot
SpartakM1985: doesn't show hand
*** SUMMARY ***
Total pot $2 | Rake $0
Seat 3: SpartakM1985 (big blind) collected ($2)
Seat 5: scorpio04 (button) (small blind) folded before Flop


PokerStars Hand #171840916677:  Hold'em Limit ($3/$6 USD) - 2017/06/16 7:52:47 ET
Table 'Alhena II' 6-max Seat #3 is the button
Seat 3: SpartakM1985 ($124.32 in chips)
Seat 5: scorpio04 ($309.54 in chips)
SpartakM1985: posts small blind $1
scorpio04: posts big blind $3
*** HOLE CARDS ***
SpartakM1985: folds
Uncalled bet ($2) returned to scorpio04
scorpio04 collected $2 from pot
scorpio04: doesn't show hand
*** SUMMARY ***
Total pot $2 | Rake $0
Seat 3: SpartakM1985 (button) (small blind) folded before Flop
Seat 5: scorpio04 (big blind) collected ($2)


PokerStars Hand #171840945170:  Hold'em Limit ($3/$6 USD) - 2017/06/16 7:53:53 ET
Table 'Alhena II' 6-max Seat #5 is the button
Seat 3: SpartakM1985 ($116.32 in chips)
Seat 5: scorpio04 ($317.30 in chips)
scorpio04: posts small blind $1
SpartakM1985: posts big blind $3
*** HOLE CARDS ***
scorpio04: raises $3 to $6
SpartakM1985: calls $3
*** FLOP *** [9c Tc 6s]
SpartakM1985: checks
scorpio04: bets $3
SpartakM1985: calls $3
*** TURN *** [9c Tc 6s] [5h]
SpartakM1985: checks
scorpio04: checks
*** RIVER *** [9c Tc 6s 5h] [Qc]
SpartakM1985: bets $6
scorpio04: calls $6
*** SHOW DOWN ***
SpartakM1985: shows [2d 8c] (high card Queen)
scorpio04: shows [5d Ad] (a pair of Fives)
scorpio04 collected $29.50 from pot
*** SUMMARY ***
Total pot $30 | Rake $0.50
Board [9c Tc 6s 5h Qc]
Seat 3: SpartakM1985 (big blind) showed [2d 8c] and lost with high card Queen
Seat 5: scorpio04 (button) (small blind) showed [5d Ad] and won ($29.50) with a pair of Fives


PokerStars Hand #171840942893:  Hold'em Limit ($3/$6 USD) - 2017/06/16 7:53:48 ET
Table 'Alhena II' 6-max Seat #3 is the button
Seat 3: SpartakM1985 ($117.32 in chips)
Seat 5: scorpio04 ($316.30 in chips)
SpartakM1985: posts small blind $1
scorpio04: posts big blind $3
*** HOLE CARDS ***
SpartakM1985: folds
Uncalled bet ($2) returned to scorpio04
scorpio04 collected $2 from pot
scorpio04: doesn't show hand
*** SUMMARY ***
Total pot $2 | Rake $0
Seat 3: SpartakM1985 (button) (small blind) folded before Flop
Seat 5: scorpio04 (big blind) collected ($2)


PokerStars Hand #171840935601:  Hold'em Limit ($3/$6 USD) - 2017/06/16 7:53:31 ET
Table 'Alhena II' 6-max Seat #5 is the button
Seat 3: SpartakM1985 ($116.32 in chips)
Seat 5: scorpio04 ($317.30 in chips)
scorpio04: posts small blind $1
SpartakM1985: posts big blind $3
*** HOLE CARDS ***
scorpio04: folds
Uncalled bet ($2) returned to SpartakM1985
SpartakM1985 collected $2 from pot
SpartakM1985: doesn't show hand
*** SUMMARY ***
Total pot $2 | Rake $0
Seat 3: SpartakM1985 (big blind) collected ($2)
Seat 5: scorpio04 (button) (small blind) folded before Flop


PokerStars Hand #171840962938:  Hold'em Limit ($3/$6 USD) - 2017/06/16 7:54:35 ET
Table 'Alhena II' 6-max Seat #3 is the button
Seat 3: SpartakM1985 ($101.32 in chips)
Seat 5: scorpio04 ($331.80 in chips)
SpartakM1985: posts small blind $1
scorpio04: posts big blind $3
*** HOLE CARDS ***
SpartakM1985: raises $3 to $6
scorpio04: raises $3 to $9
SpartakM1985: calls $3
*** FLOP *** [8h 9c 6d]
scorpio04: bets $3
SpartakM1985: calls $3
*** TURN *** [8h 9c 6d] [Qd]
scorpio04: bets $6
SpartakM1985: folds
Uncalled bet ($6) returned to scorpio04
scorpio04 collected $23.52 from pot
scorpio04: doesn't show hand
*** SUMMARY ***
Total pot $24 | Rake $0.48
Board [8h 9c 6d Qd]
Seat 3: SpartakM1985 (button) (small blind) folded on the Turn
Seat 5: scorpio04 (big blind) collected ($23.52)


PokerStars Hand #171840997236:  Hold'em Limit ($3/$6 USD) - 2017/06/16 7:56:00 ET
Table 'Alhena II' 6-max Seat #3 is the button
Seat 3: SpartakM1985 ($90.32 in chips)
Seat 5: scorpio04 ($342.32 in chips)
SpartakM1985: posts small blind $1
scorpio04: posts big blind $3
*** HOLE CARDS ***
SpartakM1985: raises $3 to $6
Bueffel joins the table at seat #1
scorpio04: folds
Uncalled bet ($3) returned to SpartakM1985
SpartakM1985 collected $6 from pot
SpartakM1985: doesn't show hand
*** SUMMARY ***
Total pot $6 | Rake $0
Seat 3: SpartakM1985 (button) (small blind) collected ($6)
Seat 5: scorpio04 (big blind) folded before Flop


PokerStars Hand #171840994518:  Hold'em Limit ($3/$6 USD) - 2017/06/16 7:55:53 ET
Table 'Alhena II' 6-max Seat #5 is the button
Seat 3: SpartakM1985 ($89.32 in chips)
Seat 5: scorpio04 ($343.32 in chips)
scorpio04: posts small blind $1
SpartakM1985: posts big blind $3
*** HOLE CARDS ***
scorpio04: folds
Uncalled bet ($2) returned to SpartakM1985
SpartakM1985 collected $2 from pot
SpartakM1985: doesn't show hand
*** SUMMARY ***
Total pot $2 | Rake $0
Seat 3: SpartakM1985 (big blind) collected ($2)
Seat 5: scorpio04 (button) (small blind) folded before Flop


PokerStars Hand #171840992434:  Hold'em Limit ($3/$6 USD) - 2017/06/16 7:55:48 ET
Table 'Alhena II' 6-max Seat #3 is the button
Seat 3: SpartakM1985 ($90.32 in chips)
Seat 5: scorpio04 ($342.32 in chips)
SpartakM1985: posts small blind $1
scorpio04: posts big blind $3
*** HOLE CARDS ***
SpartakM1985: folds
Uncalled bet ($2) returned to scorpio04
scorpio04 collected $2 from pot
scorpio04: doesn't show hand
*** SUMMARY ***
Total pot $2 | Rake $0
Seat 3: SpartakM1985 (button) (small blind) folded before Flop
Seat 5: scorpio04 (big blind) collected ($2)


PokerStars Hand #171840987539:  Hold'em Limit ($3/$6 USD) - 2017/06/16 7:55:35 ET
Table 'Alhena II' 6-max Seat #5 is the button
Seat 3: SpartakM1985 ($89.32 in chips)
Seat 5: scorpio04 ($343.32 in chips)
scorpio04: posts small blind $1
SpartakM1985: posts big blind $3
*** HOLE CARDS ***
scorpio04: folds
Uncalled bet ($2) returned to SpartakM1985
SpartakM1985 collected $2 from pot
SpartakM1985: doesn't show hand
*** SUMMARY ***
Total pot $2 | Rake $0
Seat 3: SpartakM1985 (big blind) collected ($2)
Seat 5: scorpio04 (button) (small blind) folded before Flop


PokerStars Hand #171842926740:  Hold'em Limit ($3/$6 USD) - 2017/06/16 9:06:31 ET
Table 'Alhena II' 6-max Seat #5 is the button
Seat 5: Breakerone88 ($110.02 in chips)
Seat 6: B_loJkl ($178.09 in chips)
Breakerone88: posts small blind $1
B_loJkl: posts big blind $3
*** HOLE CARDS ***
Breakerone88: folds
Uncalled bet ($2) returned to B_loJkl
B_loJkl collected $2 from pot
B_loJkl: doesn't show hand
*** SUMMARY ***
Total pot $2 | Rake $0
Seat 5: Breakerone88 (button) (small blind) folded before Flop
Seat 6: B_loJkl (big blind) collected ($2)


PokerStars Hand #171842910544:  Hold'em Limit ($3/$6 USD) - 2017/06/16 9:05:59 ET
Table 'Alhena II' 6-max Seat #6 is the button
Seat 5: Breakerone88 ($95.52 in chips)
Seat 6: B_loJkl ($193.09 in chips)
B_loJkl: posts small blind $1
Breakerone88: posts big blind $3
*** HOLE CARDS ***
Misiek25 leaves the table
B_loJkl: raises $3 to $6
Breakerone88: calls $3
*** FLOP *** [Qd Qs 5s]
Breakerone88: bets $3
B_loJkl: calls $3
*** TURN *** [Qd Qs 5s] [Jh]
Breakerone88: bets $6
B_loJkl: calls $6
*** RIVER *** [Qd Qs 5s Jh] [8s]
Breakerone88: bets $6
B_loJkl: folds
Uncalled bet ($6) returned to Breakerone88
Breakerone88 collected $29.50 from pot
*** SUMMARY ***
Total pot $30 | Rake $0.50
Board [Qd Qs 5s Jh 8s]
Seat 5: Breakerone88 (big blind) collected ($29.50)
Seat 6: B_loJkl (button) (small blind) folded on the River


PokerStars Hand #171842931205:  Hold'em Limit ($3/$6 USD) - 2017/06/16 9:06:40 ET
Table 'Alhena II' 6-max Seat #6 is the button
Seat 5: Breakerone88 ($109.02 in chips)
Seat 6: B_loJkl ($179.09 in chips)
B_loJkl: posts small blind $1
Breakerone88: posts big blind $3
*** HOLE CARDS ***
B_loJkl: raises $3 to $6
Breakerone88: calls $3
*** FLOP *** [5c As 9h]
Breakerone88: bets $3
B_loJkl: calls $3
*** TURN *** [5c As 9h] [8s]
Breakerone88: bets $6
B_loJkl: raises $6 to $12
Breakerone88: calls $6
*** RIVER *** [5c As 9h 8s] [Jh]
Breakerone88: bets $6
B_loJkl: calls $6
*** SHOW DOWN ***
Breakerone88: shows [9s 5s] (two pair, Nines and Fives)
B_loJkl: shows [8d 9c] (two pair, Nines and Eights)
B_loJkl collected $53.50 from pot
*** SUMMARY ***
Total pot $54 | Rake $0.50
Board [5c As 9h 8s Jh]
Seat 5: Breakerone88 (big blind) showed [9s 5s] and lost with two pair, Nines and Fives
Seat 6: B_loJkl (button) (small blind) showed [8d 9c] and won ($53.50) with two pair, Nines and Eights


PokerStars Hand #171842959281:  Hold'em Limit ($3/$6 USD) - 2017/06/16 9:07:36 ET
Table 'Alhena II' 6-max Seat #5 is the button
Seat 5: Breakerone88 ($82.02 in chips)
Seat 6: B_loJkl ($205.59 in chips)
Breakerone88: posts small blind $1
B_loJkl: posts big blind $3
*** HOLE CARDS ***
Breakerone88: raises $3 to $6
B_loJkl: calls $3
*** FLOP *** [9c 9h Ac]
B_loJkl: checks
Breakerone88: bets $3
B_loJkl: folds
Uncalled bet ($3) returned to Breakerone88
Breakerone88 collected $11.76 from pot
*** SUMMARY ***
Total pot $12 | Rake $0.24
Board [9c 9h Ac]
Seat 5: Breakerone88 (button) (small blind) collected ($11.76)
Seat 6: B_loJkl (big blind) folded on the Flop


PokerStars Hand #171842973399:  Hold'em Limit ($3/$6 USD) - 2017/06/16 9:08:04 ET
Table 'Alhena II' 6-max Seat #6 is the button
Seat 5: Breakerone88 ($87.78 in chips)
Seat 6: B_loJkl ($199.59 in chips)
B_loJkl: posts small blind $1
Breakerone88: posts big blind $3
*** HOLE CARDS ***
B_loJkl: raises $3 to $6
Breakerone88: calls $3
*** FLOP *** [Ts 3d 3s]
Breakerone88: bets $3
B_loJkl: folds
Uncalled bet ($3) returned to Breakerone88
Breakerone88 collected $11.76 from pot
*** SUMMARY ***
Total pot $12 | Rake $0.24
Board [Ts 3d 3s]
Seat 5: Breakerone88 (big blind) collected ($11.76)
Seat 6: B_loJkl (button) (small blind) folded on the Flop


PokerStars Hand #171842991479:  Hold'em Limit ($3/$6 USD) - 2017/06/16 9:08:40 ET
Table 'Alhena II' 6-max Seat #5 is the button
Seat 5: Breakerone88 ($93.54 in chips)
Seat 6: B_loJkl ($193.59 in chips)
Breakerone88: posts small blind $1
B_loJkl: posts big blind $3
*** HOLE CARDS ***
Breakerone88: folds
Uncalled bet ($2) returned to B_loJkl
B_loJkl collected $2 from pot
B_loJkl: doesn't show hand
*** SUMMARY ***
Total pot $2 | Rake $0
Seat 5: Breakerone88 (button) (small blind) folded before Flop
Seat 6: B_loJkl (big blind) collected ($2)


PokerStars Hand #171843012574:  Hold'em Limit ($3/$6 USD) - 2017/06/16 9:09:22 ET
Table 'Alhena II' 6-max Seat #5 is the button
Seat 5: Breakerone88 ($107.04 in chips)
Seat 6: B_loJkl ($179.59 in chips)
Breakerone88: posts small blind $1
B_loJkl: posts big blind $3
*** HOLE CARDS ***
Breakerone88: folds
Uncalled bet ($2) returned to B_loJkl
B_loJkl collected $2 from pot
B_loJkl: doesn't show hand
*** SUMMARY ***
Total pot $2 | Rake $0
Seat 5: Breakerone88 (button) (small blind) folded before Flop
Seat 6: B_loJkl (big blind) collected ($2)


PokerStars Hand #171842994324:  Hold'em Limit ($3/$6 USD) - 2017/06/16 9:08:45 ET
Table 'Alhena II' 6-max Seat #6 is the button
Seat 5: Breakerone88 ($92.54 in chips)
Seat 6: B_loJkl ($194.59 in chips)
B_loJkl: posts small blind $1
Breakerone88: posts big blind $3
*** HOLE CARDS ***
B_loJkl: raises $3 to $6
Breakerone88: calls $3
*** FLOP *** [8c 7s 4h]
Breakerone88: checks
B_loJkl: bets $3
Breakerone88: calls $3
*** TURN *** [8c 7s 4h] [8d]
Breakerone88: checks
B_loJkl: bets $6
Breakerone88: calls $6
*** RIVER *** [8c 7s 4h 8d] [2s]
Breakerone88: checks
B_loJkl: checks
*** SHOW DOWN ***
Breakerone88: shows [Jh 6s] (a pair of Eights)
B_loJkl: mucks hand
Breakerone88 collected $29.50 from pot
*** SUMMARY ***
Total pot $30 | Rake $0.50
Board [8c 7s 4h 8d 2s]
Seat 5: Breakerone88 (big blind) showed [Jh 6s] and won ($29.50) with a pair of Eights
Seat 6: B_loJkl (button) (small blind) mucked


PokerStars Hand #171843032045:  Hold'em Limit ($3/$6 USD) - 2017/06/16 9:10:00 ET
Table 'Alhena II' 6-max Seat #6 is the button
Seat 5: Breakerone88 ($112.80 in chips)
Seat 6: B_loJkl ($173.59 in chips)
B_loJkl: posts small blind $1
Breakerone88: posts big blind $3
*** HOLE CARDS ***
B_loJkl: folds
Uncalled bet ($2) returned to Breakerone88
Breakerone88 collected $2 from pot
*** SUMMARY ***
Total pot $2 | Rake $0
Seat 5: Breakerone88 (big blind) collected ($2)
Seat 6: B_loJkl (button) (small blind) folded before Flop


PokerStars Hand #171843018772:  Hold'em Limit ($3/$6 USD) - 2017/06/16 9:09:34 ET
Table 'Alhena II' 6-max Seat #5 is the button
Seat 5: Breakerone88 ($107.04 in chips)
Seat 6: B_loJkl ($179.59 in chips)
Breakerone88: posts small blind $1
B_loJkl: posts big blind $3
*** HOLE CARDS ***
Breakerone88: raises $3 to $6
B_loJkl: calls $3
*** FLOP *** [9c 7c 4s]
B_loJkl: checks
Breakerone88: checks
*** TURN *** [9c 7c 4s] [8c]
B_loJkl: checks
Breakerone88: checks
*** RIVER *** [9c 7c 4s 8c] [Qc]
B_loJkl: checks
Breakerone88: checks
*** SHOW DOWN ***
B_loJkl: shows [Th 5h] (high card Queen)
Breakerone88: shows [5s Ad] (high card Ace)
Breakerone88 collected $11.76 from pot
*** SUMMARY ***
Total pot $12 | Rake $0.24
Board [9c 7c 4s 8c Qc]
Seat 5: Breakerone88 (button) (small blind) showed [5s Ad] and won ($11.76) with high card Ace
Seat 6: B_loJkl (big blind) showed [Th 5h] and lost with high card Queen


PokerStars Hand #171843016084:  Hold'em Limit ($3/$6 USD) - 2017/06/16 9:09:28 ET
Table 'Alhena II' 6-max Seat #6 is the button
Seat 5: Breakerone88 ($106.04 in chips)
Seat 6: B_loJkl ($180.59 in chips)
B_loJkl: posts small blind $1
Breakerone88: posts big blind $3
*** HOLE CARDS ***
B_loJkl: folds
Uncalled bet ($2) returned to Breakerone88
Breakerone88 collected $2 from pot
*** SUMMARY ***
Total pot $2 | Rake $0
Seat 5: Breakerone88 (big blind) collected ($2)
Seat 6: B_loJkl (button) (small blind) folded before Flop


PokerStars Hand #171843034960:  Hold'em Limit ($3/$6 USD) - 2017/06/16 9:10:05 ET
Table 'Alhena II' 6-max Seat #5 is the button
Seat 5: Breakerone88 ($113.80 in chips)
Seat 6: B_loJkl ($172.59 in chips)
Breakerone88: posts small blind $1
B_loJkl: posts big blind $3
*** HOLE CARDS ***
Breakerone88: raises $3 to $6
B_loJkl: raises $3 to $9
Breakerone88: raises $3 to $12
Betting is capped
B_loJkl: calls $3
*** FLOP *** [8c 4h 4s]
B_loJkl: checks
popesxxx joins the table at seat #4
Breakerone88: bets $3
andyrr joins the table at seat #3
B_loJkl: calls $3
*** TURN *** [8c 4h 4s] [6c]
B_loJkl: checks
Breakerone88: bets $6
B_loJkl: calls $6
*** RIVER *** [8c 4h 4s 6c] [6h]
B_loJkl: checks
Breakerone88: bets $6
B_loJkl: calls $6
*** SHOW DOWN ***
Breakerone88: shows [Jh Jd] (two pair, Jacks and Sixes)
B_loJkl: mucks hand
Breakerone88 collected $53.50 from pot
*** SUMMARY ***
Total pot $54 | Rake $0.50
Board [8c 4h 4s 6c 6h]
Seat 5: Breakerone88 (button) (small blind) showed [Jh Jd] and won ($53.50) with two pair, Jacks and Sixes
Seat 6: B_loJkl (big blind) mucked


