PokerStars Hand #145871854679:  Hold'em Limit ($3/$6 USD) - 2015/12/24 19:22:21 ET
Table 'Alhena II' 6-max Seat #3 is the button
Seat 3: Philly0813 ($14.44 in chips)
Seat 6: Velbor107 ($315.95 in chips)
Philly0813: posts small blind $1
HappyHb95: is sitting out
Velbor107: posts big blind $3
*** HOLE CARDS ***
Philly0813: folds
Uncalled bet ($2) returned to Velbor107
Velbor107 collected $2 from pot
*** SUMMARY ***
Total pot $2 | Rake $0
Seat 3: Philly0813 (button) (small blind) folded before Flop
Seat 6: Velbor107 (big blind) collected ($2)


PokerStars Hand #145871866096:  Hold'em Limit ($3/$6 USD) - 2015/12/24 19:22:42 ET
Table 'Alhena II' 6-max Seat #6 is the button
Seat 3: Philly0813 ($13.44 in chips)
Seat 6: Velbor107 ($316.95 in chips)
Velbor107: posts small blind $1
Philly0813: posts big blind $3
*** HOLE CARDS ***
Velbor107: folds
Uncalled bet ($2) returned to Philly0813
Philly0813 collected $2 from pot
Philly0813: doesn't show hand
*** SUMMARY ***
Total pot $2 | Rake $0
Seat 3: Philly0813 (big blind) collected ($2)
Seat 6: Velbor107 (button) (small blind) folded before Flop


PokerStars Hand #145871872025:  Hold'em Limit ($3/$6 USD) - 2015/12/24 19:22:52 ET
Table 'Alhena II' 6-max Seat #6 is the button
Seat 3: Philly0813 ($13.44 in chips)
Seat 6: Velbor107 ($316.95 in chips)
Velbor107: posts small blind $1
Philly0813: posts big blind $3
*** HOLE CARDS ***
Velbor107: folds
Uncalled bet ($2) returned to Philly0813
Philly0813 collected $2 from pot
Philly0813: doesn't show hand
*** SUMMARY ***
Total pot $2 | Rake $0
Seat 3: Philly0813 (big blind) collected ($2)
Seat 6: Velbor107 (button) (small blind) folded before Flop


PokerStars Hand #145871876747:  Hold'em Limit ($3/$6 USD) - 2015/12/24 19:23:01 ET
Table 'Alhena II' 6-max Seat #3 is the button
Seat 3: Philly0813 ($14.44 in chips)
Seat 6: Velbor107 ($315.95 in chips)
Philly0813: posts small blind $1
Velbor107: posts big blind $3
*** HOLE CARDS ***
Philly0813: raises $3 to $6
Velbor107: calls $3
*** FLOP *** [6d Ks 4c]
Velbor107: checks
Philly0813: bets $3
ManicSmokey leaves the table
ManicSmokey joins the table at seat #2
Velbor107: folds
Uncalled bet ($3) returned to Philly0813
Philly0813 collected $11.76 from pot
Philly0813: doesn't show hand
*** SUMMARY ***
Total pot $12 | Rake $0.24
Board [6d Ks 4c]
Seat 3: Philly0813 (button) (small blind) collected ($11.76)
Seat 6: Velbor107 (big blind) folded on the Flop


PokerStars Hand #145873666612:  Hold'em Limit ($3/$6 USD) - 2015/12/24 20:21:20 ET
Table 'Alhena II' 6-max Seat #3 is the button
Seat 2: thekiing80 ($185.31 in chips)
Seat 3: Philly0813 ($62.19 in chips)
Philly0813: posts small blind $1
thekiing80: posts big blind $3
*** HOLE CARDS ***
Philly0813: raises $3 to $6
thekiing80: folds
Uncalled bet ($3) returned to Philly0813
Philly0813 collected $6 from pot
Philly0813: doesn't show hand
*** SUMMARY ***
Total pot $6 | Rake $0
Seat 2: thekiing80 (big blind) folded before Flop
Seat 3: Philly0813 (button) (small blind) collected ($6)


PokerStars Hand #145873664673:  Hold'em Limit ($3/$6 USD) - 2015/12/24 20:21:15 ET
Table 'Alhena II' 6-max Seat #2 is the button
Seat 2: thekiing80 ($186.31 in chips)
Seat 3: Philly0813 ($61.19 in chips)
thekiing80: posts small blind $1
Philly0813: posts big blind $3
*** HOLE CARDS ***
thekiing80: folds
Uncalled bet ($2) returned to Philly0813
Philly0813 collected $2 from pot
Philly0813: doesn't show hand
*** SUMMARY ***
Total pot $2 | Rake $0
Seat 2: thekiing80 (button) (small blind) folded before Flop
Seat 3: Philly0813 (big blind) collected ($2)


PokerStars Hand #145873644669:  Hold'em Limit ($3/$6 USD) - 2015/12/24 20:20:32 ET
Table 'Alhena II' 6-max Seat #2 is the button
Seat 2: thekiing80 ($170.17 in chips)
Seat 3: Philly0813 ($78.69 in chips)
thekiing80: posts small blind $1
Philly0813: posts big blind $3
*** HOLE CARDS ***
Velbor107 leaves the table
thekiing80: raises $3 to $6
Philly0813: calls $3
*** FLOP *** [7h Td Tc]
Philly0813: checks
thekiing80: bets $3
Philly0813: raises $3 to $6
thekiing80: calls $3
*** TURN *** [7h Td Tc] [3c]
Philly0813: bets $6
thekiing80: calls $6
*** RIVER *** [7h Td Tc 3c] [6d]
Philly0813: bets $6
thekiing80: calls $6
*** SHOW DOWN ***
Philly0813: shows [2c Ad] (a pair of Tens)
thekiing80: shows [Ah Kh] (a pair of Tens - Ace+King kicker)
thekiing80 collected $47.50 from pot
*** SUMMARY ***
Total pot $48 | Rake $0.50
Board [7h Td Tc 3c 6d]
Seat 2: thekiing80 (button) (small blind) showed [Ah Kh] and won ($47.50) with a pair of Tens
Seat 3: Philly0813 (big blind) showed [2c Ad] and lost with a pair of Tens


PokerStars Hand #145873656727:  Hold'em Limit ($3/$6 USD) - 2015/12/24 20:20:58 ET
Table 'Alhena II' 6-max Seat #2 is the button
Seat 2: thekiing80 ($178.67 in chips)
Seat 3: Philly0813 ($69.19 in chips)
thekiing80: posts small blind $1
Philly0813: posts big blind $3
*** HOLE CARDS ***
thekiing80: folds
Uncalled bet ($2) returned to Philly0813
Philly0813 collected $2 from pot
Philly0813: doesn't show hand
*** SUMMARY ***
Total pot $2 | Rake $0
Seat 2: thekiing80 (button) (small blind) folded before Flop
Seat 3: Philly0813 (big blind) collected ($2)


PokerStars Hand #145873650583:  Hold'em Limit ($3/$6 USD) - 2015/12/24 20:20:45 ET
Table 'Alhena II' 6-max Seat #3 is the button
Seat 2: thekiing80 ($193.67 in chips)
Seat 3: Philly0813 ($54.69 in chips)
Philly0813: posts small blind $1
thekiing80: posts big blind $3
*** HOLE CARDS ***
Philly0813: raises $3 to $6
thekiing80: calls $3
*** FLOP *** [Js 3s Td]
thekiing80: checks
Philly0813: bets $3
thekiing80: calls $3
*** TURN *** [Js 3s Td] [9h]
thekiing80: checks
Philly0813: bets $6
thekiing80: calls $6
*** RIVER *** [Js 3s Td 9h] [8d]
thekiing80: checks
Philly0813: checks
*** SHOW DOWN ***
thekiing80: shows [6c 8c] (a pair of Eights)
Philly0813: shows [Tc Ac] (a pair of Tens)
Philly0813 collected $29.50 from pot
*** SUMMARY ***
Total pot $30 | Rake $0.50
Board [Js 3s Td 9h 8d]
Seat 2: thekiing80 (big blind) showed [6c 8c] and lost with a pair of Eights
Seat 3: Philly0813 (button) (small blind) showed [Tc Ac] and won ($29.50) with a pair of Tens


PokerStars Hand #145873658717:  Hold'em Limit ($3/$6 USD) - 2015/12/24 20:21:03 ET
Table 'Alhena II' 6-max Seat #3 is the button
Seat 2: thekiing80 ($177.67 in chips)
Seat 3: Philly0813 ($70.19 in chips)
Philly0813: posts small blind $1
thekiing80: posts big blind $3
*** HOLE CARDS ***
Philly0813: raises $3 to $6
thekiing80: calls $3
*** FLOP *** [Qd Jh 3h]
thekiing80: checks
Philly0813: bets $3
thekiing80: calls $3
*** TURN *** [Qd Jh 3h] [Qh]
thekiing80: checks
Philly0813: checks
*** RIVER *** [Qd Jh 3h Qh] [4d]
thekiing80: bets $6
Philly0813: folds
Uncalled bet ($6) returned to thekiing80
thekiing80 collected $17.64 from pot
thekiing80: doesn't show hand
*** SUMMARY ***
Total pot $18 | Rake $0.36
Board [Qd Jh 3h Qh 4d]
Seat 2: thekiing80 (big blind) collected ($17.64)
Seat 3: Philly0813 (button) (small blind) folded on the River


PokerStars Hand #145873640078:  Hold'em Limit ($3/$6 USD) - 2015/12/24 20:20:23 ET
Table 'Alhena II' 6-max Seat #3 is the button
Seat 2: thekiing80 ($158.65 in chips)
Seat 3: Philly0813 ($90.69 in chips)
Philly0813: posts small blind $1
Velbor107: is sitting out
thekiing80: posts big blind $3
*** HOLE CARDS ***
Philly0813: raises $3 to $6
thekiing80: raises $3 to $9
Philly0813: calls $3
*** FLOP *** [Qc 4s Th]
thekiing80: bets $3
Philly0813: calls $3
*** TURN *** [Qc 4s Th] [5s]
thekiing80: bets $6
Philly0813: folds
Uncalled bet ($6) returned to thekiing80
thekiing80 collected $23.52 from pot
thekiing80: doesn't show hand
*** SUMMARY ***
Total pot $24 | Rake $0.48
Board [Qc 4s Th 5s]
Seat 2: thekiing80 (big blind) collected ($23.52)
Seat 3: Philly0813 (button) (small blind) folded on the Turn


PokerStars Hand #145873687556:  Hold'em Limit ($3/$6 USD) - 2015/12/24 20:22:04 ET
Table 'Alhena II' 6-max Seat #3 is the button
Seat 2: thekiing80 ($158.07 in chips)
Seat 3: Philly0813 ($88.45 in chips)
Philly0813: posts small blind $1
thekiing80: posts big blind $3
*** HOLE CARDS ***
Philly0813: raises $3 to $6
thekiing80: raises $3 to $9
Philly0813: calls $3
*** FLOP *** [9h 7c Tc]
thekiing80: bets $3
Philly0813: calls $3
*** TURN *** [9h 7c Tc] [3d]
thekiing80: bets $6
Philly0813: calls $6
*** RIVER *** [9h 7c Tc 3d] [2s]
thekiing80: bets $6
Philly0813: calls $6
*** SHOW DOWN ***
thekiing80: shows [9s 7h] (two pair, Nines and Sevens)
Philly0813: mucks hand
thekiing80 collected $47.50 from pot
*** SUMMARY ***
Total pot $48 | Rake $0.50
Board [9h 7c Tc 3d 2s]
Seat 2: thekiing80 (big blind) showed [9s 7h] and won ($47.50) with two pair, Nines and Sevens
Seat 3: Philly0813 (button) (small blind) mucked


PokerStars Hand #145873682177:  Hold'em Limit ($3/$6 USD) - 2015/12/24 20:21:52 ET
Table 'Alhena II' 6-max Seat #2 is the button
Seat 2: thekiing80 ($182.07 in chips)
Seat 3: Philly0813 ($64.95 in chips)
thekiing80: posts small blind $1
Philly0813: posts big blind $3
*** HOLE CARDS ***
thekiing80: raises $3 to $6
Philly0813: raises $3 to $9
thekiing80: raises $3 to $12
Betting is capped
Philly0813: calls $3
*** FLOP *** [Ts Qh Kd]
Philly0813: checks
thekiing80: checks
*** TURN *** [Ts Qh Kd] [2c]
Philly0813: bets $6
thekiing80: calls $6
*** RIVER *** [Ts Qh Kd 2c] [7c]
Philly0813: bets $6
thekiing80: calls $6
*** SHOW DOWN ***
Philly0813: shows [9s Qs] (a pair of Queens)
thekiing80: mucks hand
Philly0813 collected $47.50 from pot
*** SUMMARY ***
Total pot $48 | Rake $0.50
Board [Ts Qh Kd 2c 7c]
Seat 2: thekiing80 (button) (small blind) mucked
Seat 3: Philly0813 (big blind) showed [9s Qs] and won ($47.50) with a pair of Queens


PokerStars Hand #145873671546:  Hold'em Limit ($3/$6 USD) - 2015/12/24 20:21:30 ET
Table 'Alhena II' 6-max Seat #3 is the button
Seat 2: thekiing80 ($185.31 in chips)
Seat 3: Philly0813 ($62.19 in chips)
Philly0813: posts small blind $1
thekiing80: posts big blind $3
*** HOLE CARDS ***
Philly0813: raises $3 to $6
thekiing80: folds
Uncalled bet ($3) returned to Philly0813
Philly0813 collected $6 from pot
Philly0813: doesn't show hand
*** SUMMARY ***
Total pot $6 | Rake $0
Seat 2: thekiing80 (big blind) folded before Flop
Seat 3: Philly0813 (button) (small blind) collected ($6)


PokerStars Hand #145873668856:  Hold'em Limit ($3/$6 USD) - 2015/12/24 20:21:24 ET
Table 'Alhena II' 6-max Seat #2 is the button
Seat 2: thekiing80 ($182.31 in chips)
Seat 3: Philly0813 ($65.19 in chips)
thekiing80: posts small blind $1
Philly0813: posts big blind $3
*** HOLE CARDS ***
thekiing80: raises $3 to $6
Philly0813: folds
Uncalled bet ($3) returned to thekiing80
thekiing80 collected $6 from pot
thekiing80: doesn't show hand
*** SUMMARY ***
Total pot $6 | Rake $0
Seat 2: thekiing80 (button) (small blind) collected ($6)
Seat 3: Philly0813 (big blind) folded before Flop


PokerStars Hand #145873678395:  Hold'em Limit ($3/$6 USD) - 2015/12/24 20:21:44 ET
Table 'Alhena II' 6-max Seat #3 is the button
Seat 2: thekiing80 ($188.07 in chips)
Seat 3: Philly0813 ($59.19 in chips)
Philly0813: posts small blind $1
thekiing80: posts big blind $3
*** HOLE CARDS ***
Philly0813: raises $3 to $6
thekiing80: calls $3
*** FLOP *** [7d 8d 8h]
thekiing80: checks
Philly0813: bets $3
thekiing80: folds
Uncalled bet ($3) returned to Philly0813
Philly0813 collected $11.76 from pot
Philly0813: doesn't show hand
*** SUMMARY ***
Total pot $12 | Rake $0.24
Board [7d 8d 8h]
Seat 2: thekiing80 (big blind) folded on the Flop
Seat 3: Philly0813 (button) (small blind) collected ($11.76)


PokerStars Hand #145873673896:  Hold'em Limit ($3/$6 USD) - 2015/12/24 20:21:35 ET
Table 'Alhena II' 6-max Seat #2 is the button
Seat 2: thekiing80 ($182.31 in chips)
Seat 3: Philly0813 ($65.19 in chips)
thekiing80: posts small blind $1
Philly0813: posts big blind $3
*** HOLE CARDS ***
thekiing80: raises $3 to $6
Philly0813: calls $3
*** FLOP *** [3c 5s Ts]
Philly0813: checks
thekiing80: checks
*** TURN *** [3c 5s Ts] [Qh]
Philly0813: checks
thekiing80: bets $6
Philly0813: folds
Uncalled bet ($6) returned to thekiing80
thekiing80 collected $11.76 from pot
thekiing80: doesn't show hand
*** SUMMARY ***
Total pot $12 | Rake $0.24
Board [3c 5s Ts Qh]
Seat 2: thekiing80 (button) (small blind) collected ($11.76)
Seat 3: Philly0813 (big blind) folded on the Turn


PokerStars Hand #145873706315:  Hold'em Limit ($3/$6 USD) - 2015/12/24 20:22:43 ET
Table 'Alhena II' 6-max Seat #3 is the button
Seat 2: thekiing80 ($192.07 in chips)
Seat 3: Philly0813 ($53.09 in chips)
Philly0813: posts small blind $1
thekiing80: posts big blind $3
*** HOLE CARDS ***
Philly0813: raises $3 to $6
thekiing80: raises $3 to $9
Philly0813: calls $3
*** FLOP *** [Jd Qc 6c]
thekiing80: bets $3
Philly0813: calls $3
*** TURN *** [Jd Qc 6c] [2h]
thekiing80: bets $6
Philly0813: calls $6
*** RIVER *** [Jd Qc 6c 2h] [9d]
thekiing80: bets $6
Philly0813: folds
Uncalled bet ($6) returned to thekiing80
thekiing80 collected $35.50 from pot
thekiing80: doesn't show hand
*** SUMMARY ***
Total pot $36 | Rake $0.50
Board [Jd Qc 6c 2h 9d]
Seat 2: thekiing80 (big blind) collected ($35.50)
Seat 3: Philly0813 (button) (small blind) folded on the River


PokerStars Hand #145873704246:  Hold'em Limit ($3/$6 USD) - 2015/12/24 20:22:39 ET
Table 'Alhena II' 6-max Seat #2 is the button
Seat 2: thekiing80 ($193.07 in chips)
Seat 3: Philly0813 ($52.09 in chips)
thekiing80: posts small blind $1
Philly0813: posts big blind $3
*** HOLE CARDS ***
thekiing80: folds
Uncalled bet ($2) returned to Philly0813
Philly0813 collected $2 from pot
Philly0813: doesn't show hand
*** SUMMARY ***
Total pot $2 | Rake $0
Seat 2: thekiing80 (button) (small blind) folded before Flop
Seat 3: Philly0813 (big blind) collected ($2)


PokerStars Hand #145873699230:  Hold'em Limit ($3/$6 USD) - 2015/12/24 20:22:29 ET
Table 'Alhena II' 6-max Seat #3 is the button
Seat 2: thekiing80 ($202.07 in chips)
Seat 3: Philly0813 ($43.45 in chips)
Philly0813: posts small blind $1
thekiing80: posts big blind $3
*** HOLE CARDS ***
Philly0813: raises $3 to $6
thekiing80: calls $3
*** FLOP *** [2s Js Jc]
thekiing80: checks
Philly0813: bets $3
thekiing80: calls $3
*** TURN *** [2s Js Jc] [5c]
thekiing80: checks
Philly0813: checks
*** RIVER *** [2s Js Jc 5c] [Kc]
thekiing80: checks
Philly0813: checks
*** SHOW DOWN ***
thekiing80: shows [6h 8d] (a pair of Jacks)
Philly0813: shows [9c 8h] (a pair of Jacks - King+Nine kicker)
Philly0813 collected $17.64 from pot
*** SUMMARY ***
Total pot $18 | Rake $0.36
Board [2s Js Jc 5c Kc]
Seat 2: thekiing80 (big blind) showed [6h 8d] and lost with a pair of Jacks
Seat 3: Philly0813 (button) (small blind) showed [9c 8h] and won ($17.64) with a pair of Jacks


PokerStars Hand #145873711576:  Hold'em Limit ($3/$6 USD) - 2015/12/24 20:22:55 ET
Table 'Alhena II' 6-max Seat #2 is the button
Seat 2: thekiing80 ($209.57 in chips)
Seat 3: Philly0813 ($35.09 in chips)
thekiing80: posts small blind $1
Philly0813: posts big blind $3
*** HOLE CARDS ***
thekiing80: raises $3 to $6
Philly0813: folds
Uncalled bet ($3) returned to thekiing80
thekiing80 collected $6 from pot
thekiing80: doesn't show hand
*** SUMMARY ***
Total pot $6 | Rake $0
Seat 2: thekiing80 (button) (small blind) collected ($6)
Seat 3: Philly0813 (big blind) folded before Flop


PokerStars Hand #145873719212:  Hold'em Limit ($3/$6 USD) - 2015/12/24 20:23:11 ET
Table 'Alhena II' 6-max Seat #2 is the button
Seat 2: thekiing80 ($230.07 in chips)
Seat 3: Philly0813 ($14.09 in chips)
thekiing80: posts small blind $1
Philly0813: posts big blind $3
*** HOLE CARDS ***
thekiing80: folds
Uncalled bet ($2) returned to Philly0813
Philly0813 collected $2 from pot
Philly0813: doesn't show hand
*** SUMMARY ***
Total pot $2 | Rake $0
Seat 2: thekiing80 (button) (small blind) folded before Flop
Seat 3: Philly0813 (big blind) collected ($2)


PokerStars Hand #145873713748:  Hold'em Limit ($3/$6 USD) - 2015/12/24 20:22:59 ET
Table 'Alhena II' 6-max Seat #3 is the button
Seat 2: thekiing80 ($212.57 in chips)
Seat 3: Philly0813 ($32.09 in chips)
Philly0813: posts small blind $1
thekiing80: posts big blind $3
*** HOLE CARDS ***
Philly0813: raises $3 to $6
thekiing80: raises $3 to $9
Philly0813: calls $3
*** FLOP *** [Jc 9s 3s]
thekiing80: bets $3
Philly0813: calls $3
*** TURN *** [Jc 9s 3s] [7s]
thekiing80: bets $6
Philly0813: calls $6
*** RIVER *** [Jc 9s 3s 7s] [3h]
thekiing80: bets $6
Philly0813: folds
Uncalled bet ($6) returned to thekiing80
thekiing80 collected $35.50 from pot
thekiing80: doesn't show hand
*** SUMMARY ***
Total pot $36 | Rake $0.50
Board [Jc 9s 3s 7s 3h]
Seat 2: thekiing80 (big blind) collected ($35.50)
Seat 3: Philly0813 (button) (small blind) folded on the River


PokerStars Hand #145873692962:  Hold'em Limit ($3/$6 USD) - 2015/12/24 20:22:15 ET
Table 'Alhena II' 6-max Seat #2 is the button
Seat 2: thekiing80 ($181.57 in chips)
Seat 3: Philly0813 ($64.45 in chips)
thekiing80: posts small blind $1
Philly0813: posts big blind $3
*** HOLE CARDS ***
thekiing80: raises $3 to $6
Philly0813: raises $3 to $9
thekiing80: raises $3 to $12
Betting is capped
Philly0813: calls $3
*** FLOP *** [Jd 6d 4c]
Philly0813: bets $3
thekiing80: calls $3
*** TURN *** [Jd 6d 4c] [5d]
Philly0813: bets $6
thekiing80: calls $6
*** RIVER *** [Jd 6d 4c 5d] [Js]
Philly0813: checks
thekiing80: checks
*** SHOW DOWN ***
Philly0813: shows [3c Ac] (a pair of Jacks)
thekiing80: shows [Ad Th] (a pair of Jacks - Ace+Ten kicker)
thekiing80 collected $41.50 from pot
*** SUMMARY ***
Total pot $42 | Rake $0.50
Board [Jd 6d 4c 5d Js]
Seat 2: thekiing80 (button) (small blind) showed [Ad Th] and won ($41.50) with a pair of Jacks
Seat 3: Philly0813 (big blind) showed [3c Ac] and lost with a pair of Jacks


PokerStars Hand #145873745338:  Hold'em Limit ($3/$6 USD) - 2015/12/24 20:24:07 ET
Table 'Alhena II' 6-max Seat #2 is the button
Seat 2: thekiing80 ($220.80 in chips)
Seat 3: Philly0813 ($21.77 in chips)
thekiing80: posts small blind $1
Philly0813: posts big blind $3
*** HOLE CARDS ***
thekiing80: folds
Uncalled bet ($2) returned to Philly0813
Philly0813 collected $2 from pot
Philly0813: doesn't show hand
*** SUMMARY ***
Total pot $2 | Rake $0
Seat 2: thekiing80 (button) (small blind) folded before Flop
Seat 3: Philly0813 (big blind) collected ($2)


PokerStars Hand #145873743255:  Hold'em Limit ($3/$6 USD) - 2015/12/24 20:24:03 ET
Table 'Alhena II' 6-max Seat #3 is the button
Seat 2: thekiing80 ($219.80 in chips)
Seat 3: Philly0813 ($22.77 in chips)
Philly0813: posts small blind $1
thekiing80: posts big blind $3
*** HOLE CARDS ***
Philly0813: folds
Uncalled bet ($2) returned to thekiing80
thekiing80 collected $2 from pot
thekiing80: doesn't show hand
*** SUMMARY ***
Total pot $2 | Rake $0
Seat 2: thekiing80 (big blind) collected ($2)
Seat 3: Philly0813 (button) (small blind) folded before Flop


PokerStars Hand #145873721183:  Hold'em Limit ($3/$6 USD) - 2015/12/24 20:23:15 ET
Table 'Alhena II' 6-max Seat #3 is the button
Seat 2: thekiing80 ($229.07 in chips)
Seat 3: Philly0813 ($15.09 in chips)
Philly0813: posts small blind $1
thekiing80: posts big blind $3
*** HOLE CARDS ***
Philly0813: raises $3 to $6
thekiing80: raises $3 to $9
Philly0813: calls $3
*** FLOP *** [As 8c 8h]
thekiing80: bets $3
Philly0813: calls $3
*** TURN *** [As 8c 8h] [9s]
thekiing80: bets $6
Philly0813: calls $3.09 and is all-in
Uncalled bet ($2.91) returned to thekiing80
*** RIVER *** [As 8c 8h 9s] [7d]
*** SHOW DOWN ***
thekiing80: shows [Ah 5c] (two pair, Aces and Eights)
Philly0813: shows [Ad 9h] (two pair, Aces and Nines)
Philly0813 collected $29.68 from pot
*** SUMMARY ***
Total pot $30.18 | Rake $0.50
Board [As 8c 8h 9s 7d]
Seat 2: thekiing80 (big blind) showed [Ah 5c] and lost with two pair, Aces and Eights
Seat 3: Philly0813 (button) (small blind) showed [Ad 9h] and won ($29.68) with two pair, Aces and Nines


PokerStars Hand #145873738090:  Hold'em Limit ($3/$6 USD) - 2015/12/24 20:23:52 ET
Table 'Alhena II' 6-max Seat #2 is the button
Seat 2: thekiing80 ($225.80 in chips)
Seat 3: Philly0813 ($17.01 in chips)
thekiing80: posts small blind $1
Philly0813: posts big blind $3
*** HOLE CARDS ***
thekiing80: raises $3 to $6
Philly0813: calls $3
*** FLOP *** [Qs 8h 2s]
Philly0813: checks
thekiing80: checks
*** TURN *** [Qs 8h 2s] [Jc]
Philly0813: checks
thekiing80: checks
*** RIVER *** [Qs 8h 2s Jc] [2c]
Philly0813: bets $6
thekiing80: folds
Uncalled bet ($6) returned to Philly0813
Philly0813 collected $11.76 from pot
Philly0813: doesn't show hand
*** SUMMARY ***
Total pot $12 | Rake $0.24
Board [Qs 8h 2s Jc 2c]
Seat 2: thekiing80 (button) (small blind) folded on the River
Seat 3: Philly0813 (big blind) collected ($11.76)


PokerStars Hand #145873747249:  Hold'em Limit ($3/$6 USD) - 2015/12/24 20:24:11 ET
Table 'Alhena II' 6-max Seat #3 is the button
Seat 2: thekiing80 ($219.80 in chips)
Seat 3: Philly0813 ($22.77 in chips)
Philly0813: posts small blind $1
thekiing80: posts big blind $3
*** HOLE CARDS ***
Philly0813: raises $3 to $6
thekiing80: raises $3 to $9
Philly0813: calls $3
*** FLOP *** [9s Tc 6d]
thekiing80: bets $3
Philly0813: calls $3
*** TURN *** [9s Tc 6d] [3d]
thekiing80: bets $6
Philly0813: calls $6
*** RIVER *** [9s Tc 6d 3d] [7c]
thekiing80: bets $6
Philly0813: calls $4.77 and is all-in
Uncalled bet ($1.23) returned to thekiing80
*** SHOW DOWN ***
thekiing80: shows [Kh Kd] (a pair of Kings)
Philly0813: shows [Qc Td] (a pair of Tens)
thekiing80 collected $45.04 from pot
*** SUMMARY ***
Total pot $45.54 | Rake $0.50
Board [9s Tc 6d 3d 7c]
Seat 2: thekiing80 (big blind) showed [Kh Kd] and won ($45.04) with a pair of Kings
Seat 3: Philly0813 (button) (small blind) showed [Qc Td] and lost with a pair of Tens


PokerStars Hand #145873726943:  Hold'em Limit ($3/$6 USD) - 2015/12/24 20:23:28 ET
Table 'Alhena II' 6-max Seat #2 is the button
Seat 2: thekiing80 ($213.98 in chips)
Seat 3: Philly0813 ($29.68 in chips)
thekiing80: posts small blind $1
Philly0813: posts big blind $3
*** HOLE CARDS ***
thekiing80: raises $3 to $6
Philly0813: calls $3
*** FLOP *** [Qc 7c 2h]
Philly0813: checks
thekiing80: bets $3
Philly0813: calls $3
*** TURN *** [Qc 7c 2h] [Kc]
Philly0813: checks
thekiing80: bets $6
Philly0813: calls $6
*** RIVER *** [Qc 7c 2h Kc] [6h]
Philly0813: checks
thekiing80: bets $6
Philly0813: calls $6
*** SHOW DOWN ***
thekiing80: shows [Kh Ac] (a pair of Kings)
Philly0813: mucks hand
thekiing80 collected $41.50 from pot
*** SUMMARY ***
Total pot $42 | Rake $0.50
Board [Qc 7c 2h Kc 6h]
Seat 2: thekiing80 (button) (small blind) showed [Kh Ac] and won ($41.50) with a pair of Kings
Seat 3: Philly0813 (big blind) mucked


PokerStars Hand #145873732668:  Hold'em Limit ($3/$6 USD) - 2015/12/24 20:23:40 ET
Table 'Alhena II' 6-max Seat #3 is the button
Seat 2: thekiing80 ($234.48 in chips)
Seat 3: Philly0813 ($8.68 in chips)
Philly0813: posts small blind $1
thekiing80: posts big blind $3
*** HOLE CARDS ***
Philly0813: raises $3 to $6
thekiing80: raises $3 to $9
Philly0813: calls $2.68 and is all-in
Uncalled bet ($0.32) returned to thekiing80
*** FLOP *** [Jh Ks 3d]
*** TURN *** [Jh Ks 3d] [7s]
*** RIVER *** [Jh Ks 3d 7s] [9c]
*** SHOW DOWN ***
thekiing80: shows [Qs 7d] (a pair of Sevens)
Philly0813: shows [Js Qh] (a pair of Jacks)
Philly0813 collected $17.01 from pot
*** SUMMARY ***
Total pot $17.36 | Rake $0.35
Board [Jh Ks 3d 7s 9c]
Seat 2: thekiing80 (big blind) showed [Qs 7d] and lost with a pair of Sevens
Seat 3: Philly0813 (button) (small blind) showed [Js Qh] and won ($17.01) with a pair of Jacks


