PokerStars Hand #176180641611:  Hold'em Limit ($3/$6 USD) - 2017/09/27 6:59:58 ET
Table 'Alhena II' 6-max Seat #3 is the button
Seat 3: aabeatenby23 ($50.54 in chips)
Seat 4: Actionni13 ($150 in chips)
aabeatenby23: posts small blind $1
Actionni13: posts big blind $3
*** HOLE CARDS ***
aabeatenby23: raises $3 to $6
Actionni13: calls $3
*** FLOP *** [8h Qh 7h]
Actionni13: checks
aabeatenby23: bets $3
B_loJkl joins the table at seat #5
Actionni13: calls $3
*** TURN *** [8h Qh 7h] [9s]
Actionni13: bets $6
aabeatenby23: folds
Uncalled bet ($6) returned to Actionni13
Actionni13 collected $17.64 from pot
Actionni13: doesn't show hand
*** SUMMARY ***
Total pot $18 | Rake $0.36
Board [8h Qh 7h 9s]
Seat 3: aabeatenby23 (button) (small blind) folded on the Turn
Seat 4: Actionni13 (big blind) collected ($17.64)


PokerStars Hand #176180796572:  Hold'em Limit ($3/$6 USD) - 2017/09/27 7:06:46 ET
Table 'Alhena II' 6-max Seat #4 is the button
Seat 4: Actionni13 ($150 in chips)
Seat 5: B_loJkl ($150.98 in chips)
Actionni13: posts small blind $1
B_loJkl: posts big blind $3
*** HOLE CARDS ***
aabeatenby23 leaves the table
Actionni13: raises $3 to $6
B_loJkl: folds
Uncalled bet ($3) returned to Actionni13
Actionni13 collected $6 from pot
Actionni13: doesn't show hand
*** SUMMARY ***
Total pot $6 | Rake $0
Seat 4: Actionni13 (button) (small blind) collected ($6)
Seat 5: B_loJkl (big blind) folded before Flop


