PokerStars Hand #158965414872:  Hold'em Limit ($3/$6 USD) - 2016/09/22 20:02:32 ET
Table 'Alhena' 6-max Seat #1 is the button
Seat 1: ToDaFelt ($120 in chips)
Seat 3: Jeelsy ($47.17 in chips)
ToDaFelt: posts small blind $1
Jeelsy: posts big blind $3
*** HOLE CARDS ***
ToDaFelt has timed out
ToDaFelt: folds
Uncalled bet ($2) returned to Jeelsy
Jeelsy collected $2 from pot
Jeelsy: doesn't show hand
*** SUMMARY ***
Total pot $2 | Rake $0
Seat 1: ToDaFelt (button) (small blind) folded before Flop
Seat 3: Jeelsy (big blind) collected ($2)


PokerStars Hand #158965438913:  Hold'em Limit ($3/$6 USD) - 2016/09/22 20:03:22 ET
Table 'Alhena' 6-max Seat #3 is the button
Seat 1: ToDaFelt ($119 in chips)
Seat 3: Jeelsy ($48.17 in chips)
Jeelsy: posts small blind $1
ToDaFelt: posts big blind $3
*** HOLE CARDS ***
Jeelsy: raises $3 to $6
ToDaFelt has timed out
ToDaFelt: folds
Uncalled bet ($3) returned to Jeelsy
Jeelsy collected $6 from pot
Jeelsy: doesn't show hand
*** SUMMARY ***
Total pot $6 | Rake $0
Seat 1: ToDaFelt (big blind) folded before Flop
Seat 3: Jeelsy (button) (small blind) collected ($6)


PokerStars Hand #158969242740:  Hold'em Limit ($3/$6 USD) - 2016/09/22 22:46:46 ET
Table 'Alhena' 6-max Seat #2 is the button
Seat 2: shampBTgogo ($147.61 in chips)
Seat 6: Chessnok ($157.68 in chips)
shampBTgogo: posts small blind $1
Chessnok: posts big blind $3
*** HOLE CARDS ***
shampBTgogo: folds
Uncalled bet ($2) returned to Chessnok
Chessnok collected $2 from pot
Chessnok: doesn't show hand
*** SUMMARY ***
Total pot $2 | Rake $0
Seat 2: shampBTgogo (button) (small blind) folded before Flop
Seat 6: Chessnok (big blind) collected ($2)


PokerStars Hand #158969539719:  Hold'em Limit ($3/$6 USD) - 2016/09/22 23:03:29 ET
Table 'Alhena' 6-max Seat #2 is the button
Seat 2: Demana ($110.50 in chips)
Seat 6: Chessnok ($147.44 in chips)
Demana: posts small blind $1
Chessnok: posts big blind $3
*** HOLE CARDS ***
Demana: raises $3 to $6
Chessnok: calls $3
*** FLOP *** [Ah 6d 4h]
Chessnok: checks
Demana: bets $3
Chessnok: raises $3 to $6
Demana: calls $3
*** TURN *** [Ah 6d 4h] [8d]
Chessnok: bets $6
Demana: calls $6
*** RIVER *** [Ah 6d 4h 8d] [Ac]
Chessnok: checks
Demana: checks
*** SHOW DOWN ***
Chessnok: shows [4d 7h] (two pair, Aces and Fours)
Demana: shows [5h 5c] (two pair, Aces and Fives)
Demana collected $35.50 from pot
*** SUMMARY ***
Total pot $36 | Rake $0.50
Board [Ah 6d 4h 8d Ac]
Seat 2: Demana (button) (small blind) showed [5h 5c] and won ($35.50) with two pair, Aces and Fives
Seat 6: Chessnok (big blind) showed [4d 7h] and lost with two pair, Aces and Fours


PokerStars Hand #158969536989:  Hold'em Limit ($3/$6 USD) - 2016/09/22 23:03:20 ET
Table 'Alhena' 6-max Seat #6 is the button
Seat 2: Demana ($116.50 in chips)
Seat 6: Chessnok ($141.68 in chips)
Chessnok: posts small blind $1
Demana: posts big blind $3
*** HOLE CARDS ***
Chessnok: raises $3 to $6
Demana: calls $3
*** FLOP *** [Ac 9s 7h]
Demana: checks
Chessnok: bets $3
Demana: folds
Uncalled bet ($3) returned to Chessnok
Chessnok collected $11.76 from pot
Chessnok: doesn't show hand
*** SUMMARY ***
Total pot $12 | Rake $0.24
Board [Ac 9s 7h]
Seat 2: Demana (big blind) folded on the Flop
Seat 6: Chessnok (button) (small blind) collected ($11.76)


PokerStars Hand #158969535327:  Hold'em Limit ($3/$6 USD) - 2016/09/22 23:03:14 ET
Table 'Alhena' 6-max Seat #2 is the button
Seat 2: Demana ($117.50 in chips)
Seat 6: Chessnok ($140.68 in chips)
Demana: posts small blind $1
Chessnok: posts big blind $3
*** HOLE CARDS ***
Demana: folds
Uncalled bet ($2) returned to Chessnok
Chessnok collected $2 from pot
Chessnok: doesn't show hand
*** SUMMARY ***
Total pot $2 | Rake $0
Seat 2: Demana (button) (small blind) folded before Flop
Seat 6: Chessnok (big blind) collected ($2)


PokerStars Hand #158969524857:  Hold'em Limit ($3/$6 USD) - 2016/09/22 23:02:38 ET
Table 'Alhena' 6-max Seat #6 is the button
Seat 2: Demana ($100 in chips)
Seat 6: Chessnok ($158.68 in chips)
Chessnok: posts small blind $1
Demana: posts big blind $3
*** HOLE CARDS ***
Chessnok: raises $3 to $6
Demana: calls $3
*** FLOP *** [2s 3c Ah]
Demana: checks
Chessnok: bets $3
Demana: raises $3 to $6
Chessnok: calls $3
*** TURN *** [2s 3c Ah] [3d]
Demana: bets $6
Chessnok: calls $6
*** RIVER *** [2s 3c Ah 3d] [7h]
Demana: bets $6
Chessnok: folds
Uncalled bet ($6) returned to Demana
Demana collected $35.50 from pot
*** SUMMARY ***
Total pot $36 | Rake $0.50
Board [2s 3c Ah 3d 7h]
Seat 2: Demana (big blind) collected ($35.50)
Seat 6: Chessnok (button) (small blind) folded on the River


PokerStars Hand #158969545461:  Hold'em Limit ($3/$6 USD) - 2016/09/22 23:03:49 ET
Table 'Alhena' 6-max Seat #6 is the button
Seat 2: Demana ($128 in chips)
Seat 6: Chessnok ($129.44 in chips)
Chessnok: posts small blind $1
Demana: posts big blind $3
*** HOLE CARDS ***
Chessnok: folds
Uncalled bet ($2) returned to Demana
Demana collected $2 from pot
*** SUMMARY ***
Total pot $2 | Rake $0
Seat 2: Demana (big blind) collected ($2)
Seat 6: Chessnok (button) (small blind) folded before Flop


PokerStars Hand #158969557566:  Hold'em Limit ($3/$6 USD) - 2016/09/22 23:04:30 ET
Table 'Alhena' 6-max Seat #2 is the button
Seat 2: Demana ($93 in chips)
Seat 6: Chessnok ($163.46 in chips)
Demana: posts small blind $1
Chessnok: posts big blind $3
*** HOLE CARDS ***
Demana: raises $3 to $6
Chessnok: raises $3 to $9
Demana: calls $3
*** FLOP *** [6h 5d 2s]
Chessnok: bets $3
Demana: folds
Uncalled bet ($3) returned to Chessnok
Chessnok collected $17.64 from pot
Chessnok: doesn't show hand
*** SUMMARY ***
Total pot $18 | Rake $0.36
Board [6h 5d 2s]
Seat 2: Demana (button) (small blind) folded on the Flop
Seat 6: Chessnok (big blind) collected ($17.64)


PokerStars Hand #158969560638:  Hold'em Limit ($3/$6 USD) - 2016/09/22 23:04:41 ET
Table 'Alhena' 6-max Seat #6 is the button
Seat 2: Demana ($84 in chips)
Seat 6: Chessnok ($172.10 in chips)
Chessnok: posts small blind $1
Demana: posts big blind $3
*** HOLE CARDS ***
Chessnok: raises $3 to $6
Demana: folds
Uncalled bet ($3) returned to Chessnok
Chessnok collected $6 from pot
Chessnok: doesn't show hand
*** SUMMARY ***
Total pot $6 | Rake $0
Seat 2: Demana (big blind) folded before Flop
Seat 6: Chessnok (button) (small blind) collected ($6)


PokerStars Hand #158969546999:  Hold'em Limit ($3/$6 USD) - 2016/09/22 23:03:54 ET
Table 'Alhena' 6-max Seat #2 is the button
Seat 2: Demana ($129 in chips)
Seat 6: Chessnok ($128.44 in chips)
Demana: posts small blind $1
Chessnok: posts big blind $3
*** HOLE CARDS ***
Demana: raises $3 to $6
Chessnok: raises $3 to $9
Demana: calls $3
*** FLOP *** [8d Jc 2h]
Chessnok: bets $3
Demana: calls $3
*** TURN *** [8d Jc 2h] [Jd]
Chessnok: bets $6
Demana: folds
Uncalled bet ($6) returned to Chessnok
Chessnok collected $23.52 from pot
Chessnok: doesn't show hand
*** SUMMARY ***
Total pot $24 | Rake $0.48
Board [8d Jc 2h Jd]
Seat 2: Demana (button) (small blind) folded on the Turn
Seat 6: Chessnok (big blind) collected ($23.52)


PokerStars Hand #158969574302:  Hold'em Limit ($3/$6 USD) - 2016/09/22 23:05:27 ET
Table 'Alhena' 6-max Seat #6 is the button
Seat 2: Demana ($82.50 in chips)
Seat 6: Chessnok ($172.60 in chips)
Chessnok: posts small blind $1
Demana: posts big blind $3
*** HOLE CARDS ***
Chessnok: raises $3 to $6
Demana: calls $3
*** FLOP *** [Kd 4h Jc]
Demana: checks
Chessnok: bets $3
Demana: folds
Uncalled bet ($3) returned to Chessnok
Chessnok collected $11.76 from pot
Chessnok: doesn't show hand
*** SUMMARY ***
Total pot $12 | Rake $0.24
Board [Kd 4h Jc]
Seat 2: Demana (big blind) folded on the Flop
Seat 6: Chessnok (button) (small blind) collected ($11.76)


PokerStars Hand #158969572795:  Hold'em Limit ($3/$6 USD) - 2016/09/22 23:05:22 ET
Table 'Alhena' 6-max Seat #2 is the button
Seat 2: Demana ($83.50 in chips)
Seat 6: Chessnok ($171.60 in chips)
Demana: posts small blind $1
Chessnok: posts big blind $3
*** HOLE CARDS ***
Demana: folds
Uncalled bet ($2) returned to Chessnok
Chessnok collected $2 from pot
Chessnok: doesn't show hand
*** SUMMARY ***
Total pot $2 | Rake $0
Seat 2: Demana (button) (small blind) folded before Flop
Seat 6: Chessnok (big blind) collected ($2)


PokerStars Hand #158969566807:  Hold'em Limit ($3/$6 USD) - 2016/09/22 23:05:02 ET
Table 'Alhena' 6-max Seat #6 is the button
Seat 2: Demana ($63 in chips)
Seat 6: Chessnok ($192.60 in chips)
Chessnok: posts small blind $1
Demana: posts big blind $3
*** HOLE CARDS ***
Chessnok: raises $3 to $6
Demana: calls $3
*** FLOP *** [5d Kc 8c]
Demana: checks
Chessnok: bets $3
Demana: calls $3
*** TURN *** [5d Kc 8c] [Ts]
Demana: checks
Chessnok: bets $6
Demana: raises $6 to $12
Chessnok: calls $6
*** RIVER *** [5d Kc 8c Ts] [Qc]
Demana: bets $6
Chessnok: folds
Uncalled bet ($6) returned to Demana
Demana collected $41.50 from pot
*** SUMMARY ***
Total pot $42 | Rake $0.50
Board [5d Kc 8c Ts Qc]
Seat 2: Demana (big blind) collected ($41.50)
Seat 6: Chessnok (button) (small blind) folded on the River


PokerStars Hand #158969562091:  Hold'em Limit ($3/$6 USD) - 2016/09/22 23:04:46 ET
Table 'Alhena' 6-max Seat #2 is the button
Seat 2: Demana ($81 in chips)
Seat 6: Chessnok ($175.10 in chips)
Demana: posts small blind $1
Chessnok: posts big blind $3
*** HOLE CARDS ***
Demana: raises $3 to $6
Chessnok: calls $3
*** FLOP *** [3d Qs 7c]
Chessnok: checks
Demana: bets $3
Chessnok: raises $3 to $6
Demana: calls $3
*** TURN *** [3d Qs 7c] [5h]
Chessnok: bets $6
Demana: calls $6
*** RIVER *** [3d Qs 7c 5h] [8s]
Chessnok: bets $6
Demana: folds
Uncalled bet ($6) returned to Chessnok
Chessnok collected $35.50 from pot
Chessnok: doesn't show hand
*** SUMMARY ***
Total pot $36 | Rake $0.50
Board [3d Qs 7c 5h 8s]
Seat 2: Demana (button) (small blind) folded on the River
Seat 6: Chessnok (big blind) collected ($35.50)


PokerStars Hand #158969592913:  Hold'em Limit ($3/$6 USD) - 2016/09/22 23:06:31 ET
Table 'Alhena' 6-max Seat #6 is the button
Seat 2: Demana ($90 in chips)
Seat 6: Chessnok ($164.12 in chips)
Chessnok: posts small blind $1
Demana: posts big blind $3
*** HOLE CARDS ***
Chessnok: raises $3 to $6
Demana: folds
Uncalled bet ($3) returned to Chessnok
Chessnok collected $6 from pot
Chessnok: doesn't show hand
*** SUMMARY ***
Total pot $6 | Rake $0
Seat 2: Demana (big blind) folded before Flop
Seat 6: Chessnok (button) (small blind) collected ($6)


PokerStars Hand #158969591353:  Hold'em Limit ($3/$6 USD) - 2016/09/22 23:06:25 ET
Table 'Alhena' 6-max Seat #2 is the button
Seat 2: Demana ($91 in chips)
Seat 6: Chessnok ($163.12 in chips)
Demana: posts small blind $1
Chessnok: posts big blind $3
*** HOLE CARDS ***
Demana: folds
Uncalled bet ($2) returned to Chessnok
Chessnok collected $2 from pot
Chessnok: doesn't show hand
*** SUMMARY ***
Total pot $2 | Rake $0
Seat 2: Demana (button) (small blind) folded before Flop
Seat 6: Chessnok (big blind) collected ($2)


PokerStars Hand #158969588649:  Hold'em Limit ($3/$6 USD) - 2016/09/22 23:06:16 ET
Table 'Alhena' 6-max Seat #6 is the button
Seat 2: Demana ($97 in chips)
Seat 6: Chessnok ($157.36 in chips)
Chessnok: posts small blind $1
Demana: posts big blind $3
*** HOLE CARDS ***
Chessnok: raises $3 to $6
Demana: calls $3
*** FLOP *** [Kd 2h 4s]
Demana: checks
Chessnok: bets $3
Demana: folds
Uncalled bet ($3) returned to Chessnok
Chessnok collected $11.76 from pot
Chessnok: doesn't show hand
*** SUMMARY ***
Total pot $12 | Rake $0.24
Board [Kd 2h 4s]
Seat 2: Demana (big blind) folded on the Flop
Seat 6: Chessnok (button) (small blind) collected ($11.76)


PokerStars Hand #158969580431:  Hold'em Limit ($3/$6 USD) - 2016/09/22 23:05:48 ET
Table 'Alhena' 6-max Seat #2 is the button
Seat 2: Demana ($76.50 in chips)
Seat 6: Chessnok ($178.36 in chips)
Demana: posts small blind $1
Chessnok: posts big blind $3
*** HOLE CARDS ***
Demana: raises $3 to $6
Chessnok: calls $3
*** FLOP *** [8c As Tc]
Chessnok: checks
Demana: bets $3
Chessnok: raises $3 to $6
Demana: raises $3 to $9
Chessnok: calls $3
*** TURN *** [8c As Tc] [9s]
Chessnok: checks
Demana: bets $6
Chessnok: calls $6
*** RIVER *** [8c As Tc 9s] [2d]
Chessnok: checks
Demana: checks
*** SHOW DOWN ***
Chessnok: shows [2c 6c] (a pair of Deuces)
Demana: shows [Th 7d] (a pair of Tens)
Demana collected $41.50 from pot
*** SUMMARY ***
Total pot $42 | Rake $0.50
Board [8c As Tc 9s 2d]
Seat 2: Demana (button) (small blind) showed [Th 7d] and won ($41.50) with a pair of Tens
Seat 6: Chessnok (big blind) showed [2c 6c] and lost with a pair of Deuces


PokerStars Hand #158969594326:  Hold'em Limit ($3/$6 USD) - 2016/09/22 23:06:35 ET
Table 'Alhena' 6-max Seat #2 is the button
Seat 2: Demana ($87 in chips)
Seat 6: Chessnok ($167.12 in chips)
Demana: posts small blind $1
Chessnok: posts big blind $3
*** HOLE CARDS ***
Demana: raises $3 to $6
Chessnok: calls $3
*** FLOP *** [4d Jc 8s]
Chessnok: checks
Demana: bets $3
Chessnok: raises $3 to $6
Demana: calls $3
*** TURN *** [4d Jc 8s] [2s]
Chessnok: bets $6
Demana: calls $6
*** RIVER *** [4d Jc 8s 2s] [3s]
Chessnok: bets $6
Demana: folds
Uncalled bet ($6) returned to Chessnok
Chessnok collected $35.50 from pot
Chessnok: doesn't show hand
*** SUMMARY ***
Total pot $36 | Rake $0.50
Board [4d Jc 8s 2s 3s]
Seat 2: Demana (button) (small blind) folded on the River
Seat 6: Chessnok (big blind) collected ($35.50)


PokerStars Hand #158969614682:  Hold'em Limit ($3/$6 USD) - 2016/09/22 23:07:46 ET
Table 'Alhena' 6-max Seat #2 is the button
Seat 2: Demana ($50.50 in chips)
Seat 6: Chessnok ($201.88 in chips)
Demana: posts small blind $1
Chessnok: posts big blind $3
*** HOLE CARDS ***
Demana: folds
Uncalled bet ($2) returned to Chessnok
Chessnok collected $2 from pot
Chessnok: doesn't show hand
*** SUMMARY ***
Total pot $2 | Rake $0
Seat 2: Demana (button) (small blind) folded before Flop
Seat 6: Chessnok (big blind) collected ($2)


PokerStars Hand #158969613181:  Hold'em Limit ($3/$6 USD) - 2016/09/22 23:07:40 ET
Table 'Alhena' 6-max Seat #6 is the button
Seat 2: Demana ($53.50 in chips)
Seat 6: Chessnok ($198.88 in chips)
Chessnok: posts small blind $1
Demana: posts big blind $3
*** HOLE CARDS ***
Chessnok: raises $3 to $6
Demana: folds
Uncalled bet ($3) returned to Chessnok
Chessnok collected $6 from pot
Chessnok: doesn't show hand
*** SUMMARY ***
Total pot $6 | Rake $0
Seat 2: Demana (big blind) folded before Flop
Seat 6: Chessnok (button) (small blind) collected ($6)


PokerStars Hand #158969608502:  Hold'em Limit ($3/$6 USD) - 2016/09/22 23:07:24 ET
Table 'Alhena' 6-max Seat #2 is the button
Seat 2: Demana ($80.50 in chips)
Seat 6: Chessnok ($172.38 in chips)
Demana: posts small blind $1
Chessnok: posts big blind $3
*** HOLE CARDS ***
Demana: raises $3 to $6
Chessnok: calls $3
*** FLOP *** [3c 6d Jd]
Chessnok: checks
Demana: bets $3
Chessnok: calls $3
*** TURN *** [3c 6d Jd] [Tc]
Chessnok: checks
Demana: bets $6
Chessnok: calls $6
*** RIVER *** [3c 6d Jd Tc] [9c]
Chessnok: checks
Demana: bets $6
Chessnok: raises $6 to $12
Demana: calls $6
*** SHOW DOWN ***
Chessnok: shows [Ac 8c] (a flush, Ace high)
Demana: mucks hand
Chessnok collected $53.50 from pot
*** SUMMARY ***
Total pot $54 | Rake $0.50
Board [3c 6d Jd Tc 9c]
Seat 2: Demana (button) (small blind) mucked
Seat 6: Chessnok (big blind) showed [Ac 8c] and won ($53.50) with a flush, Ace high


PokerStars Hand #158969606658:  Hold'em Limit ($3/$6 USD) - 2016/09/22 23:07:18 ET
Table 'Alhena' 6-max Seat #6 is the button
Seat 2: Demana ($83.50 in chips)
Seat 6: Chessnok ($169.38 in chips)
Chessnok: posts small blind $1
Demana: posts big blind $3
*** HOLE CARDS ***
Chessnok: raises $3 to $6
Demana: folds
Uncalled bet ($3) returned to Chessnok
Chessnok collected $6 from pot
Chessnok: doesn't show hand
*** SUMMARY ***
Total pot $6 | Rake $0
Seat 2: Demana (big blind) folded before Flop
Seat 6: Chessnok (button) (small blind) collected ($6)


PokerStars Hand #158969601971:  Hold'em Limit ($3/$6 USD) - 2016/09/22 23:07:02 ET
Table 'Alhena' 6-max Seat #2 is the button
Seat 2: Demana ($63 in chips)
Seat 6: Chessnok ($190.38 in chips)
Demana: posts small blind $1
Chessnok: posts big blind $3
*** HOLE CARDS ***
Demana: raises $3 to $6
Chessnok: calls $3
*** FLOP *** [Jh Tc 9h]
Chessnok: checks
Demana: bets $3
Chessnok: raises $3 to $6
Demana: raises $3 to $9
Chessnok: calls $3
*** TURN *** [Jh Tc 9h] [7d]
Chessnok: checks
Demana: bets $6
Chessnok: calls $6
*** RIVER *** [Jh Tc 9h 7d] [6d]
Chessnok: checks
Demana: bets $6
Chessnok: folds
Uncalled bet ($6) returned to Demana
Demana collected $41.50 from pot
*** SUMMARY ***
Total pot $42 | Rake $0.50
Board [Jh Tc 9h 7d 6d]
Seat 2: Demana (button) (small blind) collected ($41.50)
Seat 6: Chessnok (big blind) folded on the River


PokerStars Hand #158969599769:  Hold'em Limit ($3/$6 USD) - 2016/09/22 23:06:54 ET
Table 'Alhena' 6-max Seat #6 is the button
Seat 2: Demana ($69 in chips)
Seat 6: Chessnok ($184.62 in chips)
Chessnok: posts small blind $1
Demana: posts big blind $3
*** HOLE CARDS ***
Chessnok: raises $3 to $6
Demana: calls $3
*** FLOP *** [Ah 3d 2c]
Demana: checks
Chessnok: bets $3
Demana: folds
Uncalled bet ($3) returned to Chessnok
Chessnok collected $11.76 from pot
Chessnok: doesn't show hand
*** SUMMARY ***
Total pot $12 | Rake $0.24
Board [Ah 3d 2c]
Seat 2: Demana (big blind) folded on the Flop
Seat 6: Chessnok (button) (small blind) collected ($11.76)


PokerStars Hand #158969631039:  Hold'em Limit ($3/$6 USD) - 2016/09/22 23:08:42 ET
Table 'Alhena' 6-max Seat #6 is the button
Seat 2: Demana ($92.50 in chips)
Seat 6: Chessnok ($158.88 in chips)
Chessnok: posts small blind $1
Demana: posts big blind $3
*** HOLE CARDS ***
Chessnok: raises $3 to $6
Demana: folds
Uncalled bet ($3) returned to Chessnok
Chessnok collected $6 from pot
Chessnok: doesn't show hand
*** SUMMARY ***
Total pot $6 | Rake $0
Seat 2: Demana (big blind) folded before Flop
Seat 6: Chessnok (button) (small blind) collected ($6)


PokerStars Hand #158969629587:  Hold'em Limit ($3/$6 USD) - 2016/09/22 23:08:37 ET
Table 'Alhena' 6-max Seat #2 is the button
Seat 2: Demana ($93.50 in chips)
Seat 6: Chessnok ($157.88 in chips)
Demana: posts small blind $1
Chessnok: posts big blind $3
*** HOLE CARDS ***
Demana: folds
Uncalled bet ($2) returned to Chessnok
Chessnok collected $2 from pot
Chessnok: doesn't show hand
*** SUMMARY ***
Total pot $2 | Rake $0
Seat 2: Demana (button) (small blind) folded before Flop
Seat 6: Chessnok (big blind) collected ($2)


PokerStars Hand #158969623987:  Hold'em Limit ($3/$6 USD) - 2016/09/22 23:08:18 ET
Table 'Alhena' 6-max Seat #6 is the button
Seat 2: Demana ($67 in chips)
Seat 6: Chessnok ($184.88 in chips)
Chessnok: posts small blind $1
Demana: posts big blind $3
*** HOLE CARDS ***
Chessnok: raises $3 to $6
Demana: calls $3
*** FLOP *** [5c 8c 5h]
Demana: bets $3
Chessnok: calls $3
*** TURN *** [5c 8c 5h] [6d]
Demana: bets $6
Chessnok: calls $6
*** RIVER *** [5c 8c 5h 6d] [Kh]
Demana: bets $6
Chessnok: raises $6 to $12
Demana: calls $6
*** SHOW DOWN ***
Chessnok: shows [Jd 7c] (a pair of Fives)
Demana: shows [6c Ks] (two pair, Kings and Sixes)
Demana collected $53.50 from pot
*** SUMMARY ***
Total pot $54 | Rake $0.50
Board [5c 8c 5h 6d Kh]
Seat 2: Demana (big blind) showed [6c Ks] and won ($53.50) with two pair, Kings and Sixes
Seat 6: Chessnok (button) (small blind) showed [Jd 7c] and lost with a pair of Fives


PokerStars Hand #158969617748:  Hold'em Limit ($3/$6 USD) - 2016/09/22 23:07:56 ET
Table 'Alhena' 6-max Seat #2 is the button
Seat 2: Demana ($46.50 in chips)
Seat 6: Chessnok ($205.88 in chips)
Demana: posts small blind $1
Chessnok: posts big blind $3
*** HOLE CARDS ***
Demana: raises $3 to $6
Chessnok: calls $3
*** FLOP *** [Jc 5s 6s]
Chessnok: checks
Demana: bets $3
Chessnok: calls $3
*** TURN *** [Jc 5s 6s] [2c]
Chessnok: checks
Demana: bets $6
Chessnok: calls $6
*** RIVER *** [Jc 5s 6s 2c] [Qh]
Chessnok: checks
Demana: bets $6
Chessnok: calls $6
*** SHOW DOWN ***
Demana: shows [Jd 8s] (a pair of Jacks)
Chessnok: mucks hand
Demana collected $41.50 from pot
*** SUMMARY ***
Total pot $42 | Rake $0.50
Board [Jc 5s 6s 2c Qh]
Seat 2: Demana (button) (small blind) showed [Jd 8s] and won ($41.50) with a pair of Jacks
Seat 6: Chessnok (big blind) mucked


PokerStars Hand #158969616224:  Hold'em Limit ($3/$6 USD) - 2016/09/22 23:07:51 ET
Table 'Alhena' 6-max Seat #6 is the button
Seat 2: Demana ($49.50 in chips)
Seat 6: Chessnok ($202.88 in chips)
Chessnok: posts small blind $1
Demana: posts big blind $3
*** HOLE CARDS ***
Chessnok: raises $3 to $6
Demana: folds
Uncalled bet ($3) returned to Chessnok
Chessnok collected $6 from pot
Chessnok: doesn't show hand
*** SUMMARY ***
Total pot $6 | Rake $0
Seat 2: Demana (big blind) folded before Flop
Seat 6: Chessnok (button) (small blind) collected ($6)


PokerStars Hand #158969634402:  Hold'em Limit ($3/$6 USD) - 2016/09/22 23:08:54 ET
Table 'Alhena' 6-max Seat #6 is the button
Seat 2: Demana ($88.50 in chips)
Seat 6: Chessnok ($162.88 in chips)
Chessnok: posts small blind $1
Demana: posts big blind $3
*** HOLE CARDS ***
Chessnok: raises $3 to $6
Demana: calls $3
*** FLOP *** [Qs Qd 5c]
Demana: checks
Chessnok: bets $3
Demana: folds
Uncalled bet ($3) returned to Chessnok
Chessnok collected $11.76 from pot
Chessnok: doesn't show hand
*** SUMMARY ***
Total pot $12 | Rake $0.24
Board [Qs Qd 5c]
Seat 2: Demana (big blind) folded on the Flop
Seat 6: Chessnok (button) (small blind) collected ($11.76)


PokerStars Hand #158969633014:  Hold'em Limit ($3/$6 USD) - 2016/09/22 23:08:49 ET
Table 'Alhena' 6-max Seat #2 is the button
Seat 2: Demana ($89.50 in chips)
Seat 6: Chessnok ($161.88 in chips)
Demana: posts small blind $1
Chessnok: posts big blind $3
*** HOLE CARDS ***
Demana: folds
Uncalled bet ($2) returned to Chessnok
Chessnok collected $2 from pot
Chessnok: doesn't show hand
*** SUMMARY ***
Total pot $2 | Rake $0
Seat 2: Demana (button) (small blind) folded before Flop
Seat 6: Chessnok (big blind) collected ($2)


PokerStars Hand #158969636664:  Hold'em Limit ($3/$6 USD) - 2016/09/22 23:09:02 ET
Table 'Alhena' 6-max Seat #2 is the button
Seat 2: Demana ($82.50 in chips)
Seat 6: Chessnok ($168.64 in chips)
Demana: posts small blind $1
Chessnok: posts big blind $3
*** HOLE CARDS ***
Demana: folds
Uncalled bet ($2) returned to Chessnok
Chessnok collected $2 from pot
Chessnok: doesn't show hand
*** SUMMARY ***
Total pot $2 | Rake $0
Seat 2: Demana (button) (small blind) folded before Flop
Seat 6: Chessnok (big blind) collected ($2)


PokerStars Hand #158969645724:  Hold'em Limit ($3/$6 USD) - 2016/09/22 23:09:33 ET
Table 'Alhena' 6-max Seat #6 is the button
Seat 2: Demana ($102 in chips)
Seat 6: Chessnok ($148.28 in chips)
Chessnok: posts small blind $1
Demana: posts big blind $3
*** HOLE CARDS ***
Chessnok: folds
Uncalled bet ($2) returned to Demana
Demana collected $2 from pot
*** SUMMARY ***
Total pot $2 | Rake $0
Seat 2: Demana (big blind) collected ($2)
Seat 6: Chessnok (button) (small blind) folded before Flop


PokerStars Hand #158969642834:  Hold'em Limit ($3/$6 USD) - 2016/09/22 23:09:23 ET
Table 'Alhena' 6-max Seat #2 is the button
Seat 2: Demana ($111 in chips)
Seat 6: Chessnok ($139.64 in chips)
Demana: posts small blind $1
Chessnok: posts big blind $3
*** HOLE CARDS ***
Demana: raises $3 to $6
Chessnok: calls $3
*** FLOP *** [4h 3c Kc]
Chessnok: checks
Demana: bets $3
Chessnok: raises $3 to $6
Demana: folds
Uncalled bet ($3) returned to Chessnok
Chessnok collected $17.64 from pot
Chessnok: doesn't show hand
*** SUMMARY ***
Total pot $18 | Rake $0.36
Board [4h 3c Kc]
Seat 2: Demana (button) (small blind) folded on the Flop
Seat 6: Chessnok (big blind) collected ($17.64)


PokerStars Hand #158969638220:  Hold'em Limit ($3/$6 USD) - 2016/09/22 23:09:07 ET
Table 'Alhena' 6-max Seat #6 is the button
Seat 2: Demana ($81.50 in chips)
Seat 6: Chessnok ($169.64 in chips)
Chessnok: posts small blind $1
Demana: posts big blind $3
*** HOLE CARDS ***
Chessnok: raises $3 to $6
Demana: calls $3
*** FLOP *** [Tc 8s 4s]
Demana: checks
Chessnok: bets $3
Demana: raises $3 to $6
Chessnok: calls $3
*** TURN *** [Tc 8s 4s] [As]
Demana: bets $6
Chessnok: raises $6 to $12
Demana: calls $6
*** RIVER *** [Tc 8s 4s As] [7c]
Demana: bets $6
Chessnok: calls $6
*** SHOW DOWN ***
Demana: shows [Td 7d] (two pair, Tens and Sevens)
Chessnok: mucks hand
Demana collected $59.50 from pot
*** SUMMARY ***
Total pot $60 | Rake $0.50
Board [Tc 8s 4s As 7c]
Seat 2: Demana (big blind) showed [Td 7d] and won ($59.50) with two pair, Tens and Sevens
Seat 6: Chessnok (button) (small blind) mucked


PokerStars Hand #158969651515:  Hold'em Limit ($3/$6 USD) - 2016/09/22 23:09:53 ET
Table 'Alhena' 6-max Seat #6 is the button
Seat 2: Demana ($82 in chips)
Seat 6: Chessnok ($167.78 in chips)
Chessnok: posts small blind $1
Demana: posts big blind $3
*** HOLE CARDS ***
Chessnok: raises $3 to $6
Demana: calls $3
*** FLOP *** [7d Kc As]
Demana: checks
Chessnok: bets $3
Demana: folds
Uncalled bet ($3) returned to Chessnok
Chessnok collected $11.76 from pot
Chessnok: doesn't show hand
*** SUMMARY ***
Total pot $12 | Rake $0.24
Board [7d Kc As]
Seat 2: Demana (big blind) folded on the Flop
Seat 6: Chessnok (button) (small blind) collected ($11.76)


PokerStars Hand #158969647006:  Hold'em Limit ($3/$6 USD) - 2016/09/22 23:09:37 ET
Table 'Alhena' 6-max Seat #2 is the button
Seat 2: Demana ($103 in chips)
Seat 6: Chessnok ($147.28 in chips)
Demana: posts small blind $1
Chessnok: posts big blind $3
*** HOLE CARDS ***
Demana: raises $3 to $6
Chessnok: calls $3
*** FLOP *** [Ac 7d 4c]
Chessnok: checks
Demana: bets $3
Chessnok: calls $3
*** TURN *** [Ac 7d 4c] [8d]
Chessnok: checks
Demana: bets $6
Chessnok: calls $6
*** RIVER *** [Ac 7d 4c 8d] [4s]
Chessnok: checks
Demana: bets $6
Chessnok: calls $6
*** SHOW DOWN ***
Demana: shows [5s 3c] (a pair of Fours)
Chessnok: shows [8c Ts] (two pair, Eights and Fours)
Chessnok collected $41.50 from pot
*** SUMMARY ***
Total pot $42 | Rake $0.50
Board [Ac 7d 4c 8d 4s]
Seat 2: Demana (button) (small blind) showed [5s 3c] and lost with a pair of Fours
Seat 6: Chessnok (big blind) showed [8c Ts] and won ($41.50) with two pair, Eights and Fours


PokerStars Hand #158969654221:  Hold'em Limit ($3/$6 USD) - 2016/09/22 23:10:02 ET
Table 'Alhena' 6-max Seat #2 is the button
Seat 2: Demana ($76 in chips)
Seat 6: Chessnok ($173.54 in chips)
Demana: posts small blind $1
Chessnok: posts big blind $3
*** HOLE CARDS ***
Demana: raises $3 to $6
Chessnok: calls $3
*** FLOP *** [Qh 9c 4c]
Chessnok: checks
Demana: bets $3
Chessnok: raises $3 to $6
Demana: raises $3 to $9
Chessnok: raises $3 to $12
Betting is capped
Demana: calls $3
*** TURN *** [Qh 9c 4c] [5c]
Chessnok: bets $6
Demana: calls $6
*** RIVER *** [Qh 9c 4c 5c] [4s]
Chessnok: bets $6
Demana: raises $6 to $12
Chessnok: raises $6 to $18
Demana: raises $6 to $24
Betting is capped
Chessnok: calls $6
*** SHOW DOWN ***
Demana: shows [4d Ah] (three of a kind, Fours)
Chessnok: shows [Qc 4h] (a full house, Fours full of Queens)
Chessnok collected $95.50 from pot
*** SUMMARY ***
Total pot $96 | Rake $0.50
Board [Qh 9c 4c 5c 4s]
Seat 2: Demana (button) (small blind) showed [4d Ah] and lost with three of a kind, Fours
Seat 6: Chessnok (big blind) showed [Qc 4h] and won ($95.50) with a full house, Fours full of Queens


