PokerStars Hand #171492395518:  Hold'em Limit ($3/$6 USD) - 2017/06/07 23:31:23 ET
Table 'Alhena' 6-max Seat #6 is the button
Seat 4: Agrotait ($72 in chips)
Seat 6: hairy1961 ($50 in chips)
hairy1961: posts small blind $1
Agrotait: posts big blind $3
*** HOLE CARDS ***
hairy1961: folds
Uncalled bet ($2) returned to Agrotait
Agrotait collected $2 from pot
Agrotait: doesn't show hand
*** SUMMARY ***
Total pot $2 | Rake $0
Seat 4: Agrotait (big blind) collected ($2)
Seat 6: hairy1961 (button) (small blind) folded before Flop


PokerStars Hand #171492402338:  Hold'em Limit ($3/$6 USD) - 2017/06/07 23:31:47 ET
Table 'Alhena' 6-max Seat #6 is the button
Seat 1: masterblstr8 ($120 in chips)
Seat 6: hairy1961 ($46 in chips)
hairy1961: posts small blind $1
masterblstr8: posts big blind $3
*** HOLE CARDS ***
hairy1961: folds
Uncalled bet ($2) returned to masterblstr8
masterblstr8 collected $2 from pot
masterblstr8: doesn't show hand
*** SUMMARY ***
Total pot $2 | Rake $0
Seat 1: masterblstr8 (big blind) collected ($2)
Seat 6: hairy1961 (button) (small blind) folded before Flop


PokerStars Hand #171492398052:  Hold'em Limit ($3/$6 USD) - 2017/06/07 23:31:31 ET
Table 'Alhena' 6-max Seat #4 is the button
Seat 4: Agrotait ($73 in chips)
Seat 6: hairy1961 ($49 in chips)
Agrotait: posts small blind $1
hairy1961: posts big blind $3
*** HOLE CARDS ***
masterblstr8 joins the table at seat #1
Agrotait: raises $3 to $6
hairy1961: folds
Uncalled bet ($3) returned to Agrotait
Agrotait collected $6 from pot
Agrotait: doesn't show hand
*** SUMMARY ***
Total pot $6 | Rake $0
Seat 4: Agrotait (button) (small blind) collected ($6)
Seat 6: hairy1961 (big blind) folded before Flop


PokerStars Hand #171492403937:  Hold'em Limit ($3/$6 USD) - 2017/06/07 23:31:52 ET
Table 'Alhena' 6-max Seat #1 is the button
Seat 1: masterblstr8 ($121 in chips)
Seat 6: hairy1961 ($45 in chips)
masterblstr8: posts small blind $1
hairy1961: posts big blind $3
*** HOLE CARDS ***
masterblstr8: raises $3 to $6
hairy1961: raises $3 to $9
masterblstr8: calls $3
*** FLOP *** [5d Qc 6h]
hairy1961: bets $3
masterblstr8: calls $3
*** TURN *** [5d Qc 6h] [Jd]
hairy1961: bets $6
masterblstr8: calls $6
*** RIVER *** [5d Qc 6h Jd] [2c]
hairy1961: bets $6
masterblstr8: calls $6
*** SHOW DOWN ***
hairy1961: shows [Ad 8s] (high card Ace)
masterblstr8: shows [Js Kc] (a pair of Jacks)
masterblstr8 collected $47.50 from pot
*** SUMMARY ***
Total pot $48 | Rake $0.50
Board [5d Qc 6h Jd 2c]
Seat 1: masterblstr8 (button) (small blind) showed [Js Kc] and won ($47.50) with a pair of Jacks
Seat 6: hairy1961 (big blind) showed [Ad 8s] and lost with high card Ace


PokerStars Hand #171492416310:  Hold'em Limit ($3/$6 USD) - 2017/06/07 23:32:36 ET
Table 'Alhena' 6-max Seat #1 is the button
Seat 1: masterblstr8 ($138.50 in chips)
Seat 6: hairy1961 ($26.76 in chips)
masterblstr8: posts small blind $1
hairy1961: posts big blind $3
*** HOLE CARDS ***
masterblstr8: raises $3 to $6
hairy1961: calls $3
*** FLOP *** [4h Ts Kh]
hairy1961: checks
masterblstr8: bets $3
hairy1961: calls $3
*** TURN *** [4h Ts Kh] [8c]
hairy1961: checks
masterblstr8: checks
*** RIVER *** [4h Ts Kh 8c] [Qd]
hairy1961: bets $6
masterblstr8: calls $6
*** SHOW DOWN ***
hairy1961: shows [3d As] (high card Ace)
masterblstr8: shows [5c Qs] (a pair of Queens)
masterblstr8 collected $29.50 from pot
*** SUMMARY ***
Total pot $30 | Rake $0.50
Board [4h Ts Kh 8c Qd]
Seat 1: masterblstr8 (button) (small blind) showed [5c Qs] and won ($29.50) with a pair of Queens
Seat 6: hairy1961 (big blind) showed [3d As] and lost with high card Ace


PokerStars Hand #171492411392:  Hold'em Limit ($3/$6 USD) - 2017/06/07 23:32:18 ET
Table 'Alhena' 6-max Seat #6 is the button
Seat 1: masterblstr8 ($144.50 in chips)
Seat 6: hairy1961 ($21 in chips)
hairy1961: posts small blind $1
masterblstr8: posts big blind $3
*** HOLE CARDS ***
hairy1961: raises $3 to $6
Agrotait leaves the table
masterblstr8: calls $3
*** FLOP *** [Qh Jd Js]
masterblstr8: checks
hairy1961: bets $3
masterblstr8: folds
Uncalled bet ($3) returned to hairy1961
hairy1961 collected $11.76 from pot
*** SUMMARY ***
Total pot $12 | Rake $0.24
Board [Qh Jd Js]
Seat 1: masterblstr8 (big blind) folded on the Flop
Seat 6: hairy1961 (button) (small blind) collected ($11.76)


