PokerStars Hand #176681226581:  Hold'em Limit ($3/$6 USD) - 2017/10/09 0:21:48 ET
Table 'Alhena' 6-max Seat #1 is the button
Seat 1: SonneUndMond ($65.20 in chips)
Seat 5: muzixibei ($95.24 in chips)
SonneUndMond: posts small blind $1
muzixibei: posts big blind $3
*** HOLE CARDS ***
SonneUndMond: folds
Uncalled bet ($2) returned to muzixibei
muzixibei collected $2 from pot
muzixibei: doesn't show hand
*** SUMMARY ***
Total pot $2 | Rake $0
Seat 1: SonneUndMond (button) (small blind) folded before Flop
Seat 5: muzixibei (big blind) collected ($2)


PokerStars Hand #176681225213:  Hold'em Limit ($3/$6 USD) - 2017/10/09 0:21:42 ET
Table 'Alhena' 6-max Seat #5 is the button
Seat 1: SonneUndMond ($64.20 in chips)
Seat 5: muzixibei ($96.24 in chips)
muzixibei: posts small blind $1
SonneUndMond: posts big blind $3
*** HOLE CARDS ***
muzixibei: folds
Uncalled bet ($2) returned to SonneUndMond
SonneUndMond collected $2 from pot
SonneUndMond: doesn't show hand
*** SUMMARY ***
Total pot $2 | Rake $0
Seat 1: SonneUndMond (big blind) collected ($2)
Seat 5: muzixibei (button) (small blind) folded before Flop


PokerStars Hand #176681223594:  Hold'em Limit ($3/$6 USD) - 2017/10/09 0:21:35 ET
Table 'Alhena' 6-max Seat #1 is the button
Seat 1: SonneUndMond ($65.20 in chips)
Seat 5: muzixibei ($95.24 in chips)
SonneUndMond: posts small blind $1
CharginWapos: is sitting out
muzixibei: posts big blind $3
*** HOLE CARDS ***
CharginWapos leaves the table
SonneUndMond: folds
Uncalled bet ($2) returned to muzixibei
muzixibei collected $2 from pot
muzixibei: doesn't show hand
*** SUMMARY ***
Total pot $2 | Rake $0
Seat 1: SonneUndMond (button) (small blind) folded before Flop
Seat 5: muzixibei (big blind) collected ($2)


PokerStars Hand #176681228115:  Hold'em Limit ($3/$6 USD) - 2017/10/09 0:21:55 ET
Table 'Alhena' 6-max Seat #5 is the button
Seat 1: SonneUndMond ($64.20 in chips)
Seat 5: muzixibei ($96.24 in chips)
muzixibei: posts small blind $1
SonneUndMond: posts big blind $3
*** HOLE CARDS ***
muzixibei: raises $3 to $6
SonneUndMond: calls $3
*** FLOP *** [Js 3d 2d]
SonneUndMond: checks
muzixibei: bets $3
SonneUndMond: calls $3
*** TURN *** [Js 3d 2d] [4d]
SonneUndMond: checks
muzixibei: bets $6
SonneUndMond: calls $6
*** RIVER *** [Js 3d 2d 4d] [Td]
SonneUndMond: checks
muzixibei: bets $6
SonneUndMond: folds
Uncalled bet ($6) returned to muzixibei
muzixibei collected $29.50 from pot
muzixibei: doesn't show hand
*** SUMMARY ***
Total pot $30 | Rake $0.50
Board [Js 3d 2d 4d Td]
Seat 1: SonneUndMond (big blind) folded on the River
Seat 5: muzixibei (button) (small blind) collected ($29.50)


