PokerStars Hand #171790360855:  Hold'em Limit ($3/$6 USD) - 2017/06/14 22:20:47 ET
Table 'Alinda' 6-max Seat #4 is the button
Seat 4: belik555 ($194.62 in chips)
Seat 6: scorpio04 ($249.62 in chips)
belik555: posts small blind $1
scorpio04: posts big blind $3
*** HOLE CARDS ***
belik555: raises $3 to $6
scorpio04: calls $3
*** FLOP *** [As 5d Ks]
scorpio04: checks
belik555: checks
*** TURN *** [As 5d Ks] [Kh]
scorpio04: checks
belik555: checks
*** RIVER *** [As 5d Ks Kh] [Ts]
scorpio04: checks
belik555: bets $6
scorpio04: folds
Uncalled bet ($6) returned to belik555
belik555 collected $11.76 from pot
belik555: doesn't show hand
*** SUMMARY ***
Total pot $12 | Rake $0.24
Board [As 5d Ks Kh Ts]
Seat 4: belik555 (button) (small blind) collected ($11.76)
Seat 6: scorpio04 (big blind) folded on the River


PokerStars Hand #171790512447:  Hold'em Limit ($3/$6 USD) - 2017/06/14 22:28:20 ET
Table 'Alinda' 6-max Seat #4 is the button
Seat 3: dient´s ($123.19 in chips)
Seat 4: belik555 ($254.98 in chips)
belik555: posts small blind $1
dient´s: posts big blind $3
*** HOLE CARDS ***
dmonr leaves the table
belik555: folds
Uncalled bet ($2) returned to dient´s
dient´s collected $2 from pot
*** SUMMARY ***
Total pot $2 | Rake $0
Seat 3: dient´s (big blind) collected ($2)
Seat 4: belik555 (button) (small blind) folded before Flop


PokerStars Hand #171790519029:  Hold'em Limit ($3/$6 USD) - 2017/06/14 22:28:39 ET
Table 'Alinda' 6-max Seat #3 is the button
Seat 3: dient´s ($124.19 in chips)
Seat 4: belik555 ($253.98 in chips)
dient´s: posts small blind $1
belik555: posts big blind $3
*** HOLE CARDS ***
dient´s: folds
Uncalled bet ($2) returned to belik555
belik555 collected $2 from pot
belik555: doesn't show hand
*** SUMMARY ***
Total pot $2 | Rake $0
Seat 3: dient´s (button) (small blind) folded before Flop
Seat 4: belik555 (big blind) collected ($2)


PokerStars Hand #171790503629:  Hold'em Limit ($3/$6 USD) - 2017/06/14 22:27:54 ET
Table 'Alinda' 6-max Seat #5 is the button
Seat 4: belik555 ($245.90 in chips)
Seat 5: dmonr ($9.46 in chips)
dmonr: posts small blind $1
belik555: posts big blind $3
*** HOLE CARDS ***
dmonr: calls $2
belik555: raises $3 to $6
dmonr: calls $3
*** FLOP *** [Kh 7c Ac]
belik555: bets $3
dmonr: calls $3
*** TURN *** [Kh 7c Ac] [Ad]
belik555: checks
dmonr: bets $0.46 and is all-in
belik555: calls $0.46
*** RIVER *** [Kh 7c Ac Ad] [3c]
*** SHOW DOWN ***
belik555: shows [8s As] (three of a kind, Aces)
dmonr: shows [7d 9h] (two pair, Aces and Sevens)
belik555 collected $18.54 from pot
*** SUMMARY ***
Total pot $18.92 | Rake $0.38
Board [Kh 7c Ac Ad 3c]
Seat 4: belik555 (big blind) showed [8s As] and won ($18.54) with three of a kind, Aces
Seat 5: dmonr (button) (small blind) showed [7d 9h] and lost with two pair, Aces and Sevens


PokerStars Hand #171790522298:  Hold'em Limit ($3/$6 USD) - 2017/06/14 22:28:49 ET
Table 'Alinda' 6-max Seat #4 is the button
Seat 3: dient´s ($123.19 in chips)
Seat 4: belik555 ($254.98 in chips)
belik555: posts small blind $1
dient´s: posts big blind $3
*** HOLE CARDS ***
belik555: raises $3 to $6
dient´s: raises $3 to $9
belik555: calls $3
*** FLOP *** [8d 3s 5h]
dient´s: bets $3
belik555: calls $3
*** TURN *** [8d 3s 5h] [9d]
dient´s: bets $6
belik555: folds
Uncalled bet ($6) returned to dient´s
dient´s collected $23.52 from pot
*** SUMMARY ***
Total pot $24 | Rake $0.48
Board [8d 3s 5h 9d]
Seat 3: dient´s (big blind) collected ($23.52)
Seat 4: belik555 (button) (small blind) folded on the Turn


PokerStars Hand #171790533998:  Hold'em Limit ($3/$6 USD) - 2017/06/14 22:29:24 ET
Table 'Alinda' 6-max Seat #3 is the button
Seat 3: dient´s ($134.71 in chips)
Seat 4: belik555 ($242.98 in chips)
dient´s: posts small blind $1
belik555: posts big blind $3
*** HOLE CARDS ***
dient´s: raises $3 to $6
belik555: calls $3
*** FLOP *** [Qd 3s 2h]
belik555: checks
dient´s: checks
*** TURN *** [Qd 3s 2h] [5h]
belik555: bets $6
dient´s: calls $6
*** RIVER *** [Qd 3s 2h 5h] [Ad]
belik555: bets $6
dient´s: calls $6
*** SHOW DOWN ***
belik555: shows [5s 2d] (two pair, Fives and Deuces)
dient´s: mucks hand
belik555 collected $35.50 from pot
*** SUMMARY ***
Total pot $36 | Rake $0.50
Board [Qd 3s 2h 5h Ad]
Seat 3: dient´s (button) (small blind) mucked
Seat 4: belik555 (big blind) showed [5s 2d] and won ($35.50) with two pair, Fives and Deuces


PokerStars Hand #171790545800:  Hold'em Limit ($3/$6 USD) - 2017/06/14 22:29:59 ET
Table 'Alinda' 6-max Seat #4 is the button
Seat 3: dient´s ($116.71 in chips)
Seat 4: belik555 ($260.48 in chips)
belik555: posts small blind $1
dient´s: posts big blind $3
*** HOLE CARDS ***
belik555: raises $3 to $6
dient´s: raises $3 to $9
belik555: calls $3
*** FLOP *** [5h Ts 3c]
dient´s: bets $3
belik555: calls $3
*** TURN *** [5h Ts 3c] [5c]
dient´s: bets $6
belik555: folds
Uncalled bet ($6) returned to dient´s
dient´s collected $23.52 from pot
*** SUMMARY ***
Total pot $24 | Rake $0.48
Board [5h Ts 3c 5c]
Seat 3: dient´s (big blind) collected ($23.52)
Seat 4: belik555 (button) (small blind) folded on the Turn


PokerStars Hand #171790555660:  Hold'em Limit ($3/$6 USD) - 2017/06/14 22:30:28 ET
Table 'Alinda' 6-max Seat #4 is the button
Seat 3: dient´s ($127.23 in chips)
Seat 4: belik555 ($249.48 in chips)
belik555: posts small blind $1
dient´s: posts big blind $3
*** HOLE CARDS ***
belik555: raises $3 to $6
dient´s: calls $3
*** FLOP *** [6d 4h 8c]
dient´s: checks
belik555: checks
*** TURN *** [6d 4h 8c] [7s]
dient´s: checks
belik555: checks
*** RIVER *** [6d 4h 8c 7s] [Jh]
dient´s: checks
belik555: bets $6
dient´s: calls $6
*** SHOW DOWN ***
belik555: shows [Js Td] (a pair of Jacks)
dient´s: mucks hand
belik555 collected $23.52 from pot
*** SUMMARY ***
Total pot $24 | Rake $0.48
Board [6d 4h 8c 7s Jh]
Seat 3: dient´s (big blind) mucked
Seat 4: belik555 (button) (small blind) showed [Js Td] and won ($23.52) with a pair of Jacks


PokerStars Hand #171790553922:  Hold'em Limit ($3/$6 USD) - 2017/06/14 22:30:23 ET
Table 'Alinda' 6-max Seat #3 is the button
Seat 3: dient´s ($128.23 in chips)
Seat 4: belik555 ($248.48 in chips)
dient´s: posts small blind $1
belik555: posts big blind $3
*** HOLE CARDS ***
dient´s: folds
Uncalled bet ($2) returned to belik555
belik555 collected $2 from pot
belik555: doesn't show hand
*** SUMMARY ***
Total pot $2 | Rake $0
Seat 3: dient´s (button) (small blind) folded before Flop
Seat 4: belik555 (big blind) collected ($2)


PokerStars Hand #171790564869:  Hold'em Limit ($3/$6 USD) - 2017/06/14 22:30:56 ET
Table 'Alinda' 6-max Seat #3 is the button
Seat 3: dient´s ($115.23 in chips)
Seat 4: belik555 ($261 in chips)
dient´s: posts small blind $1
belik555: posts big blind $3
*** HOLE CARDS ***
dient´s: raises $3 to $6
belik555: calls $3
*** FLOP *** [4h Jd 9d]
belik555: checks
dient´s: bets $3
belik555: raises $3 to $6
dient´s: raises $3 to $9
belik555: raises $3 to $12
Betting is capped
dient´s: calls $3
*** TURN *** [4h Jd 9d] [6d]
belik555: checks
dient´s: bets $6
belik555: calls $6
*** RIVER *** [4h Jd 9d 6d] [7h]
belik555: checks
dient´s: checks
*** SHOW DOWN ***
belik555: shows [Jc 2d] (a pair of Jacks)
dient´s: shows [Jh As] (a pair of Jacks - Ace kicker)
dient´s collected $47.50 from pot
*** SUMMARY ***
Total pot $48 | Rake $0.50
Board [4h Jd 9d 6d 7h]
Seat 3: dient´s (button) (small blind) showed [Jh As] and won ($47.50) with a pair of Jacks
Seat 4: belik555 (big blind) showed [Jc 2d] and lost with a pair of Jacks


PokerStars Hand #171790579813:  Hold'em Limit ($3/$6 USD) - 2017/06/14 22:31:41 ET
Table 'Alinda' 6-max Seat #4 is the button
Seat 3: dient´s ($138.73 in chips)
Seat 4: belik555 ($237 in chips)
belik555: posts small blind $1
dient´s: posts big blind $3
*** HOLE CARDS ***
belik555: raises $3 to $6
dient´s: calls $3
*** FLOP *** [Js 6d Qd]
dient´s: checks
belik555: bets $3
dient´s: calls $3
*** TURN *** [Js 6d Qd] [Qs]
dient´s: checks
belik555: checks
*** RIVER *** [Js 6d Qd Qs] [Jd]
dient´s: checks
belik555: bets $6
dient´s: folds
Uncalled bet ($6) returned to belik555
belik555 collected $17.64 from pot
belik555: doesn't show hand
*** SUMMARY ***
Total pot $18 | Rake $0.36
Board [Js 6d Qd Qs Jd]
Seat 3: dient´s (big blind) folded on the River
Seat 4: belik555 (button) (small blind) collected ($17.64)


PokerStars Hand #171790596261:  Hold'em Limit ($3/$6 USD) - 2017/06/14 22:32:31 ET
Table 'Alinda' 6-max Seat #3 is the button
Seat 3: dient´s ($129.73 in chips)
Seat 4: belik555 ($245.64 in chips)
dient´s: posts small blind $1
belik555: posts big blind $3
*** HOLE CARDS ***
dient´s: raises $3 to $6
belik555: raises $3 to $9
dient´s: raises $3 to $12
Betting is capped
belik555: calls $3
*** FLOP *** [4d Qc 6d]
belik555: checks
dient´s: checks
*** TURN *** [4d Qc 6d] [Kd]
belik555: checks
dient´s: checks
*** RIVER *** [4d Qc 6d Kd] [5c]
belik555: checks
dient´s: checks
*** SHOW DOWN ***
belik555: shows [8h Ah] (high card Ace)
dient´s: mucks hand
belik555 collected $23.52 from pot
*** SUMMARY ***
Total pot $24 | Rake $0.48
Board [4d Qc 6d Kd 5c]
Seat 3: dient´s (button) (small blind) mucked
Seat 4: belik555 (big blind) showed [8h Ah] and won ($23.52) with high card Ace


PokerStars Hand #171790615199:  Hold'em Limit ($3/$6 USD) - 2017/06/14 22:33:29 ET
Table 'Alinda' 6-max Seat #3 is the button
Seat 3: dient´s ($102.73 in chips)
Seat 4: belik555 ($271.66 in chips)
dient´s: posts small blind $1
belik555: posts big blind $3
*** HOLE CARDS ***
dient´s: raises $3 to $6
belik555: raises $3 to $9
dient´s: raises $3 to $12
Betting is capped
belik555: calls $3
*** FLOP *** [4h Th 4s]
belik555: checks
dient´s: bets $3
belik555: calls $3
*** TURN *** [4h Th 4s] [5s]
belik555: checks
dient´s: checks
*** RIVER *** [4h Th 4s 5s] [6s]
belik555: checks
dient´s: checks
*** SHOW DOWN ***
belik555: shows [Kc Jc] (a pair of Fours)
dient´s: shows [Ah Kh] (a pair of Fours - Ace kicker)
dient´s collected $29.50 from pot
*** SUMMARY ***
Total pot $30 | Rake $0.50
Board [4h Th 4s 5s 6s]
Seat 3: dient´s (button) (small blind) showed [Ah Kh] and won ($29.50) with a pair of Fours
Seat 4: belik555 (big blind) showed [Kc Jc] and lost with a pair of Fours


PokerStars Hand #171790606185:  Hold'em Limit ($3/$6 USD) - 2017/06/14 22:33:01 ET
Table 'Alinda' 6-max Seat #4 is the button
Seat 3: dient´s ($117.73 in chips)
Seat 4: belik555 ($257.16 in chips)
belik555: posts small blind $1
dient´s: posts big blind $3
*** HOLE CARDS ***
belik555: raises $3 to $6
dient´s: raises $3 to $9
belik555: calls $3
*** FLOP *** [Ah 7h 6s]
dient´s: checks
belik555: checks
*** TURN *** [Ah 7h 6s] [6d]
dient´s: checks
belik555: checks
*** RIVER *** [Ah 7h 6s 6d] [Js]
dient´s: checks
belik555: bets $6
dient´s: calls $6
*** SHOW DOWN ***
belik555: shows [Jd 5h] (two pair, Jacks and Sixes)
dient´s: mucks hand
belik555 collected $29.50 from pot
*** SUMMARY ***
Total pot $30 | Rake $0.50
Board [Ah 7h 6s 6d Js]
Seat 3: dient´s (big blind) mucked
Seat 4: belik555 (button) (small blind) showed [Jd 5h] and won ($29.50) with two pair, Jacks and Sixes


PokerStars Hand #171790625553:  Hold'em Limit ($3/$6 USD) - 2017/06/14 22:34:00 ET
Table 'Alinda' 6-max Seat #3 is the button
Seat 3: dient´s ($114.23 in chips)
Seat 4: belik555 ($259.66 in chips)
dient´s: posts small blind $1
belik555: posts big blind $3
*** HOLE CARDS ***
dient´s: folds
Uncalled bet ($2) returned to belik555
dient´s leaves the table
belik555 collected $2 from pot
belik555: doesn't show hand
*** SUMMARY ***
Total pot $2 | Rake $0
Seat 3: dient´s (button) (small blind) folded before Flop
Seat 4: belik555 (big blind) collected ($2)


PokerStars Hand #171790623450:  Hold'em Limit ($3/$6 USD) - 2017/06/14 22:33:54 ET
Table 'Alinda' 6-max Seat #4 is the button
Seat 3: dient´s ($117.23 in chips)
Seat 4: belik555 ($256.66 in chips)
belik555: posts small blind $1
dient´s: posts big blind $3
*** HOLE CARDS ***
belik555: raises $3 to $6
dient´s: folds
Uncalled bet ($3) returned to belik555
belik555 collected $6 from pot
belik555: doesn't show hand
*** SUMMARY ***
Total pot $6 | Rake $0
Seat 3: dient´s (big blind) folded before Flop
Seat 4: belik555 (button) (small blind) collected ($6)


PokerStars Hand #171790975251:  Hold'em Limit ($3/$6 USD) - 2017/06/14 22:51:48 ET
Table 'Alinda' 6-max Seat #3 is the button
Seat 3: muzixibei ($135.11 in chips)
Seat 4: belik555 ($239.66 in chips)
muzixibei: posts small blind $1
belik555: posts big blind $3
*** HOLE CARDS ***
muzixibei: raises $3 to $6
belik555: raises $3 to $9
muzixibei: calls $3
*** FLOP *** [4c 8d 4h]
belik555: bets $3
muzixibei: calls $3
*** TURN *** [4c 8d 4h] [Js]
belik555: checks
muzixibei: bets $6
belik555: calls $6
*** RIVER *** [4c 8d 4h Js] [8h]
belik555: checks
muzixibei: checks
*** SHOW DOWN ***
belik555: shows [Kh Ad] (two pair, Eights and Fours)
muzixibei: mucks hand
belik555 collected $35.50 from pot
*** SUMMARY ***
Total pot $36 | Rake $0.50
Board [4c 8d 4h Js 8h]
Seat 3: muzixibei (button) (small blind) mucked
Seat 4: belik555 (big blind) showed [Kh Ad] and won ($35.50) with two pair, Eights and Fours


PokerStars Hand #171791005709:  Hold'em Limit ($3/$6 USD) - 2017/06/14 22:53:26 ET
Table 'Alinda' 6-max Seat #3 is the button
Seat 3: muzixibei ($96.11 in chips)
Seat 4: belik555 ($277.66 in chips)
muzixibei: posts small blind $1
belik555: posts big blind $3
*** HOLE CARDS ***
muzixibei: folds
Uncalled bet ($2) returned to belik555
belik555 collected $2 from pot
belik555: doesn't show hand
*** SUMMARY ***
Total pot $2 | Rake $0
Seat 3: muzixibei (button) (small blind) folded before Flop
Seat 4: belik555 (big blind) collected ($2)


PokerStars Hand #171790987902:  Hold'em Limit ($3/$6 USD) - 2017/06/14 22:52:28 ET
Table 'Alinda' 6-max Seat #4 is the button
Seat 3: muzixibei ($117.11 in chips)
Seat 4: belik555 ($257.16 in chips)
belik555: posts small blind $1
muzixibei: posts big blind $3
*** HOLE CARDS ***
belik555: raises $3 to $6
muzixibei: raises $3 to $9
belik555: calls $3
*** FLOP *** [Qc 7d Jd]
muzixibei: bets $3
belik555: raises $3 to $6
muzixibei: calls $3
*** TURN *** [Qc 7d Jd] [4s]
muzixibei: checks
belik555: bets $6
muzixibei: calls $6
*** RIVER *** [Qc 7d Jd 4s] [7c]
muzixibei: checks
belik555: bets $6
muzixibei: folds
Uncalled bet ($6) returned to belik555
belik555 collected $41.50 from pot
belik555: doesn't show hand
*** SUMMARY ***
Total pot $42 | Rake $0.50
Board [Qc 7d Jd 4s 7c]
Seat 3: muzixibei (big blind) folded on the River
Seat 4: belik555 (button) (small blind) collected ($41.50)


PokerStars Hand #171791008029:  Hold'em Limit ($3/$6 USD) - 2017/06/14 22:53:33 ET
Table 'Alinda' 6-max Seat #4 is the button
Seat 3: muzixibei ($95.11 in chips)
Seat 4: belik555 ($278.66 in chips)
belik555: posts small blind $1
muzixibei: posts big blind $3
*** HOLE CARDS ***
belik555: raises $3 to $6
muzixibei: calls $3
*** FLOP *** [Ad 7d As]
muzixibei: checks
belik555: bets $3
muzixibei: raises $3 to $6
belik555: folds
Uncalled bet ($3) returned to muzixibei
muzixibei collected $17.64 from pot
muzixibei: doesn't show hand
*** SUMMARY ***
Total pot $18 | Rake $0.36
Board [Ad 7d As]
Seat 3: muzixibei (big blind) collected ($17.64)
Seat 4: belik555 (button) (small blind) folded on the Flop


PokerStars Hand #171791013711:  Hold'em Limit ($3/$6 USD) - 2017/06/14 22:53:52 ET
Table 'Alinda' 6-max Seat #3 is the button
Seat 3: muzixibei ($103.75 in chips)
Seat 4: belik555 ($269.66 in chips)
muzixibei: posts small blind $1
belik555: posts big blind $3
*** HOLE CARDS ***
muzixibei: raises $3 to $6
belik555: calls $3
*** FLOP *** [Qc 6h Tc]
belik555: checks
muzixibei: bets $3
belik555: folds
Uncalled bet ($3) returned to muzixibei
muzixibei collected $11.76 from pot
muzixibei: doesn't show hand
*** SUMMARY ***
Total pot $12 | Rake $0.24
Board [Qc 6h Tc]
Seat 3: muzixibei (button) (small blind) collected ($11.76)
Seat 4: belik555 (big blind) folded on the Flop


PokerStars Hand #171791038020:  Hold'em Limit ($3/$6 USD) - 2017/06/14 22:55:11 ET
Table 'Alinda' 6-max Seat #4 is the button
Seat 3: muzixibei ($135.01 in chips)
Seat 4: belik555 ($237.66 in chips)
belik555: posts small blind $1
muzixibei: posts big blind $3
*** HOLE CARDS ***
belik555: raises $3 to $6
muzixibei: calls $3
*** FLOP *** [Jd 9h 5d]
muzixibei: checks
belik555: bets $3
muzixibei: calls $3
*** TURN *** [Jd 9h 5d] [7c]
muzixibei: checks
belik555: checks
*** RIVER *** [Jd 9h 5d 7c] [2s]
muzixibei: bets $6
belik555: folds
Uncalled bet ($6) returned to muzixibei
muzixibei collected $17.64 from pot
muzixibei: doesn't show hand
*** SUMMARY ***
Total pot $18 | Rake $0.36
Board [Jd 9h 5d 7c 2s]
Seat 3: muzixibei (big blind) collected ($17.64)
Seat 4: belik555 (button) (small blind) folded on the River


PokerStars Hand #171791035133:  Hold'em Limit ($3/$6 USD) - 2017/06/14 22:55:01 ET
Table 'Alinda' 6-max Seat #3 is the button
Seat 3: muzixibei ($136.01 in chips)
Seat 4: belik555 ($236.66 in chips)
muzixibei: posts small blind $1
belik555: posts big blind $3
*** HOLE CARDS ***
muzixibei: folds
Uncalled bet ($2) returned to belik555
belik555 collected $2 from pot
belik555: doesn't show hand
*** SUMMARY ***
Total pot $2 | Rake $0
Seat 3: muzixibei (button) (small blind) folded before Flop
Seat 4: belik555 (big blind) collected ($2)


PokerStars Hand #171791019088:  Hold'em Limit ($3/$6 USD) - 2017/06/14 22:54:09 ET
Table 'Alinda' 6-max Seat #4 is the button
Seat 3: muzixibei ($109.51 in chips)
Seat 4: belik555 ($263.66 in chips)
belik555: posts small blind $1
muzixibei: posts big blind $3
*** HOLE CARDS ***
belik555: raises $3 to $6
muzixibei: calls $3
*** FLOP *** [6c 2s 5s]
muzixibei: checks
belik555: bets $3
muzixibei: calls $3
*** TURN *** [6c 2s 5s] [5h]
muzixibei: checks
belik555: bets $6
muzixibei: raises $6 to $12
belik555: calls $6
*** RIVER *** [6c 2s 5s 5h] [Qs]
muzixibei: bets $6
belik555: calls $6
*** SHOW DOWN ***
muzixibei: shows [Js 5c] (three of a kind, Fives)
belik555: mucks hand
muzixibei collected $53.50 from pot
*** SUMMARY ***
Total pot $54 | Rake $0.50
Board [6c 2s 5s 5h Qs]
Seat 3: muzixibei (big blind) showed [Js 5c] and won ($53.50) with three of a kind, Fives
Seat 4: belik555 (button) (small blind) mucked


PokerStars Hand #171791057444:  Hold'em Limit ($3/$6 USD) - 2017/06/14 22:56:23 ET
Table 'Alinda' 6-max Seat #4 is the button
Seat 3: muzixibei ($152.29 in chips)
Seat 4: belik555 ($219.66 in chips)
belik555: posts small blind $1
muzixibei: posts big blind $3
*** HOLE CARDS ***
belik555: raises $3 to $6
muzixibei: folds
Uncalled bet ($3) returned to belik555
belik555 collected $6 from pot
belik555: doesn't show hand
*** SUMMARY ***
Total pot $6 | Rake $0
Seat 3: muzixibei (big blind) folded before Flop
Seat 4: belik555 (button) (small blind) collected ($6)


PokerStars Hand #171791044556:  Hold'em Limit ($3/$6 USD) - 2017/06/14 22:55:35 ET
Table 'Alinda' 6-max Seat #3 is the button
Seat 3: muzixibei ($143.65 in chips)
Seat 4: belik555 ($228.66 in chips)
muzixibei: posts small blind $1
belik555: posts big blind $3
*** HOLE CARDS ***
muzixibei: raises $3 to $6
belik555: calls $3
*** FLOP *** [Js 5d Ts]
belik555: checks
muzixibei: bets $3
belik555: calls $3
*** TURN *** [Js 5d Ts] [3h]
belik555: checks
muzixibei: checks
*** RIVER *** [Js 5d Ts 3h] [2d]
belik555: checks
muzixibei: bets $6
belik555: folds
Uncalled bet ($6) returned to muzixibei
muzixibei collected $17.64 from pot
muzixibei: doesn't show hand
*** SUMMARY ***
Total pot $18 | Rake $0.36
Board [Js 5d Ts 3h 2d]
Seat 3: muzixibei (button) (small blind) collected ($17.64)
Seat 4: belik555 (big blind) folded on the River


PokerStars Hand #171791060049:  Hold'em Limit ($3/$6 USD) - 2017/06/14 22:56:32 ET
Table 'Alinda' 6-max Seat #3 is the button
Seat 3: muzixibei ($149.29 in chips)
Seat 4: belik555 ($222.66 in chips)
muzixibei: posts small blind $1
belik555: posts big blind $3
*** HOLE CARDS ***
ZOGI joins the table at seat #5
muzixibei: raises $3 to $6
belik555: calls $3
*** FLOP *** [Js 6d Kc]
belik555: checks
muzixibei: bets $3
belik555: folds
Uncalled bet ($3) returned to muzixibei
muzixibei collected $11.76 from pot
muzixibei: doesn't show hand
*** SUMMARY ***
Total pot $12 | Rake $0.24
Board [Js 6d Kc]
Seat 3: muzixibei (button) (small blind) collected ($11.76)
Seat 4: belik555 (big blind) folded on the Flop


PokerStars Hand #171791115994:  Hold'em Limit ($3/$6 USD) - 2017/06/14 23:00:00 ET
Table 'Alinda' 6-max Seat #5 is the button
Seat 2: sugarnom13 ($111.61 in chips)
Seat 5: ZOGI ($562.37 in chips)
ZOGI: posts small blind $1
sugarnom13: posts big blind $3
*** HOLE CARDS ***
ZOGI: folds
Uncalled bet ($2) returned to sugarnom13
belik555 leaves the table
sugarnom13 collected $2 from pot
sugarnom13: doesn't show hand
*** SUMMARY ***
Total pot $2 | Rake $0
Seat 2: sugarnom13 (big blind) collected ($2)
Seat 5: ZOGI (button) (small blind) folded before Flop


PokerStars Hand #171791108308:  Hold'em Limit ($3/$6 USD) - 2017/06/14 22:59:31 ET
Table 'Alinda' 6-max Seat #2 is the button
Seat 2: sugarnom13 ($126.61 in chips)
Seat 5: ZOGI ($547.87 in chips)
sugarnom13: posts small blind $1
belik555: is sitting out
ZOGI: posts big blind $3
*** HOLE CARDS ***
sugarnom13: calls $2
ZOGI: raises $3 to $6
sugarnom13: calls $3
*** FLOP *** [6c 3c Qs]
ZOGI: checks
sugarnom13: bets $3
ZOGI: calls $3
*** TURN *** [6c 3c Qs] [Qh]
ZOGI: checks
sugarnom13: bets $6
ZOGI: calls $6
*** RIVER *** [6c 3c Qs Qh] [Qc]
ZOGI: checks
sugarnom13: checks
*** SHOW DOWN ***
ZOGI: shows [Ts Th] (a full house, Queens full of Tens)
sugarnom13: mucks hand
ZOGI collected $29.50 from pot
*** SUMMARY ***
Total pot $30 | Rake $0.50
Board [6c 3c Qs Qh Qc]
Seat 2: sugarnom13 (button) (small blind) mucked
Seat 5: ZOGI (big blind) showed [Ts Th] and won ($29.50) with a full house, Queens full of Tens


PokerStars Hand #171793033817:  Hold'em Limit ($3/$6 USD) - 2017/06/15 0:54:40 ET
Table 'Alinda' 6-max Seat #3 is the button
Seat 3: fugu82 ($120 in chips)
Seat 4: MTails ($120 in chips)
fugu82: posts small blind $1
MTails: posts big blind $3
*** HOLE CARDS ***
fugu82: raises $3 to $6
MTails: calls $3
*** FLOP *** [3s 2h Kh]
MTails: checks
fugu82: bets $3
MTails: calls $3
*** TURN *** [3s 2h Kh] [As]
MTails: checks
fugu82: bets $6
MTails: folds
Uncalled bet ($6) returned to fugu82
fugu82 collected $17.64 from pot
*** SUMMARY ***
Total pot $18 | Rake $0.36
Board [3s 2h Kh As]
Seat 3: fugu82 (button) (small blind) collected ($17.64)
Seat 4: MTails (big blind) folded on the Turn


PokerStars Hand #171793038402:  Hold'em Limit ($3/$6 USD) - 2017/06/15 0:54:59 ET
Table 'Alinda' 6-max Seat #4 is the button
Seat 3: fugu82 ($128.64 in chips)
Seat 4: MTails ($111 in chips)
MTails: posts small blind $1
fugu82: posts big blind $3
*** HOLE CARDS ***
MTails: raises $3 to $6
fugu82: calls $3
*** FLOP *** [5c 6c 8c]
fugu82: checks
MTails: bets $3
fugu82: calls $3
*** TURN *** [5c 6c 8c] [Qs]
fugu82: checks
MTails: checks
*** RIVER *** [5c 6c 8c Qs] [8s]
fugu82: bets $6
MTails: calls $6
*** SHOW DOWN ***
fugu82: shows [9s Js] (a pair of Eights)
MTails: shows [Kd 7d] (a pair of Eights - King kicker)
MTails collected $29.50 from pot
*** SUMMARY ***
Total pot $30 | Rake $0.50
Board [5c 6c 8c Qs 8s]
Seat 3: fugu82 (big blind) showed [9s Js] and lost with a pair of Eights
Seat 4: MTails (button) (small blind) showed [Kd 7d] and won ($29.50) with a pair of Eights


PokerStars Hand #171793044554:  Hold'em Limit ($3/$6 USD) - 2017/06/15 0:55:25 ET
Table 'Alinda' 6-max Seat #3 is the button
Seat 3: fugu82 ($113.64 in chips)
Seat 4: MTails ($125.50 in chips)
fugu82: posts small blind $1
MTails: posts big blind $3
*** HOLE CARDS ***
fugu82: raises $3 to $6
MTails: calls $3
*** FLOP *** [3d Kd 4d]
MTails: checks
fugu82: bets $3
MTails: raises $3 to $6
fugu82: calls $3
*** TURN *** [3d Kd 4d] [8h]
MTails: bets $6
fugu82: raises $6 to $12
MTails: calls $6
*** RIVER *** [3d Kd 4d 8h] [6d]
MTails: bets $6
fugu82: folds
Uncalled bet ($6) returned to MTails
MTails collected $47.50 from pot
*** SUMMARY ***
Total pot $48 | Rake $0.50
Board [3d Kd 4d 8h 6d]
Seat 3: fugu82 (button) (small blind) folded on the River
Seat 4: MTails (big blind) collected ($47.50)


