PokerStars Hand #170140209658:  Hold'em Limit ($3/$6 USD) - 2017/05/08 15:10:12 ET
Table 'Alinda II' 10-max Seat #6 is the button
Seat 5: simper11 ($120 in chips)
Seat 6: aploshik ($121 in chips)
aploshik: posts small blind $1
simper11: posts big blind $3
*** HOLE CARDS ***
aploshik: calls $2
simper11: checks
*** FLOP *** [3s Qh 9c]
simper11: checks
aploshik: bets $3
simper11: calls $3
*** TURN *** [3s Qh 9c] [5c]
simper11: checks
aploshik: bets $6
simper11: calls $6
*** RIVER *** [3s Qh 9c 5c] [2h]
simper11: checks
aploshik: checks
*** SHOW DOWN ***
simper11: shows [Ad 5d] (a pair of Fives)
aploshik: mucks hand
simper11 collected $23.52 from pot
*** SUMMARY ***
Total pot $24 | Rake $0.48
Board [3s Qh 9c 5c 2h]
Seat 5: simper11 (big blind) showed [Ad 5d] and won ($23.52) with a pair of Fives
Seat 6: aploshik (button) (small blind) mucked


PokerStars Hand #170140231339:  Hold'em Limit ($3/$6 USD) - 2017/05/08 15:10:35 ET
Table 'Alinda II' 10-max Seat #5 is the button
Seat 5: simper11 ($131.52 in chips)
Seat 6: aploshik ($109 in chips)
simper11: posts small blind $1
aploshik: posts big blind $3
*** HOLE CARDS ***
simper11: raises $3 to $6
aploshik: calls $3
*** FLOP *** [9c 4d 5d]
aploshik: checks
simper11: bets $3
aploshik: calls $3
*** TURN *** [9c 4d 5d] [6c]
aploshik: checks
simper11: checks
*** RIVER *** [9c 4d 5d 6c] [5c]
aploshik: checks
simper11: checks
*** SHOW DOWN ***
aploshik: shows [2s 2c] (two pair, Fives and Deuces)
simper11: mucks hand
aploshik collected $17.64 from pot
Pete81 joins the table at seat #8
*** SUMMARY ***
Total pot $18 | Rake $0.36
Board [9c 4d 5d 6c 5c]
Seat 5: simper11 (button) (small blind) mucked
Seat 6: aploshik (big blind) showed [2s 2c] and won ($17.64) with two pair, Fives and Deuces


PokerStars Hand #170143082228:  Hold'em Limit ($3/$6 USD) - 2017/05/08 16:02:29 ET
Table 'Alinda II' 10-max Seat #4 is the button
Seat 3: huracan mdp ($165.36 in chips)
Seat 4: SirRomanov ($73 in chips)
SirRomanov: posts small blind $1
huracan mdp: posts big blind $3
*** HOLE CARDS ***
SirRomanov: raises $3 to $6
huracan mdp: calls $3
*** FLOP *** [Ad Qh 8h]
huracan mdp: checks
SirRomanov: bets $3
Great_Kang joins the table at seat #5
huracan mdp: folds
Uncalled bet ($3) returned to SirRomanov
SirRomanov collected $11.76 from pot
SirRomanov: doesn't show hand
*** SUMMARY ***
Total pot $12 | Rake $0.24
Board [Ad Qh 8h]
Seat 3: huracan mdp (big blind) folded on the Flop
Seat 4: SirRomanov (button) (small blind) collected ($11.76)


PokerStars Hand #170143048778:  Hold'em Limit ($3/$6 USD) - 2017/05/08 16:01:51 ET
Table 'Alinda II' 10-max Seat #4 is the button
Seat 3: huracan mdp ($165.36 in chips)
Seat 4: SirRomanov ($73 in chips)
SirRomanov: posts small blind $1
huracan mdp: posts big blind $3
*** HOLE CARDS ***
SirRomanov: folds
Uncalled bet ($2) returned to huracan mdp
huracan mdp collected $2 from pot
huracan mdp: doesn't show hand
*** SUMMARY ***
Total pot $2 | Rake $0
Seat 3: huracan mdp (big blind) collected ($2)
Seat 4: SirRomanov (button) (small blind) folded before Flop


PokerStars Hand #170143062328:  Hold'em Limit ($3/$6 USD) - 2017/05/08 16:02:07 ET
Table 'Alinda II' 10-max Seat #4 is the button
Seat 3: huracan mdp ($165.36 in chips)
Seat 4: SirRomanov ($73 in chips)
SirRomanov: posts small blind $1
huracan mdp: posts big blind $3
*** HOLE CARDS ***
SirRomanov: folds
Uncalled bet ($2) returned to huracan mdp
huracan mdp collected $2 from pot
huracan mdp: doesn't show hand
*** SUMMARY ***
Total pot $2 | Rake $0
Seat 3: huracan mdp (big blind) collected ($2)
Seat 4: SirRomanov (button) (small blind) folded before Flop


PokerStars Hand #170143054264:  Hold'em Limit ($3/$6 USD) - 2017/05/08 16:01:58 ET
Table 'Alinda II' 10-max Seat #3 is the button
Seat 3: huracan mdp ($166.36 in chips)
Seat 4: SirRomanov ($72 in chips)
huracan mdp: posts small blind $1
SirRomanov: posts big blind $3
*** HOLE CARDS ***
huracan mdp: folds
Uncalled bet ($2) returned to SirRomanov
SirRomanov collected $2 from pot
SirRomanov: doesn't show hand
*** SUMMARY ***
Total pot $2 | Rake $0
Seat 3: huracan mdp (button) (small blind) folded before Flop
Seat 4: SirRomanov (big blind) collected ($2)


PokerStars Hand #170143076774:  Hold'em Limit ($3/$6 USD) - 2017/05/08 16:02:23 ET
Table 'Alinda II' 10-max Seat #3 is the button
Seat 3: huracan mdp ($166.36 in chips)
Seat 4: SirRomanov ($72 in chips)
huracan mdp: posts small blind $1
SirRomanov: posts big blind $3
*** HOLE CARDS ***
huracan mdp: folds
Uncalled bet ($2) returned to SirRomanov
SirRomanov collected $2 from pot
SirRomanov: doesn't show hand
*** SUMMARY ***
Total pot $2 | Rake $0
Seat 3: huracan mdp (button) (small blind) folded before Flop
Seat 4: SirRomanov (big blind) collected ($2)


PokerStars Hand #170143072258:  Hold'em Limit ($3/$6 USD) - 2017/05/08 16:02:18 ET
Table 'Alinda II' 10-max Seat #4 is the button
Seat 3: huracan mdp ($165.36 in chips)
Seat 4: SirRomanov ($73 in chips)
SirRomanov: posts small blind $1
huracan mdp: posts big blind $3
*** HOLE CARDS ***
SirRomanov: folds
Uncalled bet ($2) returned to huracan mdp
huracan mdp collected $2 from pot
huracan mdp: doesn't show hand
*** SUMMARY ***
Total pot $2 | Rake $0
Seat 3: huracan mdp (big blind) collected ($2)
Seat 4: SirRomanov (button) (small blind) folded before Flop


PokerStars Hand #170143066071:  Hold'em Limit ($3/$6 USD) - 2017/05/08 16:02:11 ET
Table 'Alinda II' 10-max Seat #3 is the button
Seat 3: huracan mdp ($166.36 in chips)
Seat 4: SirRomanov ($72 in chips)
huracan mdp: posts small blind $1
SirRomanov: posts big blind $3
*** HOLE CARDS ***
huracan mdp: folds
Uncalled bet ($2) returned to SirRomanov
SirRomanov collected $2 from pot
SirRomanov: doesn't show hand
*** SUMMARY ***
Total pot $2 | Rake $0
Seat 3: huracan mdp (button) (small blind) folded before Flop
Seat 4: SirRomanov (big blind) collected ($2)


PokerStars Hand #170143094810:  Hold'em Limit ($3/$6 USD) - 2017/05/08 16:02:42 ET
Table 'Alinda II' 10-max Seat #3 is the button
Seat 3: huracan mdp ($159.36 in chips)
Seat 4: SirRomanov ($78.76 in chips)
huracan mdp: posts small blind $1
SirRomanov: posts big blind $3
*** HOLE CARDS ***
huracan mdp: raises $3 to $6
SirRomanov: calls $3
*** FLOP *** [Qd 6c 3s]
SirRomanov: checks
huracan mdp: bets $3
SirRomanov: raises $3 to $6
huracan mdp: raises $3 to $9
SirRomanov: calls $3
*** TURN *** [Qd 6c 3s] [5d]
SirRomanov: checks
huracan mdp: bets $6
SirRomanov: calls $6
*** RIVER *** [Qd 6c 3s 5d] [8s]
SirRomanov: checks
huracan mdp: checks
*** SHOW DOWN ***
SirRomanov: shows [4h Qh] (a pair of Queens)
huracan mdp: mucks hand
SirRomanov collected $41.50 from pot
*** SUMMARY ***
Total pot $42 | Rake $0.50
Board [Qd 6c 3s 5d 8s]
Seat 3: huracan mdp (button) (small blind) mucked
Seat 4: SirRomanov (big blind) showed [4h Qh] and won ($41.50) with a pair of Queens


PokerStars Hand #170147659264:  Hold'em Limit ($3/$6 USD) - 2017/05/08 17:26:59 ET
Table 'Alinda II' 10-max Seat #3 is the button
Seat 3: huracan mdp ($318.54 in chips)
Seat 8: feluniu ($81.50 in chips)
huracan mdp: posts small blind $1
feluniu: posts big blind $3
*** HOLE CARDS ***
huracan mdp: folds
Uncalled bet ($2) returned to feluniu
feluniu collected $2 from pot
feluniu: doesn't show hand
huracan mdp leaves the table
*** SUMMARY ***
Total pot $2 | Rake $0
Seat 3: huracan mdp (button) (small blind) folded before Flop
Seat 8: feluniu (big blind) collected ($2)


PokerStars Hand #170147638093:  Hold'em Limit ($3/$6 USD) - 2017/05/08 17:26:35 ET
Table 'Alinda II' 10-max Seat #8 is the button
Seat 3: huracan mdp ($339.54 in chips)
Seat 8: feluniu ($61 in chips)
feluniu: posts small blind $1
Sleeper007: is sitting out
huracan mdp: posts big blind $3
*** HOLE CARDS ***
Sleeper007 leaves the table
feluniu: raises $3 to $6
huracan mdp: calls $3
*** FLOP *** [4s 3s Ah]
huracan mdp: bets $3
feluniu: calls $3
*** TURN *** [4s 3s Ah] [7c]
huracan mdp: bets $6
feluniu: raises $6 to $12
huracan mdp: calls $6
*** RIVER *** [4s 3s Ah 7c] [3d]
huracan mdp: checks
feluniu: checks
*** SHOW DOWN ***
huracan mdp: shows [Qs 7h] (two pair, Sevens and Threes)
feluniu: shows [Ad 9c] (two pair, Aces and Threes)
feluniu collected $41.50 from pot
*** SUMMARY ***
Total pot $42 | Rake $0.50
Board [4s 3s Ah 7c 3d]
Seat 3: huracan mdp (big blind) showed [Qs 7h] and lost with two pair, Sevens and Threes
Seat 8: feluniu (button) (small blind) showed [Ad 9c] and won ($41.50) with two pair, Aces and Threes


