PokerStars Hand #163950553106:  Hold'em Limit ($3/$6 USD) - 2017/01/03 0:11:25 ET
Table 'Alioth' 6-max Seat #6 is the button
Seat 1: LifeisagameX ($84 in chips)
Seat 6: sda.80.16 ($139.50 in chips)
sda.80.16: posts small blind $1
LifeisagameX: posts big blind $3
*** HOLE CARDS ***
sda.80.16: raises $3 to $6
LifeisagameX: calls $3
*** FLOP *** [Td 3s Ad]
LifeisagameX: checks
sda.80.16: bets $3
LifeisagameX: raises $3 to $6
sda.80.16: calls $3
*** TURN *** [Td 3s Ad] [7h]
LifeisagameX: bets $6
sda.80.16: calls $6
*** RIVER *** [Td 3s Ad 7h] [Tc]
LifeisagameX: checks
sda.80.16: bets $6
LifeisagameX: folds
Uncalled bet ($6) returned to sda.80.16
sda.80.16 collected $35.50 from pot
sda.80.16: doesn't show hand
*** SUMMARY ***
Total pot $36 | Rake $0.50
Board [Td 3s Ad 7h Tc]
Seat 1: LifeisagameX (big blind) folded on the River
Seat 6: sda.80.16 (button) (small blind) collected ($35.50)


PokerStars Hand #163950564093:  Hold'em Limit ($3/$6 USD) - 2017/01/03 0:12:05 ET
Table 'Alioth' 6-max Seat #1 is the button
Seat 1: LifeisagameX ($84 in chips)
Seat 6: sda.80.16 ($157 in chips)
LifeisagameX: posts small blind $1
sda.80.16: posts big blind $3
*** HOLE CARDS ***
LifeisagameX: raises $3 to $6
sda.80.16: calls $3
*** FLOP *** [5h Jh 3d]
sda.80.16: checks
LifeisagameX: bets $3
sda.80.16: calls $3
*** TURN *** [5h Jh 3d] [5s]
sda.80.16: checks
LifeisagameX: bets $6
sda.80.16: folds
Uncalled bet ($6) returned to LifeisagameX
LifeisagameX collected $17.64 from pot
LifeisagameX: doesn't show hand
*** SUMMARY ***
Total pot $18 | Rake $0.36
Board [5h Jh 3d 5s]
Seat 1: LifeisagameX (button) (small blind) collected ($17.64)
Seat 6: sda.80.16 (big blind) folded on the Turn


PokerStars Hand #163950574108:  Hold'em Limit ($3/$6 USD) - 2017/01/03 0:12:42 ET
Table 'Alioth' 6-max Seat #6 is the button
Seat 1: LifeisagameX ($92.64 in chips)
Seat 6: sda.80.16 ($148 in chips)
sda.80.16: posts small blind $1
LifeisagameX: posts big blind $3
*** HOLE CARDS ***
sda.80.16: raises $3 to $6
LifeisagameX: calls $3
*** FLOP *** [Kh 4s 6s]
LifeisagameX: checks
sda.80.16: checks
*** TURN *** [Kh 4s 6s] [Ah]
LifeisagameX: checks
sda.80.16: checks
*** RIVER *** [Kh 4s 6s Ah] [2c]
LifeisagameX: checks
sda.80.16: bets $6
LifeisagameX: folds
Uncalled bet ($6) returned to sda.80.16
sda.80.16 collected $11.76 from pot
sda.80.16: doesn't show hand
*** SUMMARY ***
Total pot $12 | Rake $0.24
Board [Kh 4s 6s Ah 2c]
Seat 1: LifeisagameX (big blind) folded on the River
Seat 6: sda.80.16 (button) (small blind) collected ($11.76)


PokerStars Hand #163950601622:  Hold'em Limit ($3/$6 USD) - 2017/01/03 0:14:21 ET
Table 'Alioth' 6-max Seat #6 is the button
Seat 1: LifeisagameX ($84 in chips)
Seat 6: sda.80.16 ($174.26 in chips)
sda.80.16: posts small blind $1
LifeisagameX: posts big blind $3
*** HOLE CARDS ***
sda.80.16: folds
Uncalled bet ($2) returned to LifeisagameX
LifeisagameX collected $2 from pot
LifeisagameX: doesn't show hand
*** SUMMARY ***
Total pot $2 | Rake $0
Seat 1: LifeisagameX (big blind) collected ($2)
Seat 6: sda.80.16 (button) (small blind) folded before Flop


PokerStars Hand #163950587369:  Hold'em Limit ($3/$6 USD) - 2017/01/03 0:13:30 ET
Table 'Alioth' 6-max Seat #1 is the button
Seat 1: LifeisagameX ($86.64 in chips)
Seat 6: sda.80.16 ($153.76 in chips)
LifeisagameX: posts small blind $1
sda.80.16: posts big blind $3
*** HOLE CARDS ***
LifeisagameX: raises $3 to $6
sda.80.16: calls $3
*** FLOP *** [2d Ks 4d]
sda.80.16: checks
LifeisagameX: bets $3
sda.80.16: calls $3
*** TURN *** [2d Ks 4d] [Ts]
sda.80.16: checks
LifeisagameX: bets $6
sda.80.16: calls $6
*** RIVER *** [2d Ks 4d Ts] [Ah]
sda.80.16: checks
LifeisagameX: bets $6
sda.80.16: raises $6 to $12
LifeisagameX: folds
Uncalled bet ($6) returned to sda.80.16
sda.80.16 collected $41.50 from pot
sda.80.16: doesn't show hand
*** SUMMARY ***
Total pot $42 | Rake $0.50
Board [2d Ks 4d Ts Ah]
Seat 1: LifeisagameX (button) (small blind) folded on the River
Seat 6: sda.80.16 (big blind) collected ($41.50)


PokerStars Hand #163950603337:  Hold'em Limit ($3/$6 USD) - 2017/01/03 0:14:28 ET
Table 'Alioth' 6-max Seat #1 is the button
Seat 1: LifeisagameX ($85 in chips)
Seat 6: sda.80.16 ($173.26 in chips)
LifeisagameX: posts small blind $1
sda.80.16: posts big blind $3
*** HOLE CARDS ***
LifeisagameX: raises $3 to $6
sda.80.16: calls $3
*** FLOP *** [Jd 2s 2d]
sda.80.16: checks
LifeisagameX: checks
*** TURN *** [Jd 2s 2d] [Jh]
sda.80.16: bets $6
LifeisagameX: calls $6
*** RIVER *** [Jd 2s 2d Jh] [5s]
sda.80.16: bets $6
LifeisagameX: calls $6
*** SHOW DOWN ***
sda.80.16: shows [3s Ad] (two pair, Jacks and Deuces)
LifeisagameX: shows [Qs 5d] (two pair, Jacks and Fives)
LifeisagameX collected $35.50 from pot
*** SUMMARY ***
Total pot $36 | Rake $0.50
Board [Jd 2s 2d Jh 5s]
Seat 1: LifeisagameX (button) (small blind) showed [Qs 5d] and won ($35.50) with two pair, Jacks and Fives
Seat 6: sda.80.16 (big blind) showed [3s Ad] and lost with two pair, Jacks and Deuces


PokerStars Hand #163950615565:  Hold'em Limit ($3/$6 USD) - 2017/01/03 0:15:12 ET
Table 'Alioth' 6-max Seat #6 is the button
Seat 1: LifeisagameX ($102.50 in chips)
Seat 6: sda.80.16 ($155.26 in chips)
sda.80.16: posts small blind $1
LifeisagameX: posts big blind $3
*** HOLE CARDS ***
sda.80.16: raises $3 to $6
LifeisagameX: calls $3
*** FLOP *** [6d 8s 9s]
LifeisagameX: checks
sda.80.16: bets $3
LifeisagameX: calls $3
*** TURN *** [6d 8s 9s] [4d]
LifeisagameX: checks
sda.80.16: checks
*** RIVER *** [6d 8s 9s 4d] [3s]
LifeisagameX: checks
sda.80.16: checks
*** SHOW DOWN ***
LifeisagameX: shows [5s Kh] (high card King)
sda.80.16: shows [Ad Js] (high card Ace)
sda.80.16 collected $17.64 from pot
*** SUMMARY ***
Total pot $18 | Rake $0.36
Board [6d 8s 9s 4d 3s]
Seat 1: LifeisagameX (big blind) showed [5s Kh] and lost with high card King
Seat 6: sda.80.16 (button) (small blind) showed [Ad Js] and won ($17.64) with high card Ace


PokerStars Hand #163950626364:  Hold'em Limit ($3/$6 USD) - 2017/01/03 0:15:51 ET
Table 'Alioth' 6-max Seat #1 is the button
Seat 1: LifeisagameX ($93.50 in chips)
Seat 6: sda.80.16 ($163.90 in chips)
LifeisagameX: posts small blind $1
sda.80.16: posts big blind $3
*** HOLE CARDS ***
LifeisagameX: raises $3 to $6
sda.80.16: calls $3
*** FLOP *** [6d Td 6s]
sda.80.16: checks
LifeisagameX: bets $3
sda.80.16: folds
Uncalled bet ($3) returned to LifeisagameX
LifeisagameX collected $11.76 from pot
LifeisagameX: doesn't show hand
*** SUMMARY ***
Total pot $12 | Rake $0.24
Board [6d Td 6s]
Seat 1: LifeisagameX (button) (small blind) collected ($11.76)
Seat 6: sda.80.16 (big blind) folded on the Flop


PokerStars Hand #163950631547:  Hold'em Limit ($3/$6 USD) - 2017/01/03 0:16:10 ET
Table 'Alioth' 6-max Seat #6 is the button
Seat 1: LifeisagameX ($99.26 in chips)
Seat 6: sda.80.16 ($157.90 in chips)
sda.80.16: posts small blind $1
LifeisagameX: posts big blind $3
*** HOLE CARDS ***
sda.80.16: raises $3 to $6
LifeisagameX: calls $3
*** FLOP *** [Jd Jh 8d]
LifeisagameX: checks
sda.80.16: checks
*** TURN *** [Jd Jh 8d] [Qc]
LifeisagameX: checks
sda.80.16: checks
*** RIVER *** [Jd Jh 8d Qc] [6c]
LifeisagameX: bets $6
sda.80.16: folds
Uncalled bet ($6) returned to LifeisagameX
LifeisagameX collected $11.76 from pot
LifeisagameX: doesn't show hand
*** SUMMARY ***
Total pot $12 | Rake $0.24
Board [Jd Jh 8d Qc 6c]
Seat 1: LifeisagameX (big blind) collected ($11.76)
Seat 6: sda.80.16 (button) (small blind) folded on the River


PokerStars Hand #163950643635:  Hold'em Limit ($3/$6 USD) - 2017/01/03 0:16:54 ET
Table 'Alioth' 6-max Seat #1 is the button
Seat 1: LifeisagameX ($105.02 in chips)
Seat 6: sda.80.16 ($151.90 in chips)
LifeisagameX: posts small blind $1
sda.80.16: posts big blind $3
*** HOLE CARDS ***
LifeisagameX: raises $3 to $6
sda.80.16: calls $3
*** FLOP *** [3s 7s 2s]
sda.80.16: checks
LifeisagameX: bets $3
sda.80.16: calls $3
*** TURN *** [3s 7s 2s] [Kh]
sda.80.16: checks
LifeisagameX: checks
*** RIVER *** [3s 7s 2s Kh] [As]
sda.80.16: bets $6
LifeisagameX: raises $6 to $12
sda.80.16: calls $6
*** SHOW DOWN ***
LifeisagameX: shows [Js 2c] (a flush, Ace high)
sda.80.16: mucks hand
LifeisagameX collected $41.50 from pot
*** SUMMARY ***
Total pot $42 | Rake $0.50
Board [3s 7s 2s Kh As]
Seat 1: LifeisagameX (button) (small blind) showed [Js 2c] and won ($41.50) with a flush, Ace high
Seat 6: sda.80.16 (big blind) mucked


PokerStars Hand #163950652157:  Hold'em Limit ($3/$6 USD) - 2017/01/03 0:17:25 ET
Table 'Alioth' 6-max Seat #6 is the button
Seat 1: LifeisagameX ($125.52 in chips)
Seat 6: sda.80.16 ($130.90 in chips)
sda.80.16: posts small blind $1
LifeisagameX: posts big blind $3
*** HOLE CARDS ***
sda.80.16: raises $3 to $6
LifeisagameX: raises $3 to $9
sda.80.16: calls $3
*** FLOP *** [Kh Js 6h]
LifeisagameX: bets $3
sda.80.16: folds
Uncalled bet ($3) returned to LifeisagameX
LifeisagameX collected $17.64 from pot
LifeisagameX: doesn't show hand
*** SUMMARY ***
Total pot $18 | Rake $0.36
Board [Kh Js 6h]
Seat 1: LifeisagameX (big blind) collected ($17.64)
Seat 6: sda.80.16 (button) (small blind) folded on the Flop


PokerStars Hand #163950655229:  Hold'em Limit ($3/$6 USD) - 2017/01/03 0:17:36 ET
Table 'Alioth' 6-max Seat #1 is the button
Seat 1: LifeisagameX ($134.16 in chips)
Seat 6: sda.80.16 ($121.90 in chips)
LifeisagameX: posts small blind $1
sda.80.16: posts big blind $3
*** HOLE CARDS ***
LifeisagameX: raises $3 to $6
sda.80.16: calls $3
*** FLOP *** [6h Qd 7h]
sda.80.16: checks
LifeisagameX: bets $3
sda.80.16: calls $3
*** TURN *** [6h Qd 7h] [4c]
sda.80.16: checks
LifeisagameX: bets $6
sda.80.16: calls $6
*** RIVER *** [6h Qd 7h 4c] [4s]
sda.80.16: checks
LifeisagameX: bets $6
sda.80.16: calls $6
*** SHOW DOWN ***
LifeisagameX: shows [Qc As] (two pair, Queens and Fours)
sda.80.16: mucks hand
LifeisagameX collected $41.50 from pot
*** SUMMARY ***
Total pot $42 | Rake $0.50
Board [6h Qd 7h 4c 4s]
Seat 1: LifeisagameX (button) (small blind) showed [Qc As] and won ($41.50) with two pair, Queens and Fours
Seat 6: sda.80.16 (big blind) mucked


PokerStars Hand #163950663548:  Hold'em Limit ($3/$6 USD) - 2017/01/03 0:18:06 ET
Table 'Alioth' 6-max Seat #6 is the button
Seat 1: LifeisagameX ($154.66 in chips)
Seat 6: sda.80.16 ($100.90 in chips)
sda.80.16: posts small blind $1
LifeisagameX: posts big blind $3
*** HOLE CARDS ***
sda.80.16: raises $3 to $6
LifeisagameX: raises $3 to $9
sda.80.16: calls $3
*** FLOP *** [Tc Qd Jd]
LifeisagameX: bets $3
sda.80.16: raises $3 to $6
LifeisagameX: calls $3
*** TURN *** [Tc Qd Jd] [8d]
LifeisagameX: checks
sda.80.16: bets $6
LifeisagameX: calls $6
*** RIVER *** [Tc Qd Jd 8d] [5s]
LifeisagameX: checks
sda.80.16: bets $6
LifeisagameX: calls $6
*** SHOW DOWN ***
sda.80.16: shows [8c 9h] (a straight, Eight to Queen)
LifeisagameX: mucks hand
sda.80.16 collected $53.50 from pot
*** SUMMARY ***
Total pot $54 | Rake $0.50
Board [Tc Qd Jd 8d 5s]
Seat 1: LifeisagameX (big blind) mucked
Seat 6: sda.80.16 (button) (small blind) showed [8c 9h] and won ($53.50) with a straight, Eight to Queen


PokerStars Hand #163950675057:  Hold'em Limit ($3/$6 USD) - 2017/01/03 0:18:48 ET
Table 'Alioth' 6-max Seat #1 is the button
Seat 1: LifeisagameX ($127.66 in chips)
Seat 6: sda.80.16 ($127.40 in chips)
LifeisagameX: posts small blind $1
sda.80.16: posts big blind $3
*** HOLE CARDS ***
LifeisagameX: raises $3 to $6
sda.80.16: raises $3 to $9
LifeisagameX: calls $3
*** FLOP *** [6c Qc Kd]
sda.80.16: bets $3
LifeisagameX: calls $3
*** TURN *** [6c Qc Kd] [2h]
sda.80.16: bets $6
LifeisagameX: folds
Uncalled bet ($6) returned to sda.80.16
sda.80.16 collected $23.52 from pot
sda.80.16: doesn't show hand
*** SUMMARY ***
Total pot $24 | Rake $0.48
Board [6c Qc Kd 2h]
Seat 1: LifeisagameX (button) (small blind) folded on the Turn
Seat 6: sda.80.16 (big blind) collected ($23.52)


PokerStars Hand #163950693691:  Hold'em Limit ($3/$6 USD) - 2017/01/03 0:19:55 ET
Table 'Alioth' 6-max Seat #1 is the button
Seat 1: LifeisagameX ($127.18 in chips)
Seat 6: sda.80.16 ($126.92 in chips)
LifeisagameX: posts small blind $1
sda.80.16: posts big blind $3
*** HOLE CARDS ***
LifeisagameX: raises $3 to $6
sda.80.16: folds
Uncalled bet ($3) returned to LifeisagameX
LifeisagameX collected $6 from pot
LifeisagameX: doesn't show hand
*** SUMMARY ***
Total pot $6 | Rake $0
Seat 1: LifeisagameX (button) (small blind) collected ($6)
Seat 6: sda.80.16 (big blind) folded before Flop


PokerStars Hand #163950682930:  Hold'em Limit ($3/$6 USD) - 2017/01/03 0:19:16 ET
Table 'Alioth' 6-max Seat #6 is the button
Seat 1: LifeisagameX ($115.66 in chips)
Seat 6: sda.80.16 ($138.92 in chips)
sda.80.16: posts small blind $1
LifeisagameX: posts big blind $3
*** HOLE CARDS ***
sda.80.16: raises $3 to $6
LifeisagameX: calls $3
*** FLOP *** [7h 9s Js]
LifeisagameX: checks
sda.80.16: checks
*** TURN *** [7h 9s Js] [Qc]
LifeisagameX: checks
sda.80.16: checks
*** RIVER *** [7h 9s Js Qc] [Kd]
LifeisagameX: checks
sda.80.16: bets $6
LifeisagameX: calls $6
*** SHOW DOWN ***
sda.80.16: shows [3h 8h] (high card King)
LifeisagameX: shows [7s Ac] (a pair of Sevens)
LifeisagameX collected $23.52 from pot
*** SUMMARY ***
Total pot $24 | Rake $0.48
Board [7h 9s Js Qc Kd]
Seat 1: LifeisagameX (big blind) showed [7s Ac] and won ($23.52) with a pair of Sevens
Seat 6: sda.80.16 (button) (small blind) showed [3h 8h] and lost with high card King


PokerStars Hand #163950717249:  Hold'em Limit ($3/$6 USD) - 2017/01/03 0:21:20 ET
Table 'Alioth' 6-max Seat #6 is the button
Seat 1: LifeisagameX ($174.44 in chips)
Seat 6: sda.80.16 ($78.92 in chips)
sda.80.16: posts small blind $1
LifeisagameX: posts big blind $3
*** HOLE CARDS ***
sda.80.16: raises $3 to $6
LifeisagameX: calls $3
*** FLOP *** [8c 5d 6h]
LifeisagameX: checks
sda.80.16: checks
*** TURN *** [8c 5d 6h] [9c]
LifeisagameX: checks
sda.80.16: bets $6
LifeisagameX: folds
Uncalled bet ($6) returned to sda.80.16
sda.80.16 collected $11.76 from pot
sda.80.16: doesn't show hand
*** SUMMARY ***
Total pot $12 | Rake $0.24
Board [8c 5d 6h 9c]
Seat 1: LifeisagameX (big blind) folded on the Turn
Seat 6: sda.80.16 (button) (small blind) collected ($11.76)


PokerStars Hand #163950711128:  Hold'em Limit ($3/$6 USD) - 2017/01/03 0:20:58 ET
Table 'Alioth' 6-max Seat #1 is the button
Seat 1: LifeisagameX ($168.68 in chips)
Seat 6: sda.80.16 ($84.92 in chips)
LifeisagameX: posts small blind $1
sda.80.16: posts big blind $3
*** HOLE CARDS ***
LifeisagameX: raises $3 to $6
sda.80.16: calls $3
*** FLOP *** [3h Jd 3s]
sda.80.16: checks
LifeisagameX: checks
*** TURN *** [3h Jd 3s] [4d]
sda.80.16: checks
LifeisagameX: bets $6
sda.80.16: folds
Uncalled bet ($6) returned to LifeisagameX
LifeisagameX collected $11.76 from pot
LifeisagameX: doesn't show hand
*** SUMMARY ***
Total pot $12 | Rake $0.24
Board [3h Jd 3s 4d]
Seat 1: LifeisagameX (button) (small blind) collected ($11.76)
Seat 6: sda.80.16 (big blind) folded on the Turn


PokerStars Hand #163950695944:  Hold'em Limit ($3/$6 USD) - 2017/01/03 0:20:03 ET
Table 'Alioth' 6-max Seat #6 is the button
Seat 1: LifeisagameX ($130.18 in chips)
Seat 6: sda.80.16 ($123.92 in chips)
sda.80.16: posts small blind $1
LifeisagameX: posts big blind $3
*** HOLE CARDS ***
sda.80.16: raises $3 to $6
LifeisagameX: calls $3
*** FLOP *** [7s 2d 3d]
LifeisagameX: checks
sda.80.16: bets $3
LifeisagameX: raises $3 to $6
sda.80.16: raises $3 to $9
LifeisagameX: calls $3
*** TURN *** [7s 2d 3d] [5c]
LifeisagameX: checks
sda.80.16: bets $6
LifeisagameX: raises $6 to $12
sda.80.16: raises $6 to $18
LifeisagameX: raises $6 to $24
Betting is capped
sda.80.16: calls $6
*** RIVER *** [7s 2d 3d 5c] [Js]
LifeisagameX: bets $6
sda.80.16: folds
Uncalled bet ($6) returned to LifeisagameX
LifeisagameX collected $77.50 from pot
LifeisagameX: doesn't show hand
*** SUMMARY ***
Total pot $78 | Rake $0.50
Board [7s 2d 3d 5c Js]
Seat 1: LifeisagameX (big blind) collected ($77.50)
Seat 6: sda.80.16 (button) (small blind) folded on the River


PokerStars Hand #163950728110:  Hold'em Limit ($3/$6 USD) - 2017/01/03 0:22:00 ET
Table 'Alioth' 6-max Seat #1 is the button
Seat 1: LifeisagameX ($168.44 in chips)
Seat 6: sda.80.16 ($84.68 in chips)
LifeisagameX: posts small blind $1
sda.80.16: posts big blind $3
*** HOLE CARDS ***
LifeisagameX: raises $3 to $6
sda.80.16: raises $3 to $9
LifeisagameX: calls $3
*** FLOP *** [Ad Kc 2d]
sda.80.16: bets $3
LifeisagameX: folds
Uncalled bet ($3) returned to sda.80.16
sda.80.16 collected $17.64 from pot
sda.80.16: doesn't show hand
*** SUMMARY ***
Total pot $18 | Rake $0.36
Board [Ad Kc 2d]
Seat 1: LifeisagameX (button) (small blind) folded on the Flop
Seat 6: sda.80.16 (big blind) collected ($17.64)


PokerStars Hand #163950726532:  Hold'em Limit ($3/$6 USD) - 2017/01/03 0:21:54 ET
Table 'Alioth' 6-max Seat #6 is the button
Seat 1: LifeisagameX ($167.44 in chips)
Seat 6: sda.80.16 ($85.68 in chips)
sda.80.16: posts small blind $1
LifeisagameX: posts big blind $3
*** HOLE CARDS ***
sda.80.16: folds
Uncalled bet ($2) returned to LifeisagameX
LifeisagameX collected $2 from pot
LifeisagameX: doesn't show hand
*** SUMMARY ***
Total pot $2 | Rake $0
Seat 1: LifeisagameX (big blind) collected ($2)
Seat 6: sda.80.16 (button) (small blind) folded before Flop


PokerStars Hand #163950724845:  Hold'em Limit ($3/$6 USD) - 2017/01/03 0:21:48 ET
Table 'Alioth' 6-max Seat #1 is the button
Seat 1: LifeisagameX ($168.44 in chips)
Seat 6: sda.80.16 ($84.68 in chips)
LifeisagameX: posts small blind $1
sda.80.16: posts big blind $3
*** HOLE CARDS ***
LifeisagameX: folds
Uncalled bet ($2) returned to sda.80.16
sda.80.16 collected $2 from pot
sda.80.16: doesn't show hand
*** SUMMARY ***
Total pot $2 | Rake $0
Seat 1: LifeisagameX (button) (small blind) folded before Flop
Seat 6: sda.80.16 (big blind) collected ($2)


PokerStars Hand #163950733327:  Hold'em Limit ($3/$6 USD) - 2017/01/03 0:22:20 ET
Table 'Alioth' 6-max Seat #6 is the button
Seat 1: LifeisagameX ($159.44 in chips)
Seat 6: sda.80.16 ($93.32 in chips)
sda.80.16: posts small blind $1
LifeisagameX: posts big blind $3
*** HOLE CARDS ***
sda.80.16: folds
Uncalled bet ($2) returned to LifeisagameX
LifeisagameX collected $2 from pot
LifeisagameX: doesn't show hand
*** SUMMARY ***
Total pot $2 | Rake $0
Seat 1: LifeisagameX (big blind) collected ($2)
Seat 6: sda.80.16 (button) (small blind) folded before Flop


PokerStars Hand #163950742286:  Hold'em Limit ($3/$6 USD) - 2017/01/03 0:22:53 ET
Table 'Alioth' 6-max Seat #6 is the button
Seat 1: LifeisagameX ($166.20 in chips)
Seat 6: sda.80.16 ($86.32 in chips)
sda.80.16: posts small blind $1
LifeisagameX: posts big blind $3
*** HOLE CARDS ***
sda.80.16: raises $3 to $6
LifeisagameX: calls $3
*** FLOP *** [3h Kd Qh]
LifeisagameX: checks
sda.80.16: checks
*** TURN *** [3h Kd Qh] [Th]
LifeisagameX: checks
sda.80.16: bets $6
LifeisagameX: folds
Uncalled bet ($6) returned to sda.80.16
sda.80.16 collected $11.76 from pot
sda.80.16: doesn't show hand
*** SUMMARY ***
Total pot $12 | Rake $0.24
Board [3h Kd Qh Th]
Seat 1: LifeisagameX (big blind) folded on the Turn
Seat 6: sda.80.16 (button) (small blind) collected ($11.76)


PokerStars Hand #163950734855:  Hold'em Limit ($3/$6 USD) - 2017/01/03 0:22:25 ET
Table 'Alioth' 6-max Seat #1 is the button
Seat 1: LifeisagameX ($160.44 in chips)
Seat 6: sda.80.16 ($92.32 in chips)
LifeisagameX: posts small blind $1
sda.80.16: posts big blind $3
*** HOLE CARDS ***
LifeisagameX: raises $3 to $6
sda.80.16: calls $3
*** FLOP *** [5c 5d Jh]
sda.80.16: checks
LifeisagameX: checks
*** TURN *** [5c 5d Jh] [6c]
sda.80.16: checks
LifeisagameX: bets $6
sda.80.16: folds
Uncalled bet ($6) returned to LifeisagameX
LifeisagameX collected $11.76 from pot
LifeisagameX: doesn't show hand
*** SUMMARY ***
Total pot $12 | Rake $0.24
Board [5c 5d Jh 6c]
Seat 1: LifeisagameX (button) (small blind) collected ($11.76)
Seat 6: sda.80.16 (big blind) folded on the Turn


PokerStars Hand #163950762109:  Hold'em Limit ($3/$6 USD) - 2017/01/03 0:24:05 ET
Table 'Alioth' 6-max Seat #6 is the button
Seat 1: LifeisagameX ($145.20 in chips)
Seat 6: sda.80.16 ($106.58 in chips)
sda.80.16: posts small blind $1
LifeisagameX: posts big blind $3
*** HOLE CARDS ***
sda.80.16: raises $3 to $6
LifeisagameX: raises $3 to $9
sda.80.16: calls $3
*** FLOP *** [Qs Tc Th]
LifeisagameX: bets $3
sda.80.16: folds
Uncalled bet ($3) returned to LifeisagameX
LifeisagameX collected $17.64 from pot
*** SUMMARY ***
Total pot $18 | Rake $0.36
Board [Qs Tc Th]
Seat 1: LifeisagameX (big blind) collected ($17.64)
Seat 6: sda.80.16 (button) (small blind) folded on the Flop


PokerStars Hand #163950749033:  Hold'em Limit ($3/$6 USD) - 2017/01/03 0:23:17 ET
Table 'Alioth' 6-max Seat #1 is the button
Seat 1: LifeisagameX ($160.20 in chips)
Seat 6: sda.80.16 ($92.08 in chips)
LifeisagameX: posts small blind $1
sda.80.16: posts big blind $3
*** HOLE CARDS ***
LifeisagameX: raises $3 to $6
sda.80.16: calls $3
*** FLOP *** [Tc As 7d]
sda.80.16: checks
LifeisagameX: bets $3
sda.80.16: calls $3
*** TURN *** [Tc As 7d] [Kd]
sda.80.16: checks
LifeisagameX: bets $6
sda.80.16: calls $6
*** RIVER *** [Tc As 7d Kd] [4d]
sda.80.16: checks
LifeisagameX: checks
*** SHOW DOWN ***
sda.80.16: shows [6h Th] (a pair of Tens)
LifeisagameX: mucks hand
sda.80.16 collected $29.50 from pot
*** SUMMARY ***
Total pot $30 | Rake $0.50
Board [Tc As 7d Kd 4d]
Seat 1: LifeisagameX (button) (small blind) mucked
Seat 6: sda.80.16 (big blind) showed [6h Th] and won ($29.50) with a pair of Tens


PokerStars Hand #163950767976:  Hold'em Limit ($3/$6 USD) - 2017/01/03 0:24:26 ET
Table 'Alioth' 6-max Seat #1 is the button
Seat 1: LifeisagameX ($153.84 in chips)
Seat 6: sda.80.16 ($97.58 in chips)
LifeisagameX: posts small blind $1
sda.80.16: posts big blind $3
*** HOLE CARDS ***
LifeisagameX: raises $3 to $6
sda.80.16: raises $3 to $9
LifeisagameX: calls $3
*** FLOP *** [Ks 3h 6s]
sda.80.16: bets $3
LifeisagameX: calls $3
*** TURN *** [Ks 3h 6s] [6h]
sda.80.16: bets $6
LifeisagameX: calls $6
*** RIVER *** [Ks 3h 6s 6h] [Jh]
sda.80.16: bets $6
LifeisagameX: calls $6
*** SHOW DOWN ***
sda.80.16: shows [2c 2h] (two pair, Sixes and Deuces)
LifeisagameX: mucks hand
sda.80.16 collected $47.50 from pot
*** SUMMARY ***
Total pot $48 | Rake $0.50
Board [Ks 3h 6s 6h Jh]
Seat 1: LifeisagameX (button) (small blind) mucked
Seat 6: sda.80.16 (big blind) showed [2c 2h] and won ($47.50) with two pair, Sixes and Deuces


PokerStars Hand #163950801478:  Hold'em Limit ($3/$6 USD) - 2017/01/03 0:26:30 ET
Table 'Alioth' 6-max Seat #1 is the button
Seat 1: LifeisagameX ($135.60 in chips)
Seat 6: sda.80.16 ($115.08 in chips)
LifeisagameX: posts small blind $1
sda.80.16: posts big blind $3
*** HOLE CARDS ***
LifeisagameX: folds
Uncalled bet ($2) returned to sda.80.16
sda.80.16 collected $2 from pot
sda.80.16: doesn't show hand
*** SUMMARY ***
Total pot $2 | Rake $0
Seat 1: LifeisagameX (button) (small blind) folded before Flop
Seat 6: sda.80.16 (big blind) collected ($2)


PokerStars Hand #163950787404:  Hold'em Limit ($3/$6 USD) - 2017/01/03 0:25:38 ET
Table 'Alioth' 6-max Seat #6 is the button
Seat 1: LifeisagameX ($129.84 in chips)
Seat 6: sda.80.16 ($121.08 in chips)
sda.80.16: posts small blind $1
LifeisagameX: posts big blind $3
*** HOLE CARDS ***
sda.80.16: raises $3 to $6
LifeisagameX: calls $3
*** FLOP *** [As Td Kh]
LifeisagameX: checks
sda.80.16: checks
*** TURN *** [As Td Kh] [4s]
LifeisagameX: bets $6
sda.80.16: folds
Uncalled bet ($6) returned to LifeisagameX
LifeisagameX collected $11.76 from pot
LifeisagameX: doesn't show hand
*** SUMMARY ***
Total pot $12 | Rake $0.24
Board [As Td Kh 4s]
Seat 1: LifeisagameX (big blind) collected ($11.76)
Seat 6: sda.80.16 (button) (small blind) folded on the Turn


PokerStars Hand #163950805851:  Hold'em Limit ($3/$6 USD) - 2017/01/03 0:26:46 ET
Table 'Alioth' 6-max Seat #6 is the button
Seat 1: LifeisagameX ($134.60 in chips)
Seat 6: sda.80.16 ($116.08 in chips)
sda.80.16: posts small blind $1
LifeisagameX: posts big blind $3
*** HOLE CARDS ***
sda.80.16: raises $3 to $6
LifeisagameX: calls $3
*** FLOP *** [Th 9d Ks]
LifeisagameX: checks
sda.80.16: bets $3
LifeisagameX: raises $3 to $6
sda.80.16: calls $3
*** TURN *** [Th 9d Ks] [Ts]
LifeisagameX: bets $6
sda.80.16: calls $6
*** RIVER *** [Th 9d Ks Ts] [8d]
LifeisagameX: bets $6
sda.80.16: calls $6
*** SHOW DOWN ***
LifeisagameX: shows [Qh 5h] (a pair of Tens)
sda.80.16: shows [9h 8s] (two pair, Tens and Nines)
sda.80.16 collected $47.50 from pot
*** SUMMARY ***
Total pot $48 | Rake $0.50
Board [Th 9d Ks Ts 8d]
Seat 1: LifeisagameX (big blind) showed [Qh 5h] and lost with a pair of Tens
Seat 6: sda.80.16 (button) (small blind) showed [9h 8s] and won ($47.50) with two pair, Tens and Nines


PokerStars Hand #163950823261:  Hold'em Limit ($3/$6 USD) - 2017/01/03 0:27:37 ET
Table 'Alioth' 6-max Seat #1 is the button
Seat 1: LifeisagameX ($110.60 in chips)
Seat 6: sda.80.16 ($139.58 in chips)
LifeisagameX: posts small blind $1
sda.80.16: posts big blind $3
*** HOLE CARDS ***
LifeisagameX: raises $3 to $6
sda.80.16: calls $3
*** FLOP *** [Ah Tc Jh]
sda.80.16: checks
LifeisagameX: checks
*** TURN *** [Ah Tc Jh] [Qs]
sda.80.16: bets $6
LifeisagameX: calls $6
*** RIVER *** [Ah Tc Jh Qs] [Kc]
sda.80.16: bets $6
LifeisagameX: calls $6
*** SHOW DOWN ***
sda.80.16: shows [7s 9h] (a straight, Ten to Ace)
LifeisagameX: shows [5d Qc] (a straight, Ten to Ace)
sda.80.16 collected $17.75 from pot
LifeisagameX collected $17.75 from pot
*** SUMMARY ***
Total pot $36 | Rake $0.50
Board [Ah Tc Jh Qs Kc]
Seat 1: LifeisagameX (button) (small blind) showed [5d Qc] and won ($17.75) with a straight, Ten to Ace
Seat 6: sda.80.16 (big blind) showed [7s 9h] and won ($17.75) with a straight, Ten to Ace


PokerStars Hand #163950851913:  Hold'em Limit ($3/$6 USD) - 2017/01/03 0:29:24 ET
Table 'Alioth' 6-max Seat #6 is the button
Seat 1: LifeisagameX ($124.75 in chips)
Seat 6: sda.80.16 ($124.33 in chips)
sda.80.16: posts small blind $1
LifeisagameX: posts big blind $3
*** HOLE CARDS ***
sda.80.16: folds
Uncalled bet ($2) returned to LifeisagameX
LifeisagameX collected $2 from pot
LifeisagameX: doesn't show hand
*** SUMMARY ***
Total pot $2 | Rake $0
Seat 1: LifeisagameX (big blind) collected ($2)
Seat 6: sda.80.16 (button) (small blind) folded before Flop


PokerStars Hand #163950844921:  Hold'em Limit ($3/$6 USD) - 2017/01/03 0:28:58 ET
Table 'Alioth' 6-max Seat #1 is the button
Seat 1: LifeisagameX ($118.99 in chips)
Seat 6: sda.80.16 ($130.33 in chips)
LifeisagameX: posts small blind $1
sda.80.16: posts big blind $3
*** HOLE CARDS ***
LifeisagameX: raises $3 to $6
sda.80.16: calls $3
*** FLOP *** [Ts 3h 4s]
sda.80.16: checks
LifeisagameX: bets $3
sda.80.16: folds
Uncalled bet ($3) returned to LifeisagameX
LifeisagameX collected $11.76 from pot
LifeisagameX: doesn't show hand
*** SUMMARY ***
Total pot $12 | Rake $0.24
Board [Ts 3h 4s]
Seat 1: LifeisagameX (button) (small blind) collected ($11.76)
Seat 6: sda.80.16 (big blind) folded on the Flop


PokerStars Hand #163950833543:  Hold'em Limit ($3/$6 USD) - 2017/01/03 0:28:15 ET
Table 'Alioth' 6-max Seat #6 is the button
Seat 1: LifeisagameX ($110.35 in chips)
Seat 6: sda.80.16 ($139.33 in chips)
sda.80.16: posts small blind $1
LifeisagameX: posts big blind $3
*** HOLE CARDS ***
sda.80.16: raises $3 to $6
LifeisagameX: raises $3 to $9
sda.80.16: calls $3
*** FLOP *** [2s As 7c]
LifeisagameX: checks
sda.80.16: checks
*** TURN *** [2s As 7c] [3h]
LifeisagameX: checks
sda.80.16: checks
*** RIVER *** [2s As 7c 3h] [Js]
LifeisagameX: checks
sda.80.16: checks
*** SHOW DOWN ***
LifeisagameX: shows [9h Ks] (high card Ace)
sda.80.16: mucks hand
LifeisagameX collected $17.64 from pot
*** SUMMARY ***
Total pot $18 | Rake $0.36
Board [2s As 7c 3h Js]
Seat 1: LifeisagameX (big blind) showed [9h Ks] and won ($17.64) with high card Ace
Seat 6: sda.80.16 (button) (small blind) mucked


PokerStars Hand #163950853398:  Hold'em Limit ($3/$6 USD) - 2017/01/03 0:29:30 ET
Table 'Alioth' 6-max Seat #1 is the button
Seat 1: LifeisagameX ($125.75 in chips)
Seat 6: sda.80.16 ($123.33 in chips)
LifeisagameX: posts small blind $1
sda.80.16: posts big blind $3
*** HOLE CARDS ***
LifeisagameX: folds
Uncalled bet ($2) returned to sda.80.16
sda.80.16 collected $2 from pot
sda.80.16: doesn't show hand
*** SUMMARY ***
Total pot $2 | Rake $0
Seat 1: LifeisagameX (button) (small blind) folded before Flop
Seat 6: sda.80.16 (big blind) collected ($2)


PokerStars Hand #163950856083:  Hold'em Limit ($3/$6 USD) - 2017/01/03 0:29:40 ET
Table 'Alioth' 6-max Seat #6 is the button
Seat 1: LifeisagameX ($124.75 in chips)
Seat 6: sda.80.16 ($124.33 in chips)
sda.80.16: posts small blind $1
LifeisagameX: posts big blind $3
*** HOLE CARDS ***
sda.80.16: raises $3 to $6
LifeisagameX: raises $3 to $9
sda.80.16: calls $3
*** FLOP *** [7d 2c 3c]
LifeisagameX: bets $3
sda.80.16: raises $3 to $6
LifeisagameX: calls $3
*** TURN *** [7d 2c 3c] [2s]
LifeisagameX: checks
sda.80.16: bets $6
LifeisagameX: calls $6
*** RIVER *** [7d 2c 3c 2s] [9c]
LifeisagameX: checks
sda.80.16: bets $6
LifeisagameX: calls $6
*** SHOW DOWN ***
sda.80.16: shows [7c Th] (two pair, Sevens and Deuces)
LifeisagameX: mucks hand
sda.80.16 collected $53.50 from pot
*** SUMMARY ***
Total pot $54 | Rake $0.50
Board [7d 2c 3c 2s 9c]
Seat 1: LifeisagameX (big blind) mucked
Seat 6: sda.80.16 (button) (small blind) showed [7c Th] and won ($53.50) with two pair, Sevens and Deuces


PokerStars Hand #163950874433:  Hold'em Limit ($3/$6 USD) - 2017/01/03 0:30:49 ET
Table 'Alioth' 6-max Seat #1 is the button
Seat 1: LifeisagameX ($97.75 in chips)
Seat 6: sda.80.16 ($150.83 in chips)
LifeisagameX: posts small blind $1
sda.80.16: posts big blind $3
*** HOLE CARDS ***
LifeisagameX: raises $3 to $6
sda.80.16: calls $3
*** FLOP *** [4d 8s 5d]
sda.80.16: checks
LifeisagameX: bets $3
sda.80.16: calls $3
*** TURN *** [4d 8s 5d] [5h]
sda.80.16: checks
LifeisagameX: checks
*** RIVER *** [4d 8s 5d 5h] [8d]
sda.80.16: bets $6
LifeisagameX: calls $6
*** SHOW DOWN ***
sda.80.16: shows [Qs 4s] (two pair, Eights and Fives)
LifeisagameX: shows [Ah 7d] (two pair, Eights and Fives - Ace kicker)
LifeisagameX collected $29.50 from pot
*** SUMMARY ***
Total pot $30 | Rake $0.50
Board [4d 8s 5d 5h 8d]
Seat 1: LifeisagameX (button) (small blind) showed [Ah 7d] and won ($29.50) with two pair, Eights and Fives
Seat 6: sda.80.16 (big blind) showed [Qs 4s] and lost with two pair, Eights and Fives


PokerStars Hand #163950900683:  Hold'em Limit ($3/$6 USD) - 2017/01/03 0:32:27 ET
Table 'Alioth' 6-max Seat #1 is the button
Seat 1: LifeisagameX ($103.25 in chips)
Seat 6: sda.80.16 ($144.47 in chips)
LifeisagameX: posts small blind $1
sda.80.16: posts big blind $3
*** HOLE CARDS ***
LifeisagameX: folds
Uncalled bet ($2) returned to sda.80.16
sda.80.16 collected $2 from pot
sda.80.16: doesn't show hand
*** SUMMARY ***
Total pot $2 | Rake $0
Seat 1: LifeisagameX (button) (small blind) folded before Flop
Seat 6: sda.80.16 (big blind) collected ($2)


PokerStars Hand #163950904558:  Hold'em Limit ($3/$6 USD) - 2017/01/03 0:32:41 ET
Table 'Alioth' 6-max Seat #6 is the button
Seat 1: LifeisagameX ($102.25 in chips)
Seat 6: sda.80.16 ($145.47 in chips)
sda.80.16: posts small blind $1
LifeisagameX: posts big blind $3
*** HOLE CARDS ***
sda.80.16: raises $3 to $6
LifeisagameX: calls $3
*** FLOP *** [8s 8d Kd]
LifeisagameX: checks
sda.80.16: bets $3
LifeisagameX: raises $3 to $6
sda.80.16: calls $3
*** TURN *** [8s 8d Kd] [9s]
LifeisagameX: bets $6
sda.80.16: calls $6
*** RIVER *** [8s 8d Kd 9s] [Ac]
LifeisagameX: bets $6
sda.80.16: calls $6
*** SHOW DOWN ***
LifeisagameX: shows [Td 3d] (a pair of Eights)
sda.80.16: shows [Kh 7c] (two pair, Kings and Eights)
sda.80.16 collected $47.50 from pot
*** SUMMARY ***
Total pot $48 | Rake $0.50
Board [8s 8d Kd 9s Ac]
Seat 1: LifeisagameX (big blind) showed [Td 3d] and lost with a pair of Eights
Seat 6: sda.80.16 (button) (small blind) showed [Kh 7c] and won ($47.50) with two pair, Kings and Eights


PokerStars Hand #163950929479:  Hold'em Limit ($3/$6 USD) - 2017/01/03 0:34:15 ET
Table 'Alioth' 6-max Seat #6 is the button
Seat 1: LifeisagameX ($89.76 in chips)
Seat 6: sda.80.16 ($162.97 in chips)
sda.80.16: posts small blind $1
LifeisagameX: posts big blind $3
*** HOLE CARDS ***
sda.80.16: raises $3 to $6
LifeisagameX: raises $3 to $9
sda.80.16: raises $3 to $12
Betting is capped
LifeisagameX: calls $3
*** FLOP *** [As 7s Qs]
VolkovDmitri joins the table at seat #2
LifeisagameX: checks
sda.80.16: checks
*** TURN *** [As 7s Qs] [2h]
LifeisagameX: checks
sda.80.16: bets $6
LifeisagameX: calls $6
*** RIVER *** [As 7s Qs 2h] [3h]
LifeisagameX: bets $6
sda.80.16: folds
Uncalled bet ($6) returned to LifeisagameX
LifeisagameX collected $35.50 from pot
LifeisagameX: doesn't show hand
*** SUMMARY ***
Total pot $36 | Rake $0.50
Board [As 7s Qs 2h 3h]
Seat 1: LifeisagameX (big blind) collected ($35.50)
Seat 6: sda.80.16 (button) (small blind) folded on the River


PokerStars Hand #163950974819:  Hold'em Limit ($3/$6 USD) - 2017/01/03 0:37:07 ET
Table 'Alioth' 6-max Seat #6 is the button
Seat 2: VolkovDmitri ($120 in chips)
Seat 6: sda.80.16 ($140.50 in chips)
sda.80.16: posts small blind $1
VolkovDmitri: posts big blind $3
*** HOLE CARDS ***
sda.80.16: raises $3 to $6
VolkovDmitri: calls $3
*** FLOP *** [4d 7h As]
VolkovDmitri: checks
sda.80.16: bets $3
VolkovDmitri: folds
Uncalled bet ($3) returned to sda.80.16
sda.80.16 collected $11.76 from pot
sda.80.16: doesn't show hand
*** SUMMARY ***
Total pot $12 | Rake $0.24
Board [4d 7h As]
Seat 2: VolkovDmitri (big blind) folded on the Flop
Seat 6: sda.80.16 (button) (small blind) collected ($11.76)


PokerStars Hand #163950985722:  Hold'em Limit ($3/$6 USD) - 2017/01/03 0:37:49 ET
Table 'Alioth' 6-max Seat #6 is the button
Seat 2: VolkovDmitri ($125.76 in chips)
Seat 6: sda.80.16 ($140.26 in chips)
sda.80.16: posts small blind $1
VolkovDmitri: posts big blind $3
*** HOLE CARDS ***
sda.80.16: folds
Uncalled bet ($2) returned to VolkovDmitri
VolkovDmitri collected $2 from pot
VolkovDmitri: doesn't show hand
*** SUMMARY ***
Total pot $2 | Rake $0
Seat 2: VolkovDmitri (big blind) collected ($2)
Seat 6: sda.80.16 (button) (small blind) folded before Flop


PokerStars Hand #163950981231:  Hold'em Limit ($3/$6 USD) - 2017/01/03 0:37:32 ET
Table 'Alioth' 6-max Seat #2 is the button
Seat 2: VolkovDmitri ($120 in chips)
Seat 6: sda.80.16 ($146.26 in chips)
VolkovDmitri: posts small blind $1
sda.80.16: posts big blind $3
*** HOLE CARDS ***
VolkovDmitri: raises $3 to $6
sda.80.16: calls $3
*** FLOP *** [Qh As 3c]
sda.80.16: checks
VolkovDmitri: bets $3
sda.80.16: folds
Uncalled bet ($3) returned to VolkovDmitri
VolkovDmitri collected $11.76 from pot
VolkovDmitri: doesn't show hand
*** SUMMARY ***
Total pot $12 | Rake $0.24
Board [Qh As 3c]
Seat 2: VolkovDmitri (button) (small blind) collected ($11.76)
Seat 6: sda.80.16 (big blind) folded on the Flop


PokerStars Hand #163950967466:  Hold'em Limit ($3/$6 USD) - 2017/01/03 0:36:40 ET
Table 'Alioth' 6-max Seat #2 is the button
Seat 2: VolkovDmitri ($120 in chips)
Seat 6: sda.80.16 ($120 in chips)
VolkovDmitri: posts small blind $1
sda.80.16: posts big blind $3
*** HOLE CARDS ***
VolkovDmitri: raises $3 to $6
sda.80.16: raises $3 to $9
VolkovDmitri: raises $3 to $12
Betting is capped
LifeisagameX leaves the table
sda.80.16: calls $3
*** FLOP *** [Ah Kc 4d]
sda.80.16: checks
VolkovDmitri: bets $3
sda.80.16: calls $3
*** TURN *** [Ah Kc 4d] [Jd]
sda.80.16: checks
VolkovDmitri: checks
*** RIVER *** [Ah Kc 4d Jd] [5c]
sda.80.16: bets $6
VolkovDmitri: calls $6
*** SHOW DOWN ***
sda.80.16: shows [Ts Tc] (a pair of Tens)
VolkovDmitri: mucks hand
sda.80.16 collected $41.50 from pot
*** SUMMARY ***
Total pot $42 | Rake $0.50
Board [Ah Kc 4d Jd 5c]
Seat 2: VolkovDmitri (button) (small blind) mucked
Seat 6: sda.80.16 (big blind) showed [Ts Tc] and won ($41.50) with a pair of Tens


PokerStars Hand #163950987113:  Hold'em Limit ($3/$6 USD) - 2017/01/03 0:37:54 ET
Table 'Alioth' 6-max Seat #2 is the button
Seat 2: VolkovDmitri ($126.76 in chips)
Seat 6: sda.80.16 ($139.26 in chips)
VolkovDmitri: posts small blind $1
sda.80.16: posts big blind $3
*** HOLE CARDS ***
VolkovDmitri: raises $3 to $6
sda.80.16: calls $3
*** FLOP *** [Tc 7d 7c]
sda.80.16: checks
VolkovDmitri: bets $3
sda.80.16: folds
Uncalled bet ($3) returned to VolkovDmitri
VolkovDmitri collected $11.76 from pot
VolkovDmitri: doesn't show hand
*** SUMMARY ***
Total pot $12 | Rake $0.24
Board [Tc 7d 7c]
Seat 2: VolkovDmitri (button) (small blind) collected ($11.76)
Seat 6: sda.80.16 (big blind) folded on the Flop


PokerStars Hand #163950993891:  Hold'em Limit ($3/$6 USD) - 2017/01/03 0:38:20 ET
Table 'Alioth' 6-max Seat #6 is the button
Seat 2: VolkovDmitri ($132.52 in chips)
Seat 6: sda.80.16 ($133.26 in chips)
sda.80.16: posts small blind $1
VolkovDmitri: posts big blind $3
*** HOLE CARDS ***
sda.80.16: raises $3 to $6
VolkovDmitri: calls $3
*** FLOP *** [4s Ad 9c]
VolkovDmitri: checks
sda.80.16: bets $3
VolkovDmitri: calls $3
*** TURN *** [4s Ad 9c] [Th]
VolkovDmitri: checks
sda.80.16: checks
*** RIVER *** [4s Ad 9c Th] [8h]
VolkovDmitri: bets $6
sda.80.16: calls $6
*** SHOW DOWN ***
VolkovDmitri: shows [Qs Js] (a straight, Eight to Queen)
sda.80.16: mucks hand
VolkovDmitri collected $29.50 from pot
*** SUMMARY ***
Total pot $30 | Rake $0.50
Board [4s Ad 9c Th 8h]
Seat 2: VolkovDmitri (big blind) showed [Qs Js] and won ($29.50) with a straight, Eight to Queen
Seat 6: sda.80.16 (button) (small blind) mucked


PokerStars Hand #163951007055:  Hold'em Limit ($3/$6 USD) - 2017/01/03 0:39:09 ET
Table 'Alioth' 6-max Seat #6 is the button
Seat 2: VolkovDmitri ($152.78 in chips)
Seat 6: sda.80.16 ($112.26 in chips)
sda.80.16: posts small blind $1
VolkovDmitri: posts big blind $3
*** HOLE CARDS ***
sda.80.16: folds
Uncalled bet ($2) returned to VolkovDmitri
VolkovDmitri collected $2 from pot
VolkovDmitri: doesn't show hand
*** SUMMARY ***
Total pot $2 | Rake $0
Seat 2: VolkovDmitri (big blind) collected ($2)
Seat 6: sda.80.16 (button) (small blind) folded before Flop


PokerStars Hand #163951003015:  Hold'em Limit ($3/$6 USD) - 2017/01/03 0:38:54 ET
Table 'Alioth' 6-max Seat #2 is the button
Seat 2: VolkovDmitri ($147.02 in chips)
Seat 6: sda.80.16 ($118.26 in chips)
VolkovDmitri: posts small blind $1
sda.80.16: posts big blind $3
*** HOLE CARDS ***
VolkovDmitri: raises $3 to $6
sda.80.16: calls $3
*** FLOP *** [5h Qh Ks]
sda.80.16: checks
VolkovDmitri: bets $3
sda.80.16: folds
Uncalled bet ($3) returned to VolkovDmitri
VolkovDmitri collected $11.76 from pot
VolkovDmitri: doesn't show hand
*** SUMMARY ***
Total pot $12 | Rake $0.24
Board [5h Qh Ks]
Seat 2: VolkovDmitri (button) (small blind) collected ($11.76)
Seat 6: sda.80.16 (big blind) folded on the Flop


PokerStars Hand #163951008278:  Hold'em Limit ($3/$6 USD) - 2017/01/03 0:39:14 ET
Table 'Alioth' 6-max Seat #2 is the button
Seat 2: VolkovDmitri ($153.78 in chips)
Seat 6: sda.80.16 ($111.26 in chips)
VolkovDmitri: posts small blind $1
sda.80.16: posts big blind $3
*** HOLE CARDS ***
VolkovDmitri: raises $3 to $6
sda.80.16: raises $3 to $9
VolkovDmitri: calls $3
*** FLOP *** [3h Jc 2h]
sda.80.16: checks
VolkovDmitri: bets $3
sda.80.16: calls $3
*** TURN *** [3h Jc 2h] [Qs]
sda.80.16: checks
VolkovDmitri: bets $6
sda.80.16: calls $6
*** RIVER *** [3h Jc 2h Qs] [Kc]
sda.80.16: checks
VolkovDmitri: bets $6
sda.80.16: folds
Uncalled bet ($6) returned to VolkovDmitri
VolkovDmitri collected $35.50 from pot
VolkovDmitri: doesn't show hand
*** SUMMARY ***
Total pot $36 | Rake $0.50
Board [3h Jc 2h Qs Kc]
Seat 2: VolkovDmitri (button) (small blind) collected ($35.50)
Seat 6: sda.80.16 (big blind) folded on the River


PokerStars Hand #163951019678:  Hold'em Limit ($3/$6 USD) - 2017/01/03 0:39:58 ET
Table 'Alioth' 6-max Seat #2 is the button
Seat 2: VolkovDmitri ($172.28 in chips)
Seat 6: sda.80.16 ($92.26 in chips)
VolkovDmitri: posts small blind $1
sda.80.16: posts big blind $3
*** HOLE CARDS ***
VolkovDmitri: raises $3 to $6
sda.80.16: calls $3
*** FLOP *** [8s 6d Jc]
sda.80.16: checks
VolkovDmitri: bets $3
sda.80.16: calls $3
*** TURN *** [8s 6d Jc] [5s]
sda.80.16: checks
VolkovDmitri: checks
*** RIVER *** [8s 6d Jc 5s] [8c]
sda.80.16: bets $6
VolkovDmitri: folds
Uncalled bet ($6) returned to sda.80.16
sda.80.16 collected $17.64 from pot
sda.80.16: doesn't show hand
*** SUMMARY ***
Total pot $18 | Rake $0.36
Board [8s 6d Jc 5s 8c]
Seat 2: VolkovDmitri (button) (small blind) folded on the River
Seat 6: sda.80.16 (big blind) collected ($17.64)


PokerStars Hand #163951018380:  Hold'em Limit ($3/$6 USD) - 2017/01/03 0:39:53 ET
Table 'Alioth' 6-max Seat #6 is the button
Seat 2: VolkovDmitri ($171.28 in chips)
Seat 6: sda.80.16 ($93.26 in chips)
sda.80.16: posts small blind $1
VolkovDmitri: posts big blind $3
*** HOLE CARDS ***
sda.80.16: folds
Uncalled bet ($2) returned to VolkovDmitri
VolkovDmitri collected $2 from pot
*** SUMMARY ***
Total pot $2 | Rake $0
Seat 2: VolkovDmitri (big blind) collected ($2)
Seat 6: sda.80.16 (button) (small blind) folded before Flop


PokerStars Hand #163951030067:  Hold'em Limit ($3/$6 USD) - 2017/01/03 0:40:37 ET
Table 'Alioth' 6-max Seat #6 is the button
Seat 2: VolkovDmitri ($163.28 in chips)
Seat 6: sda.80.16 ($100.90 in chips)
sda.80.16: posts small blind $1
VolkovDmitri: posts big blind $3
*** HOLE CARDS ***
sda.80.16: raises $3 to $6
VolkovDmitri: calls $3
*** FLOP *** [Kh 7s 8h]
VolkovDmitri: checks
sda.80.16: bets $3
VolkovDmitri: raises $3 to $6
sda.80.16: calls $3
*** TURN *** [Kh 7s 8h] [Jc]
VolkovDmitri: bets $6
sda.80.16: calls $6
*** RIVER *** [Kh 7s 8h Jc] [Jd]
VolkovDmitri: checks
sda.80.16: checks
*** SHOW DOWN ***
VolkovDmitri: shows [7d Qh] (two pair, Jacks and Sevens)
sda.80.16: shows [6h 7h] (two pair, Jacks and Sevens)
VolkovDmitri collected $17.75 from pot
sda.80.16 collected $17.75 from pot
*** SUMMARY ***
Total pot $36 | Rake $0.50
Board [Kh 7s 8h Jc Jd]
Seat 2: VolkovDmitri (big blind) showed [7d Qh] and won ($17.75) with two pair, Jacks and Sevens
Seat 6: sda.80.16 (button) (small blind) showed [6h 7h] and won ($17.75) with two pair, Jacks and Sevens


PokerStars Hand #163951037357:  Hold'em Limit ($3/$6 USD) - 2017/01/03 0:41:05 ET
Table 'Alioth' 6-max Seat #2 is the button
Seat 2: VolkovDmitri ($163.03 in chips)
Seat 6: sda.80.16 ($100.65 in chips)
VolkovDmitri: posts small blind $1
sda.80.16: posts big blind $3
*** HOLE CARDS ***
VolkovDmitri: raises $3 to $6
sda.80.16: calls $3
*** FLOP *** [Th 5d 7d]
sda.80.16: checks
VolkovDmitri: bets $3
sda.80.16: folds
Uncalled bet ($3) returned to VolkovDmitri
VolkovDmitri collected $11.76 from pot
VolkovDmitri: doesn't show hand
*** SUMMARY ***
Total pot $12 | Rake $0.24
Board [Th 5d 7d]
Seat 2: VolkovDmitri (button) (small blind) collected ($11.76)
Seat 6: sda.80.16 (big blind) folded on the Flop


PokerStars Hand #163951042118:  Hold'em Limit ($3/$6 USD) - 2017/01/03 0:41:23 ET
Table 'Alioth' 6-max Seat #6 is the button
Seat 2: VolkovDmitri ($168.79 in chips)
Seat 6: sda.80.16 ($94.65 in chips)
sda.80.16: posts small blind $1
VolkovDmitri: posts big blind $3
*** HOLE CARDS ***
sda.80.16: folds
Uncalled bet ($2) returned to VolkovDmitri
VolkovDmitri collected $2 from pot
VolkovDmitri: doesn't show hand
*** SUMMARY ***
Total pot $2 | Rake $0
Seat 2: VolkovDmitri (big blind) collected ($2)
Seat 6: sda.80.16 (button) (small blind) folded before Flop


PokerStars Hand #163951043753:  Hold'em Limit ($3/$6 USD) - 2017/01/03 0:41:30 ET
Table 'Alioth' 6-max Seat #2 is the button
Seat 2: VolkovDmitri ($169.79 in chips)
Seat 6: sda.80.16 ($93.65 in chips)
VolkovDmitri: posts small blind $1
sda.80.16: posts big blind $3
*** HOLE CARDS ***
VolkovDmitri: raises $3 to $6
sda.80.16: raises $3 to $9
VolkovDmitri: calls $3
*** FLOP *** [Ac Kc 7d]
sda.80.16: bets $3
VolkovDmitri: calls $3
*** TURN *** [Ac Kc 7d] [3h]
sda.80.16: bets $6
VolkovDmitri: calls $6
*** RIVER *** [Ac Kc 7d 3h] [Ad]
sda.80.16: bets $6
VolkovDmitri: calls $6
*** SHOW DOWN ***
sda.80.16: shows [9d Tc] (a pair of Aces)
VolkovDmitri: shows [4c 4h] (two pair, Aces and Fours)
VolkovDmitri collected $47.50 from pot
*** SUMMARY ***
Total pot $48 | Rake $0.50
Board [Ac Kc 7d 3h Ad]
Seat 2: VolkovDmitri (button) (small blind) showed [4c 4h] and won ($47.50) with two pair, Aces and Fours
Seat 6: sda.80.16 (big blind) showed [9d Tc] and lost with a pair of Aces


PokerStars Hand #163951052911:  Hold'em Limit ($3/$6 USD) - 2017/01/03 0:42:05 ET
Table 'Alioth' 6-max Seat #6 is the button
Seat 2: VolkovDmitri ($193.29 in chips)
Seat 6: sda.80.16 ($69.65 in chips)
sda.80.16: posts small blind $1
VolkovDmitri: posts big blind $3
*** HOLE CARDS ***
sda.80.16: raises $3 to $6
VolkovDmitri: calls $3
*** FLOP *** [4d Ts Jd]
VolkovDmitri: checks
sda.80.16: checks
*** TURN *** [4d Ts Jd] [9s]
VolkovDmitri: checks
sda.80.16: bets $6
VolkovDmitri: folds
Uncalled bet ($6) returned to sda.80.16
sda.80.16 collected $11.76 from pot
sda.80.16: doesn't show hand
*** SUMMARY ***
Total pot $12 | Rake $0.24
Board [4d Ts Jd 9s]
Seat 2: VolkovDmitri (big blind) folded on the Turn
Seat 6: sda.80.16 (button) (small blind) collected ($11.76)


PokerStars Hand #163951065133:  Hold'em Limit ($3/$6 USD) - 2017/01/03 0:42:36 ET
Table 'Alioth' 6-max Seat #2 is the button
Seat 2: VolkovDmitri ($187.29 in chips)
Seat 6: sda.80.16 ($75.41 in chips)
VolkovDmitri: posts small blind $1
sda.80.16: posts big blind $3
*** HOLE CARDS ***
VolkovDmitri: raises $3 to $6
sda.80.16: raises $3 to $9
VolkovDmitri: calls $3
*** FLOP *** [6s 7h 5h]
sda.80.16: checks
VolkovDmitri: bets $3
sda.80.16: calls $3
*** TURN *** [6s 7h 5h] [Jh]
sda.80.16: checks
VolkovDmitri: checks
*** RIVER *** [6s 7h 5h Jh] [3d]
sda.80.16: bets $6
VolkovDmitri: raises $6 to $12
sda.80.16: folds
Uncalled bet ($6) returned to VolkovDmitri
VolkovDmitri collected $35.50 from pot
VolkovDmitri: doesn't show hand
*** SUMMARY ***
Total pot $36 | Rake $0.50
Board [6s 7h 5h Jh 3d]
Seat 2: VolkovDmitri (button) (small blind) collected ($35.50)
Seat 6: sda.80.16 (big blind) folded on the River


PokerStars Hand #163951072865:  Hold'em Limit ($3/$6 USD) - 2017/01/03 0:43:05 ET
Table 'Alioth' 6-max Seat #6 is the button
Seat 2: VolkovDmitri ($204.79 in chips)
Seat 6: sda.80.16 ($57.41 in chips)
sda.80.16: posts small blind $1
VolkovDmitri: posts big blind $3
*** HOLE CARDS ***
sda.80.16: raises $3 to $6
VolkovDmitri: calls $3
*** FLOP *** [6d Kc Qc]
VolkovDmitri: checks
sda.80.16: bets $3
VolkovDmitri: calls $3
*** TURN *** [6d Kc Qc] [Ac]
VolkovDmitri: checks
sda.80.16: bets $6
VolkovDmitri: calls $6
*** RIVER *** [6d Kc Qc Ac] [2c]
VolkovDmitri: bets $6
sda.80.16: calls $6
*** SHOW DOWN ***
VolkovDmitri: shows [4s Jc] (a flush, Ace high)
sda.80.16: mucks hand
VolkovDmitri collected $41.50 from pot
*** SUMMARY ***
Total pot $42 | Rake $0.50
Board [6d Kc Qc Ac 2c]
Seat 2: VolkovDmitri (big blind) showed [4s Jc] and won ($41.50) with a flush, Ace high
Seat 6: sda.80.16 (button) (small blind) mucked


PokerStars Hand #163951079404:  Hold'em Limit ($3/$6 USD) - 2017/01/03 0:43:30 ET
Table 'Alioth' 6-max Seat #2 is the button
Seat 2: VolkovDmitri ($225.29 in chips)
Seat 6: sda.80.16 ($36.41 in chips)
VolkovDmitri: posts small blind $1
sda.80.16: posts big blind $3
*** HOLE CARDS ***
VolkovDmitri: raises $3 to $6
sda.80.16: calls $3
*** FLOP *** [4h 9s Ks]
sda.80.16: checks
VolkovDmitri: bets $3
sda.80.16: folds
Uncalled bet ($3) returned to VolkovDmitri
VolkovDmitri collected $11.76 from pot
VolkovDmitri: doesn't show hand
*** SUMMARY ***
Total pot $12 | Rake $0.24
Board [4h 9s Ks]
Seat 2: VolkovDmitri (button) (small blind) collected ($11.76)
Seat 6: sda.80.16 (big blind) folded on the Flop


PokerStars Hand #163951085113:  Hold'em Limit ($3/$6 USD) - 2017/01/03 0:43:51 ET
Table 'Alioth' 6-max Seat #6 is the button
Seat 2: VolkovDmitri ($231.05 in chips)
Seat 6: sda.80.16 ($30.41 in chips)
sda.80.16: posts small blind $1
VolkovDmitri: posts big blind $3
*** HOLE CARDS ***
sda.80.16: raises $3 to $6
VolkovDmitri: calls $3
*** FLOP *** [Jh As 7h]
VolkovDmitri: checks
sda.80.16: checks
*** TURN *** [Jh As 7h] [Qc]
VolkovDmitri: checks
sda.80.16: checks
*** RIVER *** [Jh As 7h Qc] [3c]
VolkovDmitri: checks
sda.80.16: bets $6
VolkovDmitri: folds
Uncalled bet ($6) returned to sda.80.16
sda.80.16 collected $11.76 from pot
sda.80.16: doesn't show hand
*** SUMMARY ***
Total pot $12 | Rake $0.24
Board [Jh As 7h Qc 3c]
Seat 2: VolkovDmitri (big blind) folded on the River
Seat 6: sda.80.16 (button) (small blind) collected ($11.76)


PokerStars Hand #163951096189:  Hold'em Limit ($3/$6 USD) - 2017/01/03 0:44:34 ET
Table 'Alioth' 6-max Seat #2 is the button
Seat 2: VolkovDmitri ($225.05 in chips)
Seat 6: sda.80.16 ($36.17 in chips)
VolkovDmitri: posts small blind $1
sda.80.16: posts big blind $3
*** HOLE CARDS ***
VolkovDmitri: raises $3 to $6
sda.80.16: raises $3 to $9
VolkovDmitri: calls $3
*** FLOP *** [Jh 3c Ks]
sda.80.16: checks
VolkovDmitri: bets $3
sda.80.16: calls $3
*** TURN *** [Jh 3c Ks] [8c]
sda.80.16: checks
VolkovDmitri: checks
*** RIVER *** [Jh 3c Ks 8c] [5d]
sda.80.16: bets $6
VolkovDmitri: folds
Uncalled bet ($6) returned to sda.80.16
sda.80.16 collected $23.52 from pot
sda.80.16: doesn't show hand
*** SUMMARY ***
Total pot $24 | Rake $0.48
Board [Jh 3c Ks 8c 5d]
Seat 2: VolkovDmitri (button) (small blind) folded on the River
Seat 6: sda.80.16 (big blind) collected ($23.52)


PokerStars Hand #163951106637:  Hold'em Limit ($3/$6 USD) - 2017/01/03 0:45:14 ET
Table 'Alioth' 6-max Seat #6 is the button
Seat 2: VolkovDmitri ($213.05 in chips)
Seat 6: sda.80.16 ($47.69 in chips)
sda.80.16: posts small blind $1
VolkovDmitri: posts big blind $3
*** HOLE CARDS ***
sda.80.16: raises $3 to $6
VolkovDmitri: raises $3 to $9
sda.80.16: calls $3
*** FLOP *** [Kh 2d Qd]
VolkovDmitri: bets $3
sda.80.16: calls $3
*** TURN *** [Kh 2d Qd] [Tc]
VolkovDmitri: bets $6
sda.80.16: calls $6
*** RIVER *** [Kh 2d Qd Tc] [9c]
VolkovDmitri: bets $6
sda.80.16: raises $6 to $12
VolkovDmitri: raises $6 to $18
sda.80.16: calls $6
*** SHOW DOWN ***
VolkovDmitri: shows [Kd Jd] (a straight, Nine to King)
sda.80.16: mucks hand
VolkovDmitri collected $71.50 from pot
*** SUMMARY ***
Total pot $72 | Rake $0.50
Board [Kh 2d Qd Tc 9c]
Seat 2: VolkovDmitri (big blind) showed [Kd Jd] and won ($71.50) with a straight, Nine to King
Seat 6: sda.80.16 (button) (small blind) mucked


PokerStars Hand #163951115867:  Hold'em Limit ($3/$6 USD) - 2017/01/03 0:45:49 ET
Table 'Alioth' 6-max Seat #2 is the button
Seat 2: VolkovDmitri ($248.55 in chips)
Seat 6: sda.80.16 ($11.69 in chips)
VolkovDmitri: posts small blind $1
sda.80.16: posts big blind $3
*** HOLE CARDS ***
VolkovDmitri: raises $3 to $6
sda.80.16: raises $3 to $9
VolkovDmitri: calls $3
*** FLOP *** [Kc 9d Ts]
sda.80.16: bets $2.69 and is all-in
VolkovDmitri: calls $2.69
*** TURN *** [Kc 9d Ts] [Qc]
*** RIVER *** [Kc 9d Ts Qc] [3s]
*** SHOW DOWN ***
sda.80.16: shows [7c 8d] (high card King)
VolkovDmitri: shows [8c Qd] (a pair of Queens)
VolkovDmitri collected $22.91 from pot
*** SUMMARY ***
Total pot $23.38 | Rake $0.47
Board [Kc 9d Ts Qc 3s]
Seat 2: VolkovDmitri (button) (small blind) showed [8c Qd] and won ($22.91) with a pair of Queens
Seat 6: sda.80.16 (big blind) showed [7c 8d] and lost with high card King


