PokerStars Hand #148756459638:  Hold'em Limit ($3/$6 USD) - 2016/02/13 18:03:00 ET
Table 'Alioth' 10-max Seat #1 is the button
Seat 1: Mudager ($145.50 in chips)
Seat 2: hossi399 ($20.96 in chips)
Mudager: posts small blind $1
hossi399: posts big blind $3
*** HOLE CARDS ***
Mudager: raises $3 to $6
hossi399: calls $3
*** FLOP *** [Ts 7s 6s]
hossi399: checks
Mudager: bets $3
hossi399: calls $3
*** TURN *** [Ts 7s 6s] [4d]
hossi399: checks
Mudager: checks
*** RIVER *** [Ts 7s 6s 4d] [9d]
hossi399: checks
Mudager: checks
*** SHOW DOWN ***
hossi399: shows [4s Qc] (a pair of Fours)
Mudager: shows [Qh 6h] (a pair of Sixes)
Mudager collected $17.64 from pot
*** SUMMARY ***
Total pot $18 | Rake $0.36
Board [Ts 7s 6s 4d 9d]
Seat 1: Mudager (button) (small blind) showed [Qh 6h] and won ($17.64) with a pair of Sixes
Seat 2: hossi399 (big blind) showed [4s Qc] and lost with a pair of Fours


PokerStars Hand #148756527502:  Hold'em Limit ($3/$6 USD) - 2016/02/13 18:04:18 ET
Table 'Alioth' 10-max Seat #1 is the button
Seat 1: Mudager ($188.30 in chips)
Seat 3: 40 ft cliff ($34.38 in chips)
MusicalClown will be allowed to play after the button
gazzzzzza will be allowed to play after the button
Mudager: posts small blind $1
40 ft cliff: posts big blind $3
*** HOLE CARDS ***
Mudager: raises $3 to $6
40 ft cliff: folds
Uncalled bet ($3) returned to Mudager
Mudager collected $6 from pot
Mudager: doesn't show hand
*** SUMMARY ***
Total pot $6 | Rake $0
Seat 1: Mudager (button) (small blind) collected ($6)
Seat 3: 40 ft cliff (big blind) folded before Flop


