PokerStars Hand #161909265319:  Hold'em Limit ($3/$6 USD) - 2016/11/24 17:12:41 ET
Table 'Alkalurops' 6-max Seat #1 is the button
Seat 1: assitoni ($73 in chips)
Seat 2: Alexcg399 ($99.17 in chips)
assitoni: posts small blind $1
Alexcg399: posts big blind $3
*** HOLE CARDS ***
assitoni: raises $3 to $6
Alexcg399: raises $3 to $9
assitoni: calls $3
*** FLOP *** [Qc Jh 8c]
Alexcg399: bets $3
assitoni: folds
Uncalled bet ($3) returned to Alexcg399
TinaTurner72 joins the table at seat #3
Alexcg399 collected $17.64 from pot
Alexcg399: doesn't show hand
*** SUMMARY ***
Total pot $18 | Rake $0.36
Board [Qc Jh 8c]
Seat 1: assitoni (button) (small blind) folded on the Flop
Seat 2: Alexcg399 (big blind) collected ($17.64)


PokerStars Hand #161909261024:  Hold'em Limit ($3/$6 USD) - 2016/11/24 17:12:35 ET
Table 'Alkalurops' 6-max Seat #2 is the button
Seat 1: assitoni ($72 in chips)
Seat 2: Alexcg399 ($100.17 in chips)
Alexcg399: posts small blind $1
assitoni: posts big blind $3
*** HOLE CARDS ***
Alexcg399: folds
Uncalled bet ($2) returned to assitoni
assitoni collected $2 from pot
assitoni: doesn't show hand
*** SUMMARY ***
Total pot $2 | Rake $0
Seat 1: assitoni (big blind) collected ($2)
Seat 2: Alexcg399 (button) (small blind) folded before Flop


PokerStars Hand #161909246509:  Hold'em Limit ($3/$6 USD) - 2016/11/24 17:12:19 ET
Table 'Alkalurops' 6-max Seat #1 is the button
Seat 1: assitoni ($72 in chips)
Seat 2: Alexcg399 ($99.17 in chips)
assitoni: posts small blind $1
Alexcg399: posts big blind $3
*** HOLE CARDS ***
assitoni: folds
Uncalled bet ($2) returned to Alexcg399
Alexcg399 collected $2 from pot
Alexcg399: doesn't show hand
*** SUMMARY ***
Total pot $2 | Rake $0
Seat 1: assitoni (button) (small blind) folded before Flop
Seat 2: Alexcg399 (big blind) collected ($2)


PokerStars Hand #161909300968:  Hold'em Limit ($3/$6 USD) - 2016/11/24 17:13:23 ET
Table 'Alkalurops' 6-max Seat #3 is the button
Seat 2: Alexcg399 ($98.81 in chips)
Seat 3: TinaTurner72 ($128.46 in chips)
TinaTurner72: posts small blind $1
assitoni: is sitting out
Alexcg399: posts big blind $3
*** HOLE CARDS ***
GoliafUa joins the table at seat #4
TinaTurner72: raises $3 to $6
Alexcg399: calls $3
*** FLOP *** [Qs 9h 9s]
Alexcg399: checks
TinaTurner72: bets $3
Alexcg399: raises $3 to $6
TinaTurner72: calls $3
*** TURN *** [Qs 9h 9s] [6s]
Alexcg399: bets $6
TinaTurner72: calls $6
*** RIVER *** [Qs 9h 9s 6s] [3d]
assitoni leaves the table
Alexcg399: bets $6
TinaTurner72: calls $6
*** SHOW DOWN ***
Alexcg399: shows [8s Qd] (two pair, Queens and Nines)
TinaTurner72: mucks hand
Alexcg399 collected $47.50 from pot
*** SUMMARY ***
Total pot $48 | Rake $0.50
Board [Qs 9h 9s 6s 3d]
Seat 2: Alexcg399 (big blind) showed [8s Qd] and won ($47.50) with two pair, Queens and Nines
Seat 3: TinaTurner72 (button) (small blind) mucked


PokerStars Hand #161909328324:  Hold'em Limit ($3/$6 USD) - 2016/11/24 17:13:55 ET
Table 'Alkalurops' 6-max Seat #2 is the button
Seat 2: Alexcg399 ($122.31 in chips)
Seat 3: TinaTurner72 ($104.46 in chips)
Alexcg399: posts small blind $1
TinaTurner72: posts big blind $3
*** HOLE CARDS ***
Alexcg399: raises $3 to $6
TinaTurner72: calls $3
*** FLOP *** [7h Jc 3c]
TinaTurner72: checks
Alexcg399: bets $3
TinaTurner72: raises $3 to $6
Alexcg399: calls $3
*** TURN *** [7h Jc 3c] [2d]
TinaTurner72: bets $6
ToDaFelt joins the table at seat #6
Alexcg399: calls $6
*** RIVER *** [7h Jc 3c 2d] [Jh]
TinaTurner72: bets $6
Alexcg399: raises $6 to $12
TinaTurner72: folds
Uncalled bet ($6) returned to Alexcg399
Alexcg399 collected $47.50 from pot
Alexcg399: doesn't show hand
*** SUMMARY ***
Total pot $48 | Rake $0.50
Board [7h Jc 3c 2d Jh]
Seat 2: Alexcg399 (button) (small blind) collected ($47.50)
Seat 3: TinaTurner72 (big blind) folded on the River


PokerStars Hand #161910065307:  Hold'em Limit ($3/$6 USD) - 2016/11/24 17:27:01 ET
Table 'Alkalurops' 6-max Seat #6 is the button
Seat 2: Alexcg399 ($120.25 in chips)
Seat 6: ToDaFelt ($157 in chips)
ToDaFelt: posts small blind $1
Alexcg399: posts big blind $3
*** HOLE CARDS ***
ToDaFelt: folds
Uncalled bet ($2) returned to Alexcg399
Alexcg399 collected $2 from pot
*** SUMMARY ***
Total pot $2 | Rake $0
Seat 2: Alexcg399 (big blind) collected ($2)
Seat 6: ToDaFelt (button) (small blind) folded before Flop


PokerStars Hand #161910080634:  Hold'em Limit ($3/$6 USD) - 2016/11/24 17:27:16 ET
Table 'Alkalurops' 6-max Seat #2 is the button
Seat 2: Alexcg399 ($121.25 in chips)
Seat 6: ToDaFelt ($156 in chips)
Alexcg399: posts small blind $1
ToDaFelt: posts big blind $3
*** HOLE CARDS ***
Alexcg399: raises $3 to $6
ToDaFelt: raises $3 to $9
Alexcg399: calls $3
*** FLOP *** [Ts 8h 7s]
ToDaFelt: bets $3
Alexcg399: raises $3 to $6
ToDaFelt: calls $3
*** TURN *** [Ts 8h 7s] [Qd]
ToDaFelt: checks
Alexcg399: bets $6
ToDaFelt: raises $6 to $12
Alexcg399: calls $6
*** RIVER *** [Ts 8h 7s Qd] [Qc]
ToDaFelt: bets $6
Alexcg399: calls $6
*** SHOW DOWN ***
ToDaFelt: shows [Qs As] (three of a kind, Queens)
Alexcg399: mucks hand
ToDaFelt collected $65.50 from pot
*** SUMMARY ***
Total pot $66 | Rake $0.50
Board [Ts 8h 7s Qd Qc]
Seat 2: Alexcg399 (button) (small blind) mucked
Seat 6: ToDaFelt (big blind) showed [Qs As] and won ($65.50) with three of a kind, Queens


PokerStars Hand #161910116997:  Hold'em Limit ($3/$6 USD) - 2016/11/24 17:27:55 ET
Table 'Alkalurops' 6-max Seat #6 is the button
Seat 2: Alexcg399 ($88.25 in chips)
Seat 6: ToDaFelt ($188.50 in chips)
ToDaFelt: posts small blind $1
Alexcg399: posts big blind $3
*** HOLE CARDS ***
ToDaFelt: raises $3 to $6
Alexcg399: calls $3
*** FLOP *** [Ks Jc Th]
Alexcg399: checks
ToDaFelt: bets $3
Alexcg399: folds
Uncalled bet ($3) returned to ToDaFelt
ToDaFelt collected $11.76 from pot
ToDaFelt: doesn't show hand
*** SUMMARY ***
Total pot $12 | Rake $0.24
Board [Ks Jc Th]
Seat 2: Alexcg399 (big blind) folded on the Flop
Seat 6: ToDaFelt (button) (small blind) collected ($11.76)


PokerStars Hand #161910166067:  Hold'em Limit ($3/$6 USD) - 2016/11/24 17:28:49 ET
Table 'Alkalurops' 6-max Seat #6 is the button
Seat 2: Alexcg399 ($102.75 in chips)
Seat 6: ToDaFelt ($173.26 in chips)
ToDaFelt: posts small blind $1
Alexcg399: posts big blind $3
*** HOLE CARDS ***
ToDaFelt: folds
Uncalled bet ($2) returned to Alexcg399
Alexcg399 collected $2 from pot
Alexcg399: doesn't show hand
*** SUMMARY ***
Total pot $2 | Rake $0
Seat 2: Alexcg399 (big blind) collected ($2)
Seat 6: ToDaFelt (button) (small blind) folded before Flop


PokerStars Hand #161910127147:  Hold'em Limit ($3/$6 USD) - 2016/11/24 17:28:06 ET
Table 'Alkalurops' 6-max Seat #2 is the button
Seat 2: Alexcg399 ($82.25 in chips)
Seat 6: ToDaFelt ($194.26 in chips)
Alexcg399: posts small blind $1
ToDaFelt: posts big blind $3
*** HOLE CARDS ***
Alexcg399: raises $3 to $6
ToDaFelt: calls $3
*** FLOP *** [8c 9c 7c]
ToDaFelt: checks
Alexcg399: bets $3
ToDaFelt: calls $3
*** TURN *** [8c 9c 7c] [2h]
ToDaFelt: checks
Alexcg399: bets $6
ToDaFelt: calls $6
*** RIVER *** [8c 9c 7c 2h] [5d]
ToDaFelt: bets $6
Alexcg399: calls $6
*** SHOW DOWN ***
ToDaFelt: shows [Qd 3c] (high card Queen)
Alexcg399: shows [Th 8h] (a pair of Eights)
Alexcg399 collected $41.50 from pot
*** SUMMARY ***
Total pot $42 | Rake $0.50
Board [8c 9c 7c 2h 5d]
Seat 2: Alexcg399 (button) (small blind) showed [Th 8h] and won ($41.50) with a pair of Eights
Seat 6: ToDaFelt (big blind) showed [Qd 3c] and lost with high card Queen


PokerStars Hand #161910171564:  Hold'em Limit ($3/$6 USD) - 2016/11/24 17:28:56 ET
Table 'Alkalurops' 6-max Seat #2 is the button
Seat 2: Alexcg399 ($103.75 in chips)
Seat 6: ToDaFelt ($172.26 in chips)
Alexcg399: posts small blind $1
ToDaFelt: posts big blind $3
*** HOLE CARDS ***
Alexcg399: raises $3 to $6
gabiruboy joins the table at seat #3
ToDaFelt: calls $3
*** FLOP *** [5d 5c 3s]
ToDaFelt: checks
Alexcg399: bets $3
jvc336 joins the table at seat #1
ToDaFelt: raises $3 to $6
Alexcg399: calls $3
*** TURN *** [5d 5c 3s] [Kd]
ToDaFelt: bets $6
Alexcg399: calls $6
*** RIVER *** [5d 5c 3s Kd] [Qs]
ToDaFelt: bets $6
Alexcg399: calls $6
*** SHOW DOWN ***
ToDaFelt: shows [8c 6s] (a pair of Fives)
Alexcg399: shows [Th Qd] (two pair, Queens and Fives)
Alexcg399 collected $47.50 from pot
*** SUMMARY ***
Total pot $48 | Rake $0.50
Board [5d 5c 3s Kd Qs]
Seat 2: Alexcg399 (button) (small blind) showed [Th Qd] and won ($47.50) with two pair, Queens and Fives
Seat 6: ToDaFelt (big blind) showed [8c 6s] and lost with a pair of Fives


PokerStars Hand #161913540458:  Hold'em Limit ($3/$6 USD) - 2016/11/24 18:43:11 ET
Table 'Alkalurops' 6-max Seat #1 is the button
Seat 1: krytalex ($86.56 in chips)
Seat 6: ToDaFelt ($149.99 in chips)
krytalex: posts small blind $1
fólkaflokkur: is sitting out
ToDaFelt: posts big blind $3
*** HOLE CARDS ***
fólkaflokkur leaves the table
krytalex: folds
Uncalled bet ($2) returned to ToDaFelt
ToDaFelt collected $2 from pot
ToDaFelt: doesn't show hand
*** SUMMARY ***
Total pot $2 | Rake $0
Seat 1: krytalex (button) (small blind) folded before Flop
Seat 6: ToDaFelt (big blind) collected ($2)


PokerStars Hand #161913546872:  Hold'em Limit ($3/$6 USD) - 2016/11/24 18:43:20 ET
Table 'Alkalurops' 6-max Seat #6 is the button
Seat 1: krytalex ($85.56 in chips)
Seat 6: ToDaFelt ($150.99 in chips)
ToDaFelt: posts small blind $1
krytalex: posts big blind $3
*** HOLE CARDS ***
ToDaFelt: raises $3 to $6
krytalex: calls $3
*** FLOP *** [Ad 2s Ts]
krytalex: checks
ToDaFelt: bets $3
krytalex: calls $3
*** TURN *** [Ad 2s Ts] [Ac]
krytalex: checks
ToDaFelt: checks
*** RIVER *** [Ad 2s Ts Ac] [8h]
krytalex: checks
ToDaFelt: checks
*** SHOW DOWN ***
krytalex: shows [5s Qh] (a pair of Aces)
ToDaFelt: shows [6s 6c] (two pair, Aces and Sixes)
ToDaFelt collected $17.64 from pot
*** SUMMARY ***
Total pot $18 | Rake $0.36
Board [Ad 2s Ts Ac 8h]
Seat 1: krytalex (big blind) showed [5s Qh] and lost with a pair of Aces
Seat 6: ToDaFelt (button) (small blind) showed [6s 6c] and won ($17.64) with two pair, Aces and Sixes


