PokerStars Hand #149422357542:  Hold'em Limit ($3/$6 USD) - 2016/02/25 20:49:30 ET
Table 'Alkaid' 6-max Seat #1 is the button
Seat 1: LifeisagameX ($60 in chips)
Seat 3: kulinichvm ($30 in chips)
LifeisagameX: posts small blind $1
kulinichvm: posts big blind $3
*** HOLE CARDS ***
LifeisagameX: raises $3 to $6
kulinichvm: calls $3
*** FLOP *** [Js 9s 2h]
kulinichvm: checks
LifeisagameX: bets $3
kulinichvm: raises $3 to $6
TinaTurner72 joins the table at seat #4
LifeisagameX: calls $3
*** TURN *** [Js 9s 2h] [8s]
kulinichvm: checks
LifeisagameX: checks
*** RIVER *** [Js 9s 2h 8s] [7h]
kulinichvm: bets $6
LifeisagameX: folds
Uncalled bet ($6) returned to kulinichvm
kulinichvm collected $23.52 from pot
*** SUMMARY ***
Total pot $24 | Rake $0.48
Board [Js 9s 2h 8s 7h]
Seat 1: LifeisagameX (button) (small blind) folded on the River
Seat 3: kulinichvm (big blind) collected ($23.52)


PokerStars Hand #149422444379:  Hold'em Limit ($3/$6 USD) - 2016/02/25 20:52:37 ET
Table 'Alkaid' 6-max Seat #3 is the button
Seat 3: kulinichvm ($96.41 in chips)
Seat 4: TinaTurner72 ($110 in chips)
yergood will be allowed to play after the button
kulinichvm: posts small blind $1
TinaTurner72: posts big blind $3
*** HOLE CARDS ***
kulinichvm: folds
Uncalled bet ($2) returned to TinaTurner72
TinaTurner72 collected $2 from pot
TinaTurner72: doesn't show hand
*** SUMMARY ***
Total pot $2 | Rake $0
Seat 3: kulinichvm (button) (small blind) folded before Flop
Seat 4: TinaTurner72 (big blind) collected ($2)


PokerStars Hand #149422554201:  Hold'em Limit ($3/$6 USD) - 2016/02/25 20:56:50 ET
Table 'Alkaid' 6-max Seat #3 is the button
Seat 3: kulinichvm ($129.02 in chips)
Seat 4: TinaTurner72 ($109.78 in chips)
kulinichvm: posts small blind $1
TinaTurner72: posts big blind $3
*** HOLE CARDS ***
kulinichvm: calls $2
TinaTurner72: raises $3 to $6
kulinichvm: calls $3
*** FLOP *** [5d Kh 4s]
TinaTurner72: bets $3
kulinichvm: folds
Uncalled bet ($3) returned to TinaTurner72
TinaTurner72 collected $11.76 from pot
TinaTurner72: doesn't show hand
*** SUMMARY ***
Total pot $12 | Rake $0.24
Board [5d Kh 4s]
Seat 3: kulinichvm (button) (small blind) folded on the Flop
Seat 4: TinaTurner72 (big blind) collected ($11.76)


PokerStars Hand #149422547074:  Hold'em Limit ($3/$6 USD) - 2016/02/25 20:56:32 ET
Table 'Alkaid' 6-max Seat #4 is the button
Seat 3: kulinichvm ($138.02 in chips)
Seat 4: TinaTurner72 ($101.14 in chips)
TinaTurner72: posts small blind $1
yergood: is sitting out
kulinichvm: posts big blind $3
*** HOLE CARDS ***
TinaTurner72: raises $3 to $6
kulinichvm: calls $3
*** FLOP *** [Jh Tc 7s]
yergood leaves the table
kulinichvm: checks
TinaTurner72: bets $3
kulinichvm: calls $3
*** TURN *** [Jh Tc 7s] [5c]
kulinichvm: checks
TinaTurner72: bets $6
kulinichvm: folds
Uncalled bet ($6) returned to TinaTurner72
TinaTurner72 collected $17.64 from pot
TinaTurner72: doesn't show hand
*** SUMMARY ***
Total pot $18 | Rake $0.36
Board [Jh Tc 7s 5c]
Seat 3: kulinichvm (big blind) folded on the Turn
Seat 4: TinaTurner72 (button) (small blind) collected ($17.64)


PokerStars Hand #149422559330:  Hold'em Limit ($3/$6 USD) - 2016/02/25 20:57:03 ET
Table 'Alkaid' 6-max Seat #4 is the button
Seat 3: kulinichvm ($123.02 in chips)
Seat 4: TinaTurner72 ($115.54 in chips)
TinaTurner72: posts small blind $1
kulinichvm: posts big blind $3
*** HOLE CARDS ***
TinaTurner72: raises $3 to $6
kulinichvm: calls $3
*** FLOP *** [Qc 2h 5s]
kulinichvm: checks
TinaTurner72: bets $3
kulinichvm: calls $3
*** TURN *** [Qc 2h 5s] [2d]
kulinichvm: bets $6
TinaTurner72: folds
Uncalled bet ($6) returned to kulinichvm
kulinichvm collected $17.64 from pot
*** SUMMARY ***
Total pot $18 | Rake $0.36
Board [Qc 2h 5s 2d]
Seat 3: kulinichvm (big blind) collected ($17.64)
Seat 4: TinaTurner72 (button) (small blind) folded on the Turn


PokerStars Hand #149422580737:  Hold'em Limit ($3/$6 USD) - 2016/02/25 20:57:58 ET
Table 'Alkaid' 6-max Seat #4 is the button
Seat 3: kulinichvm ($140.30 in chips)
Seat 4: TinaTurner72 ($97.54 in chips)
TinaTurner72: posts small blind $1
kulinichvm: posts big blind $3
*** HOLE CARDS ***
TinaTurner72: raises $3 to $6
kulinichvm: calls $3
*** FLOP *** [5d Ad 9d]
kulinichvm: bets $3
TinaTurner72: folds
Uncalled bet ($3) returned to kulinichvm
kulinichvm collected $11.76 from pot
*** SUMMARY ***
Total pot $12 | Rake $0.24
Board [5d Ad 9d]
Seat 3: kulinichvm (big blind) collected ($11.76)
Seat 4: TinaTurner72 (button) (small blind) folded on the Flop


PokerStars Hand #149422578933:  Hold'em Limit ($3/$6 USD) - 2016/02/25 20:57:53 ET
Table 'Alkaid' 6-max Seat #3 is the button
Seat 3: kulinichvm ($141.30 in chips)
Seat 4: TinaTurner72 ($96.54 in chips)
kulinichvm: posts small blind $1
TinaTurner72: posts big blind $3
*** HOLE CARDS ***
kulinichvm: folds
Uncalled bet ($2) returned to TinaTurner72
TinaTurner72 collected $2 from pot
TinaTurner72: doesn't show hand
*** SUMMARY ***
Total pot $2 | Rake $0
Seat 3: kulinichvm (button) (small blind) folded before Flop
Seat 4: TinaTurner72 (big blind) collected ($2)


PokerStars Hand #149422576793:  Hold'em Limit ($3/$6 USD) - 2016/02/25 20:57:47 ET
Table 'Alkaid' 6-max Seat #4 is the button
Seat 3: kulinichvm ($140.30 in chips)
Seat 4: TinaTurner72 ($97.54 in chips)
TinaTurner72: posts small blind $1
kulinichvm: posts big blind $3
*** HOLE CARDS ***
TinaTurner72: folds
Uncalled bet ($2) returned to kulinichvm
kulinichvm collected $2 from pot
*** SUMMARY ***
Total pot $2 | Rake $0
Seat 3: kulinichvm (big blind) collected ($2)
Seat 4: TinaTurner72 (button) (small blind) folded before Flop


PokerStars Hand #149422567111:  Hold'em Limit ($3/$6 USD) - 2016/02/25 20:57:23 ET
Table 'Alkaid' 6-max Seat #3 is the button
Seat 3: kulinichvm ($131.66 in chips)
Seat 4: TinaTurner72 ($106.54 in chips)
kulinichvm: posts small blind $1
TinaTurner72: posts big blind $3
*** HOLE CARDS ***
kulinichvm: calls $2
TinaTurner72: checks
*** FLOP *** [5c 6d Th]
TinaTurner72: bets $3
kulinichvm: raises $3 to $6
TinaTurner72: calls $3
*** TURN *** [5c 6d Th] [Qh]
TinaTurner72: checks
kulinichvm: checks
*** RIVER *** [5c 6d Th Qh] [As]
TinaTurner72: checks
kulinichvm: checks
*** SHOW DOWN ***
TinaTurner72: shows [5d 3d] (a pair of Fives)
kulinichvm: shows [2s 6s] (a pair of Sixes)
kulinichvm collected $17.64 from pot
*** SUMMARY ***
Total pot $18 | Rake $0.36
Board [5c 6d Th Qh As]
Seat 3: kulinichvm (button) (small blind) showed [2s 6s] and won ($17.64) with a pair of Sixes
Seat 4: TinaTurner72 (big blind) showed [5d 3d] and lost with a pair of Fives


PokerStars Hand #149422598810:  Hold'em Limit ($3/$6 USD) - 2016/02/25 20:58:44 ET
Table 'Alkaid' 6-max Seat #3 is the button
Seat 3: kulinichvm ($163.34 in chips)
Seat 4: TinaTurner72 ($73.54 in chips)
kulinichvm: posts small blind $1
TinaTurner72: posts big blind $3
*** HOLE CARDS ***
kulinichvm: raises $3 to $6
TinaTurner72: calls $3
*** FLOP *** [2c 6s 5c]
TinaTurner72: checks
kulinichvm: bets $3
TinaTurner72: raises $3 to $6
kulinichvm: calls $3
*** TURN *** [2c 6s 5c] [3d]
TinaTurner72: bets $6
kulinichvm: folds
Uncalled bet ($6) returned to TinaTurner72
TinaTurner72 collected $23.52 from pot
TinaTurner72: doesn't show hand
*** SUMMARY ***
Total pot $24 | Rake $0.48
Board [2c 6s 5c 3d]
Seat 3: kulinichvm (button) (small blind) folded on the Turn
Seat 4: TinaTurner72 (big blind) collected ($23.52)


PokerStars Hand #149422594161:  Hold'em Limit ($3/$6 USD) - 2016/02/25 20:58:32 ET
Table 'Alkaid' 6-max Seat #4 is the button
Seat 3: kulinichvm ($157.58 in chips)
Seat 4: TinaTurner72 ($79.54 in chips)
TinaTurner72: posts small blind $1
kulinichvm: posts big blind $3
*** HOLE CARDS ***
TinaTurner72: raises $3 to $6
kulinichvm: calls $3
*** FLOP *** [Th Ac 4s]
kulinichvm: bets $3
TinaTurner72: folds
Uncalled bet ($3) returned to kulinichvm
kulinichvm collected $11.76 from pot
*** SUMMARY ***
Total pot $12 | Rake $0.24
Board [Th Ac 4s]
Seat 3: kulinichvm (big blind) collected ($11.76)
Seat 4: TinaTurner72 (button) (small blind) folded on the Flop


PokerStars Hand #149422584525:  Hold'em Limit ($3/$6 USD) - 2016/02/25 20:58:07 ET
Table 'Alkaid' 6-max Seat #3 is the button
Seat 3: kulinichvm ($146.06 in chips)
Seat 4: TinaTurner72 ($91.54 in chips)
kulinichvm: posts small blind $1
TinaTurner72: posts big blind $3
*** HOLE CARDS ***
kulinichvm: calls $2
TinaTurner72: checks
*** FLOP *** [Jd Qs 4d]
TinaTurner72: bets $3
kulinichvm: calls $3
*** TURN *** [Jd Qs 4d] [5s]
TinaTurner72: checks
kulinichvm: bets $6
TinaTurner72: calls $6
*** RIVER *** [Jd Qs 4d 5s] [Ah]
TinaTurner72: checks
kulinichvm: checks
*** SHOW DOWN ***
TinaTurner72: shows [4h 9s] (a pair of Fours)
kulinichvm: shows [Js 2s] (a pair of Jacks)
kulinichvm collected $23.52 from pot
*** SUMMARY ***
Total pot $24 | Rake $0.48
Board [Jd Qs 4d 5s Ah]
Seat 3: kulinichvm (button) (small blind) showed [Js 2s] and won ($23.52) with a pair of Jacks
Seat 4: TinaTurner72 (big blind) showed [4h 9s] and lost with a pair of Fours


PokerStars Hand #149422624436:  Hold'em Limit ($3/$6 USD) - 2016/02/25 20:59:49 ET
Table 'Alkaid' 6-max Seat #3 is the button
Seat 3: kulinichvm ($127.34 in chips)
Seat 4: TinaTurner72 ($108.56 in chips)
kulinichvm: posts small blind $1
TinaTurner72: posts big blind $3
*** HOLE CARDS ***
kulinichvm: raises $3 to $6
TinaTurner72: folds
Uncalled bet ($3) returned to kulinichvm
kulinichvm collected $6 from pot
*** SUMMARY ***
Total pot $6 | Rake $0
Seat 3: kulinichvm (button) (small blind) collected ($6)
Seat 4: TinaTurner72 (big blind) folded before Flop


PokerStars Hand #149422611158:  Hold'em Limit ($3/$6 USD) - 2016/02/25 20:59:15 ET
Table 'Alkaid' 6-max Seat #4 is the button
Seat 3: kulinichvm ($151.34 in chips)
Seat 4: TinaTurner72 ($85.06 in chips)
TinaTurner72: posts small blind $1
kulinichvm: posts big blind $3
*** HOLE CARDS ***
TinaTurner72: raises $3 to $6
kulinichvm: raises $3 to $9
TinaTurner72: calls $3
*** FLOP *** [9s Td 7h]
kulinichvm: bets $3
TinaTurner72: calls $3
*** TURN *** [9s Td 7h] [Jd]
kulinichvm: bets $6
TinaTurner72: calls $6
*** RIVER *** [9s Td 7h Jd] [4h]
kulinichvm: bets $6
TinaTurner72: calls $6
*** SHOW DOWN ***
kulinichvm: shows [6s 6d] (a pair of Sixes)
TinaTurner72: shows [5s Tc] (a pair of Tens)
TinaTurner72 collected $47.50 from pot
*** SUMMARY ***
Total pot $48 | Rake $0.50
Board [9s Td 7h Jd 4h]
Seat 3: kulinichvm (big blind) showed [6s 6d] and lost with a pair of Sixes
Seat 4: TinaTurner72 (button) (small blind) showed [5s Tc] and won ($47.50) with a pair of Tens


PokerStars Hand #149422627649:  Hold'em Limit ($3/$6 USD) - 2016/02/25 20:59:58 ET
Table 'Alkaid' 6-max Seat #4 is the button
Seat 3: kulinichvm ($130.34 in chips)
Seat 4: TinaTurner72 ($105.56 in chips)
TinaTurner72: posts small blind $1
kulinichvm: posts big blind $3
*** HOLE CARDS ***
TinaTurner72: raises $3 to $6
kulinichvm: calls $3
*** FLOP *** [Kh 3c 4c]
kulinichvm: checks
TinaTurner72: bets $3
kulinichvm: calls $3
*** TURN *** [Kh 3c 4c] [9d]
kulinichvm: checks
TinaTurner72: checks
*** RIVER *** [Kh 3c 4c 9d] [8s]
kulinichvm: bets $6
TinaTurner72: folds
Uncalled bet ($6) returned to kulinichvm
kulinichvm collected $17.64 from pot
*** SUMMARY ***
Total pot $18 | Rake $0.36
Board [Kh 3c 4c 9d 8s]
Seat 3: kulinichvm (big blind) collected ($17.64)
Seat 4: TinaTurner72 (button) (small blind) folded on the River


PokerStars Hand #149422653209:  Hold'em Limit ($3/$6 USD) - 2016/02/25 21:01:00 ET
Table 'Alkaid' 6-max Seat #3 is the button
Seat 3: kulinichvm ($144.62 in chips)
Seat 4: TinaTurner72 ($90.56 in chips)
kulinichvm: posts small blind $1
TinaTurner72: posts big blind $3
*** HOLE CARDS ***
kulinichvm: calls $2
TinaTurner72: checks
*** FLOP *** [9c 2d 2c]
TinaTurner72: checks
kulinichvm: bets $3
TinaTurner72: folds
Uncalled bet ($3) returned to kulinichvm
kulinichvm collected $5.88 from pot
*** SUMMARY ***
Total pot $6 | Rake $0.12
Board [9c 2d 2c]
Seat 3: kulinichvm (button) (small blind) collected ($5.88)
Seat 4: TinaTurner72 (big blind) folded on the Flop


PokerStars Hand #149422650347:  Hold'em Limit ($3/$6 USD) - 2016/02/25 21:00:53 ET
Table 'Alkaid' 6-max Seat #4 is the button
Seat 3: kulinichvm ($147.62 in chips)
Seat 4: TinaTurner72 ($87.56 in chips)
TinaTurner72: posts small blind $1
kulinichvm: posts big blind $3
*** HOLE CARDS ***
TinaTurner72: raises $3 to $6
kulinichvm: folds
Uncalled bet ($3) returned to TinaTurner72
TinaTurner72 collected $6 from pot
TinaTurner72: doesn't show hand
*** SUMMARY ***
Total pot $6 | Rake $0
Seat 3: kulinichvm (big blind) folded before Flop
Seat 4: TinaTurner72 (button) (small blind) collected ($6)


PokerStars Hand #149422635885:  Hold'em Limit ($3/$6 USD) - 2016/02/25 21:00:18 ET
Table 'Alkaid' 6-max Seat #3 is the button
Seat 3: kulinichvm ($138.98 in chips)
Seat 4: TinaTurner72 ($96.56 in chips)
kulinichvm: posts small blind $1
TinaTurner72: posts big blind $3
*** HOLE CARDS ***
kulinichvm: calls $2
TinaTurner72: raises $3 to $6
kulinichvm: calls $3
*** FLOP *** [3h 2c 6s]
TinaTurner72: checks
kulinichvm: bets $3
TinaTurner72: calls $3
*** TURN *** [3h 2c 6s] [7h]
TinaTurner72: checks
kulinichvm: bets $6
TinaTurner72: folds
Uncalled bet ($6) returned to kulinichvm
kulinichvm collected $17.64 from pot
*** SUMMARY ***
Total pot $18 | Rake $0.36
Board [3h 2c 6s 7h]
Seat 3: kulinichvm (button) (small blind) collected ($17.64)
Seat 4: TinaTurner72 (big blind) folded on the Turn


PokerStars Hand #149422680747:  Hold'em Limit ($3/$6 USD) - 2016/02/25 21:02:01 ET
Table 'Alkaid' 6-max Seat #3 is the button
Seat 3: kulinichvm ($164.88 in chips)
Seat 4: TinaTurner72 ($69.56 in chips)
kulinichvm: posts small blind $1
TinaTurner72: posts big blind $3
*** HOLE CARDS ***
kulinichvm: calls $2
TinaTurner72: checks
*** FLOP *** [7c 2c 5d]
TinaTurner72: checks
kulinichvm: checks
*** TURN *** [7c 2c 5d] [As]
TinaTurner72: checks
kulinichvm: bets $6
TinaTurner72: calls $6
*** RIVER *** [7c 2c 5d As] [2d]
TinaTurner72: checks
kulinichvm: checks
*** SHOW DOWN ***
TinaTurner72: shows [Th 5s] (two pair, Fives and Deuces)
kulinichvm: mucks hand
TinaTurner72 collected $17.64 from pot
*** SUMMARY ***
Total pot $18 | Rake $0.36
Board [7c 2c 5d As 2d]
Seat 3: kulinichvm (button) (small blind) mucked
Seat 4: TinaTurner72 (big blind) showed [Th 5s] and won ($17.64) with two pair, Fives and Deuces


PokerStars Hand #149422678392:  Hold'em Limit ($3/$6 USD) - 2016/02/25 21:01:56 ET
Table 'Alkaid' 6-max Seat #4 is the button
Seat 3: kulinichvm ($167.88 in chips)
Seat 4: TinaTurner72 ($66.56 in chips)
TinaTurner72: posts small blind $1
kulinichvm: posts big blind $3
*** HOLE CARDS ***
TinaTurner72: raises $3 to $6
kulinichvm: folds
Uncalled bet ($3) returned to TinaTurner72
TinaTurner72 collected $6 from pot
TinaTurner72: doesn't show hand
*** SUMMARY ***
Total pot $6 | Rake $0
Seat 3: kulinichvm (big blind) folded before Flop
Seat 4: TinaTurner72 (button) (small blind) collected ($6)


PokerStars Hand #149422670629:  Hold'em Limit ($3/$6 USD) - 2016/02/25 21:01:39 ET
Table 'Alkaid' 6-max Seat #3 is the button
Seat 3: kulinichvm ($165 in chips)
Seat 4: TinaTurner72 ($69.56 in chips)
kulinichvm: posts small blind $1
TinaTurner72: posts big blind $3
*** HOLE CARDS ***
kulinichvm: calls $2
TinaTurner72: checks
*** FLOP *** [4s 3d Tc]
TinaTurner72: checks
kulinichvm: bets $3
TinaTurner72: folds
Uncalled bet ($3) returned to kulinichvm
kulinichvm collected $5.88 from pot
*** SUMMARY ***
Total pot $6 | Rake $0.12
Board [4s 3d Tc]
Seat 3: kulinichvm (button) (small blind) collected ($5.88)
Seat 4: TinaTurner72 (big blind) folded on the Flop


PokerStars Hand #149422659621:  Hold'em Limit ($3/$6 USD) - 2016/02/25 21:01:14 ET
Table 'Alkaid' 6-max Seat #4 is the button
Seat 3: kulinichvm ($147.50 in chips)
Seat 4: TinaTurner72 ($87.56 in chips)
TinaTurner72: posts small blind $1
kulinichvm: posts big blind $3
*** HOLE CARDS ***
TinaTurner72: raises $3 to $6
kulinichvm: raises $3 to $9
TinaTurner72: calls $3
*** FLOP *** [4h 3h Td]
kulinichvm: bets $3
TinaTurner72: calls $3
*** TURN *** [4h 3h Td] [Ts]
kulinichvm: checks
TinaTurner72: checks
*** RIVER *** [4h 3h Td Ts] [9c]
kulinichvm: bets $6
TinaTurner72: calls $6
*** SHOW DOWN ***
kulinichvm: shows [3s 3c] (a full house, Threes full of Tens)
TinaTurner72: mucks hand
kulinichvm collected $35.50 from pot
*** SUMMARY ***
Total pot $36 | Rake $0.50
Board [4h 3h Td Ts 9c]
Seat 3: kulinichvm (big blind) showed [3s 3c] and won ($35.50) with a full house, Threes full of Tens
Seat 4: TinaTurner72 (button) (small blind) mucked


PokerStars Hand #149422694148:  Hold'em Limit ($3/$6 USD) - 2016/02/25 21:02:31 ET
Table 'Alkaid' 6-max Seat #3 is the button
Seat 3: kulinichvm ($149.88 in chips)
Seat 4: TinaTurner72 ($83.96 in chips)
kulinichvm: posts small blind $1
TinaTurner72: posts big blind $3
*** HOLE CARDS ***
kulinichvm: calls $2
TinaTurner72: raises $3 to $6
kulinichvm: calls $3
*** FLOP *** [3d Kc 7c]
TinaTurner72: bets $3
kulinichvm: raises $3 to $6
TinaTurner72: raises $3 to $9
kulinichvm: calls $3
*** TURN *** [3d Kc 7c] [2d]
TinaTurner72: bets $6
kulinichvm: calls $6
*** RIVER *** [3d Kc 7c 2d] [6s]
TinaTurner72: bets $6
kulinichvm: calls $6
*** SHOW DOWN ***
TinaTurner72: shows [Td Kd] (a pair of Kings)
kulinichvm: mucks hand
TinaTurner72 collected $53.50 from pot
*** SUMMARY ***
Total pot $54 | Rake $0.50
Board [3d Kc 7c 2d 6s]
Seat 3: kulinichvm (button) (small blind) mucked
Seat 4: TinaTurner72 (big blind) showed [Td Kd] and won ($53.50) with a pair of Kings


PokerStars Hand #149422689249:  Hold'em Limit ($3/$6 USD) - 2016/02/25 21:02:20 ET
Table 'Alkaid' 6-max Seat #4 is the button
Seat 3: kulinichvm ($155.88 in chips)
Seat 4: TinaTurner72 ($78.20 in chips)
TinaTurner72: posts small blind $1
kulinichvm: posts big blind $3
*** HOLE CARDS ***
TinaTurner72: raises $3 to $6
kulinichvm: calls $3
*** FLOP *** [4s 4h Jc]
Brama Br joins the table at seat #2
kulinichvm: checks
TinaTurner72: bets $3
kulinichvm: folds
Uncalled bet ($3) returned to TinaTurner72
TinaTurner72 collected $11.76 from pot
TinaTurner72: doesn't show hand
*** SUMMARY ***
Total pot $12 | Rake $0.24
Board [4s 4h Jc]
Seat 3: kulinichvm (big blind) folded on the Flop
Seat 4: TinaTurner72 (button) (small blind) collected ($11.76)


PokerStars Hand #149423470596:  Hold'em Limit ($3/$6 USD) - 2016/02/25 21:31:58 ET
Table 'Alkaid' 6-max Seat #6 is the button
Seat 2: Brama Br ($137.24 in chips)
Seat 6: Jutis97 ($162.75 in chips)
Jutis97: posts small blind $1
Brama Br: posts big blind $3
*** HOLE CARDS ***
Jutis97: folds
Uncalled bet ($2) returned to Brama Br
Brama Br collected $2 from pot
Brama Br: doesn't show hand
*** SUMMARY ***
Total pot $2 | Rake $0
Seat 2: Brama Br (big blind) collected ($2)
Seat 6: Jutis97 (button) (small blind) folded before Flop


PokerStars Hand #149423463820:  Hold'em Limit ($3/$6 USD) - 2016/02/25 21:31:42 ET
Table 'Alkaid' 6-max Seat #2 is the button
Seat 2: Brama Br ($134.24 in chips)
Seat 6: Jutis97 ($165.75 in chips)
Brama Br: posts small blind $1
TinaTurner72: is sitting out
TinaTurner72 leaves the table
Jutis97: posts big blind $3
*** HOLE CARDS ***
Brama Br: raises $3 to $6
Jutis97: folds
Uncalled bet ($3) returned to Brama Br
Brama Br collected $6 from pot
Brama Br: doesn't show hand
*** SUMMARY ***
Total pot $6 | Rake $0
Seat 2: Brama Br (button) (small blind) collected ($6)
Seat 6: Jutis97 (big blind) folded before Flop


