PokerStars Hand #147381516588:  Hold'em Limit ($3/$6 USD) - 2016/01/20 14:47:55 ET
Table 'Alkaid' 2-max Seat #2 is the button
Seat 1: ChicagoBull4 ($37.64 in chips)
Seat 2: mdif ($121 in chips)
mdif: posts small blind $1
ChicagoBull4: posts big blind $3
*** HOLE CARDS ***
mdif: raises $3 to $6
ChicagoBull4: calls $3
*** FLOP *** [Ks 8d 9d]
ChicagoBull4: bets $3
mdif: calls $3
*** TURN *** [Ks 8d 9d] [2s]
ChicagoBull4: bets $6
mdif: calls $6
*** RIVER *** [Ks 8d 9d 2s] [Jh]
ChicagoBull4: bets $6
mdif: calls $6
*** SHOW DOWN ***
ChicagoBull4: shows [Jc Kh] (two pair, Kings and Jacks)
mdif: mucks hand
ChicagoBull4 collected $41.50 from pot
*** SUMMARY ***
Total pot $42 | Rake $0.50
Board [Ks 8d 9d 2s Jh]
Seat 1: ChicagoBull4 (big blind) showed [Jc Kh] and won ($41.50) with two pair, Kings and Jacks
Seat 2: mdif (button) (small blind) mucked


PokerStars Hand #147381596188:  Hold'em Limit ($3/$6 USD) - 2016/01/20 14:49:10 ET
Table 'Alkaid' 2-max Seat #2 is the button
Seat 1: ChicagoBull4 ($42.64 in chips)
Seat 2: mdif ($134.14 in chips)
mdif: posts small blind $1
ChicagoBull4: posts big blind $3
*** HOLE CARDS ***
mdif: raises $3 to $6
ChicagoBull4: calls $3
*** FLOP *** [Kc 6c Jc]
ChicagoBull4: bets $3
mdif: calls $3
*** TURN *** [Kc 6c Jc] [7c]
ChicagoBull4: checks
mdif: bets $6
ChicagoBull4: raises $6 to $12
mdif: calls $6
*** RIVER *** [Kc 6c Jc 7c] [Tc]
ChicagoBull4: bets $6
mdif: calls $6
*** SHOW DOWN ***
ChicagoBull4: shows [Qc 3s] (a flush, King high)
mdif: mucks hand
ChicagoBull4 collected $53.50 from pot
*** SUMMARY ***
Total pot $54 | Rake $0.50
Board [Kc 6c Jc 7c Tc]
Seat 1: ChicagoBull4 (big blind) showed [Qc 3s] and won ($53.50) with a flush, King high
Seat 2: mdif (button) (small blind) mucked


PokerStars Hand #147381580189:  Hold'em Limit ($3/$6 USD) - 2016/01/20 14:48:55 ET
Table 'Alkaid' 2-max Seat #1 is the button
Seat 1: ChicagoBull4 ($25.14 in chips)
Seat 2: mdif ($152.14 in chips)
ChicagoBull4: posts small blind $1
mdif: posts big blind $3
*** HOLE CARDS ***
ChicagoBull4: raises $3 to $6
mdif: raises $3 to $9
ChicagoBull4: calls $3
*** FLOP *** [Qc Ac Tc]
mdif: bets $3
ChicagoBull4: calls $3
*** TURN *** [Qc Ac Tc] [5c]
mdif: bets $6
ChicagoBull4: calls $6
*** RIVER *** [Qc Ac Tc 5c] [3s]
mdif: checks
ChicagoBull4: bets $6
mdif: folds
Uncalled bet ($6) returned to ChicagoBull4
ChicagoBull4 collected $35.50 from pot
ChicagoBull4: doesn't show hand
*** SUMMARY ***
Total pot $36 | Rake $0.50
Board [Qc Ac Tc 5c 3s]
Seat 1: ChicagoBull4 (button) (small blind) collected ($35.50)
Seat 2: mdif (big blind) folded on the River


PokerStars Hand #147381558287:  Hold'em Limit ($3/$6 USD) - 2016/01/20 14:48:34 ET
Table 'Alkaid' 2-max Seat #2 is the button
Seat 1: ChicagoBull4 ($49.14 in chips)
Seat 2: mdif ($128.64 in chips)
mdif: posts small blind $1
ChicagoBull4: posts big blind $3
*** HOLE CARDS ***
mdif: raises $3 to $6
ChicagoBull4: raises $3 to $9
mdif: calls $3
*** FLOP *** [9h Ad Th]
ChicagoBull4: bets $3
mdif: calls $3
*** TURN *** [9h Ad Th] [Kh]
ChicagoBull4: checks
mdif: bets $6
ChicagoBull4: calls $6
*** RIVER *** [9h Ad Th Kh] [3s]
ChicagoBull4: checks
mdif: bets $6
ChicagoBull4: calls $6
*** SHOW DOWN ***
mdif: shows [4s Ks] (a pair of Kings)
ChicagoBull4: mucks hand
mdif collected $47.50 from pot
*** SUMMARY ***
Total pot $48 | Rake $0.50
Board [9h Ad Th Kh 3s]
Seat 1: ChicagoBull4 (big blind) mucked
Seat 2: mdif (button) (small blind) showed [4s Ks] and won ($47.50) with a pair of Kings


PokerStars Hand #147381542005:  Hold'em Limit ($3/$6 USD) - 2016/01/20 14:48:19 ET
Table 'Alkaid' 2-max Seat #1 is the button
Seat 1: ChicagoBull4 ($58.14 in chips)
Seat 2: mdif ($120 in chips)
ChicagoBull4: posts small blind $1
mdif: posts big blind $3
*** HOLE CARDS ***
ChicagoBull4: raises $3 to $6
mdif: calls $3
*** FLOP *** [5h Kh 4h]
mdif: checks
ChicagoBull4: bets $3
mdif: calls $3
*** TURN *** [5h Kh 4h] [Ah]
mdif: bets $6
ChicagoBull4: folds
Uncalled bet ($6) returned to mdif
mdif collected $17.64 from pot
mdif: doesn't show hand
*** SUMMARY ***
Total pot $18 | Rake $0.36
Board [5h Kh 4h Ah]
Seat 1: ChicagoBull4 (button) (small blind) folded on the Turn
Seat 2: mdif (big blind) collected ($17.64)


PokerStars Hand #147381617031:  Hold'em Limit ($3/$6 USD) - 2016/01/20 14:49:30 ET
Table 'Alkaid' 2-max Seat #1 is the button
Seat 1: ChicagoBull4 ($69.14 in chips)
Seat 2: mdif ($120 in chips)
ChicagoBull4: posts small blind $1
mdif: posts big blind $3
*** HOLE CARDS ***
ChicagoBull4: folds
Uncalled bet ($2) returned to mdif
ChicagoBull4 leaves the table
mdif collected $2 from pot
mdif: doesn't show hand
*** SUMMARY ***
Total pot $2 | Rake $0
Seat 1: ChicagoBull4 (button) (small blind) folded before Flop
Seat 2: mdif (big blind) collected ($2)


PokerStars Hand #147392782770:  Hold'em Limit ($3/$6 USD) - 2016/01/20 17:48:18 ET
Table 'Alkaid' 2-max Seat #2 is the button
Seat 1: ChicagoBull4 ($72.28 in chips)
Seat 2: mdif ($120 in chips)
mdif: posts small blind $1
ChicagoBull4: posts big blind $3
*** HOLE CARDS ***
mdif: raises $3 to $6
ChicagoBull4: calls $3
*** FLOP *** [7h 8s 5s]
ChicagoBull4: checks
mdif: bets $3
ChicagoBull4: raises $3 to $6
mdif: folds
Uncalled bet ($3) returned to ChicagoBull4
ChicagoBull4 collected $17.64 from pot
*** SUMMARY ***
Total pot $18 | Rake $0.36
Board [7h 8s 5s]
Seat 1: ChicagoBull4 (big blind) collected ($17.64)
Seat 2: mdif (button) (small blind) folded on the Flop


PokerStars Hand #147392765017:  Hold'em Limit ($3/$6 USD) - 2016/01/20 17:47:58 ET
Table 'Alkaid' 2-max Seat #1 is the button
Seat 1: ChicagoBull4 ($63.64 in chips)
Seat 2: mdif ($120 in chips)
ChicagoBull4: posts small blind $1
mdif: posts big blind $3
*** HOLE CARDS ***
ChicagoBull4: raises $3 to $6
mdif: calls $3
*** FLOP *** [Js Jc 6d]
mdif: checks
ChicagoBull4: bets $3
mdif: calls $3
*** TURN *** [Js Jc 6d] [7c]
mdif: checks
ChicagoBull4: bets $6
mdif: folds
Uncalled bet ($6) returned to ChicagoBull4
ChicagoBull4 collected $17.64 from pot
*** SUMMARY ***
Total pot $18 | Rake $0.36
Board [Js Jc 6d 7c]
Seat 1: ChicagoBull4 (button) (small blind) collected ($17.64)
Seat 2: mdif (big blind) folded on the Turn


PokerStars Hand #147392838997:  Hold'em Limit ($3/$6 USD) - 2016/01/20 17:49:18 ET
Table 'Alkaid' 2-max Seat #1 is the button
Seat 1: ChicagoBull4 ($56.92 in chips)
Seat 2: mdif ($143.26 in chips)
ChicagoBull4: posts small blind $1
mdif: posts big blind $3
*** HOLE CARDS ***
ChicagoBull4: folds
Uncalled bet ($2) returned to mdif
mdif collected $2 from pot
mdif: doesn't show hand
*** SUMMARY ***
Total pot $2 | Rake $0
Seat 1: ChicagoBull4 (button) (small blind) folded before Flop
Seat 2: mdif (big blind) collected ($2)


PokerStars Hand #147392834604:  Hold'em Limit ($3/$6 USD) - 2016/01/20 17:49:13 ET
Table 'Alkaid' 2-max Seat #2 is the button
Seat 1: ChicagoBull4 ($55.92 in chips)
Seat 2: mdif ($144.26 in chips)
mdif: posts small blind $1
ChicagoBull4: posts big blind $3
*** HOLE CARDS ***
mdif: folds
Uncalled bet ($2) returned to ChicagoBull4
ChicagoBull4 collected $2 from pot
*** SUMMARY ***
Total pot $2 | Rake $0
Seat 1: ChicagoBull4 (big blind) collected ($2)
Seat 2: mdif (button) (small blind) folded before Flop


PokerStars Hand #147392830290:  Hold'em Limit ($3/$6 USD) - 2016/01/20 17:49:09 ET
Table 'Alkaid' 2-max Seat #1 is the button
Seat 1: ChicagoBull4 ($56.92 in chips)
Seat 2: mdif ($143.26 in chips)
ChicagoBull4: posts small blind $1
mdif: posts big blind $3
*** HOLE CARDS ***
ChicagoBull4: folds
Uncalled bet ($2) returned to mdif
mdif collected $2 from pot
mdif: doesn't show hand
*** SUMMARY ***
Total pot $2 | Rake $0
Seat 1: ChicagoBull4 (button) (small blind) folded before Flop
Seat 2: mdif (big blind) collected ($2)


PokerStars Hand #147392819963:  Hold'em Limit ($3/$6 USD) - 2016/01/20 17:48:57 ET
Table 'Alkaid' 2-max Seat #2 is the button
Seat 1: ChicagoBull4 ($62.92 in chips)
Seat 2: mdif ($137.50 in chips)
mdif: posts small blind $1
ChicagoBull4: posts big blind $3
*** HOLE CARDS ***
mdif: raises $3 to $6
ChicagoBull4: calls $3
*** FLOP *** [2d Qh Ad]
ChicagoBull4: checks
mdif: bets $3
ChicagoBull4: folds
Uncalled bet ($3) returned to mdif
mdif collected $11.76 from pot
mdif: doesn't show hand
*** SUMMARY ***
Total pot $12 | Rake $0.24
Board [2d Qh Ad]
Seat 1: ChicagoBull4 (big blind) folded on the Flop
Seat 2: mdif (button) (small blind) collected ($11.76)


PokerStars Hand #147392796681:  Hold'em Limit ($3/$6 USD) - 2016/01/20 17:48:32 ET
Table 'Alkaid' 2-max Seat #1 is the button
Seat 1: ChicagoBull4 ($80.92 in chips)
Seat 2: mdif ($120 in chips)
ChicagoBull4: posts small blind $1
mdif: posts big blind $3
*** HOLE CARDS ***
ChicagoBull4: raises $3 to $6
mdif: calls $3
*** FLOP *** [2h 5c 3s]
mdif: checks
ChicagoBull4: checks
*** TURN *** [2h 5c 3s] [4d]
mdif: bets $6
ChicagoBull4: raises $6 to $12
mdif: raises $6 to $18
ChicagoBull4: folds
Uncalled bet ($6) returned to mdif
mdif collected $35.50 from pot
mdif: doesn't show hand
*** SUMMARY ***
Total pot $36 | Rake $0.50
Board [2h 5c 3s 4d]
Seat 1: ChicagoBull4 (button) (small blind) folded on the Turn
Seat 2: mdif (big blind) collected ($35.50)


PokerStars Hand #147392889406:  Hold'em Limit ($3/$6 USD) - 2016/01/20 17:50:12 ET
Table 'Alkaid' 2-max Seat #2 is the button
Seat 1: ChicagoBull4 ($48.44 in chips)
Seat 2: mdif ($150.76 in chips)
mdif: posts small blind $1
ChicagoBull4: posts big blind $3
*** HOLE CARDS ***
mdif: raises $3 to $6
ChicagoBull4: calls $3
*** FLOP *** [8d 3c 3d]
ChicagoBull4: checks
mdif: bets $3
ChicagoBull4: calls $3
*** TURN *** [8d 3c 3d] [Kc]
ChicagoBull4: checks
mdif: checks
*** RIVER *** [8d 3c 3d Kc] [3s]
ChicagoBull4: bets $6
mdif: calls $6
*** SHOW DOWN ***
ChicagoBull4: shows [Jc Kd] (a full house, Threes full of Kings)
mdif: mucks hand
ChicagoBull4 collected $29.50 from pot
*** SUMMARY ***
Total pot $30 | Rake $0.50
Board [8d 3c 3d Kc 3s]
Seat 1: ChicagoBull4 (big blind) showed [Jc Kd] and won ($29.50) with a full house, Threes full of Kings
Seat 2: mdif (button) (small blind) mucked


PokerStars Hand #147392871407:  Hold'em Limit ($3/$6 USD) - 2016/01/20 17:49:53 ET
Table 'Alkaid' 2-max Seat #1 is the button
Seat 1: ChicagoBull4 ($36.92 in chips)
Seat 2: mdif ($162.76 in chips)
ChicagoBull4: posts small blind $1
mdif: posts big blind $3
*** HOLE CARDS ***
ChicagoBull4: raises $3 to $6
mdif: calls $3
*** FLOP *** [9s Qh Ks]
mdif: checks
ChicagoBull4: bets $3
mdif: raises $3 to $6
ChicagoBull4: calls $3
*** TURN *** [9s Qh Ks] [Ac]
mdif: checks
ChicagoBull4: bets $6
mdif: folds
Uncalled bet ($6) returned to ChicagoBull4
ChicagoBull4 collected $23.52 from pot
*** SUMMARY ***
Total pot $24 | Rake $0.48
Board [9s Qh Ks Ac]
Seat 1: ChicagoBull4 (button) (small blind) collected ($23.52)
Seat 2: mdif (big blind) folded on the Turn


PokerStars Hand #147392866509:  Hold'em Limit ($3/$6 USD) - 2016/01/20 17:49:48 ET
Table 'Alkaid' 2-max Seat #2 is the button
Seat 1: ChicagoBull4 ($39.92 in chips)
Seat 2: mdif ($159.76 in chips)
mdif: posts small blind $1
ChicagoBull4: posts big blind $3
*** HOLE CARDS ***
mdif: raises $3 to $6
ChicagoBull4: folds
Uncalled bet ($3) returned to mdif
mdif collected $6 from pot
mdif: doesn't show hand
*** SUMMARY ***
Total pot $6 | Rake $0
Seat 1: ChicagoBull4 (big blind) folded before Flop
Seat 2: mdif (button) (small blind) collected ($6)


PokerStars Hand #147392862168:  Hold'em Limit ($3/$6 USD) - 2016/01/20 17:49:43 ET
Table 'Alkaid' 2-max Seat #1 is the button
Seat 1: ChicagoBull4 ($40.92 in chips)
Seat 2: mdif ($158.76 in chips)
ChicagoBull4: posts small blind $1
mdif: posts big blind $3
*** HOLE CARDS ***
ChicagoBull4: folds
Uncalled bet ($2) returned to mdif
mdif collected $2 from pot
mdif: doesn't show hand
*** SUMMARY ***
Total pot $2 | Rake $0
Seat 1: ChicagoBull4 (button) (small blind) folded before Flop
Seat 2: mdif (big blind) collected ($2)


PokerStars Hand #147392843512:  Hold'em Limit ($3/$6 USD) - 2016/01/20 17:49:23 ET
Table 'Alkaid' 2-max Seat #2 is the button
Seat 1: ChicagoBull4 ($55.92 in chips)
Seat 2: mdif ($144.26 in chips)
mdif: posts small blind $1
ChicagoBull4: posts big blind $3
*** HOLE CARDS ***
mdif: raises $3 to $6
ChicagoBull4: calls $3
*** FLOP *** [Jd Js 8s]
ChicagoBull4: checks
mdif: bets $3
ChicagoBull4: calls $3
*** TURN *** [Jd Js 8s] [7h]
ChicagoBull4: checks
mdif: checks
*** RIVER *** [Jd Js 8s 7h] [Qh]
ChicagoBull4: bets $6
mdif: calls $6
*** SHOW DOWN ***
ChicagoBull4: shows [4s 6s] (a pair of Jacks)
mdif: shows [3d 8d] (two pair, Jacks and Eights)
mdif collected $29.50 from pot
*** SUMMARY ***
Total pot $30 | Rake $0.50
Board [Jd Js 8s 7h Qh]
Seat 1: ChicagoBull4 (big blind) showed [4s 6s] and lost with a pair of Jacks
Seat 2: mdif (button) (small blind) showed [3d 8d] and won ($29.50) with two pair, Jacks and Eights


PokerStars Hand #147392951517:  Hold'em Limit ($3/$6 USD) - 2016/01/20 17:51:20 ET
Table 'Alkaid' 2-max Seat #1 is the button
Seat 1: ChicagoBull4 ($45.94 in chips)
Seat 2: mdif ($152.26 in chips)
ChicagoBull4: posts small blind $1
mdif: posts big blind $3
*** HOLE CARDS ***
ChicagoBull4: raises $3 to $6
mdif: folds
Uncalled bet ($3) returned to ChicagoBull4
ChicagoBull4 collected $6 from pot
*** SUMMARY ***
Total pot $6 | Rake $0
Seat 1: ChicagoBull4 (button) (small blind) collected ($6)
Seat 2: mdif (big blind) folded before Flop


PokerStars Hand #147392947506:  Hold'em Limit ($3/$6 USD) - 2016/01/20 17:51:16 ET
Table 'Alkaid' 2-max Seat #2 is the button
Seat 1: ChicagoBull4 ($44.94 in chips)
Seat 2: mdif ($153.26 in chips)
mdif: posts small blind $1
ChicagoBull4: posts big blind $3
*** HOLE CARDS ***
mdif: folds
Uncalled bet ($2) returned to ChicagoBull4
ChicagoBull4 collected $2 from pot
*** SUMMARY ***
Total pot $2 | Rake $0
Seat 1: ChicagoBull4 (big blind) collected ($2)
Seat 2: mdif (button) (small blind) folded before Flop


PokerStars Hand #147392941661:  Hold'em Limit ($3/$6 USD) - 2016/01/20 17:51:09 ET
Table 'Alkaid' 2-max Seat #1 is the button
Seat 1: ChicagoBull4 ($41.94 in chips)
Seat 2: mdif ($156.26 in chips)
ChicagoBull4: posts small blind $1
mdif: posts big blind $3
*** HOLE CARDS ***
ChicagoBull4: raises $3 to $6
mdif: folds
Uncalled bet ($3) returned to ChicagoBull4
ChicagoBull4 collected $6 from pot
*** SUMMARY ***
Total pot $6 | Rake $0
Seat 1: ChicagoBull4 (button) (small blind) collected ($6)
Seat 2: mdif (big blind) folded before Flop


PokerStars Hand #147392914674:  Hold'em Limit ($3/$6 USD) - 2016/01/20 17:50:40 ET
Table 'Alkaid' 2-max Seat #2 is the button
Seat 1: ChicagoBull4 ($65.94 in chips)
Seat 2: mdif ($132.76 in chips)
mdif: posts small blind $1
ChicagoBull4: posts big blind $3
*** HOLE CARDS ***
mdif: raises $3 to $6
ChicagoBull4: raises $3 to $9
mdif: calls $3
*** FLOP *** [5c Js 7c]
ChicagoBull4: bets $3
mdif: calls $3
*** TURN *** [5c Js 7c] [Qh]
ChicagoBull4: checks
mdif: bets $6
ChicagoBull4: calls $6
*** RIVER *** [5c Js 7c Qh] [6h]
ChicagoBull4: checks
mdif: bets $6
ChicagoBull4: calls $6
*** SHOW DOWN ***
mdif: shows [9c Jc] (a pair of Jacks)
ChicagoBull4: mucks hand
mdif collected $47.50 from pot
*** SUMMARY ***
Total pot $48 | Rake $0.50
Board [5c Js 7c Qh 6h]
Seat 1: ChicagoBull4 (big blind) mucked
Seat 2: mdif (button) (small blind) showed [9c Jc] and won ($47.50) with a pair of Jacks


PokerStars Hand #147392903550:  Hold'em Limit ($3/$6 USD) - 2016/01/20 17:50:28 ET
Table 'Alkaid' 2-max Seat #1 is the button
Seat 1: ChicagoBull4 ($62.94 in chips)
Seat 2: mdif ($135.76 in chips)
ChicagoBull4: posts small blind $1
mdif: posts big blind $3
*** HOLE CARDS ***
ChicagoBull4: raises $3 to $6
mdif: folds
Uncalled bet ($3) returned to ChicagoBull4
ChicagoBull4 collected $6 from pot
*** SUMMARY ***
Total pot $6 | Rake $0
Seat 1: ChicagoBull4 (button) (small blind) collected ($6)
Seat 2: mdif (big blind) folded before Flop


PokerStars Hand #147393013567:  Hold'em Limit ($3/$6 USD) - 2016/01/20 17:52:28 ET
Table 'Alkaid' 2-max Seat #2 is the button
Seat 1: ChicagoBull4 ($27.94 in chips)
Seat 2: mdif ($169.30 in chips)
mdif: posts small blind $1
ChicagoBull4: posts big blind $3
*** HOLE CARDS ***
mdif: folds
Uncalled bet ($2) returned to ChicagoBull4
ChicagoBull4 collected $2 from pot
*** SUMMARY ***
Total pot $2 | Rake $0
Seat 1: ChicagoBull4 (big blind) collected ($2)
Seat 2: mdif (button) (small blind) folded before Flop


PokerStars Hand #147393007742:  Hold'em Limit ($3/$6 USD) - 2016/01/20 17:52:21 ET
Table 'Alkaid' 2-max Seat #1 is the button
Seat 1: ChicagoBull4 ($24.94 in chips)
Seat 2: mdif ($172.30 in chips)
ChicagoBull4: posts small blind $1
mdif: posts big blind $3
*** HOLE CARDS ***
ChicagoBull4: raises $3 to $6
mdif: folds
Uncalled bet ($3) returned to ChicagoBull4
ChicagoBull4 collected $6 from pot
*** SUMMARY ***
Total pot $6 | Rake $0
Seat 1: ChicagoBull4 (button) (small blind) collected ($6)
Seat 2: mdif (big blind) folded before Flop


PokerStars Hand #147392997868:  Hold'em Limit ($3/$6 USD) - 2016/01/20 17:52:10 ET
Table 'Alkaid' 2-max Seat #2 is the button
Seat 1: ChicagoBull4 ($30.94 in chips)
Seat 2: mdif ($166.54 in chips)
mdif: posts small blind $1
ChicagoBull4: posts big blind $3
*** HOLE CARDS ***
mdif: raises $3 to $6
ChicagoBull4: calls $3
*** FLOP *** [9h 6c Ad]
ChicagoBull4: checks
mdif: bets $3
ChicagoBull4: folds
Uncalled bet ($3) returned to mdif
mdif collected $11.76 from pot
mdif: doesn't show hand
*** SUMMARY ***
Total pot $12 | Rake $0.24
Board [9h 6c Ad]
Seat 1: ChicagoBull4 (big blind) folded on the Flop
Seat 2: mdif (button) (small blind) collected ($11.76)


PokerStars Hand #147392984604:  Hold'em Limit ($3/$6 USD) - 2016/01/20 17:51:56 ET
Table 'Alkaid' 2-max Seat #1 is the button
Seat 1: ChicagoBull4 ($39.94 in chips)
Seat 2: mdif ($157.90 in chips)
ChicagoBull4: posts small blind $1
mdif: posts big blind $3
*** HOLE CARDS ***
ChicagoBull4: raises $3 to $6
mdif: calls $3
*** FLOP *** [Th 4s 5s]
mdif: checks
ChicagoBull4: bets $3
mdif: calls $3
*** TURN *** [Th 4s 5s] [8d]
mdif: bets $6
ChicagoBull4: folds
Uncalled bet ($6) returned to mdif
mdif collected $17.64 from pot
mdif: doesn't show hand
*** SUMMARY ***
Total pot $18 | Rake $0.36
Board [Th 4s 5s 8d]
Seat 1: ChicagoBull4 (button) (small blind) folded on the Turn
Seat 2: mdif (big blind) collected ($17.64)


PokerStars Hand #147392957759:  Hold'em Limit ($3/$6 USD) - 2016/01/20 17:51:27 ET
Table 'Alkaid' 2-max Seat #2 is the button
Seat 1: ChicagoBull4 ($48.94 in chips)
Seat 2: mdif ($149.26 in chips)
mdif: posts small blind $1
ChicagoBull4: posts big blind $3
*** HOLE CARDS ***
mdif: raises $3 to $6
ChicagoBull4: calls $3
*** FLOP *** [5c 5h Kc]
ChicagoBull4: checks
mdif: bets $3
ChicagoBull4: calls $3
*** TURN *** [5c 5h Kc] [Tc]
ChicagoBull4: checks
mdif: checks
*** RIVER *** [5c 5h Kc Tc] [Jd]
ChicagoBull4: checks
mdif: bets $6
ChicagoBull4: folds
Uncalled bet ($6) returned to mdif
mdif collected $17.64 from pot
mdif: doesn't show hand
*** SUMMARY ***
Total pot $18 | Rake $0.36
Board [5c 5h Kc Tc Jd]
Seat 1: ChicagoBull4 (big blind) folded on the River
Seat 2: mdif (button) (small blind) collected ($17.64)


PokerStars Hand #147393018047:  Hold'em Limit ($3/$6 USD) - 2016/01/20 17:52:32 ET
Table 'Alkaid' 2-max Seat #1 is the button
Seat 1: ChicagoBull4 ($28.94 in chips)
Seat 2: mdif ($168.30 in chips)
ChicagoBull4: posts small blind $1
mdif: posts big blind $3
*** HOLE CARDS ***
ChicagoBull4: raises $3 to $6
mdif: calls $3
*** FLOP *** [7c 8d 7h]
mdif: checks
ChicagoBull4: bets $3
mdif: calls $3
*** TURN *** [7c 8d 7h] [3s]
mdif: checks
ChicagoBull4: bets $6
mdif: raises $6 to $12
ChicagoBull4: calls $6
*** RIVER *** [7c 8d 7h 3s] [6c]
mdif: bets $6
ChicagoBull4: calls $6
*** SHOW DOWN ***
mdif: shows [Qs 8s] (two pair, Eights and Sevens)
ChicagoBull4: mucks hand
mdif collected $53.50 from pot
*** SUMMARY ***
Total pot $54 | Rake $0.50
Board [7c 8d 7h 3s 6c]
Seat 1: ChicagoBull4 (button) (small blind) mucked
Seat 2: mdif (big blind) showed [Qs 8s] and won ($53.50) with two pair, Eights and Sevens


