PokerStars Hand #165577196786:  Hold'em Limit ($3/$6 USD) - 2017/02/02 16:05:16 ET
Table 'Alkaid II' 6-max Seat #1 is the button
Seat 1: jackRizzar ($229.18 in chips)
Seat 4: LouisB ($205.28 in chips)
jackRizzar: posts small blind $1
LouisB: posts big blind $3
*** HOLE CARDS ***
Icecold joins the table at seat #3
jackRizzar: raises $3 to $6
LouisB: folds
Uncalled bet ($3) returned to jackRizzar
BelSv joins the table at seat #5
jackRizzar collected $6 from pot
jackRizzar: doesn't show hand
*** SUMMARY ***
Total pot $6 | Rake $0
Seat 1: jackRizzar (button) (small blind) collected ($6)
Seat 4: LouisB (big blind) folded before Flop


PokerStars Hand #165577189634:  Hold'em Limit ($3/$6 USD) - 2017/02/02 16:05:09 ET
Table 'Alkaid II' 6-max Seat #4 is the button
Seat 1: jackRizzar ($228.18 in chips)
Seat 4: LouisB ($206.28 in chips)
LouisB: posts small blind $1
jackRizzar: posts big blind $3
*** HOLE CARDS ***
koongen leaves the table
LouisB: folds
Uncalled bet ($2) returned to jackRizzar
jackRizzar collected $2 from pot
jackRizzar: doesn't show hand
*** SUMMARY ***
Total pot $2 | Rake $0
Seat 1: jackRizzar (big blind) collected ($2)
Seat 4: LouisB (button) (small blind) folded before Flop


PokerStars Hand #165580343017:  Hold'em Limit ($3/$6 USD) - 2017/02/02 16:57:06 ET
Table 'Alkaid II' 6-max Seat #3 is the button
Seat 1: jackRizzar ($211.97 in chips)
Seat 3: Icecold ($21 in chips)
Icecold: posts small blind $1
ValeryRon: is sitting out
koongen: is sitting out
jackRizzar: posts big blind $3
*** HOLE CARDS ***
Icecold: folds
Uncalled bet ($2) returned to jackRizzar
koongen leaves the table
jackRizzar collected $2 from pot
jackRizzar: doesn't show hand
*** SUMMARY ***
Total pot $2 | Rake $0
Seat 1: jackRizzar (big blind) collected ($2)
Seat 3: Icecold (button) (small blind) folded before Flop


PokerStars Hand #165580347749:  Hold'em Limit ($3/$6 USD) - 2017/02/02 16:57:12 ET
Table 'Alkaid II' 6-max Seat #1 is the button
Seat 1: jackRizzar ($212.97 in chips)
Seat 3: Icecold ($20 in chips)
jackRizzar: posts small blind $1
Icecold: posts big blind $3
*** HOLE CARDS ***
jackRizzar: raises $3 to $6
Icecold: calls $3
*** FLOP *** [7h 3s 4c]
ValeryRon leaves the table
Icecold: checks
jackRizzar: bets $3
Icecold: raises $3 to $6
jackRizzar: calls $3
*** TURN *** [7h 3s 4c] [8h]
Icecold: bets $6
jackRizzar: raises $6 to $12
Icecold: calls $2 and is all-in
Uncalled bet ($4) returned to jackRizzar
*** RIVER *** [7h 3s 4c 8h] [6s]
*** SHOW DOWN ***
Icecold: shows [As 4d] (a pair of Fours)
jackRizzar: shows [Jc 8s] (a pair of Eights)
jackRizzar collected $39.50 from pot
*** SUMMARY ***
Total pot $40 | Rake $0.50
Board [7h 3s 4c 8h 6s]
Seat 1: jackRizzar (button) (small blind) showed [Jc 8s] and won ($39.50) with a pair of Eights
Seat 3: Icecold (big blind) showed [As 4d] and lost with a pair of Fours


PokerStars Hand #165580382931:  Hold'em Limit ($3/$6 USD) - 2017/02/02 16:57:54 ET
Table 'Alkaid II' 6-max Seat #3 is the button
Seat 1: jackRizzar ($232.47 in chips)
Seat 3: Icecold ($36 in chips)
Icecold: posts small blind $1
jackRizzar: posts big blind $3
*** HOLE CARDS ***
Icecold: raises $3 to $6
jackRizzar: calls $3
*** FLOP *** [Td 6c 7d]
jackRizzar: checks
Icecold: checks
*** TURN *** [Td 6c 7d] [Th]
jackRizzar: bets $6
Icecold: folds
Uncalled bet ($6) returned to jackRizzar
jackRizzar collected $11.76 from pot
jackRizzar: doesn't show hand
*** SUMMARY ***
Total pot $12 | Rake $0.24
Board [Td 6c 7d Th]
Seat 1: jackRizzar (big blind) collected ($11.76)
Seat 3: Icecold (button) (small blind) folded on the Turn


PokerStars Hand #165580883737:  Hold'em Limit ($3/$6 USD) - 2017/02/02 17:06:57 ET
Table 'Alkaid II' 6-max Seat #2 is the button
Seat 1: jackRizzar ($250.48 in chips)
Seat 2: knas4 ($434.44 in chips)
knas4: posts small blind $1
Actionni13: is sitting out
jackRizzar: posts big blind $3
*** HOLE CARDS ***
knas4: calls $2
Actionni13 leaves the table
jackRizzar: checks
*** FLOP *** [8d 9h 3d]
jackRizzar: bets $3
knas4: calls $3
*** TURN *** [8d 9h 3d] [Qh]
jackRizzar: bets $6
knas4: folds
Uncalled bet ($6) returned to jackRizzar
jackRizzar collected $11.76 from pot
jackRizzar: doesn't show hand
knas4 leaves the table
*** SUMMARY ***
Total pot $12 | Rake $0.24
Board [8d 9h 3d Qh]
Seat 1: jackRizzar (big blind) collected ($11.76)
Seat 2: knas4 (button) (small blind) folded on the Turn


