PokerStars Hand #148440287983:  Hold'em Limit ($3/$6 USD) - 2016/02/08 7:06:22 ET
Table 'Alkaid II' 6-max Seat #1 is the button
Seat 1: Andredias950 ($30.35 in chips)
Seat 4: AzureCaper ($72 in chips)
Andredias950: posts small blind $1
AzureCaper: posts big blind $3
*** HOLE CARDS ***
Andredias950: folds
Uncalled bet ($2) returned to AzureCaper
AzureCaper collected $2 from pot
AzureCaper: doesn't show hand
*** SUMMARY ***
Total pot $2 | Rake $0
Seat 1: Andredias950 (button) (small blind) folded before Flop
Seat 4: AzureCaper (big blind) collected ($2)


PokerStars Hand #148440310660:  Hold'em Limit ($3/$6 USD) - 2016/02/08 7:07:01 ET
Table 'Alkaid II' 6-max Seat #1 is the button
Seat 1: Andredias950 ($37.99 in chips)
Seat 4: AzureCaper ($72 in chips)
Andredias950: posts small blind $1
AzureCaper: posts big blind $3
*** HOLE CARDS ***
Andredias950: raises $3 to $6
AzureCaper: raises $3 to $9
Andredias950: calls $3
*** FLOP *** [Ts 5h Qc]
AzureCaper: bets $3
Andredias950: calls $3
*** TURN *** [Ts 5h Qc] [Jh]
AzureCaper: bets $6
Andredias950: calls $6
*** RIVER *** [Ts 5h Qc Jh] [7s]
AzureCaper: bets $6
Andredias950: calls $6
*** SHOW DOWN ***
AzureCaper: shows [Qd Ac] (a pair of Queens)
Andredias950: mucks hand
AzureCaper collected $47.50 from pot
*** SUMMARY ***
Total pot $48 | Rake $0.50
Board [Ts 5h Qc Jh 7s]
Seat 1: Andredias950 (button) (small blind) mucked
Seat 4: AzureCaper (big blind) showed [Qd Ac] and won ($47.50) with a pair of Queens


PokerStars Hand #148440321302:  Hold'em Limit ($3/$6 USD) - 2016/02/08 7:07:20 ET
Table 'Alkaid II' 6-max Seat #4 is the button
Seat 1: Andredias950 ($13.99 in chips)
Seat 4: AzureCaper ($95.50 in chips)
AzureCaper: posts small blind $1
Andredias950: posts big blind $3
*** HOLE CARDS ***
AzureCaper: folds
Uncalled bet ($2) returned to Andredias950
Andredias950 collected $2 from pot
*** SUMMARY ***
Total pot $2 | Rake $0
Seat 1: Andredias950 (big blind) collected ($2)
Seat 4: AzureCaper (button) (small blind) folded before Flop


PokerStars Hand #148440291848:  Hold'em Limit ($3/$6 USD) - 2016/02/08 7:06:28 ET
Table 'Alkaid II' 6-max Seat #4 is the button
Seat 1: Andredias950 ($29.35 in chips)
Seat 4: AzureCaper ($73 in chips)
AzureCaper: posts small blind $1
Andredias950: posts big blind $3
*** HOLE CARDS ***
AzureCaper: raises $3 to $6
Andredias950: calls $3
*** FLOP *** [Qh Jc 7h]
Andredias950: checks
AzureCaper: bets $3
Andredias950: calls $3
*** TURN *** [Qh Jc 7h] [Kd]
Andredias950: checks
AzureCaper: checks
*** RIVER *** [Qh Jc 7h Kd] [4c]
Andredias950: bets $6
AzureCaper: folds
Uncalled bet ($6) returned to Andredias950
Andredias950 collected $17.64 from pot
*** SUMMARY ***
Total pot $18 | Rake $0.36
Board [Qh Jc 7h Kd 4c]
Seat 1: Andredias950 (big blind) collected ($17.64)
Seat 4: AzureCaper (button) (small blind) folded on the River


PokerStars Hand #148440349816:  Hold'em Limit ($3/$6 USD) - 2016/02/08 7:08:09 ET
Table 'Alkaid II' 6-max Seat #1 is the button
Seat 1: Andredias950 ($7.99 in chips)
Seat 4: AzureCaper ($101.26 in chips)
Andredias950: posts small blind $1
AzureCaper: posts big blind $3
*** HOLE CARDS ***
Andredias950: raises $3 to $6
AzureCaper: calls $3
*** FLOP *** [5c 8h 9c]
AzureCaper: checks
Andredias950: bets $1.99 and is all-in
AzureCaper: calls $1.99
*** TURN *** [5c 8h 9c] [2c]
*** RIVER *** [5c 8h 9c 2c] [8d]
*** SHOW DOWN ***
AzureCaper: shows [6h 9h] (two pair, Nines and Eights)
Andredias950: shows [Td 7d] (a pair of Eights)
AzureCaper collected $15.66 from pot
*** SUMMARY ***
Total pot $15.98 | Rake $0.32
Board [5c 8h 9c 2c 8d]
Seat 1: Andredias950 (button) (small blind) showed [Td 7d] and lost with a pair of Eights
Seat 4: AzureCaper (big blind) showed [6h 9h] and won ($15.66) with two pair, Nines and Eights


PokerStars Hand #148440347188:  Hold'em Limit ($3/$6 USD) - 2016/02/08 7:08:05 ET
Table 'Alkaid II' 6-max Seat #4 is the button
Seat 1: Andredias950 ($6.99 in chips)
Seat 4: AzureCaper ($102.26 in chips)
AzureCaper: posts small blind $1
Andredias950: posts big blind $3
*** HOLE CARDS ***
AzureCaper: folds
Uncalled bet ($2) returned to Andredias950
Andredias950 collected $2 from pot
Andredias950: doesn't show hand
*** SUMMARY ***
Total pot $2 | Rake $0
Seat 1: Andredias950 (big blind) collected ($2)
Seat 4: AzureCaper (button) (small blind) folded before Flop


PokerStars Hand #148440344136:  Hold'em Limit ($3/$6 USD) - 2016/02/08 7:07:59 ET
Table 'Alkaid II' 6-max Seat #1 is the button
Seat 1: Andredias950 ($7.99 in chips)
Seat 4: AzureCaper ($101.26 in chips)
Andredias950: posts small blind $1
AzureCaper: posts big blind $3
*** HOLE CARDS ***
Andredias950: folds
Uncalled bet ($2) returned to AzureCaper
AzureCaper collected $2 from pot
AzureCaper: doesn't show hand
*** SUMMARY ***
Total pot $2 | Rake $0
Seat 1: Andredias950 (button) (small blind) folded before Flop
Seat 4: AzureCaper (big blind) collected ($2)


PokerStars Hand #148440341379:  Hold'em Limit ($3/$6 USD) - 2016/02/08 7:07:55 ET
Table 'Alkaid II' 6-max Seat #4 is the button
Seat 1: Andredias950 ($6.99 in chips)
Seat 4: AzureCaper ($102.26 in chips)
AzureCaper: posts small blind $1
Andredias950: posts big blind $3
*** HOLE CARDS ***
AzureCaper: folds
Uncalled bet ($2) returned to Andredias950
Andredias950 collected $2 from pot
Andredias950: doesn't show hand
*** SUMMARY ***
Total pot $2 | Rake $0
Seat 1: Andredias950 (big blind) collected ($2)
Seat 4: AzureCaper (button) (small blind) folded before Flop


PokerStars Hand #148440329130:  Hold'em Limit ($3/$6 USD) - 2016/02/08 7:07:33 ET
Table 'Alkaid II' 6-max Seat #4 is the button
Seat 1: Andredias950 ($13.99 in chips)
Seat 4: AzureCaper ($95.50 in chips)
AzureCaper: posts small blind $1
Andredias950: posts big blind $3
*** HOLE CARDS ***
AzureCaper: raises $3 to $6
Andredias950: calls $3
*** FLOP *** [Qd 9s Qc]
Andredias950: checks
AzureCaper: bets $3
Andredias950: folds
Uncalled bet ($3) returned to AzureCaper
AzureCaper collected $11.76 from pot
AzureCaper: doesn't show hand
*** SUMMARY ***
Total pot $12 | Rake $0.24
Board [Qd 9s Qc]
Seat 1: Andredias950 (big blind) folded on the Flop
Seat 4: AzureCaper (button) (small blind) collected ($11.76)


PokerStars Hand #148440389139:  Hold'em Limit ($3/$6 USD) - 2016/02/08 7:09:18 ET
Table 'Alkaid II' 6-max Seat #4 is the button
Seat 3: Ms Kapriz ($42 in chips)
Seat 4: AzureCaper ($72 in chips)
AzureCaper: posts small blind $1
Ms Kapriz: posts big blind $3
*** HOLE CARDS ***
AzureCaper: raises $3 to $6
Ms Kapriz: calls $3
*** FLOP *** [Td Ad 9h]
Ms Kapriz: checks
AzureCaper: bets $3
Ms Kapriz: folds
Uncalled bet ($3) returned to AzureCaper
AzureCaper collected $11.76 from pot
AzureCaper: doesn't show hand
*** SUMMARY ***
Total pot $12 | Rake $0.24
Board [Td Ad 9h]
Seat 3: Ms Kapriz (big blind) folded on the Flop
Seat 4: AzureCaper (button) (small blind) collected ($11.76)


PokerStars Hand #148440395789:  Hold'em Limit ($3/$6 USD) - 2016/02/08 7:09:29 ET
Table 'Alkaid II' 6-max Seat #3 is the button
Seat 3: Ms Kapriz ($36 in chips)
Seat 4: AzureCaper ($77.76 in chips)
Ms Kapriz: posts small blind $1
AzureCaper: posts big blind $3
*** HOLE CARDS ***
Ms Kapriz: raises $3 to $6
AzureCaper: calls $3
*** FLOP *** [3d 2d As]
AzureCaper: checks
Ms Kapriz: bets $3
AzureCaper: folds
Uncalled bet ($3) returned to Ms Kapriz
Ms Kapriz collected $11.76 from pot
Ms Kapriz: doesn't show hand
*** SUMMARY ***
Total pot $12 | Rake $0.24
Board [3d 2d As]
Seat 3: Ms Kapriz (button) (small blind) collected ($11.76)
Seat 4: AzureCaper (big blind) folded on the Flop


PokerStars Hand #148440483934:  Hold'em Limit ($3/$6 USD) - 2016/02/08 7:12:02 ET
Table 'Alkaid II' 6-max Seat #4 is the button
Seat 3: Ms Kapriz ($145.99 in chips)
Seat 4: AzureCaper ($72 in chips)
AzureCaper: posts small blind $1
Ms Kapriz: posts big blind $3
*** HOLE CARDS ***
AzureCaper: raises $3 to $6
Ms Kapriz: calls $3
*** FLOP *** [9h 4c Tc]
Ms Kapriz: checks
AzureCaper: bets $3
Ms Kapriz: folds
Uncalled bet ($3) returned to AzureCaper
AzureCaper collected $11.76 from pot
AzureCaper: doesn't show hand
*** SUMMARY ***
Total pot $12 | Rake $0.24
Board [9h 4c Tc]
Seat 3: Ms Kapriz (big blind) folded on the Flop
Seat 4: AzureCaper (button) (small blind) collected ($11.76)


