PokerStars Hand #167469219586:  Hold'em Limit ($3/$6 USD) - 2017/03/12 5:20:13 ET
Table 'Alkeste II' 6-max Seat #1 is the button
Seat 1: apx0surry9 ($150.34 in chips)
Seat 4: StoneFace007 ($121.88 in chips)
apx0surry9: posts small blind $1
StoneFace007: posts big blind $3
*** HOLE CARDS ***
apx0surry9: raises $3 to $6
StoneFace007: folds
Uncalled bet ($3) returned to apx0surry9
apx0surry9 collected $6 from pot
*** SUMMARY ***
Total pot $6 | Rake $0
Seat 1: apx0surry9 (button) (small blind) collected ($6)
Seat 4: StoneFace007 (big blind) folded before Flop


PokerStars Hand #167469231826:  Hold'em Limit ($3/$6 USD) - 2017/03/12 5:20:45 ET
Table 'Alkeste II' 6-max Seat #1 is the button
Seat 1: apx0surry9 ($173.84 in chips)
Seat 4: StoneFace007 ($97.88 in chips)
apx0surry9: posts small blind $1
StoneFace007: posts big blind $3
*** HOLE CARDS ***
apx0surry9: raises $3 to $6
StoneFace007: raises $3 to $9
apx0surry9: calls $3
*** FLOP *** [6h 6c 4c]
StoneFace007: bets $3
apx0surry9: raises $3 to $6
StoneFace007: raises $3 to $9
apx0surry9: calls $3
*** TURN *** [6h 6c 4c] [6s]
StoneFace007: bets $6
apx0surry9: calls $6
*** RIVER *** [6h 6c 4c 6s] [Ac]
StoneFace007: bets $6
cardsfromgod joins the table at seat #3
apx0surry9: raises $6 to $12
StoneFace007: calls $6
*** SHOW DOWN ***
apx0surry9: shows [As 4h] (a full house, Sixes full of Aces)
StoneFace007: mucks hand
apx0surry9 collected $71.50 from pot
*** SUMMARY ***
Total pot $72 | Rake $0.50
Board [6h 6c 4c 6s Ac]
Seat 1: apx0surry9 (button) (small blind) showed [As 4h] and won ($71.50) with a full house, Sixes full of Aces
Seat 4: StoneFace007 (big blind) mucked


PokerStars Hand #167469222935:  Hold'em Limit ($3/$6 USD) - 2017/03/12 5:20:22 ET
Table 'Alkeste II' 6-max Seat #4 is the button
Seat 1: apx0surry9 ($153.34 in chips)
Seat 4: StoneFace007 ($118.88 in chips)
StoneFace007: posts small blind $1
apx0surry9: posts big blind $3
*** HOLE CARDS ***
StoneFace007: raises $3 to $6
apx0surry9: calls $3
*** FLOP *** [2h 2c Ah]
apx0surry9: bets $3
StoneFace007: calls $3
*** TURN *** [2h 2c Ah] [9d]
apx0surry9: bets $6
StoneFace007: calls $6
*** RIVER *** [2h 2c Ah 9d] [4h]
apx0surry9: bets $6
StoneFace007: calls $6
*** SHOW DOWN ***
apx0surry9: shows [Qc 9s] (two pair, Nines and Deuces)
StoneFace007: mucks hand
apx0surry9 collected $41.50 from pot
*** SUMMARY ***
Total pot $42 | Rake $0.50
Board [2h 2c Ah 9d 4h]
Seat 1: apx0surry9 (big blind) showed [Qc 9s] and won ($41.50) with two pair, Nines and Deuces
Seat 4: StoneFace007 (button) (small blind) mucked


PokerStars Hand #167469244546:  Hold'em Limit ($3/$6 USD) - 2017/03/12 5:21:17 ET
Table 'Alkeste II' 6-max Seat #4 is the button
Seat 1: apx0surry9 ($209.34 in chips)
Seat 4: StoneFace007 ($61.88 in chips)
StoneFace007: posts small blind $1
apx0surry9: posts big blind $3
*** HOLE CARDS ***
StoneFace007: raises $3 to $6
apx0surry9 said, ":D"
apx0surry9: calls $3
*** FLOP *** [As 8s Kd]
apx0surry9: checks
StoneFace007: bets $3
apx0surry9: calls $3
*** TURN *** [As 8s Kd] [8h]
apx0surry9: checks
StoneFace007: checks
*** RIVER *** [As 8s Kd 8h] [9c]
apx0surry9: bets $6
StoneFace007: calls $6
*** SHOW DOWN ***
apx0surry9: shows [8d 6s] (three of a kind, Eights)
StoneFace007: mucks hand
apx0surry9 collected $29.50 from pot
*** SUMMARY ***
Total pot $30 | Rake $0.50
Board [As 8s Kd 8h 9c]
Seat 1: apx0surry9 (big blind) showed [8d 6s] and won ($29.50) with three of a kind, Eights
Seat 4: StoneFace007 (button) (small blind) mucked


PokerStars Hand #167469279362:  Hold'em Limit ($3/$6 USD) - 2017/03/12 5:22:46 ET
Table 'Alkeste II' 6-max Seat #3 is the button
Seat 3: cardsfromgod ($27 in chips)
Seat 4: StoneFace007 ($22.88 in chips)
cardsfromgod: posts small blind $1
StoneFace007: posts big blind $3
*** HOLE CARDS ***
apx0surry9 said, "lol"
cardsfromgod: folds
Uncalled bet ($2) returned to StoneFace007
StoneFace007 collected $2 from pot
*** SUMMARY ***
Total pot $2 | Rake $0
Seat 3: cardsfromgod (button) (small blind) folded before Flop
Seat 4: StoneFace007 (big blind) collected ($2)


PokerStars Hand #167469284533:  Hold'em Limit ($3/$6 USD) - 2017/03/12 5:22:59 ET
Table 'Alkeste II' 6-max Seat #4 is the button
Seat 3: cardsfromgod ($26 in chips)
Seat 4: StoneFace007 ($83.88 in chips)
StoneFace007: posts small blind $1
cardsfromgod: posts big blind $3
*** HOLE CARDS ***
StoneFace007: raises $3 to $6
cardsfromgod: calls $3
*** FLOP *** [8d 7s Ah]
cardsfromgod: checks
StoneFace007: bets $3
cardsfromgod: raises $3 to $6
StoneFace007: calls $3
*** TURN *** [8d 7s Ah] [Jh]
cardsfromgod: bets $6
StoneFace007: calls $6
*** RIVER *** [8d 7s Ah Jh] [9s]
cardsfromgod: bets $6
StoneFace007: calls $6
*** SHOW DOWN ***
cardsfromgod: shows [4c Ks] (high card Ace)
StoneFace007: shows [Ad 2h] (a pair of Aces)
StoneFace007 collected $47.50 from pot
*** SUMMARY ***
Total pot $48 | Rake $0.50
Board [8d 7s Ah Jh 9s]
Seat 3: cardsfromgod (big blind) showed [4c Ks] and lost with high card Ace
Seat 4: StoneFace007 (button) (small blind) showed [Ad 2h] and won ($47.50) with a pair of Aces


PokerStars Hand #167469308290:  Hold'em Limit ($3/$6 USD) - 2017/03/12 5:23:59 ET
Table 'Alkeste II' 6-max Seat #4 is the button
Seat 3: cardsfromgod ($37.76 in chips)
Seat 4: StoneFace007 ($101.38 in chips)
StoneFace007: posts small blind $1
cardsfromgod: posts big blind $3
*** HOLE CARDS ***
StoneFace007: raises $3 to $6
cardsfromgod: raises $3 to $9
StoneFace007: calls $3
*** FLOP *** [Ah 9c 6d]
cardsfromgod: bets $3
StoneFace007: folds
Uncalled bet ($3) returned to cardsfromgod
cardsfromgod collected $17.64 from pot
cardsfromgod: doesn't show hand
*** SUMMARY ***
Total pot $18 | Rake $0.36
Board [Ah 9c 6d]
Seat 3: cardsfromgod (big blind) collected ($17.64)
Seat 4: StoneFace007 (button) (small blind) folded on the Flop


PokerStars Hand #167469300862:  Hold'em Limit ($3/$6 USD) - 2017/03/12 5:23:40 ET
Table 'Alkeste II' 6-max Seat #3 is the button
Seat 3: cardsfromgod ($32 in chips)
Seat 4: StoneFace007 ($107.38 in chips)
cardsfromgod: posts small blind $1
StoneFace007: posts big blind $3
*** HOLE CARDS ***
cardsfromgod: raises $3 to $6
StoneFace007: calls $3
*** FLOP *** [4h Jd Kh]
StoneFace007: checks
cardsfromgod: bets $3
StoneFace007: folds
Uncalled bet ($3) returned to cardsfromgod
cardsfromgod collected $11.76 from pot
cardsfromgod: doesn't show hand
*** SUMMARY ***
Total pot $12 | Rake $0.24
Board [4h Jd Kh]
Seat 3: cardsfromgod (button) (small blind) collected ($11.76)
Seat 4: StoneFace007 (big blind) folded on the Flop


PokerStars Hand #167469317622:  Hold'em Limit ($3/$6 USD) - 2017/03/12 5:24:23 ET
Table 'Alkeste II' 6-max Seat #3 is the button
Seat 3: cardsfromgod ($46.40 in chips)
Seat 4: StoneFace007 ($92.38 in chips)
cardsfromgod: posts small blind $1
StoneFace007: posts big blind $3
*** HOLE CARDS ***
cardsfromgod: raises $3 to $6
StoneFace007: raises $3 to $9
cardsfromgod: calls $3
*** FLOP *** [Th Qd 6d]
StoneFace007: bets $3
cardsfromgod: folds
Uncalled bet ($3) returned to StoneFace007
StoneFace007 collected $17.64 from pot
*** SUMMARY ***
Total pot $18 | Rake $0.36
Board [Th Qd 6d]
Seat 3: cardsfromgod (button) (small blind) folded on the Flop
Seat 4: StoneFace007 (big blind) collected ($17.64)


PokerStars Hand #167469334395:  Hold'em Limit ($3/$6 USD) - 2017/03/12 5:25:05 ET
Table 'Alkeste II' 6-max Seat #4 is the button
Seat 3: cardsfromgod ($48.90 in chips)
Seat 4: StoneFace007 ($89.02 in chips)
StoneFace007: posts small blind $1
cardsfromgod: posts big blind $3
*** HOLE CARDS ***
StoneFace007: raises $3 to $6
cardsfromgod: calls $3
*** FLOP *** [7s 3c 2s]
cardsfromgod: checks
StoneFace007: bets $3
cardsfromgod: raises $3 to $6
StoneFace007: calls $3
*** TURN *** [7s 3c 2s] [7h]
cardsfromgod: bets $6
StoneFace007: calls $6
*** RIVER *** [7s 3c 2s 7h] [2h]
cardsfromgod: bets $6
StoneFace007: calls $6
*** SHOW DOWN ***
cardsfromgod: shows [Ks 8d] (two pair, Sevens and Deuces)
StoneFace007: shows [Jc Kh] (two pair, Sevens and Deuces)
cardsfromgod collected $23.75 from pot
StoneFace007 collected $23.75 from pot
*** SUMMARY ***
Total pot $48 | Rake $0.50
Board [7s 3c 2s 7h 2h]
Seat 3: cardsfromgod (big blind) showed [Ks 8d] and won ($23.75) with two pair, Sevens and Deuces
Seat 4: StoneFace007 (button) (small blind) showed [Jc Kh] and won ($23.75) with two pair, Sevens and Deuces


PokerStars Hand #167469327169:  Hold'em Limit ($3/$6 USD) - 2017/03/12 5:24:47 ET
Table 'Alkeste II' 6-max Seat #3 is the button
Seat 3: cardsfromgod ($34.40 in chips)
Seat 4: StoneFace007 ($104.02 in chips)
cardsfromgod: posts small blind $1
StoneFace007: posts big blind $3
*** HOLE CARDS ***
cardsfromgod: raises $3 to $6
StoneFace007: calls $3
*** FLOP *** [6h Tc 3s]
StoneFace007: bets $3
cardsfromgod: calls $3
*** TURN *** [6h Tc 3s] [Jh]
StoneFace007: bets $6
cardsfromgod: raises $6 to $12
StoneFace007: folds
Uncalled bet ($6) returned to cardsfromgod
cardsfromgod collected $29.50 from pot
cardsfromgod: doesn't show hand
*** SUMMARY ***
Total pot $30 | Rake $0.50
Board [6h Tc 3s Jh]
Seat 3: cardsfromgod (button) (small blind) collected ($29.50)
Seat 4: StoneFace007 (big blind) folded on the Turn


PokerStars Hand #167469342733:  Hold'em Limit ($3/$6 USD) - 2017/03/12 5:25:26 ET
Table 'Alkeste II' 6-max Seat #3 is the button
Seat 3: cardsfromgod ($48.65 in chips)
Seat 4: StoneFace007 ($88.77 in chips)
cardsfromgod: posts small blind $1
StoneFace007: posts big blind $3
*** HOLE CARDS ***
cardsfromgod: folds
Uncalled bet ($2) returned to StoneFace007
StoneFace007 collected $2 from pot
*** SUMMARY ***
Total pot $2 | Rake $0
Seat 3: cardsfromgod (button) (small blind) folded before Flop
Seat 4: StoneFace007 (big blind) collected ($2)


PokerStars Hand #167469324547:  Hold'em Limit ($3/$6 USD) - 2017/03/12 5:24:40 ET
Table 'Alkeste II' 6-max Seat #4 is the button
Seat 3: cardsfromgod ($37.40 in chips)
Seat 4: StoneFace007 ($101.02 in chips)
StoneFace007: posts small blind $1
cardsfromgod: posts big blind $3
*** HOLE CARDS ***
StoneFace007: raises $3 to $6
cardsfromgod: folds
Uncalled bet ($3) returned to StoneFace007
StoneFace007 collected $6 from pot
*** SUMMARY ***
Total pot $6 | Rake $0
Seat 3: cardsfromgod (big blind) folded before Flop
Seat 4: StoneFace007 (button) (small blind) collected ($6)


PokerStars Hand #167469353088:  Hold'em Limit ($3/$6 USD) - 2017/03/12 5:25:52 ET
Table 'Alkeste II' 6-max Seat #3 is the button
Seat 3: cardsfromgod ($71.15 in chips)
Seat 4: StoneFace007 ($65.77 in chips)
cardsfromgod: posts small blind $1
StoneFace007: posts big blind $3
*** HOLE CARDS ***
cardsfromgod: raises $3 to $6
StoneFace007: calls $3
*** FLOP *** [2d Ks Qs]
StoneFace007: checks
cardsfromgod: bets $3
StoneFace007: folds
Uncalled bet ($3) returned to cardsfromgod
cardsfromgod collected $11.76 from pot
cardsfromgod: doesn't show hand
*** SUMMARY ***
Total pot $12 | Rake $0.24
Board [2d Ks Qs]
Seat 3: cardsfromgod (button) (small blind) collected ($11.76)
Seat 4: StoneFace007 (big blind) folded on the Flop


PokerStars Hand #167469345032:  Hold'em Limit ($3/$6 USD) - 2017/03/12 5:25:32 ET
Table 'Alkeste II' 6-max Seat #4 is the button
Seat 3: cardsfromgod ($47.65 in chips)
Seat 4: StoneFace007 ($89.77 in chips)
StoneFace007: posts small blind $1
cardsfromgod: posts big blind $3
*** HOLE CARDS ***
StoneFace007: raises $3 to $6
cardsfromgod: calls $3
*** FLOP *** [3h Jh Ts]
cardsfromgod: checks
StoneFace007: bets $3
cardsfromgod: raises $3 to $6
Apanage joins the table at seat #2
StoneFace007: calls $3
*** TURN *** [3h Jh Ts] [9s]
cardsfromgod: bets $6
StoneFace007: calls $6
*** RIVER *** [3h Jh Ts 9s] [3s]
cardsfromgod: bets $6
StoneFace007: calls $6
*** SHOW DOWN ***
cardsfromgod: shows [Qd 8c] (a straight, Eight to Queen)
StoneFace007: mucks hand
cardsfromgod collected $47.50 from pot
*** SUMMARY ***
Total pot $48 | Rake $0.50
Board [3h Jh Ts 9s 3s]
Seat 3: cardsfromgod (big blind) showed [Qd 8c] and won ($47.50) with a straight, Eight to Queen
Seat 4: StoneFace007 (button) (small blind) mucked


PokerStars Hand #167469365981:  Hold'em Limit ($3/$6 USD) - 2017/03/12 5:26:25 ET
Table 'Alkeste II' 6-max Seat #2 is the button
Seat 2: Apanage ($86.61 in chips)
Seat 3: cardsfromgod ($70.91 in chips)
Apanage: posts small blind $1
cardsfromgod: posts big blind $3
*** HOLE CARDS ***
Apanage: folds
Uncalled bet ($2) returned to cardsfromgod
cardsfromgod collected $2 from pot
cardsfromgod: doesn't show hand
*** SUMMARY ***
Total pot $2 | Rake $0
Seat 2: Apanage (button) (small blind) folded before Flop
Seat 3: cardsfromgod (big blind) collected ($2)


PokerStars Hand #167469380579:  Hold'em Limit ($3/$6 USD) - 2017/03/12 5:27:02 ET
Table 'Alkeste II' 6-max Seat #3 is the button
Seat 2: Apanage ($73.61 in chips)
Seat 3: cardsfromgod ($83.41 in chips)
cardsfromgod: posts small blind $1
Apanage: posts big blind $3
*** HOLE CARDS ***
cardsfromgod: folds
Uncalled bet ($2) returned to Apanage
Apanage collected $2 from pot
Apanage: doesn't show hand
*** SUMMARY ***
Total pot $2 | Rake $0
Seat 2: Apanage (big blind) collected ($2)
Seat 3: cardsfromgod (button) (small blind) folded before Flop


PokerStars Hand #167469377981:  Hold'em Limit ($3/$6 USD) - 2017/03/12 5:26:55 ET
Table 'Alkeste II' 6-max Seat #2 is the button
Seat 2: Apanage ($70.61 in chips)
Seat 3: cardsfromgod ($86.41 in chips)
Apanage: posts small blind $1
cardsfromgod: posts big blind $3
*** HOLE CARDS ***
Apanage: raises $3 to $6
cardsfromgod: folds
Uncalled bet ($3) returned to Apanage
Apanage collected $6 from pot
Apanage: doesn't show hand
*** SUMMARY ***
Total pot $6 | Rake $0
Seat 2: Apanage (button) (small blind) collected ($6)
Seat 3: cardsfromgod (big blind) folded before Flop


PokerStars Hand #167469368104:  Hold'em Limit ($3/$6 USD) - 2017/03/12 5:26:30 ET
Table 'Alkeste II' 6-max Seat #3 is the button
Seat 2: Apanage ($85.61 in chips)
Seat 3: cardsfromgod ($71.91 in chips)
cardsfromgod: posts small blind $1
Apanage: posts big blind $3
*** HOLE CARDS ***
cardsfromgod: raises $3 to $6
Apanage: calls $3
*** FLOP *** [Ad Qd Qc]
Apanage: checks
cardsfromgod: bets $3
Apanage: calls $3
*** TURN *** [Ad Qd Qc] [2d]
Apanage: checks
cardsfromgod: bets $6
Apanage: calls $6
*** RIVER *** [Ad Qd Qc 2d] [6s]
Apanage: checks
cardsfromgod: bets $6
Apanage: folds
Uncalled bet ($6) returned to cardsfromgod
cardsfromgod collected $29.50 from pot
cardsfromgod: doesn't show hand
*** SUMMARY ***
Total pot $30 | Rake $0.50
Board [Ad Qd Qc 2d 6s]
Seat 2: Apanage (big blind) folded on the River
Seat 3: cardsfromgod (button) (small blind) collected ($29.50)


PokerStars Hand #167469382769:  Hold'em Limit ($3/$6 USD) - 2017/03/12 5:27:07 ET
Table 'Alkeste II' 6-max Seat #2 is the button
Seat 2: Apanage ($74.61 in chips)
Seat 3: cardsfromgod ($82.41 in chips)
Apanage: posts small blind $1
cardsfromgod: posts big blind $3
*** HOLE CARDS ***
Apanage: raises $3 to $6
cardsfromgod: raises $3 to $9
Apanage: calls $3
*** FLOP *** [Js Qc 3s]
cardsfromgod: bets $3
Apanage: folds
Uncalled bet ($3) returned to cardsfromgod
cardsfromgod collected $17.64 from pot
cardsfromgod: doesn't show hand
*** SUMMARY ***
Total pot $18 | Rake $0.36
Board [Js Qc 3s]
Seat 2: Apanage (button) (small blind) folded on the Flop
Seat 3: cardsfromgod (big blind) collected ($17.64)


PokerStars Hand #167471038056:  Hold'em Limit ($3/$6 USD) - 2017/03/12 6:32:31 ET
Table 'Alkeste II' 6-max Seat #2 is the button
Seat 2: Apanage ($63.66 in chips)
Seat 4: Devil1955 ($95.14 in chips)
Apanage: posts small blind $1
Devil1955: posts big blind $3
*** HOLE CARDS ***
Apanage: raises $3 to $6
Devil1955: calls $3
*** FLOP *** [2h 8s 4d]
Devil1955: checks
Apanage: bets $3
Devil1955: folds
Uncalled bet ($3) returned to Apanage
Apanage collected $11.76 from pot
Apanage: doesn't show hand
*** SUMMARY ***
Total pot $12 | Rake $0.24
Board [2h 8s 4d]
Seat 2: Apanage (button) (small blind) collected ($11.76)
Seat 4: Devil1955 (big blind) folded on the Flop


PokerStars Hand #167471035238:  Hold'em Limit ($3/$6 USD) - 2017/03/12 6:32:25 ET
Table 'Alkeste II' 6-max Seat #4 is the button
Seat 2: Apanage ($62.66 in chips)
Seat 4: Devil1955 ($96.14 in chips)
Devil1955: posts small blind $1
boogi: is sitting out
Apanage: posts big blind $3
*** HOLE CARDS ***
Devil1955: folds
Uncalled bet ($2) returned to Apanage
boogi leaves the table
Apanage collected $2 from pot
Apanage: doesn't show hand
*** SUMMARY ***
Total pot $2 | Rake $0
Seat 2: Apanage (big blind) collected ($2)
Seat 4: Devil1955 (button) (small blind) folded before Flop


PokerStars Hand #167471057957:  Hold'em Limit ($3/$6 USD) - 2017/03/12 6:33:14 ET
Table 'Alkeste II' 6-max Seat #4 is the button
Seat 2: Apanage ($49.42 in chips)
Seat 4: Devil1955 ($108.64 in chips)
Devil1955: posts small blind $1
Apanage: posts big blind $3
*** HOLE CARDS ***
Devil1955: calls $2
Apanage: checks
*** FLOP *** [6h 9h Qc]
Apanage: checks
Devil1955: bets $3
Apanage: raises $3 to $6
Devil1955: calls $3
*** TURN *** [6h 9h Qc] [Qd]
Apanage: bets $6
Devil1955: raises $6 to $12
Apanage: calls $6
*** RIVER *** [6h 9h Qc Qd] [6c]
Apanage: checks
Devil1955: bets $6
Apanage: folds
Uncalled bet ($6) returned to Devil1955
Devil1955 collected $41.50 from pot
Devil1955: doesn't show hand
*** SUMMARY ***
Total pot $42 | Rake $0.50
Board [6h 9h Qc Qd 6c]
Seat 2: Apanage (big blind) folded on the River
Seat 4: Devil1955 (button) (small blind) collected ($41.50)


PokerStars Hand #167471045502:  Hold'em Limit ($3/$6 USD) - 2017/03/12 6:32:47 ET
Table 'Alkeste II' 6-max Seat #2 is the button
Seat 2: Apanage ($70.42 in chips)
Seat 4: Devil1955 ($88.14 in chips)
Apanage: posts small blind $1
Devil1955: posts big blind $3
*** HOLE CARDS ***
Apanage: raises $3 to $6
Devil1955: calls $3
*** FLOP *** [6d 7s 8c]
Devil1955: checks
Apanage: bets $3
Devil1955: calls $3
*** TURN *** [6d 7s 8c] [8h]
Devil1955: checks
Apanage: bets $6
Devil1955: calls $6
*** RIVER *** [6d 7s 8c 8h] [Ks]
Devil1955: bets $6
Apanage: calls $6
*** SHOW DOWN ***
Devil1955: shows [Kh 6h] (two pair, Kings and Eights)
Apanage: mucks hand
Devil1955 collected $41.50 from pot
*** SUMMARY ***
Total pot $42 | Rake $0.50
Board [6d 7s 8c 8h Ks]
Seat 2: Apanage (button) (small blind) mucked
Seat 4: Devil1955 (big blind) showed [Kh 6h] and won ($41.50) with two pair, Kings and Eights


