PokerStars Hand #146593593984:  Hold'em Limit ($3/$6 USD) - 2016/01/06 17:58:53 ET
Table 'Alkimos IV' 2-max Seat #2 is the button
Seat 1: Unkoa ($30 in chips)
Seat 2: ChrisTuff ($149.26 in chips)
ChrisTuff: posts small blind $1
Unkoa: posts big blind $3
*** HOLE CARDS ***
ChrisTuff: raises $3 to $6
Unkoa: calls $3
*** FLOP *** [7c Qc Kd]
Unkoa: checks
ChrisTuff: bets $3
Unkoa: calls $3
*** TURN *** [7c Qc Kd] [6h]
Unkoa: checks
ChrisTuff: bets $6
Unkoa: raises $6 to $12
ChrisTuff: raises $6 to $18
Unkoa: calls $6
*** RIVER *** [7c Qc Kd 6h] [5h]
Unkoa: checks
ChrisTuff: bets $6
Unkoa: calls $3 and is all-in
Uncalled bet ($3) returned to ChrisTuff
*** SHOW DOWN ***
ChrisTuff: shows [7h 6c] (two pair, Sevens and Sixes)
Unkoa: shows [Qs Ts] (a pair of Queens)
ChrisTuff collected $59.50 from pot
*** SUMMARY ***
Total pot $60 | Rake $0.50
Board [7c Qc Kd 6h 5h]
Seat 1: Unkoa (big blind) showed [Qs Ts] and lost with a pair of Queens
Seat 2: ChrisTuff (button) (small blind) showed [7h 6c] and won ($59.50) with two pair, Sevens and Sixes


PokerStars Hand #146593662219:  Hold'em Limit ($3/$6 USD) - 2016/01/06 18:00:19 ET
Table 'Alkimos IV' 2-max Seat #1 is the button
Seat 1: Unkoa ($44.50 in chips)
Seat 2: ChrisTuff ($163.52 in chips)
Unkoa: posts small blind $1
ChrisTuff: posts big blind $3
*** HOLE CARDS ***
Unkoa: folds
Uncalled bet ($2) returned to ChrisTuff
ChrisTuff collected $2 from pot
ChrisTuff: doesn't show hand
*** SUMMARY ***
Total pot $2 | Rake $0
Seat 1: Unkoa (button) (small blind) folded before Flop
Seat 2: ChrisTuff (big blind) collected ($2)


PokerStars Hand #146593653336:  Hold'em Limit ($3/$6 USD) - 2016/01/06 18:00:09 ET
Table 'Alkimos IV' 2-max Seat #2 is the button
Seat 1: Unkoa ($50.50 in chips)
Seat 2: ChrisTuff ($157.76 in chips)
ChrisTuff: posts small blind $1
Unkoa: posts big blind $3
*** HOLE CARDS ***
ChrisTuff: raises $3 to $6
Unkoa: calls $3
*** FLOP *** [8s Kh 8d]
Unkoa: checks
ChrisTuff: bets $3
Unkoa: folds
Uncalled bet ($3) returned to ChrisTuff
ChrisTuff collected $11.76 from pot
ChrisTuff: doesn't show hand
*** SUMMARY ***
Total pot $12 | Rake $0.24
Board [8s Kh 8d]
Seat 1: Unkoa (big blind) folded on the Flop
Seat 2: ChrisTuff (button) (small blind) collected ($11.76)


PokerStars Hand #146593629421:  Hold'em Limit ($3/$6 USD) - 2016/01/06 17:59:38 ET
Table 'Alkimos IV' 2-max Seat #1 is the button
Seat 1: Unkoa ($30 in chips)
Seat 2: ChrisTuff ($178.76 in chips)
Unkoa: posts small blind $1
ChrisTuff: posts big blind $3
*** HOLE CARDS ***
Unkoa: calls $2
ChrisTuff: raises $3 to $6
Unkoa: raises $3 to $9
ChrisTuff: calls $3
*** FLOP *** [3s Jc Qh]
ChrisTuff: checks
Unkoa: checks
*** TURN *** [3s Jc Qh] [7s]
ChrisTuff: checks
Unkoa: bets $6
ChrisTuff: calls $6
*** RIVER *** [3s Jc Qh 7s] [Kc]
ChrisTuff: checks
Unkoa: bets $6
ChrisTuff: calls $6
*** SHOW DOWN ***
Unkoa: shows [Qs Qc] (three of a kind, Queens)
ChrisTuff: mucks hand
Unkoa collected $41.50 from pot
*** SUMMARY ***
Total pot $42 | Rake $0.50
Board [3s Jc Qh 7s Kc]
Seat 1: Unkoa (button) (small blind) showed [Qs Qc] and won ($41.50) with three of a kind, Queens
Seat 2: ChrisTuff (big blind) mucked


PokerStars Hand #146593705011:  Hold'em Limit ($3/$6 USD) - 2016/01/06 18:01:11 ET
Table 'Alkimos IV' 2-max Seat #2 is the button
Seat 1: Unkoa ($47 in chips)
Seat 2: ChrisTuff ($160.16 in chips)
ChrisTuff: posts small blind $1
Unkoa: posts big blind $3
*** HOLE CARDS ***
ChrisTuff: raises $3 to $6
Unkoa: calls $3
*** FLOP *** [8h 3s 6h]
Unkoa: checks
ChrisTuff: bets $3
Unkoa: calls $3
*** TURN *** [8h 3s 6h] [2d]
Unkoa: checks
ChrisTuff: checks
*** RIVER *** [8h 3s 6h 2d] [Ac]
Unkoa: bets $6
ChrisTuff: folds
Uncalled bet ($6) returned to Unkoa
Unkoa collected $17.64 from pot
Unkoa: doesn't show hand
*** SUMMARY ***
Total pot $18 | Rake $0.36
Board [8h 3s 6h 2d Ac]
Seat 1: Unkoa (big blind) collected ($17.64)
Seat 2: ChrisTuff (button) (small blind) folded on the River


PokerStars Hand #146593699776:  Hold'em Limit ($3/$6 USD) - 2016/01/06 18:01:05 ET
Table 'Alkimos IV' 2-max Seat #1 is the button
Seat 1: Unkoa ($48 in chips)
Seat 2: ChrisTuff ($159.16 in chips)
Unkoa: posts small blind $1
ChrisTuff: posts big blind $3
*** HOLE CARDS ***
Unkoa: folds
Uncalled bet ($2) returned to ChrisTuff
ChrisTuff collected $2 from pot
ChrisTuff: doesn't show hand
*** SUMMARY ***
Total pot $2 | Rake $0
Seat 1: Unkoa (button) (small blind) folded before Flop
Seat 2: ChrisTuff (big blind) collected ($2)


PokerStars Hand #146593684483:  Hold'em Limit ($3/$6 USD) - 2016/01/06 18:00:47 ET
Table 'Alkimos IV' 2-max Seat #2 is the button
Seat 1: Unkoa ($33.50 in chips)
Seat 2: ChrisTuff ($174.16 in chips)
ChrisTuff: posts small blind $1
Unkoa: posts big blind $3
*** HOLE CARDS ***
ChrisTuff: raises $3 to $6
Unkoa: raises $3 to $9
ChrisTuff: calls $3
*** FLOP *** [2c Ad As]
Unkoa: checks
ChrisTuff: checks
*** TURN *** [2c Ad As] [Jd]
Unkoa: checks
ChrisTuff: checks
*** RIVER *** [2c Ad As Jd] [8h]
Unkoa: bets $6
ChrisTuff: calls $6
*** SHOW DOWN ***
Unkoa: shows [Ah Jc] (a full house, Aces full of Jacks)
ChrisTuff: mucks hand
Unkoa collected $29.50 from pot
*** SUMMARY ***
Total pot $30 | Rake $0.50
Board [2c Ad As Jd 8h]
Seat 1: Unkoa (big blind) showed [Ah Jc] and won ($29.50) with a full house, Aces full of Jacks
Seat 2: ChrisTuff (button) (small blind) mucked


PokerStars Hand #146593679859:  Hold'em Limit ($3/$6 USD) - 2016/01/06 18:00:41 ET
Table 'Alkimos IV' 2-max Seat #1 is the button
Seat 1: Unkoa ($34.50 in chips)
Seat 2: ChrisTuff ($173.16 in chips)
Unkoa: posts small blind $1
ChrisTuff: posts big blind $3
*** HOLE CARDS ***
Unkoa: folds
Uncalled bet ($2) returned to ChrisTuff
ChrisTuff collected $2 from pot
ChrisTuff: doesn't show hand
*** SUMMARY ***
Total pot $2 | Rake $0
Seat 1: Unkoa (button) (small blind) folded before Flop
Seat 2: ChrisTuff (big blind) collected ($2)


PokerStars Hand #146593666450:  Hold'em Limit ($3/$6 USD) - 2016/01/06 18:00:25 ET
Table 'Alkimos IV' 2-max Seat #2 is the button
Seat 1: Unkoa ($43.50 in chips)
Seat 2: ChrisTuff ($164.52 in chips)
ChrisTuff: posts small blind $1
Unkoa: posts big blind $3
*** HOLE CARDS ***
ChrisTuff: raises $3 to $6
Unkoa: calls $3
*** FLOP *** [Jh 9d 3c]
Unkoa: checks
ChrisTuff: bets $3
Unkoa: calls $3
*** TURN *** [Jh 9d 3c] [Ks]
Unkoa: checks
ChrisTuff: bets $6
Unkoa: folds
Uncalled bet ($6) returned to ChrisTuff
ChrisTuff collected $17.64 from pot
ChrisTuff: doesn't show hand
*** SUMMARY ***
Total pot $18 | Rake $0.36
Board [Jh 9d 3c Ks]
Seat 1: Unkoa (big blind) folded on the Turn
Seat 2: ChrisTuff (button) (small blind) collected ($17.64)


PokerStars Hand #146593770599:  Hold'em Limit ($3/$6 USD) - 2016/01/06 18:02:23 ET
Table 'Alkimos IV' 2-max Seat #1 is the button
Seat 1: Unkoa ($40.52 in chips)
Seat 2: ChrisTuff ($165.44 in chips)
Unkoa: posts small blind $1
ChrisTuff: posts big blind $3
*** HOLE CARDS ***
Unkoa: folds
Uncalled bet ($2) returned to ChrisTuff
ChrisTuff collected $2 from pot
ChrisTuff: doesn't show hand
*** SUMMARY ***
Total pot $2 | Rake $0
Seat 1: Unkoa (button) (small blind) folded before Flop
Seat 2: ChrisTuff (big blind) collected ($2)


PokerStars Hand #146593757140:  Hold'em Limit ($3/$6 USD) - 2016/01/06 18:02:08 ET
Table 'Alkimos IV' 2-max Seat #2 is the button
Seat 1: Unkoa ($49.52 in chips)
Seat 2: ChrisTuff ($156.80 in chips)
ChrisTuff: posts small blind $1
Unkoa: posts big blind $3
*** HOLE CARDS ***
ChrisTuff: raises $3 to $6
Unkoa: calls $3
*** FLOP *** [2c Jh 7d]
Unkoa: checks
ChrisTuff: bets $3
Unkoa: calls $3
*** TURN *** [2c Jh 7d] [Th]
Unkoa: checks
ChrisTuff: bets $6
Unkoa: folds
Uncalled bet ($6) returned to ChrisTuff
ChrisTuff collected $17.64 from pot
ChrisTuff: doesn't show hand
*** SUMMARY ***
Total pot $18 | Rake $0.36
Board [2c Jh 7d Th]
Seat 1: Unkoa (big blind) folded on the Turn
Seat 2: ChrisTuff (button) (small blind) collected ($17.64)


PokerStars Hand #146593745113:  Hold'em Limit ($3/$6 USD) - 2016/01/06 18:01:55 ET
Table 'Alkimos IV' 2-max Seat #1 is the button
Seat 1: Unkoa ($46.64 in chips)
Seat 2: ChrisTuff ($159.80 in chips)
Unkoa: posts small blind $1
ChrisTuff: posts big blind $3
*** HOLE CARDS ***
Unkoa: calls $2
ChrisTuff: checks
*** FLOP *** [6d Qd Kh]
ChrisTuff: checks
Unkoa: checks
*** TURN *** [6d Qd Kh] [9s]
ChrisTuff: checks
Unkoa: bets $6
ChrisTuff: folds
Uncalled bet ($6) returned to Unkoa
Unkoa collected $5.88 from pot
Unkoa: doesn't show hand
*** SUMMARY ***
Total pot $6 | Rake $0.12
Board [6d Qd Kh 9s]
Seat 1: Unkoa (button) (small blind) collected ($5.88)
Seat 2: ChrisTuff (big blind) folded on the Turn


PokerStars Hand #146593735027:  Hold'em Limit ($3/$6 USD) - 2016/01/06 18:01:44 ET
Table 'Alkimos IV' 2-max Seat #2 is the button
Seat 1: Unkoa ($52.64 in chips)
Seat 2: ChrisTuff ($154.04 in chips)
ChrisTuff: posts small blind $1
Unkoa: posts big blind $3
*** HOLE CARDS ***
ChrisTuff: raises $3 to $6
Unkoa: calls $3
*** FLOP *** [9s Jc Ah]
Unkoa: checks
ChrisTuff: bets $3
Unkoa: folds
Uncalled bet ($3) returned to ChrisTuff
ChrisTuff collected $11.76 from pot
ChrisTuff: doesn't show hand
*** SUMMARY ***
Total pot $12 | Rake $0.24
Board [9s Jc Ah]
Seat 1: Unkoa (big blind) folded on the Flop
Seat 2: ChrisTuff (button) (small blind) collected ($11.76)


PokerStars Hand #146593722312:  Hold'em Limit ($3/$6 USD) - 2016/01/06 18:01:30 ET
Table 'Alkimos IV' 2-max Seat #1 is the button
Seat 1: Unkoa ($55.64 in chips)
Seat 2: ChrisTuff ($151.16 in chips)
Unkoa: posts small blind $1
ChrisTuff: posts big blind $3
*** HOLE CARDS ***
Unkoa: calls $2
ChrisTuff: checks
*** FLOP *** [7s Ad 2h]
ChrisTuff: checks
Unkoa: checks
*** TURN *** [7s Ad 2h] [9c]
ChrisTuff: checks
Unkoa: checks
*** RIVER *** [7s Ad 2h 9c] [3c]
ChrisTuff: checks
Unkoa: checks
*** SHOW DOWN ***
ChrisTuff: shows [Ts 3s] (a pair of Threes)
Unkoa: mucks hand
ChrisTuff collected $5.88 from pot
*** SUMMARY ***
Total pot $6 | Rake $0.12
Board [7s Ad 2h 9c 3c]
Seat 1: Unkoa (button) (small blind) mucked
Seat 2: ChrisTuff (big blind) showed [Ts 3s] and won ($5.88) with a pair of Threes


PokerStars Hand #146593788127:  Hold'em Limit ($3/$6 USD) - 2016/01/06 18:02:41 ET
Table 'Alkimos IV' 2-max Seat #1 is the button
Seat 1: Unkoa ($48.16 in chips)
Seat 2: ChrisTuff ($157.44 in chips)
Unkoa: posts small blind $1
ChrisTuff: posts big blind $3
*** HOLE CARDS ***
Unkoa: raises $3 to $6
ChrisTuff: calls $3
*** FLOP *** [Qd 6d 2h]
ChrisTuff: checks
Unkoa: bets $3
ChrisTuff: calls $3
*** TURN *** [Qd 6d 2h] [4c]
ChrisTuff: checks
Unkoa: bets $6
ChrisTuff: calls $6
*** RIVER *** [Qd 6d 2h 4c] [5d]
ChrisTuff: checks
Unkoa: bets $6
ChrisTuff: raises $6 to $12
Unkoa: calls $6
*** SHOW DOWN ***
ChrisTuff: shows [Kh 3s] (a straight, Deuce to Six)
Unkoa: mucks hand
ChrisTuff collected $53.50 from pot
*** SUMMARY ***
Total pot $54 | Rake $0.50
Board [Qd 6d 2h 4c 5d]
Seat 1: Unkoa (button) (small blind) mucked
Seat 2: ChrisTuff (big blind) showed [Kh 3s] and won ($53.50) with a straight, Deuce to Six


PokerStars Hand #146593775618:  Hold'em Limit ($3/$6 USD) - 2016/01/06 18:02:28 ET
Table 'Alkimos IV' 2-max Seat #2 is the button
Seat 1: Unkoa ($39.52 in chips)
Seat 2: ChrisTuff ($166.44 in chips)
ChrisTuff: posts small blind $1
Unkoa: posts big blind $3
*** HOLE CARDS ***
ChrisTuff: raises $3 to $6
Unkoa: calls $3
*** FLOP *** [Jc Qc 7s]
Unkoa: bets $3
ChrisTuff: calls $3
*** TURN *** [Jc Qc 7s] [5c]
Unkoa: bets $6
ChrisTuff: folds
Uncalled bet ($6) returned to Unkoa
Unkoa collected $17.64 from pot
Unkoa: doesn't show hand
*** SUMMARY ***
Total pot $18 | Rake $0.36
Board [Jc Qc 7s 5c]
Seat 1: Unkoa (big blind) collected ($17.64)
Seat 2: ChrisTuff (button) (small blind) folded on the Turn


PokerStars Hand #146593883411:  Hold'em Limit ($3/$6 USD) - 2016/01/06 18:04:21 ET
Table 'Alkimos IV' 2-max Seat #2 is the button
Seat 1: Unkoa ($29 in chips)
Seat 2: ChrisTuff ($205.60 in chips)
ChrisTuff: posts small blind $1
Unkoa: posts big blind $3
*** HOLE CARDS ***
ChrisTuff: folds
Uncalled bet ($2) returned to Unkoa
Unkoa collected $2 from pot
Unkoa: doesn't show hand
*** SUMMARY ***
Total pot $2 | Rake $0
Seat 1: Unkoa (big blind) collected ($2)
Seat 2: ChrisTuff (button) (small blind) folded before Flop


PokerStars Hand #146593876757:  Hold'em Limit ($3/$6 USD) - 2016/01/06 18:04:14 ET
Table 'Alkimos IV' 2-max Seat #1 is the button
Seat 1: Unkoa ($30 in chips)
Seat 2: ChrisTuff ($204.60 in chips)
Unkoa: posts small blind $1
ChrisTuff: posts big blind $3
*** HOLE CARDS ***
Unkoa: folds
Uncalled bet ($2) returned to ChrisTuff
ChrisTuff collected $2 from pot
ChrisTuff: doesn't show hand
*** SUMMARY ***
Total pot $2 | Rake $0
Seat 1: Unkoa (button) (small blind) folded before Flop
Seat 2: ChrisTuff (big blind) collected ($2)


PokerStars Hand #146593806470:  Hold'em Limit ($3/$6 USD) - 2016/01/06 18:03:01 ET
Table 'Alkimos IV' 2-max Seat #2 is the button
Seat 1: Unkoa ($21.16 in chips)
Seat 2: ChrisTuff ($183.94 in chips)
ChrisTuff: posts small blind $1
Unkoa: posts big blind $3
*** HOLE CARDS ***
ChrisTuff: raises $3 to $6
Unkoa: calls $3
*** FLOP *** [7d Kh 9s]
Unkoa: checks
ChrisTuff: bets $3
Unkoa: calls $3
*** TURN *** [7d Kh 9s] [Ks]
Unkoa: checks
ChrisTuff: checks
*** RIVER *** [7d Kh 9s Ks] [Tc]
Unkoa: bets $6
ChrisTuff: raises $6 to $12
Unkoa: raises $0.16 to $12.16 and is all-in
ChrisTuff: calls $0.16
*** SHOW DOWN ***
Unkoa: shows [7s Jc] (two pair, Kings and Sevens)
ChrisTuff: shows [Qc Jd] (a straight, Nine to King)
ChrisTuff collected $41.82 from pot
*** SUMMARY ***
Total pot $42.32 | Rake $0.50
Board [7d Kh 9s Ks Tc]
Seat 1: Unkoa (big blind) showed [7s Jc] and lost with two pair, Kings and Sevens
Seat 2: ChrisTuff (button) (small blind) showed [Qc Jd] and won ($41.82) with a straight, Nine to King


PokerStars Hand #146593942641:  Hold'em Limit ($3/$6 USD) - 2016/01/06 18:05:20 ET
Table 'Alkimos IV' 2-max Seat #2 is the button
Seat 1: Unkoa ($36.28 in chips)
Seat 2: ChrisTuff ($197.24 in chips)
ChrisTuff: posts small blind $1
Unkoa: posts big blind $3
*** HOLE CARDS ***
ChrisTuff: raises $3 to $6
Unkoa: calls $3
*** FLOP *** [As Kd Td]
Unkoa: checks
ChrisTuff: bets $3
Unkoa: folds
Uncalled bet ($3) returned to ChrisTuff
ChrisTuff collected $11.76 from pot
ChrisTuff: doesn't show hand
*** SUMMARY ***
Total pot $12 | Rake $0.24
Board [As Kd Td]
Seat 1: Unkoa (big blind) folded on the Flop
Seat 2: ChrisTuff (button) (small blind) collected ($11.76)


PokerStars Hand #146593925712:  Hold'em Limit ($3/$6 USD) - 2016/01/06 18:05:03 ET
Table 'Alkimos IV' 2-max Seat #1 is the button
Seat 1: Unkoa ($24.76 in chips)
Seat 2: ChrisTuff ($209.24 in chips)
Unkoa: posts small blind $1
ChrisTuff: posts big blind $3
*** HOLE CARDS ***
Unkoa: raises $3 to $6
ChrisTuff: calls $3
*** FLOP *** [8d 5c Ah]
ChrisTuff: checks
Unkoa: checks
*** TURN *** [8d 5c Ah] [5s]
ChrisTuff: bets $6
Unkoa: calls $6
*** RIVER *** [8d 5c Ah 5s] [4c]
ChrisTuff: checks
Unkoa: bets $6
ChrisTuff: folds
Uncalled bet ($6) returned to Unkoa
Unkoa collected $23.52 from pot
Unkoa: doesn't show hand
*** SUMMARY ***
Total pot $24 | Rake $0.48
Board [8d 5c Ah 5s 4c]
Seat 1: Unkoa (button) (small blind) collected ($23.52)
Seat 2: ChrisTuff (big blind) folded on the River


PokerStars Hand #146593918304:  Hold'em Limit ($3/$6 USD) - 2016/01/06 18:04:55 ET
Table 'Alkimos IV' 2-max Seat #2 is the button
Seat 1: Unkoa ($27.76 in chips)
Seat 2: ChrisTuff ($206.24 in chips)
ChrisTuff: posts small blind $1
Unkoa: posts big blind $3
*** HOLE CARDS ***
ChrisTuff: raises $3 to $6
Unkoa: folds
Uncalled bet ($3) returned to ChrisTuff
ChrisTuff collected $6 from pot
ChrisTuff: doesn't show hand
*** SUMMARY ***
Total pot $6 | Rake $0
Seat 1: Unkoa (big blind) folded before Flop
Seat 2: ChrisTuff (button) (small blind) collected ($6)


PokerStars Hand #146593905063:  Hold'em Limit ($3/$6 USD) - 2016/01/06 18:04:42 ET
Table 'Alkimos IV' 2-max Seat #1 is the button
Seat 1: Unkoa ($36.76 in chips)
Seat 2: ChrisTuff ($197.60 in chips)
Unkoa: posts small blind $1
ChrisTuff: posts big blind $3
*** HOLE CARDS ***
Unkoa: raises $3 to $6
ChrisTuff: calls $3
*** FLOP *** [3d 3c 9h]
ChrisTuff: checks
Unkoa: bets $3
ChrisTuff: raises $3 to $6
Unkoa: folds
Uncalled bet ($3) returned to ChrisTuff
ChrisTuff collected $17.64 from pot
ChrisTuff: doesn't show hand
*** SUMMARY ***
Total pot $18 | Rake $0.36
Board [3d 3c 9h]
Seat 1: Unkoa (button) (small blind) folded on the Flop
Seat 2: ChrisTuff (big blind) collected ($17.64)


PokerStars Hand #146593899913:  Hold'em Limit ($3/$6 USD) - 2016/01/06 18:04:37 ET
Table 'Alkimos IV' 2-max Seat #2 is the button
Seat 1: Unkoa ($35.76 in chips)
Seat 2: ChrisTuff ($198.60 in chips)
ChrisTuff: posts small blind $1
Unkoa: posts big blind $3
*** HOLE CARDS ***
ChrisTuff: folds
Uncalled bet ($2) returned to Unkoa
Unkoa collected $2 from pot
Unkoa: doesn't show hand
*** SUMMARY ***
Total pot $2 | Rake $0
Seat 1: Unkoa (big blind) collected ($2)
Seat 2: ChrisTuff (button) (small blind) folded before Flop


PokerStars Hand #146593890894:  Hold'em Limit ($3/$6 USD) - 2016/01/06 18:04:28 ET
Table 'Alkimos IV' 2-max Seat #1 is the button
Seat 1: Unkoa ($30 in chips)
Seat 2: ChrisTuff ($204.60 in chips)
Unkoa: posts small blind $1
ChrisTuff: posts big blind $3
*** HOLE CARDS ***
Unkoa: raises $3 to $6
ChrisTuff: calls $3
*** FLOP *** [Js Ad Qs]
ChrisTuff: checks
Unkoa: bets $3
ChrisTuff: folds
Uncalled bet ($3) returned to Unkoa
Unkoa collected $11.76 from pot
Unkoa: doesn't show hand
*** SUMMARY ***
Total pot $12 | Rake $0.24
Board [Js Ad Qs]
Seat 1: Unkoa (button) (small blind) collected ($11.76)
Seat 2: ChrisTuff (big blind) folded on the Flop


PokerStars Hand #146594001778:  Hold'em Limit ($3/$6 USD) - 2016/01/06 18:06:18 ET
Table 'Alkimos IV' 2-max Seat #1 is the button
Seat 1: Unkoa ($30.92 in chips)
Seat 2: ChrisTuff ($201.76 in chips)
Unkoa: posts small blind $1
ChrisTuff: posts big blind $3
*** HOLE CARDS ***
Unkoa: calls $2
ChrisTuff: checks
*** FLOP *** [Jd Qs Ts]
ChrisTuff: bets $3
Unkoa: calls $3
*** TURN *** [Jd Qs Ts] [2s]
ChrisTuff: bets $6
Unkoa: calls $6
*** RIVER *** [Jd Qs Ts 2s] [5c]
ChrisTuff: bets $6
Unkoa: calls $6
*** SHOW DOWN ***
ChrisTuff: shows [4c Qh] (a pair of Queens)
Unkoa: shows [Qc 9h] (a pair of Queens - Jack+Ten+Nine kicker)
Unkoa collected $35.50 from pot
*** SUMMARY ***
Total pot $36 | Rake $0.50
Board [Jd Qs Ts 2s 5c]
Seat 1: Unkoa (button) (small blind) showed [Qc 9h] and won ($35.50) with a pair of Queens
Seat 2: ChrisTuff (big blind) showed [4c Qh] and lost with a pair of Queens


PokerStars Hand #146593989909:  Hold'em Limit ($3/$6 USD) - 2016/01/06 18:06:06 ET
Table 'Alkimos IV' 2-max Seat #2 is the button
Seat 1: Unkoa ($36.92 in chips)
Seat 2: ChrisTuff ($196 in chips)
ChrisTuff: posts small blind $1
Unkoa: posts big blind $3
*** HOLE CARDS ***
ChrisTuff: raises $3 to $6
Unkoa: calls $3
*** FLOP *** [Qc Jd 6h]
Unkoa: checks
ChrisTuff: bets $3
Unkoa: folds
Uncalled bet ($3) returned to ChrisTuff
ChrisTuff collected $11.76 from pot
ChrisTuff: doesn't show hand
*** SUMMARY ***
Total pot $12 | Rake $0.24
Board [Qc Jd 6h]
Seat 1: Unkoa (big blind) folded on the Flop
Seat 2: ChrisTuff (button) (small blind) collected ($11.76)


PokerStars Hand #146593984636:  Hold'em Limit ($3/$6 USD) - 2016/01/06 18:06:01 ET
Table 'Alkimos IV' 2-max Seat #1 is the button
Seat 1: Unkoa ($37.92 in chips)
Seat 2: ChrisTuff ($195 in chips)
Unkoa: posts small blind $1
ChrisTuff: posts big blind $3
*** HOLE CARDS ***
Unkoa: folds
Uncalled bet ($2) returned to ChrisTuff
ChrisTuff collected $2 from pot
ChrisTuff: doesn't show hand
*** SUMMARY ***
Total pot $2 | Rake $0
Seat 1: Unkoa (button) (small blind) folded before Flop
Seat 2: ChrisTuff (big blind) collected ($2)


PokerStars Hand #146593968833:  Hold'em Limit ($3/$6 USD) - 2016/01/06 18:05:45 ET
Table 'Alkimos IV' 2-max Seat #2 is the button
Seat 1: Unkoa ($29.28 in chips)
Seat 2: ChrisTuff ($204 in chips)
ChrisTuff: posts small blind $1
Unkoa: posts big blind $3
*** HOLE CARDS ***
ChrisTuff: raises $3 to $6
Unkoa: calls $3
*** FLOP *** [6h Kc 7d]
Unkoa: checks
ChrisTuff: bets $3
Unkoa: calls $3
*** TURN *** [6h Kc 7d] [8h]
Unkoa: checks
ChrisTuff: checks
*** RIVER *** [6h Kc 7d 8h] [7s]
Unkoa: checks
ChrisTuff: checks
*** SHOW DOWN ***
Unkoa: shows [5d Ah] (a pair of Sevens)
ChrisTuff: mucks hand
Unkoa collected $17.64 from pot
*** SUMMARY ***
Total pot $18 | Rake $0.36
Board [6h Kc 7d 8h 7s]
Seat 1: Unkoa (big blind) showed [5d Ah] and won ($17.64) with a pair of Sevens
Seat 2: ChrisTuff (button) (small blind) mucked


PokerStars Hand #146593963449:  Hold'em Limit ($3/$6 USD) - 2016/01/06 18:05:40 ET
Table 'Alkimos IV' 2-max Seat #1 is the button
Seat 1: Unkoa ($30.28 in chips)
Seat 2: ChrisTuff ($203 in chips)
Unkoa: posts small blind $1
ChrisTuff: posts big blind $3
*** HOLE CARDS ***
Unkoa: folds
Uncalled bet ($2) returned to ChrisTuff
ChrisTuff collected $2 from pot
ChrisTuff: doesn't show hand
*** SUMMARY ***
Total pot $2 | Rake $0
Seat 1: Unkoa (button) (small blind) folded before Flop
Seat 2: ChrisTuff (big blind) collected ($2)


PokerStars Hand #146593958570:  Hold'em Limit ($3/$6 USD) - 2016/01/06 18:05:35 ET
Table 'Alkimos IV' 2-max Seat #2 is the button
Seat 1: Unkoa ($29.28 in chips)
Seat 2: ChrisTuff ($204 in chips)
ChrisTuff: posts small blind $1
Unkoa: posts big blind $3
*** HOLE CARDS ***
ChrisTuff: folds
Uncalled bet ($2) returned to Unkoa
Unkoa collected $2 from pot
Unkoa: doesn't show hand
*** SUMMARY ***
Total pot $2 | Rake $0
Seat 1: Unkoa (big blind) collected ($2)
Seat 2: ChrisTuff (button) (small blind) folded before Flop


PokerStars Hand #146593952832:  Hold'em Limit ($3/$6 USD) - 2016/01/06 18:05:30 ET
Table 'Alkimos IV' 2-max Seat #1 is the button
Seat 1: Unkoa ($30.28 in chips)
Seat 2: ChrisTuff ($203 in chips)
Unkoa: posts small blind $1
ChrisTuff: posts big blind $3
*** HOLE CARDS ***
Unkoa: folds
Uncalled bet ($2) returned to ChrisTuff
ChrisTuff collected $2 from pot
ChrisTuff: doesn't show hand
*** SUMMARY ***
Total pot $2 | Rake $0
Seat 1: Unkoa (button) (small blind) folded before Flop
Seat 2: ChrisTuff (big blind) collected ($2)


PokerStars Hand #146594040158:  Hold'em Limit ($3/$6 USD) - 2016/01/06 18:06:56 ET
Table 'Alkimos IV' 2-max Seat #2 is the button
Seat 1: Unkoa ($61.92 in chips)
Seat 2: ChrisTuff ($169.76 in chips)
ChrisTuff: posts small blind $1
Unkoa: posts big blind $3
*** HOLE CARDS ***
ChrisTuff: raises $3 to $6
Unkoa: calls $3
*** FLOP *** [6d 3s 2d]
Unkoa: checks
ChrisTuff: bets $3
Unkoa: calls $3
*** TURN *** [6d 3s 2d] [2h]
Unkoa: checks
ChrisTuff: bets $6
Unkoa: calls $6
*** RIVER *** [6d 3s 2d 2h] [Ad]
Unkoa: checks
ChrisTuff: checks
*** SHOW DOWN ***
Unkoa: shows [6s Ts] (two pair, Sixes and Deuces)
ChrisTuff: mucks hand
Unkoa collected $29.50 from pot
*** SUMMARY ***
Total pot $30 | Rake $0.50
Board [6d 3s 2d 2h Ad]
Seat 1: Unkoa (big blind) showed [6s Ts] and won ($29.50) with two pair, Sixes and Deuces
Seat 2: ChrisTuff (button) (small blind) mucked


PokerStars Hand #146594033388:  Hold'em Limit ($3/$6 USD) - 2016/01/06 18:06:50 ET
Table 'Alkimos IV' 2-max Seat #1 is the button
Seat 1: Unkoa ($62.92 in chips)
Seat 2: ChrisTuff ($168.76 in chips)
Unkoa: posts small blind $1
ChrisTuff: posts big blind $3
*** HOLE CARDS ***
Unkoa: folds
Uncalled bet ($2) returned to ChrisTuff
ChrisTuff collected $2 from pot
ChrisTuff: doesn't show hand
*** SUMMARY ***
Total pot $2 | Rake $0
Seat 1: Unkoa (button) (small blind) folded before Flop
Seat 2: ChrisTuff (big blind) collected ($2)


PokerStars Hand #146594015958:  Hold'em Limit ($3/$6 USD) - 2016/01/06 18:06:32 ET
Table 'Alkimos IV' 2-max Seat #2 is the button
Seat 1: Unkoa ($48.42 in chips)
Seat 2: ChrisTuff ($183.76 in chips)
ChrisTuff: posts small blind $1
Unkoa: posts big blind $3
*** HOLE CARDS ***
ChrisTuff: raises $3 to $6
Unkoa: calls $3
*** FLOP *** [3s 7c 2c]
Unkoa: checks
ChrisTuff: bets $3
Unkoa: calls $3
*** TURN *** [3s 7c 2c] [2d]
Unkoa: checks
ChrisTuff: checks
*** RIVER *** [3s 7c 2c 2d] [7h]
Unkoa: bets $6
ChrisTuff: calls $6
*** SHOW DOWN ***
Unkoa: shows [9s 2h] (a full house, Deuces full of Sevens)
ChrisTuff: mucks hand
Unkoa collected $29.50 from pot
*** SUMMARY ***
Total pot $30 | Rake $0.50
Board [3s 7c 2c 2d 7h]
Seat 1: Unkoa (big blind) showed [9s 2h] and won ($29.50) with a full house, Deuces full of Sevens
Seat 2: ChrisTuff (button) (small blind) mucked


PokerStars Hand #146594099325:  Hold'em Limit ($3/$6 USD) - 2016/01/06 18:07:56 ET
Table 'Alkimos IV' 2-max Seat #2 is the button
Seat 1: Unkoa ($96.80 in chips)
Seat 2: ChrisTuff ($133.52 in chips)
ChrisTuff: posts small blind $1
Unkoa: posts big blind $3
*** HOLE CARDS ***
ChrisTuff: raises $3 to $6
Unkoa: calls $3
*** FLOP *** [2d 2s Qs]
Unkoa: checks
ChrisTuff: bets $3
Unkoa: calls $3
*** TURN *** [2d 2s Qs] [4s]
Unkoa: checks
ChrisTuff: bets $6
Unkoa: calls $6
*** RIVER *** [2d 2s Qs 4s] [5h]
Unkoa: checks
ChrisTuff: checks
*** SHOW DOWN ***
Unkoa: shows [Qh 2h] (a full house, Deuces full of Queens)
ChrisTuff: mucks hand
Unkoa collected $29.50 from pot
*** SUMMARY ***
Total pot $30 | Rake $0.50
Board [2d 2s Qs 4s 5h]
Seat 1: Unkoa (big blind) showed [Qh 2h] and won ($29.50) with a full house, Deuces full of Queens
Seat 2: ChrisTuff (button) (small blind) mucked


PokerStars Hand #146594089476:  Hold'em Limit ($3/$6 USD) - 2016/01/06 18:07:46 ET
Table 'Alkimos IV' 2-max Seat #1 is the button
Seat 1: Unkoa ($93.92 in chips)
Seat 2: ChrisTuff ($136.52 in chips)
Unkoa: posts small blind $1
ChrisTuff: posts big blind $3
*** HOLE CARDS ***
Unkoa: calls $2
ChrisTuff: checks
*** FLOP *** [2d Qc 4d]
ChrisTuff: checks
Unkoa: bets $3
ChrisTuff: folds
Uncalled bet ($3) returned to Unkoa
Unkoa collected $5.88 from pot
Unkoa: doesn't show hand
*** SUMMARY ***
Total pot $6 | Rake $0.12
Board [2d Qc 4d]
Seat 1: Unkoa (button) (small blind) collected ($5.88)
Seat 2: ChrisTuff (big blind) folded on the Flop


PokerStars Hand #146594079161:  Hold'em Limit ($3/$6 USD) - 2016/01/06 18:07:35 ET
Table 'Alkimos IV' 2-max Seat #2 is the button
Seat 1: Unkoa ($99.92 in chips)
Seat 2: ChrisTuff ($130.76 in chips)
ChrisTuff: posts small blind $1
Unkoa: posts big blind $3
*** HOLE CARDS ***
ChrisTuff: raises $3 to $6
Unkoa: calls $3
*** FLOP *** [7d Kh 8h]
Unkoa: checks
ChrisTuff: bets $3
Unkoa: folds
Uncalled bet ($3) returned to ChrisTuff
ChrisTuff collected $11.76 from pot
ChrisTuff: doesn't show hand
*** SUMMARY ***
Total pot $12 | Rake $0.24
Board [7d Kh 8h]
Seat 1: Unkoa (big blind) folded on the Flop
Seat 2: ChrisTuff (button) (small blind) collected ($11.76)


PokerStars Hand #146594057180:  Hold'em Limit ($3/$6 USD) - 2016/01/06 18:07:13 ET
Table 'Alkimos IV' 2-max Seat #1 is the button
Seat 1: Unkoa ($76.42 in chips)
Seat 2: ChrisTuff ($154.76 in chips)
Unkoa: posts small blind $1
ChrisTuff: posts big blind $3
*** HOLE CARDS ***
Unkoa: calls $2
ChrisTuff: checks
*** FLOP *** [9c 9s 8c]
ChrisTuff: bets $3
Unkoa: calls $3
*** TURN *** [9c 9s 8c] [7s]
ChrisTuff: bets $6
Unkoa: calls $6
*** RIVER *** [9c 9s 8c 7s] [Ks]
ChrisTuff: bets $6
Unkoa: raises $6 to $12
ChrisTuff: calls $6
*** SHOW DOWN ***
Unkoa: shows [7d 9d] (a full house, Nines full of Sevens)
ChrisTuff: mucks hand
Unkoa collected $47.50 from pot
*** SUMMARY ***
Total pot $48 | Rake $0.50
Board [9c 9s 8c 7s Ks]
Seat 1: Unkoa (button) (small blind) showed [7d 9d] and won ($47.50) with a full house, Nines full of Sevens
Seat 2: ChrisTuff (big blind) mucked


PokerStars Hand #146594188403:  Hold'em Limit ($3/$6 USD) - 2016/01/06 18:09:27 ET
Table 'Alkimos IV' 2-max Seat #1 is the button
Seat 1: Unkoa ($122.44 in chips)
Seat 2: ChrisTuff ($143.26 in chips)
Unkoa: posts small blind $1
ChrisTuff: posts big blind $3
*** HOLE CARDS ***
Unkoa: calls $2
ChrisTuff: checks
*** FLOP *** [5d Qc Kh]
ChrisTuff: checks
Unkoa: bets $3
ChrisTuff: folds
Uncalled bet ($3) returned to Unkoa
Unkoa collected $5.88 from pot
Unkoa: doesn't show hand
*** SUMMARY ***
Total pot $6 | Rake $0.12
Board [5d Qc Kh]
Seat 1: Unkoa (button) (small blind) collected ($5.88)
Seat 2: ChrisTuff (big blind) folded on the Flop


PokerStars Hand #146594178451:  Hold'em Limit ($3/$6 USD) - 2016/01/06 18:09:17 ET
Table 'Alkimos IV' 2-max Seat #2 is the button
Seat 1: Unkoa ($128.44 in chips)
Seat 2: ChrisTuff ($137.50 in chips)
ChrisTuff: posts small blind $1
Unkoa: posts big blind $3
*** HOLE CARDS ***
ChrisTuff: raises $3 to $6
Unkoa: calls $3
*** FLOP *** [6d 3d Kc]
Unkoa: checks
ChrisTuff: bets $3
Unkoa: folds
Uncalled bet ($3) returned to ChrisTuff
ChrisTuff collected $11.76 from pot
ChrisTuff: doesn't show hand
*** SUMMARY ***
Total pot $12 | Rake $0.24
Board [6d 3d Kc]
Seat 1: Unkoa (big blind) folded on the Flop
Seat 2: ChrisTuff (button) (small blind) collected ($11.76)


PokerStars Hand #146594164250:  Hold'em Limit ($3/$6 USD) - 2016/01/06 18:09:02 ET
Table 'Alkimos IV' 2-max Seat #1 is the button
Seat 1: Unkoa ($146.44 in chips)
Seat 2: ChrisTuff ($120 in chips)
Unkoa: posts small blind $1
ChrisTuff: posts big blind $3
*** HOLE CARDS ***
Unkoa: calls $2
ChrisTuff: checks
*** FLOP *** [4h Qs Jd]
ChrisTuff: bets $3
Unkoa: calls $3
*** TURN *** [4h Qs Jd] [Qc]
ChrisTuff: bets $6
Unkoa: calls $6
*** RIVER *** [4h Qs Jd Qc] [6h]
ChrisTuff: bets $6
Unkoa: calls $6
*** SHOW DOWN ***
ChrisTuff: shows [2d Qh] (three of a kind, Queens)
Unkoa: mucks hand
ChrisTuff collected $35.50 from pot
*** SUMMARY ***
Total pot $36 | Rake $0.50
Board [4h Qs Jd Qc 6h]
Seat 1: Unkoa (button) (small blind) mucked
Seat 2: ChrisTuff (big blind) showed [2d Qh] and won ($35.50) with three of a kind, Queens


PokerStars Hand #146594139536:  Hold'em Limit ($3/$6 USD) - 2016/01/06 18:08:37 ET
Table 'Alkimos IV' 2-max Seat #2 is the button
Seat 1: Unkoa ($119.94 in chips)
Seat 2: ChrisTuff ($120 in chips)
ChrisTuff: posts small blind $1
Unkoa: posts big blind $3
*** HOLE CARDS ***
ChrisTuff: raises $3 to $6
Unkoa: calls $3
*** FLOP *** [4c Jc Qh]
Unkoa: bets $3
ChrisTuff: calls $3
*** TURN *** [4c Jc Qh] [Qd]
Unkoa: checks
ChrisTuff: bets $6
Unkoa: calls $6
*** RIVER *** [4c Jc Qh Qd] [2s]
Unkoa: bets $6
ChrisTuff: raises $6 to $12
Unkoa: calls $6
*** SHOW DOWN ***
ChrisTuff: shows [Th 9d] (a pair of Queens)
Unkoa: shows [Qc 8h] (three of a kind, Queens)
Unkoa collected $53.50 from pot
*** SUMMARY ***
Total pot $54 | Rake $0.50
Board [4c Jc Qh Qd 2s]
Seat 1: Unkoa (big blind) showed [Qc 8h] and won ($53.50) with three of a kind, Queens
Seat 2: ChrisTuff (button) (small blind) showed [Th 9d] and lost with a pair of Queens


PokerStars Hand #146594124003:  Hold'em Limit ($3/$6 USD) - 2016/01/06 18:08:21 ET
Table 'Alkimos IV' 2-max Seat #1 is the button
Seat 1: Unkoa ($111.30 in chips)
Seat 2: ChrisTuff ($120 in chips)
Unkoa: posts small blind $1
ChrisTuff: posts big blind $3
*** HOLE CARDS ***
Unkoa: calls $2
ChrisTuff: checks
*** FLOP *** [2s 8c 6d]
ChrisTuff: checks
Unkoa: checks
*** TURN *** [2s 8c 6d] [7h]
ChrisTuff: bets $6
Unkoa: calls $6
*** RIVER *** [2s 8c 6d 7h] [Jd]
ChrisTuff: checks
Unkoa: bets $6
ChrisTuff: folds
Uncalled bet ($6) returned to Unkoa
Unkoa collected $17.64 from pot
Unkoa: doesn't show hand
*** SUMMARY ***
Total pot $18 | Rake $0.36
Board [2s 8c 6d 7h Jd]
Seat 1: Unkoa (button) (small blind) collected ($17.64)
Seat 2: ChrisTuff (big blind) folded on the River


PokerStars Hand #146594245519:  Hold'em Limit ($3/$6 USD) - 2016/01/06 18:10:25 ET
Table 'Alkimos IV' 2-max Seat #1 is the button
Seat 1: Unkoa ($86.32 in chips)
Seat 2: ChrisTuff ($178.28 in chips)
Unkoa: posts small blind $1
ChrisTuff: posts big blind $3
*** HOLE CARDS ***
Unkoa: calls $2
ChrisTuff: checks
*** FLOP *** [5c 4s 3c]
ChrisTuff: bets $3
Unkoa: calls $3
*** TURN *** [5c 4s 3c] [Kc]
ChrisTuff: bets $6
Unkoa: calls $6
*** RIVER *** [5c 4s 3c Kc] [8c]
ChrisTuff: checks
Unkoa: checks
*** SHOW DOWN ***
ChrisTuff: shows [Ts 5s] (a pair of Fives)
Unkoa: mucks hand
ChrisTuff collected $23.52 from pot
*** SUMMARY ***
Total pot $24 | Rake $0.48
Board [5c 4s 3c Kc 8c]
Seat 1: Unkoa (button) (small blind) mucked
Seat 2: ChrisTuff (big blind) showed [Ts 5s] and won ($23.52) with a pair of Fives


PokerStars Hand #146594236361:  Hold'em Limit ($3/$6 USD) - 2016/01/06 18:10:16 ET
Table 'Alkimos IV' 2-max Seat #2 is the button
Seat 1: Unkoa ($92.32 in chips)
Seat 2: ChrisTuff ($172.52 in chips)
ChrisTuff: posts small blind $1
Unkoa: posts big blind $3
*** HOLE CARDS ***
ChrisTuff: raises $3 to $6
Unkoa: calls $3
*** FLOP *** [Jh Ad Kc]
Unkoa: checks
ChrisTuff: bets $3
Unkoa: folds
Uncalled bet ($3) returned to ChrisTuff
ChrisTuff collected $11.76 from pot
ChrisTuff: doesn't show hand
*** SUMMARY ***
Total pot $12 | Rake $0.24
Board [Jh Ad Kc]
Seat 1: Unkoa (big blind) folded on the Flop
Seat 2: ChrisTuff (button) (small blind) collected ($11.76)


PokerStars Hand #146594230917:  Hold'em Limit ($3/$6 USD) - 2016/01/06 18:10:10 ET
Table 'Alkimos IV' 2-max Seat #1 is the button
Seat 1: Unkoa ($93.32 in chips)
Seat 2: ChrisTuff ($171.52 in chips)
Unkoa: posts small blind $1
ChrisTuff: posts big blind $3
*** HOLE CARDS ***
Unkoa: folds
Uncalled bet ($2) returned to ChrisTuff
ChrisTuff collected $2 from pot
ChrisTuff: doesn't show hand
*** SUMMARY ***
Total pot $2 | Rake $0
Seat 1: Unkoa (button) (small blind) folded before Flop
Seat 2: ChrisTuff (big blind) collected ($2)


PokerStars Hand #146594226743:  Hold'em Limit ($3/$6 USD) - 2016/01/06 18:10:06 ET
Table 'Alkimos IV' 2-max Seat #2 is the button
Seat 1: Unkoa ($92.32 in chips)
Seat 2: ChrisTuff ($172.52 in chips)
ChrisTuff: posts small blind $1
Unkoa: posts big blind $3
*** HOLE CARDS ***
ChrisTuff: folds
Uncalled bet ($2) returned to Unkoa
Unkoa collected $2 from pot
Unkoa: doesn't show hand
*** SUMMARY ***
Total pot $2 | Rake $0
Seat 1: Unkoa (big blind) collected ($2)
Seat 2: ChrisTuff (button) (small blind) folded before Flop


PokerStars Hand #146594217184:  Hold'em Limit ($3/$6 USD) - 2016/01/06 18:09:56 ET
Table 'Alkimos IV' 2-max Seat #1 is the button
Seat 1: Unkoa ($98.32 in chips)
Seat 2: ChrisTuff ($166.76 in chips)
Unkoa: posts small blind $1
ChrisTuff: posts big blind $3
*** HOLE CARDS ***
Unkoa: calls $2
ChrisTuff: raises $3 to $6
Unkoa: calls $3
*** FLOP *** [Ks 9s 8h]
ChrisTuff: bets $3
Unkoa: folds
Uncalled bet ($3) returned to ChrisTuff
ChrisTuff collected $11.76 from pot
ChrisTuff: doesn't show hand
*** SUMMARY ***
Total pot $12 | Rake $0.24
Board [Ks 9s 8h]
Seat 1: Unkoa (button) (small blind) folded on the Flop
Seat 2: ChrisTuff (big blind) collected ($11.76)


PokerStars Hand #146594197812:  Hold'em Limit ($3/$6 USD) - 2016/01/06 18:09:36 ET
Table 'Alkimos IV' 2-max Seat #2 is the button
Seat 1: Unkoa ($125.32 in chips)
Seat 2: ChrisTuff ($140.26 in chips)
ChrisTuff: posts small blind $1
Unkoa: posts big blind $3
*** HOLE CARDS ***
ChrisTuff: raises $3 to $6
Unkoa: raises $3 to $9
ChrisTuff: calls $3
*** FLOP *** [3h 9d 8d]
Unkoa: bets $3
ChrisTuff: raises $3 to $6
Unkoa: calls $3
*** TURN *** [3h 9d 8d] [9s]
Unkoa: checks
ChrisTuff: bets $6
Unkoa: calls $6
*** RIVER *** [3h 9d 8d 9s] [6d]
Unkoa: checks
ChrisTuff: bets $6
Unkoa: calls $6
*** SHOW DOWN ***
ChrisTuff: shows [Ts 9c] (three of a kind, Nines)
Unkoa: mucks hand
ChrisTuff collected $53.50 from pot
*** SUMMARY ***
Total pot $54 | Rake $0.50
Board [3h 9d 8d 9s 6d]
Seat 1: Unkoa (big blind) mucked
Seat 2: ChrisTuff (button) (small blind) showed [Ts 9c] and won ($53.50) with three of a kind, Nines


PokerStars Hand #146594296289:  Hold'em Limit ($3/$6 USD) - 2016/01/06 18:11:18 ET
Table 'Alkimos IV' 2-max Seat #2 is the button
Seat 1: Unkoa ($66.20 in chips)
Seat 2: ChrisTuff ($197.80 in chips)
ChrisTuff: posts small blind $1
Unkoa: posts big blind $3
*** HOLE CARDS ***
ChrisTuff: raises $3 to $6
Unkoa: calls $3
*** FLOP *** [3s 6c Qc]
Unkoa: checks
ChrisTuff: bets $3
Unkoa: folds
Uncalled bet ($3) returned to ChrisTuff
ChrisTuff collected $11.76 from pot
ChrisTuff: doesn't show hand
*** SUMMARY ***
Total pot $12 | Rake $0.24
Board [3s 6c Qc]
Seat 1: Unkoa (big blind) folded on the Flop
Seat 2: ChrisTuff (button) (small blind) collected ($11.76)


PokerStars Hand #146594291415:  Hold'em Limit ($3/$6 USD) - 2016/01/06 18:11:13 ET
Table 'Alkimos IV' 2-max Seat #1 is the button
Seat 1: Unkoa ($67.20 in chips)
Seat 2: ChrisTuff ($196.80 in chips)
Unkoa: posts small blind $1
ChrisTuff: posts big blind $3
*** HOLE CARDS ***
Unkoa: folds
Uncalled bet ($2) returned to ChrisTuff
ChrisTuff collected $2 from pot
ChrisTuff: doesn't show hand
*** SUMMARY ***
Total pot $2 | Rake $0
Seat 1: Unkoa (button) (small blind) folded before Flop
Seat 2: ChrisTuff (big blind) collected ($2)


PokerStars Hand #146594285448:  Hold'em Limit ($3/$6 USD) - 2016/01/06 18:11:07 ET
Table 'Alkimos IV' 2-max Seat #2 is the button
Seat 1: Unkoa ($70.20 in chips)
Seat 2: ChrisTuff ($193.80 in chips)
ChrisTuff: posts small blind $1
Unkoa: posts big blind $3
*** HOLE CARDS ***
ChrisTuff: raises $3 to $6
Unkoa: folds
Uncalled bet ($3) returned to ChrisTuff
ChrisTuff collected $6 from pot
ChrisTuff: doesn't show hand
*** SUMMARY ***
Total pot $6 | Rake $0
Seat 1: Unkoa (big blind) folded before Flop
Seat 2: ChrisTuff (button) (small blind) collected ($6)


PokerStars Hand #146594280431:  Hold'em Limit ($3/$6 USD) - 2016/01/06 18:11:02 ET
Table 'Alkimos IV' 2-max Seat #1 is the button
Seat 1: Unkoa ($71.20 in chips)
Seat 2: ChrisTuff ($192.80 in chips)
Unkoa: posts small blind $1
ChrisTuff: posts big blind $3
*** HOLE CARDS ***
Unkoa: folds
Uncalled bet ($2) returned to ChrisTuff
ChrisTuff collected $2 from pot
ChrisTuff: doesn't show hand
*** SUMMARY ***
Total pot $2 | Rake $0
Seat 1: Unkoa (button) (small blind) folded before Flop
Seat 2: ChrisTuff (big blind) collected ($2)


PokerStars Hand #146594275077:  Hold'em Limit ($3/$6 USD) - 2016/01/06 18:10:56 ET
Table 'Alkimos IV' 2-max Seat #2 is the button
Seat 1: Unkoa ($74.20 in chips)
Seat 2: ChrisTuff ($189.80 in chips)
ChrisTuff: posts small blind $1
Unkoa: posts big blind $3
*** HOLE CARDS ***
ChrisTuff: raises $3 to $6
Unkoa: folds
Uncalled bet ($3) returned to ChrisTuff
ChrisTuff collected $6 from pot
ChrisTuff: doesn't show hand
*** SUMMARY ***
Total pot $6 | Rake $0
Seat 1: Unkoa (big blind) folded before Flop
Seat 2: ChrisTuff (button) (small blind) collected ($6)


PokerStars Hand #146594257476:  Hold'em Limit ($3/$6 USD) - 2016/01/06 18:10:38 ET
Table 'Alkimos IV' 2-max Seat #2 is the button
Seat 1: Unkoa ($74.32 in chips)
Seat 2: ChrisTuff ($189.80 in chips)
ChrisTuff: posts small blind $1
Unkoa: posts big blind $3
*** HOLE CARDS ***
ChrisTuff: raises $3 to $6
Unkoa: folds
Uncalled bet ($3) returned to ChrisTuff
ChrisTuff collected $6 from pot
ChrisTuff: doesn't show hand
*** SUMMARY ***
Total pot $6 | Rake $0
Seat 1: Unkoa (big blind) folded before Flop
Seat 2: ChrisTuff (button) (small blind) collected ($6)


PokerStars Hand #146594344017:  Hold'em Limit ($3/$6 USD) - 2016/01/06 18:12:08 ET
Table 'Alkimos IV' 2-max Seat #2 is the button
Seat 1: Unkoa ($92.20 in chips)
Seat 2: ChrisTuff ($170.32 in chips)
ChrisTuff: posts small blind $1
Unkoa: posts big blind $3
*** HOLE CARDS ***
ChrisTuff: raises $3 to $6
Unkoa: folds
Uncalled bet ($3) returned to ChrisTuff
ChrisTuff collected $6 from pot
ChrisTuff: doesn't show hand
*** SUMMARY ***
Total pot $6 | Rake $0
Seat 1: Unkoa (big blind) folded before Flop
Seat 2: ChrisTuff (button) (small blind) collected ($6)


PokerStars Hand #146594331216:  Hold'em Limit ($3/$6 USD) - 2016/01/06 18:11:55 ET
Table 'Alkimos IV' 2-max Seat #1 is the button
Seat 1: Unkoa ($68.70 in chips)
Seat 2: ChrisTuff ($194.32 in chips)
Unkoa: posts small blind $1
ChrisTuff: posts big blind $3
*** HOLE CARDS ***
Unkoa: raises $3 to $6
ChrisTuff: raises $3 to $9
Unkoa: calls $3
*** FLOP *** [Jc 2d Qs]
ChrisTuff: bets $3
Unkoa: calls $3
*** TURN *** [Jc 2d Qs] [3s]
ChrisTuff: bets $6
Unkoa: calls $6
*** RIVER *** [Jc 2d Qs 3s] [7s]
ChrisTuff: bets $6
Unkoa: calls $6
*** SHOW DOWN ***
ChrisTuff: shows [Qd Tc] (a pair of Queens)
Unkoa: shows [Qc 7h] (two pair, Queens and Sevens)
Unkoa collected $47.50 from pot
*** SUMMARY ***
Total pot $48 | Rake $0.50
Board [Jc 2d Qs 3s 7s]
Seat 1: Unkoa (button) (small blind) showed [Qc 7h] and won ($47.50) with two pair, Queens and Sevens
Seat 2: ChrisTuff (big blind) showed [Qd Tc] and lost with a pair of Queens


PokerStars Hand #146594322309:  Hold'em Limit ($3/$6 USD) - 2016/01/06 18:11:45 ET
Table 'Alkimos IV' 2-max Seat #2 is the button
Seat 1: Unkoa ($74.70 in chips)
Seat 2: ChrisTuff ($188.56 in chips)
ChrisTuff: posts small blind $1
Unkoa: posts big blind $3
*** HOLE CARDS ***
ChrisTuff: raises $3 to $6
Unkoa: calls $3
*** FLOP *** [Qh Qd 2c]
Unkoa: checks
ChrisTuff: bets $3
Unkoa: folds
Uncalled bet ($3) returned to ChrisTuff
ChrisTuff collected $11.76 from pot
ChrisTuff: doesn't show hand
*** SUMMARY ***
Total pot $12 | Rake $0.24
Board [Qh Qd 2c]
Seat 1: Unkoa (big blind) folded on the Flop
Seat 2: ChrisTuff (button) (small blind) collected ($11.76)


PokerStars Hand #146594307194:  Hold'em Limit ($3/$6 USD) - 2016/01/06 18:11:29 ET
Table 'Alkimos IV' 2-max Seat #1 is the button
Seat 1: Unkoa ($60.20 in chips)
Seat 2: ChrisTuff ($203.56 in chips)
Unkoa: posts small blind $1
ChrisTuff: posts big blind $3
*** HOLE CARDS ***
Unkoa: calls $2
ChrisTuff: checks
*** FLOP *** [9c As 2h]
ChrisTuff: checks
Unkoa: checks
*** TURN *** [9c As 2h] [4d]
ChrisTuff: checks
Unkoa: bets $6
ChrisTuff: calls $6
*** RIVER *** [9c As 2h 4d] [8h]
ChrisTuff: checks
Unkoa: bets $6
ChrisTuff: calls $6
*** SHOW DOWN ***
Unkoa: shows [9d Qh] (a pair of Nines)
ChrisTuff: mucks hand
Unkoa collected $29.50 from pot
*** SUMMARY ***
Total pot $30 | Rake $0.50
Board [9c As 2h 4d 8h]
Seat 1: Unkoa (button) (small blind) showed [9d Qh] and won ($29.50) with a pair of Nines
Seat 2: ChrisTuff (big blind) mucked


PokerStars Hand #146594349420:  Hold'em Limit ($3/$6 USD) - 2016/01/06 18:12:14 ET
Table 'Alkimos IV' 2-max Seat #1 is the button
Seat 1: Unkoa ($89.20 in chips)
Seat 2: ChrisTuff ($173.32 in chips)
Unkoa: posts small blind $1
ChrisTuff: posts big blind $3
*** HOLE CARDS ***
Unkoa: calls $2
ChrisTuff: checks
*** FLOP *** [Kc Qc 8d]
ChrisTuff: bets $3
Unkoa: folds
Uncalled bet ($3) returned to ChrisTuff
ChrisTuff collected $5.88 from pot
ChrisTuff: doesn't show hand
*** SUMMARY ***
Total pot $6 | Rake $0.12
Board [Kc Qc 8d]
Seat 1: Unkoa (button) (small blind) folded on the Flop
Seat 2: ChrisTuff (big blind) collected ($5.88)


PokerStars Hand #146594357073:  Hold'em Limit ($3/$6 USD) - 2016/01/06 18:12:22 ET
Table 'Alkimos IV' 2-max Seat #2 is the button
Seat 1: Unkoa ($86.20 in chips)
Seat 2: ChrisTuff ($176.20 in chips)
ChrisTuff: posts small blind $1
Unkoa: posts big blind $3
*** HOLE CARDS ***
ChrisTuff: raises $3 to $6
Unkoa: calls $3
*** FLOP *** [Jh As Ts]
Unkoa: checks
ChrisTuff: bets $3
Unkoa: folds
Uncalled bet ($3) returned to ChrisTuff
ChrisTuff collected $11.76 from pot
ChrisTuff: doesn't show hand
*** SUMMARY ***
Total pot $12 | Rake $0.24
Board [Jh As Ts]
Seat 1: Unkoa (big blind) folded on the Flop
Seat 2: ChrisTuff (button) (small blind) collected ($11.76)


PokerStars Hand #146594376451:  Hold'em Limit ($3/$6 USD) - 2016/01/06 18:12:42 ET
Table 'Alkimos IV' 2-max Seat #2 is the button
Seat 1: Unkoa ($74.20 in chips)
Seat 2: ChrisTuff ($187.72 in chips)
ChrisTuff: posts small blind $1
Unkoa: posts big blind $3
*** HOLE CARDS ***
ChrisTuff: raises $3 to $6
Unkoa: calls $3
*** FLOP *** [Th Qh 3s]
Unkoa: bets $3
ChrisTuff: calls $3
*** TURN *** [Th Qh 3s] [7s]
Unkoa: checks
ChrisTuff: checks
*** RIVER *** [Th Qh 3s 7s] [4c]
Unkoa: checks
ChrisTuff: checks
*** SHOW DOWN ***
Unkoa: shows [8h As] (high card Ace)
ChrisTuff: mucks hand
Unkoa collected $17.64 from pot
*** SUMMARY ***
Total pot $18 | Rake $0.36
Board [Th Qh 3s 7s 4c]
Seat 1: Unkoa (big blind) showed [8h As] and won ($17.64) with high card Ace
Seat 2: ChrisTuff (button) (small blind) mucked


PokerStars Hand #146594390904:  Hold'em Limit ($3/$6 USD) - 2016/01/06 18:12:57 ET
Table 'Alkimos IV' 2-max Seat #1 is the button
Seat 1: Unkoa ($82.84 in chips)
Seat 2: ChrisTuff ($178.72 in chips)
Unkoa: posts small blind $1
ChrisTuff: posts big blind $3
*** HOLE CARDS ***
Unkoa: folds
Uncalled bet ($2) returned to ChrisTuff
ChrisTuff collected $2 from pot
ChrisTuff: doesn't show hand
*** SUMMARY ***
Total pot $2 | Rake $0
Seat 1: Unkoa (button) (small blind) folded before Flop
Seat 2: ChrisTuff (big blind) collected ($2)


PokerStars Hand #146594395606:  Hold'em Limit ($3/$6 USD) - 2016/01/06 18:13:02 ET
Table 'Alkimos IV' 2-max Seat #2 is the button
Seat 1: Unkoa ($81.84 in chips)
Seat 2: ChrisTuff ($179.72 in chips)
ChrisTuff: posts small blind $1
Unkoa: posts big blind $3
*** HOLE CARDS ***
ChrisTuff: raises $3 to $6
Unkoa: calls $3
*** FLOP *** [Ks Qs 6s]
Unkoa: checks
ChrisTuff: bets $3
Unkoa: folds
Uncalled bet ($3) returned to ChrisTuff
ChrisTuff collected $11.76 from pot
ChrisTuff: doesn't show hand
*** SUMMARY ***
Total pot $12 | Rake $0.24
Board [Ks Qs 6s]
Seat 1: Unkoa (big blind) folded on the Flop
Seat 2: ChrisTuff (button) (small blind) collected ($11.76)


PokerStars Hand #146594405485:  Hold'em Limit ($3/$6 USD) - 2016/01/06 18:13:13 ET
Table 'Alkimos IV' 2-max Seat #1 is the button
Seat 1: Unkoa ($75.84 in chips)
Seat 2: ChrisTuff ($185.48 in chips)
Unkoa: posts small blind $1
ChrisTuff: posts big blind $3
*** HOLE CARDS ***
Unkoa: calls $2
ChrisTuff: raises $3 to $6
Unkoa: calls $3
*** FLOP *** [4c 4d 3c]
ChrisTuff: bets $3
Unkoa: raises $3 to $6
ChrisTuff: calls $3
*** TURN *** [4c 4d 3c] [Ad]
ChrisTuff: bets $6
Unkoa: calls $6
*** RIVER *** [4c 4d 3c Ad] [Jh]
ChrisTuff: bets $6
Unkoa: calls $6
*** SHOW DOWN ***
ChrisTuff: shows [Qc Ah] (two pair, Aces and Fours)
Unkoa: mucks hand
ChrisTuff collected $47.50 from pot
*** SUMMARY ***
Total pot $48 | Rake $0.50
Board [4c 4d 3c Ad Jh]
Seat 1: Unkoa (button) (small blind) mucked
Seat 2: ChrisTuff (big blind) showed [Qc Ah] and won ($47.50) with two pair, Aces and Fours


PokerStars Hand #146594436202:  Hold'em Limit ($3/$6 USD) - 2016/01/06 18:13:45 ET
Table 'Alkimos IV' 2-max Seat #1 is the button
Seat 1: Unkoa ($60.48 in chips)
Seat 2: ChrisTuff ($199.98 in chips)
Unkoa: posts small blind $1
ChrisTuff: posts big blind $3
*** HOLE CARDS ***
Unkoa: calls $2
ChrisTuff: raises $3 to $6
Unkoa: calls $3
*** FLOP *** [8h 4h Th]
ChrisTuff: bets $3
Unkoa: calls $3
*** TURN *** [8h 4h Th] [7s]
ChrisTuff: bets $6
Unkoa: folds
Uncalled bet ($6) returned to ChrisTuff
ChrisTuff collected $17.64 from pot
ChrisTuff: doesn't show hand
*** SUMMARY ***
Total pot $18 | Rake $0.36
Board [8h 4h Th 7s]
Seat 1: Unkoa (button) (small blind) folded on the Turn
Seat 2: ChrisTuff (big blind) collected ($17.64)


PokerStars Hand #146594446815:  Hold'em Limit ($3/$6 USD) - 2016/01/06 18:13:57 ET
Table 'Alkimos IV' 2-max Seat #2 is the button
Seat 1: Unkoa ($51.48 in chips)
Seat 2: ChrisTuff ($208.62 in chips)
ChrisTuff: posts small blind $1
Unkoa: posts big blind $3
*** HOLE CARDS ***
ChrisTuff: raises $3 to $6
Unkoa: raises $3 to $9
ChrisTuff: calls $3
*** FLOP *** [Qd 8d Qh]
Unkoa: bets $3
ChrisTuff: calls $3
*** TURN *** [Qd 8d Qh] [3d]
Unkoa: bets $6
ChrisTuff: calls $6
*** RIVER *** [Qd 8d Qh 3d] [6c]
Unkoa: bets $6
ChrisTuff: calls $6
*** SHOW DOWN ***
Unkoa: shows [Tc Th] (two pair, Queens and Tens)
ChrisTuff: mucks hand
Unkoa collected $47.50 from pot
*** SUMMARY ***
Total pot $48 | Rake $0.50
Board [Qd 8d Qh 3d 6c]
Seat 1: Unkoa (big blind) showed [Tc Th] and won ($47.50) with two pair, Queens and Tens
Seat 2: ChrisTuff (button) (small blind) mucked


PokerStars Hand #146594460416:  Hold'em Limit ($3/$6 USD) - 2016/01/06 18:14:11 ET
Table 'Alkimos IV' 2-max Seat #1 is the button
Seat 1: Unkoa ($74.98 in chips)
Seat 2: ChrisTuff ($184.62 in chips)
Unkoa: posts small blind $1
ChrisTuff: posts big blind $3
*** HOLE CARDS ***
Unkoa: folds
Uncalled bet ($2) returned to ChrisTuff
ChrisTuff collected $2 from pot
ChrisTuff: doesn't show hand
*** SUMMARY ***
Total pot $2 | Rake $0
Seat 1: Unkoa (button) (small blind) folded before Flop
Seat 2: ChrisTuff (big blind) collected ($2)


PokerStars Hand #146594466917:  Hold'em Limit ($3/$6 USD) - 2016/01/06 18:14:18 ET
Table 'Alkimos IV' 2-max Seat #2 is the button
Seat 1: Unkoa ($73.98 in chips)
Seat 2: ChrisTuff ($185.62 in chips)
ChrisTuff: posts small blind $1
Unkoa: posts big blind $3
*** HOLE CARDS ***
ChrisTuff: raises $3 to $6
Unkoa: calls $3
*** FLOP *** [9s 5h 8c]
Unkoa: bets $3
ChrisTuff: calls $3
*** TURN *** [9s 5h 8c] [6d]
Unkoa: bets $6
ChrisTuff: raises $6 to $12
Unkoa: folds
Uncalled bet ($6) returned to ChrisTuff
ChrisTuff collected $29.50 from pot
ChrisTuff: doesn't show hand
*** SUMMARY ***
Total pot $30 | Rake $0.50
Board [9s 5h 8c 6d]
Seat 1: Unkoa (big blind) folded on the Turn
Seat 2: ChrisTuff (button) (small blind) collected ($29.50)


PokerStars Hand #146594421706:  Hold'em Limit ($3/$6 USD) - 2016/01/06 18:13:30 ET
Table 'Alkimos IV' 2-max Seat #2 is the button
Seat 1: Unkoa ($51.84 in chips)
Seat 2: ChrisTuff ($208.98 in chips)
ChrisTuff: posts small blind $1
Unkoa: posts big blind $3
*** HOLE CARDS ***
ChrisTuff: raises $3 to $6
Unkoa: calls $3
*** FLOP *** [8h 4c 9s]
Unkoa: bets $3
ChrisTuff: calls $3
*** TURN *** [8h 4c 9s] [Jc]
Unkoa: checks
ChrisTuff: checks
*** RIVER *** [8h 4c 9s Jc] [Ts]
Unkoa: checks
ChrisTuff: checks
*** SHOW DOWN ***
Unkoa: shows [6c 8d] (a pair of Eights)
ChrisTuff: mucks hand
Unkoa collected $17.64 from pot
*** SUMMARY ***
Total pot $18 | Rake $0.36
Board [8h 4c 9s Jc Ts]
Seat 1: Unkoa (big blind) showed [6c 8d] and won ($17.64) with a pair of Eights
Seat 2: ChrisTuff (button) (small blind) mucked


PokerStars Hand #146594497325:  Hold'em Limit ($3/$6 USD) - 2016/01/06 18:14:50 ET
Table 'Alkimos IV' 2-max Seat #2 is the button
Seat 1: Unkoa ($76.48 in chips)
Seat 2: ChrisTuff ($182.12 in chips)
ChrisTuff: posts small blind $1
Unkoa: posts big blind $3
*** HOLE CARDS ***
ChrisTuff: raises $3 to $6
Unkoa: calls $3
*** FLOP *** [5d Ks Qs]
Unkoa: checks
ChrisTuff: bets $3
Unkoa: calls $3
*** TURN *** [5d Ks Qs] [3d]
Unkoa: checks
ChrisTuff: bets $6
Unkoa: calls $6
*** RIVER *** [5d Ks Qs 3d] [8s]
Unkoa: checks
ChrisTuff: checks
*** SHOW DOWN ***
Unkoa: shows [5s 9s] (a flush, King high)
ChrisTuff: mucks hand
Unkoa collected $29.50 from pot
*** SUMMARY ***
Total pot $30 | Rake $0.50
Board [5d Ks Qs 3d 8s]
Seat 1: Unkoa (big blind) showed [5s 9s] and won ($29.50) with a flush, King high
Seat 2: ChrisTuff (button) (small blind) mucked


PokerStars Hand #146594522735:  Hold'em Limit ($3/$6 USD) - 2016/01/06 18:15:17 ET
Table 'Alkimos IV' 2-max Seat #2 is the button
Seat 1: Unkoa ($84.98 in chips)
Seat 2: ChrisTuff ($172.88 in chips)
ChrisTuff: posts small blind $1
Unkoa: posts big blind $3
*** HOLE CARDS ***
ChrisTuff: folds
Uncalled bet ($2) returned to Unkoa
Unkoa collected $2 from pot
Unkoa leaves the table
ChrisTuff was removed from the table for failing to post
*** SUMMARY ***
Total pot $2 | Rake $0
Seat 1: Unkoa (big blind) collected ($2)
Seat 2: ChrisTuff (button) (small blind) folded before Flop


PokerStars Hand #146594514335:  Hold'em Limit ($3/$6 USD) - 2016/01/06 18:15:08 ET
Table 'Alkimos IV' 2-max Seat #1 is the button
Seat 1: Unkoa ($90.98 in chips)
Seat 2: ChrisTuff ($167.12 in chips)
Unkoa: posts small blind $1
ChrisTuff: posts big blind $3
*** HOLE CARDS ***
Unkoa: calls $2
ChrisTuff: raises $3 to $6
Unkoa: calls $3
*** FLOP *** [3c 5h Ad]
ChrisTuff: bets $3
Unkoa: folds
Uncalled bet ($3) returned to ChrisTuff
ChrisTuff collected $11.76 from pot
ChrisTuff: doesn't show hand
*** SUMMARY ***
Total pot $12 | Rake $0.24
Board [3c 5h Ad]
Seat 1: Unkoa (button) (small blind) folded on the Flop
Seat 2: ChrisTuff (big blind) collected ($11.76)


PokerStars Hand #146594482992:  Hold'em Limit ($3/$6 USD) - 2016/01/06 18:14:35 ET
Table 'Alkimos IV' 2-max Seat #1 is the button
Seat 1: Unkoa ($58.98 in chips)
Seat 2: ChrisTuff ($200.12 in chips)
Unkoa: posts small blind $1
ChrisTuff: posts big blind $3
*** HOLE CARDS ***
Unkoa: calls $2
ChrisTuff: checks
*** FLOP *** [Jc 5c Tc]
ChrisTuff: bets $3
Unkoa: calls $3
*** TURN *** [Jc 5c Tc] [9h]
ChrisTuff: bets $6
Unkoa: calls $6
*** RIVER *** [Jc 5c Tc 9h] [Kc]
ChrisTuff: checks
Unkoa: bets $6
ChrisTuff: calls $6
*** SHOW DOWN ***
Unkoa: shows [Qh As] (a straight, Ten to Ace)
ChrisTuff: mucks hand
Unkoa collected $35.50 from pot
*** SUMMARY ***
Total pot $36 | Rake $0.50
Board [Jc 5c Tc 9h Kc]
Seat 1: Unkoa (button) (small blind) showed [Qh As] and won ($35.50) with a straight, Ten to Ace
Seat 2: ChrisTuff (big blind) mucked


