PokerStars Hand #144836466333:  Hold'em Limit ($3/$6 USD) - 2015/12/04 19:51:07 ET
Table 'Alkimos II' 6-max Seat #3 is the button
Seat 2: bluebird7551 ($179.35 in chips)
Seat 3: Chessnok ($93.29 in chips)
Chessnok: posts small blind $1
Lackys07 leaves the table
bluebird7551: posts big blind $3
*** HOLE CARDS ***
Chessnok: raises $3 to $6
bluebird7551: folds
Uncalled bet ($3) returned to Chessnok
Chessnok collected $6 from pot
Chessnok: doesn't show hand
*** SUMMARY ***
Total pot $6 | Rake $0
Seat 2: bluebird7551 (big blind) folded before Flop
Seat 3: Chessnok (button) (small blind) collected ($6)


PokerStars Hand #144838979308:  Hold'em Limit ($3/$6 USD) - 2015/12/04 21:07:46 ET
Table 'Alkimos II' 6-max Seat #4 is the button
Seat 4: AzureCaper ($72 in chips)
Seat 6: perten ($114.61 in chips)
AzureCaper: posts small blind $1
perten: posts big blind $3
*** HOLE CARDS ***
scorpio04 joins the table at seat #1
AzureCaper: folds
Uncalled bet ($2) returned to perten
perten collected $2 from pot
perten: doesn't show hand
*** SUMMARY ***
Total pot $2 | Rake $0
Seat 4: AzureCaper (button) (small blind) folded before Flop
Seat 6: perten (big blind) collected ($2)


PokerStars Hand #144839613568:  Hold'em Limit ($3/$6 USD) - 2015/12/04 21:29:22 ET
Table 'Alkimos II' 6-max Seat #2 is the button
Seat 1: scorpio04 ($82.21 in chips)
Seat 2: Chessnok ($142.46 in chips)
Chessnok: posts small blind $1
scorpio04: posts big blind $3
*** HOLE CARDS ***
donjuanmt leaves the table
Chessnok: raises $3 to $6
scorpio04: folds
Uncalled bet ($3) returned to Chessnok
Chessnok collected $6 from pot
Chessnok: doesn't show hand
*** SUMMARY ***
Total pot $6 | Rake $0
Seat 1: scorpio04 (big blind) folded before Flop
Seat 2: Chessnok (button) (small blind) collected ($6)


