PokerStars Hand #147449719915:  Hold'em Limit ($3/$6 USD) - 2016/01/21 17:54:26 ET
Table 'Alkimos III' 2-max Seat #2 is the button
Seat 1: Bigspender37 ($189.88 in chips)
Seat 2: Crspy Bacon ($120 in chips)
Crspy Bacon: posts small blind $1
Bigspender37: posts big blind $3
*** HOLE CARDS ***
Crspy Bacon: raises $3 to $6
Bigspender37: raises $3 to $9
Crspy Bacon: calls $3
*** FLOP *** [Qs Jd 8s]
Bigspender37: bets $3
Crspy Bacon: calls $3
*** TURN *** [Qs Jd 8s] [Kh]
Bigspender37: bets $6
Crspy Bacon: raises $6 to $12
Bigspender37: raises $6 to $18
Crspy Bacon: calls $6
*** RIVER *** [Qs Jd 8s Kh] [Qh]
Bigspender37: bets $6
Crspy Bacon: calls $6
*** SHOW DOWN ***
Bigspender37: shows [Jh Kc] (two pair, Kings and Queens)
Crspy Bacon: shows [9c Kd] (two pair, Kings and Queens)
Bigspender37 collected $35.75 from pot
Crspy Bacon collected $35.75 from pot
*** SUMMARY ***
Total pot $72 | Rake $0.50
Board [Qs Jd 8s Kh Qh]
Seat 1: Bigspender37 (big blind) showed [Jh Kc] and won ($35.75) with two pair, Kings and Queens
Seat 2: Crspy Bacon (button) (small blind) showed [9c Kd] and won ($35.75) with two pair, Kings and Queens


PokerStars Hand #147449787429:  Hold'em Limit ($3/$6 USD) - 2016/01/21 17:55:47 ET
Table 'Alkimos III' 2-max Seat #1 is the button
Seat 1: Bigspender37 ($227.77 in chips)
Seat 2: Crspy Bacon ($80.75 in chips)
Bigspender37: posts small blind $1
Crspy Bacon: posts big blind $3
*** HOLE CARDS ***
Bigspender37: raises $3 to $6
Crspy Bacon: calls $3
*** FLOP *** [2s 8c 7s]
Crspy Bacon: checks
Bigspender37: bets $3
Crspy Bacon: calls $3
*** TURN *** [2s 8c 7s] [3c]
Crspy Bacon: checks
Bigspender37: bets $6
Crspy Bacon: calls $6
*** RIVER *** [2s 8c 7s 3c] [4s]
Crspy Bacon: checks
Bigspender37: checks
*** SHOW DOWN ***
Crspy Bacon: shows [2c Kc] (a pair of Deuces)
Bigspender37: mucks hand
Crspy Bacon collected $29.50 from pot
*** SUMMARY ***
Total pot $30 | Rake $0.50
Board [2s 8c 7s 3c 4s]
Seat 1: Bigspender37 (button) (small blind) mucked
Seat 2: Crspy Bacon (big blind) showed [2c Kc] and won ($29.50) with a pair of Deuces


PokerStars Hand #147449775042:  Hold'em Limit ($3/$6 USD) - 2016/01/21 17:55:30 ET
Table 'Alkimos III' 2-max Seat #2 is the button
Seat 1: Bigspender37 ($219.13 in chips)
Seat 2: Crspy Bacon ($89.75 in chips)
Crspy Bacon: posts small blind $1
Bigspender37: posts big blind $3
*** HOLE CARDS ***
Crspy Bacon: raises $3 to $6
Bigspender37: calls $3
*** FLOP *** [2s Kh Jd]
Bigspender37: checks
Crspy Bacon: bets $3
Bigspender37: calls $3
*** TURN *** [2s Kh Jd] [Qs]
Bigspender37: checks
Crspy Bacon: checks
*** RIVER *** [2s Kh Jd Qs] [4d]
Bigspender37: bets $6
Crspy Bacon: folds
Uncalled bet ($6) returned to Bigspender37
Bigspender37 collected $17.64 from pot
*** SUMMARY ***
Total pot $18 | Rake $0.36
Board [2s Kh Jd Qs 4d]
Seat 1: Bigspender37 (big blind) collected ($17.64)
Seat 2: Crspy Bacon (button) (small blind) folded on the River


PokerStars Hand #147449758390:  Hold'em Limit ($3/$6 USD) - 2016/01/21 17:55:08 ET
Table 'Alkimos III' 2-max Seat #1 is the button
Seat 1: Bigspender37 ($189.63 in chips)
Seat 2: Crspy Bacon ($119.75 in chips)
Bigspender37: posts small blind $1
Crspy Bacon: posts big blind $3
*** HOLE CARDS ***
Bigspender37: raises $3 to $6
Crspy Bacon: calls $3
*** FLOP *** [3s Qs 4d]
Crspy Bacon: checks
Bigspender37: bets $3
Crspy Bacon: raises $3 to $6
Bigspender37: calls $3
*** TURN *** [3s Qs 4d] [Td]
Crspy Bacon: bets $6
Bigspender37: calls $6
*** RIVER *** [3s Qs 4d Td] [Ad]
Crspy Bacon: bets $6
Bigspender37: raises $6 to $12
Crspy Bacon: calls $6
*** SHOW DOWN ***
Bigspender37: shows [As 5c] (a pair of Aces)
Crspy Bacon: mucks hand
Bigspender37 collected $59.50 from pot
*** SUMMARY ***
Total pot $60 | Rake $0.50
Board [3s Qs 4d Td Ad]
Seat 1: Bigspender37 (button) (small blind) showed [As 5c] and won ($59.50) with a pair of Aces
Seat 2: Crspy Bacon (big blind) mucked


PokerStars Hand #147449850746:  Hold'em Limit ($3/$6 USD) - 2016/01/21 17:57:13 ET
Table 'Alkimos III' 2-max Seat #1 is the button
Seat 1: Bigspender37 ($220.69 in chips)
Seat 2: Crspy Bacon ($85.75 in chips)
Bigspender37: posts small blind $1
Crspy Bacon: posts big blind $3
*** HOLE CARDS ***
Bigspender37: raises $3 to $6
Crspy Bacon: folds
Uncalled bet ($3) returned to Bigspender37
Bigspender37 collected $6 from pot
*** SUMMARY ***
Total pot $6 | Rake $0
Seat 1: Bigspender37 (button) (small blind) collected ($6)
Seat 2: Crspy Bacon (big blind) folded before Flop


PokerStars Hand #147449839643:  Hold'em Limit ($3/$6 USD) - 2016/01/21 17:56:58 ET
Table 'Alkimos III' 2-max Seat #2 is the button
Seat 1: Bigspender37 ($209.17 in chips)
Seat 2: Crspy Bacon ($97.75 in chips)
Crspy Bacon: posts small blind $1
Bigspender37: posts big blind $3
*** HOLE CARDS ***
Crspy Bacon: raises $3 to $6
Bigspender37: calls $3
*** FLOP *** [9s Th 4d]
Bigspender37: checks
Crspy Bacon: bets $3
Bigspender37: raises $3 to $6
Crspy Bacon: calls $3
*** TURN *** [9s Th 4d] [Qs]
Bigspender37: bets $6
Crspy Bacon: folds
Uncalled bet ($6) returned to Bigspender37
Bigspender37 collected $23.52 from pot
*** SUMMARY ***
Total pot $24 | Rake $0.48
Board [9s Th 4d Qs]
Seat 1: Bigspender37 (big blind) collected ($23.52)
Seat 2: Crspy Bacon (button) (small blind) folded on the Turn


PokerStars Hand #147449828430:  Hold'em Limit ($3/$6 USD) - 2016/01/21 17:56:43 ET
Table 'Alkimos III' 2-max Seat #1 is the button
Seat 1: Bigspender37 ($200.53 in chips)
Seat 2: Crspy Bacon ($106.75 in chips)
Bigspender37: posts small blind $1
Crspy Bacon: posts big blind $3
*** HOLE CARDS ***
Bigspender37: raises $3 to $6
Crspy Bacon: calls $3
*** FLOP *** [Js Jh 2s]
Crspy Bacon: checks
Bigspender37: bets $3
Crspy Bacon: calls $3
*** TURN *** [Js Jh 2s] [3c]
Crspy Bacon: checks
Bigspender37: bets $6
Crspy Bacon: folds
Uncalled bet ($6) returned to Bigspender37
Bigspender37 collected $17.64 from pot
*** SUMMARY ***
Total pot $18 | Rake $0.36
Board [Js Jh 2s 3c]
Seat 1: Bigspender37 (button) (small blind) collected ($17.64)
Seat 2: Crspy Bacon (big blind) folded on the Turn


PokerStars Hand #147449822251:  Hold'em Limit ($3/$6 USD) - 2016/01/21 17:56:34 ET
Table 'Alkimos III' 2-max Seat #2 is the button
Seat 1: Bigspender37 ($203.53 in chips)
Seat 2: Crspy Bacon ($103.75 in chips)
Crspy Bacon: posts small blind $1
Bigspender37: posts big blind $3
*** HOLE CARDS ***
Crspy Bacon: raises $3 to $6
Bigspender37: folds
Uncalled bet ($3) returned to Crspy Bacon
Crspy Bacon collected $6 from pot
Crspy Bacon: doesn't show hand
*** SUMMARY ***
Total pot $6 | Rake $0
Seat 1: Bigspender37 (big blind) folded before Flop
Seat 2: Crspy Bacon (button) (small blind) collected ($6)


PokerStars Hand #147449816200:  Hold'em Limit ($3/$6 USD) - 2016/01/21 17:56:26 ET
Table 'Alkimos III' 2-max Seat #1 is the button
Seat 1: Bigspender37 ($197.77 in chips)
Seat 2: Crspy Bacon ($109.75 in chips)
Bigspender37: posts small blind $1
Crspy Bacon: posts big blind $3
*** HOLE CARDS ***
Bigspender37: raises $3 to $6
Crspy Bacon: calls $3
*** FLOP *** [Ks Qc Ac]
Crspy Bacon: checks
Bigspender37: bets $3
Crspy Bacon: folds
Uncalled bet ($3) returned to Bigspender37
Bigspender37 collected $11.76 from pot
*** SUMMARY ***
Total pot $12 | Rake $0.24
Board [Ks Qc Ac]
Seat 1: Bigspender37 (button) (small blind) collected ($11.76)
Seat 2: Crspy Bacon (big blind) folded on the Flop


PokerStars Hand #147449800902:  Hold'em Limit ($3/$6 USD) - 2016/01/21 17:56:06 ET
Table 'Alkimos III' 2-max Seat #2 is the button
Seat 1: Bigspender37 ($212.77 in chips)
Seat 2: Crspy Bacon ($95.25 in chips)
Crspy Bacon: posts small blind $1
Bigspender37: posts big blind $3
*** HOLE CARDS ***
Crspy Bacon: raises $3 to $6
Bigspender37: calls $3
*** FLOP *** [Jc 4s 7c]
Bigspender37: checks
Crspy Bacon: bets $3
Bigspender37: calls $3
*** TURN *** [Jc 4s 7c] [3h]
Bigspender37: checks
Crspy Bacon: checks
*** RIVER *** [Jc 4s 7c 3h] [6d]
Bigspender37: bets $6
Crspy Bacon: calls $6
*** SHOW DOWN ***
Bigspender37: shows [8s Qd] (high card Queen)
Crspy Bacon: shows [3c Kh] (a pair of Threes)
Crspy Bacon collected $29.50 from pot
*** SUMMARY ***
Total pot $30 | Rake $0.50
Board [Jc 4s 7c 3h 6d]
Seat 1: Bigspender37 (big blind) showed [8s Qd] and lost with high card Queen
Seat 2: Crspy Bacon (button) (small blind) showed [3c Kh] and won ($29.50) with a pair of Threes


PokerStars Hand #147449873049:  Hold'em Limit ($3/$6 USD) - 2016/01/21 17:57:43 ET
Table 'Alkimos III' 2-max Seat #1 is the button
Seat 1: Bigspender37 ($208.69 in chips)
Seat 2: Crspy Bacon ($97.25 in chips)
Bigspender37: posts small blind $1
Crspy Bacon: posts big blind $3
*** HOLE CARDS ***
Bigspender37: raises $3 to $6
Crspy Bacon: raises $3 to $9
Bigspender37: calls $3
*** FLOP *** [4d Td 4c]
Crspy Bacon: bets $3
Bigspender37: calls $3
*** TURN *** [4d Td 4c] [Qh]
Crspy Bacon: bets $6
Bigspender37: raises $6 to $12
Crspy Bacon: calls $6
*** RIVER *** [4d Td 4c Qh] [5s]
Crspy Bacon: checks
Bigspender37: bets $6
Crspy Bacon: calls $6
*** SHOW DOWN ***
Bigspender37: shows [4s Qd] (a full house, Fours full of Queens)
Crspy Bacon: mucks hand
Bigspender37 collected $59.50 from pot
*** SUMMARY ***
Total pot $60 | Rake $0.50
Board [4d Td 4c Qh 5s]
Seat 1: Bigspender37 (button) (small blind) showed [4s Qd] and won ($59.50) with a full house, Fours full of Queens
Seat 2: Crspy Bacon (big blind) mucked


PokerStars Hand #147449855310:  Hold'em Limit ($3/$6 USD) - 2016/01/21 17:57:19 ET
Table 'Alkimos III' 2-max Seat #2 is the button
Seat 1: Bigspender37 ($223.69 in chips)
Seat 2: Crspy Bacon ($82.75 in chips)
Crspy Bacon: posts small blind $1
Bigspender37: posts big blind $3
*** HOLE CARDS ***
Crspy Bacon: raises $3 to $6
Bigspender37: calls $3
*** FLOP *** [Jd Jh 4s]
Bigspender37: checks
Crspy Bacon: bets $3
Bigspender37: calls $3
*** TURN *** [Jd Jh 4s] [2d]
Bigspender37: checks
Crspy Bacon: checks
*** RIVER *** [Jd Jh 4s 2d] [Jc]
Bigspender37: checks
Crspy Bacon: bets $6
Bigspender37: calls $6
*** SHOW DOWN ***
Crspy Bacon: shows [Ac 2c] (a full house, Jacks full of Deuces)
Bigspender37: mucks hand
Crspy Bacon collected $29.50 from pot
*** SUMMARY ***
Total pot $30 | Rake $0.50
Board [Jd Jh 4s 2d Jc]
Seat 1: Bigspender37 (big blind) mucked
Seat 2: Crspy Bacon (button) (small blind) showed [Ac 2c] and won ($29.50) with a full house, Jacks full of Deuces


PokerStars Hand #147449931619:  Hold'em Limit ($3/$6 USD) - 2016/01/21 17:58:48 ET
Table 'Alkimos III' 2-max Seat #2 is the button
Seat 1: Bigspender37 ($240.94 in chips)
Seat 2: Crspy Bacon ($64 in chips)
Crspy Bacon: posts small blind $1
Bigspender37: posts big blind $3
*** HOLE CARDS ***
Crspy Bacon: raises $3 to $6
Bigspender37: calls $3
*** FLOP *** [Th 4h 7s]
Bigspender37: checks
Crspy Bacon: bets $3
Bigspender37: raises $3 to $6
Crspy Bacon: calls $3
*** TURN *** [Th 4h 7s] [Js]
Bigspender37: bets $6
Crspy Bacon: calls $6
*** RIVER *** [Th 4h 7s Js] [Ad]
Bigspender37: checks
Crspy Bacon: bets $6
Bigspender37: calls $6
*** SHOW DOWN ***
Crspy Bacon: shows [Ac 7h] (two pair, Aces and Sevens)
Bigspender37: mucks hand
Crspy Bacon collected $47.50 from pot
*** SUMMARY ***
Total pot $48 | Rake $0.50
Board [Th 4h 7s Js Ad]
Seat 1: Bigspender37 (big blind) mucked
Seat 2: Crspy Bacon (button) (small blind) showed [Ac 7h] and won ($47.50) with two pair, Aces and Sevens


PokerStars Hand #147449926814:  Hold'em Limit ($3/$6 USD) - 2016/01/21 17:58:42 ET
Table 'Alkimos III' 2-max Seat #1 is the button
Seat 1: Bigspender37 ($237.94 in chips)
Seat 2: Crspy Bacon ($67 in chips)
Bigspender37: posts small blind $1
Crspy Bacon: posts big blind $3
*** HOLE CARDS ***
Bigspender37: raises $3 to $6
Crspy Bacon: folds
Uncalled bet ($3) returned to Bigspender37
Bigspender37 collected $6 from pot
*** SUMMARY ***
Total pot $6 | Rake $0
Seat 1: Bigspender37 (button) (small blind) collected ($6)
Seat 2: Crspy Bacon (big blind) folded before Flop


PokerStars Hand #147449899277:  Hold'em Limit ($3/$6 USD) - 2016/01/21 17:58:13 ET
Table 'Alkimos III' 2-max Seat #2 is the button
Seat 1: Bigspender37 ($238.19 in chips)
Seat 2: Crspy Bacon ($67.25 in chips)
Crspy Bacon: posts small blind $1
Bigspender37: posts big blind $3
*** HOLE CARDS ***
Crspy Bacon: raises $3 to $6
Bigspender37: calls $3
*** FLOP *** [Jd 2d Ad]
Bigspender37: checks
Crspy Bacon: bets $3
Bigspender37: calls $3
*** TURN *** [Jd 2d Ad] [Qh]
Bigspender37: checks
Crspy Bacon: bets $6
Bigspender37: calls $6
*** RIVER *** [Jd 2d Ad Qh] [Ks]
Bigspender37: checks
Crspy Bacon: bets $6
Bigspender37: calls $6
*** SHOW DOWN ***
Crspy Bacon: shows [Ac 8d] (a pair of Aces)
Bigspender37: shows [Ah 9c] (a pair of Aces)
Bigspender37 collected $20.75 from pot
Crspy Bacon collected $20.75 from pot
*** SUMMARY ***
Total pot $42 | Rake $0.50
Board [Jd 2d Ad Qh Ks]
Seat 1: Bigspender37 (big blind) showed [Ah 9c] and won ($20.75) with a pair of Aces
Seat 2: Crspy Bacon (button) (small blind) showed [Ac 8d] and won ($20.75) with a pair of Aces


PokerStars Hand #147449993752:  Hold'em Limit ($3/$6 USD) - 2016/01/21 18:00:11 ET
Table 'Alkimos III' 2-max Seat #2 is the button
Seat 1: Bigspender37 ($214.44 in chips)
Seat 2: Crspy Bacon ($88.66 in chips)
Crspy Bacon: posts small blind $1
Bigspender37: posts big blind $3
*** HOLE CARDS ***
Crspy Bacon: folds
Uncalled bet ($2) returned to Bigspender37
Bigspender37 collected $2 from pot
*** SUMMARY ***
Total pot $2 | Rake $0
Seat 1: Bigspender37 (big blind) collected ($2)
Seat 2: Crspy Bacon (button) (small blind) folded before Flop


PokerStars Hand #147449990362:  Hold'em Limit ($3/$6 USD) - 2016/01/21 18:00:06 ET
Table 'Alkimos III' 2-max Seat #1 is the button
Seat 1: Bigspender37 ($215.44 in chips)
Seat 2: Crspy Bacon ($87.66 in chips)
Bigspender37: posts small blind $1
Crspy Bacon: posts big blind $3
*** HOLE CARDS ***
Bigspender37: folds
Uncalled bet ($2) returned to Crspy Bacon
Crspy Bacon collected $2 from pot
Crspy Bacon: doesn't show hand
*** SUMMARY ***
Total pot $2 | Rake $0
Seat 1: Bigspender37 (button) (small blind) folded before Flop
Seat 2: Crspy Bacon (big blind) collected ($2)


PokerStars Hand #147449973841:  Hold'em Limit ($3/$6 USD) - 2016/01/21 17:59:44 ET
Table 'Alkimos III' 2-max Seat #2 is the button
Seat 1: Bigspender37 ($197.94 in chips)
Seat 2: Crspy Bacon ($105.66 in chips)
Crspy Bacon: posts small blind $1
Bigspender37: posts big blind $3
*** HOLE CARDS ***
Crspy Bacon: raises $3 to $6
Bigspender37: calls $3
*** FLOP *** [5s 8h 9d]
Bigspender37: checks
Crspy Bacon: bets $3
Bigspender37: raises $3 to $6
Crspy Bacon: calls $3
*** TURN *** [5s 8h 9d] [6d]
Bigspender37: bets $6
Crspy Bacon: calls $6
*** RIVER *** [5s 8h 9d 6d] [9h]
Bigspender37: bets $6
Crspy Bacon: folds
Uncalled bet ($6) returned to Bigspender37
Bigspender37 collected $35.50 from pot
*** SUMMARY ***
Total pot $36 | Rake $0.50
Board [5s 8h 9d 6d 9h]
Seat 1: Bigspender37 (big blind) collected ($35.50)
Seat 2: Crspy Bacon (button) (small blind) folded on the River


PokerStars Hand #147449970636:  Hold'em Limit ($3/$6 USD) - 2016/01/21 17:59:40 ET
Table 'Alkimos III' 2-max Seat #1 is the button
Seat 1: Bigspender37 ($194.94 in chips)
Seat 2: Crspy Bacon ($108.66 in chips)
Bigspender37: posts small blind $1
Crspy Bacon: posts big blind $3
*** HOLE CARDS ***
Bigspender37: raises $3 to $6
Crspy Bacon: folds
Uncalled bet ($3) returned to Bigspender37
Bigspender37 collected $6 from pot
*** SUMMARY ***
Total pot $6 | Rake $0
Seat 1: Bigspender37 (button) (small blind) collected ($6)
Seat 2: Crspy Bacon (big blind) folded before Flop


PokerStars Hand #147449964498:  Hold'em Limit ($3/$6 USD) - 2016/01/21 17:59:32 ET
Table 'Alkimos III' 2-max Seat #2 is the button
Seat 1: Bigspender37 ($200.94 in chips)
Seat 2: Crspy Bacon ($102.90 in chips)
Crspy Bacon: posts small blind $1
Bigspender37: posts big blind $3
*** HOLE CARDS ***
Crspy Bacon: raises $3 to $6
Bigspender37: calls $3
*** FLOP *** [Kc 3s 4d]
Bigspender37: checks
Crspy Bacon: bets $3
Bigspender37: folds
Uncalled bet ($3) returned to Crspy Bacon
Crspy Bacon collected $11.76 from pot
Crspy Bacon: doesn't show hand
*** SUMMARY ***
Total pot $12 | Rake $0.24
Board [Kc 3s 4d]
Seat 1: Bigspender37 (big blind) folded on the Flop
Seat 2: Crspy Bacon (button) (small blind) collected ($11.76)


PokerStars Hand #147449957591:  Hold'em Limit ($3/$6 USD) - 2016/01/21 17:59:22 ET
Table 'Alkimos III' 2-max Seat #1 is the button
Seat 1: Bigspender37 ($209.94 in chips)
Seat 2: Crspy Bacon ($94.26 in chips)
Bigspender37: posts small blind $1
Crspy Bacon: posts big blind $3
*** HOLE CARDS ***
Bigspender37: raises $3 to $6
Crspy Bacon: raises $3 to $9
Bigspender37: calls $3
*** FLOP *** [Jc 5c Jd]
Crspy Bacon: bets $3
Bigspender37: folds
Uncalled bet ($3) returned to Crspy Bacon
Crspy Bacon collected $17.64 from pot
Crspy Bacon: doesn't show hand
*** SUMMARY ***
Total pot $18 | Rake $0.36
Board [Jc 5c Jd]
Seat 1: Bigspender37 (button) (small blind) folded on the Flop
Seat 2: Crspy Bacon (big blind) collected ($17.64)


PokerStars Hand #147449951461:  Hold'em Limit ($3/$6 USD) - 2016/01/21 17:59:14 ET
Table 'Alkimos III' 2-max Seat #2 is the button
Seat 1: Bigspender37 ($215.94 in chips)
Seat 2: Crspy Bacon ($88.50 in chips)
Crspy Bacon: posts small blind $1
Bigspender37: posts big blind $3
*** HOLE CARDS ***
Crspy Bacon: raises $3 to $6
Bigspender37: calls $3
*** FLOP *** [6s Qd As]
Bigspender37: checks
Crspy Bacon: bets $3
Bigspender37: folds
Uncalled bet ($3) returned to Crspy Bacon
Crspy Bacon collected $11.76 from pot
Crspy Bacon: doesn't show hand
*** SUMMARY ***
Total pot $12 | Rake $0.24
Board [6s Qd As]
Seat 1: Bigspender37 (big blind) folded on the Flop
Seat 2: Crspy Bacon (button) (small blind) collected ($11.76)


PokerStars Hand #147449948292:  Hold'em Limit ($3/$6 USD) - 2016/01/21 17:59:10 ET
Table 'Alkimos III' 2-max Seat #1 is the button
Seat 1: Bigspender37 ($216.94 in chips)
Seat 2: Crspy Bacon ($87.50 in chips)
Bigspender37: posts small blind $1
Crspy Bacon: posts big blind $3
*** HOLE CARDS ***
Bigspender37: folds
Uncalled bet ($2) returned to Crspy Bacon
Crspy Bacon collected $2 from pot
Crspy Bacon: doesn't show hand
*** SUMMARY ***
Total pot $2 | Rake $0
Seat 1: Bigspender37 (button) (small blind) folded before Flop
Seat 2: Crspy Bacon (big blind) collected ($2)


