PokerStars Hand #147186884441:  Hold'em Limit ($3/$6 USD) - 2016/01/17 7:28:56 ET
Table 'Alkimos II' 6-max Seat #5 is the button
Seat 2: beng_51 ($109.99 in chips)
Seat 5: degal76 ($113.64 in chips)
degal76: posts small blind $1
beng_51: posts big blind $3
*** HOLE CARDS ***
degal76: folds
Uncalled bet ($2) returned to beng_51
beng_51 collected $2 from pot
*** SUMMARY ***
Total pot $2 | Rake $0
Seat 2: beng_51 (big blind) collected ($2)
Seat 5: degal76 (button) (small blind) folded before Flop


PokerStars Hand #147186879125:  Hold'em Limit ($3/$6 USD) - 2016/01/17 7:28:48 ET
Table 'Alkimos II' 6-max Seat #2 is the button
Seat 2: beng_51 ($106.99 in chips)
Seat 5: degal76 ($116.64 in chips)
beng_51: posts small blind $1
degal76: posts big blind $3
*** HOLE CARDS ***
beng_51: raises $3 to $6
vladal 888 joins the table at seat #3
degal76: folds
Uncalled bet ($3) returned to beng_51
beng_51 collected $6 from pot
*** SUMMARY ***
Total pot $6 | Rake $0
Seat 2: beng_51 (button) (small blind) collected ($6)
Seat 5: degal76 (big blind) folded before Flop


PokerStars Hand #147186904669:  Hold'em Limit ($3/$6 USD) - 2016/01/17 7:29:26 ET
Table 'Alkimos II' 6-max Seat #3 is the button
Seat 2: beng_51 ($125.09 in chips)
Seat 3: vladal 888 ($20 in chips)
vladal 888: posts small blind $1
degal76: is sitting out
TbIP-TbIP 88 was removed from the table for failing to post
beng_51: posts big blind $3
*** HOLE CARDS ***
vladal 888: raises $3 to $6
beng_51: calls $3
*** FLOP *** [5h 4s 8d]
degal76 leaves the table
beng_51: checks
vladal 888: bets $3
beng_51: calls $3
*** TURN *** [5h 4s 8d] [3d]
beng_51: checks
vladal 888: bets $6
beng_51: calls $6
*** RIVER *** [5h 4s 8d 3d] [7d]
beng_51: bets $6
vladal 888: calls $5 and is all-in
Uncalled bet ($1) returned to beng_51
*** SHOW DOWN ***
beng_51: shows [Qs 6h] (a straight, Four to Eight)
vladal 888: shows [2s 5s] (a pair of Fives)
beng_51 collected $39.50 from pot
*** SUMMARY ***
Total pot $40 | Rake $0.50
Board [5h 4s 8d 3d 7d]
Seat 2: beng_51 (big blind) showed [Qs 6h] and won ($39.50) with a straight, Four to Eight
Seat 3: vladal 888 (button) (small blind) showed [2s 5s] and lost with a pair of Fives


PokerStars Hand #147208839966:  Hold'em Limit ($3/$6 USD) - 2016/01/17 14:04:05 ET
Table 'Alkimos II' 6-max Seat #5 is the button
Seat 3: LolDnkaments ($114.87 in chips)
Seat 5: patrikskjold ($56.60 in chips)
patrikskjold: posts small blind $1
LolDnkaments: posts big blind $3
*** HOLE CARDS ***
patrikskjold: raises $3 to $6
LolDnkaments: calls $3
*** FLOP *** [Qd Ac As]
LolDnkaments: checks
patrikskjold: bets $3
LolDnkaments: folds
Uncalled bet ($3) returned to patrikskjold
patrikskjold collected $11.76 from pot
patrikskjold: doesn't show hand
*** SUMMARY ***
Total pot $12 | Rake $0.24
Board [Qd Ac As]
Seat 3: LolDnkaments (big blind) folded on the Flop
Seat 5: patrikskjold (button) (small blind) collected ($11.76)


PokerStars Hand #147208818874:  Hold'em Limit ($3/$6 USD) - 2016/01/17 14:03:47 ET
Table 'Alkimos II' 6-max Seat #3 is the button
Seat 3: LolDnkaments ($129.87 in chips)
Seat 5: patrikskjold ($42.10 in chips)
LolDnkaments: posts small blind $1
patrikskjold: posts big blind $3
*** HOLE CARDS ***
knas4 leaves the table
LolDnkaments: raises $3 to $6
patrikskjold: raises $3 to $9
LolDnkaments: raises $3 to $12
Betting is capped
patrikskjold: calls $3
*** FLOP *** [7s 3h Qc]
patrikskjold: bets $3
LolDnkaments: calls $3
*** TURN *** [7s 3h Qc] [5h]
patrikskjold: bets $6
LolDnkaments: folds
Uncalled bet ($6) returned to patrikskjold
patrikskjold collected $29.50 from pot
patrikskjold: doesn't show hand
*** SUMMARY ***
Total pot $30 | Rake $0.50
Board [7s 3h Qc 5h]
Seat 3: LolDnkaments (button) (small blind) folded on the Turn
Seat 5: patrikskjold (big blind) collected ($29.50)


