PokerStars Hand #151853953235:  Hold'em Limit ($3/$6 USD) - 2016/04/13 9:12:31 ET
Table 'Alkimos II' 6-max Seat #5 is the button
Seat 4: Agrotait ($98.50 in chips)
Seat 5: shalomrum ($3 in chips)
shalomrum: posts small blind $1
Agrotait: posts big blind $3
*** HOLE CARDS ***
shalomrum: calls $2 and is all-in
*** FLOP *** [9c 4c Kd]
*** TURN *** [9c 4c Kd] [2s]
*** RIVER *** [9c 4c Kd 2s] [As]
*** SHOW DOWN ***
Agrotait: shows [7s Td] (high card Ace)
shalomrum: shows [Js Ac] (a pair of Aces)
shalomrum collected $5.88 from pot
*** SUMMARY ***
Total pot $6 | Rake $0.12
Board [9c 4c Kd 2s As]
Seat 4: Agrotait (big blind) showed [7s Td] and lost with high card Ace
Seat 5: shalomrum (button) (small blind) showed [Js Ac] and won ($5.88) with a pair of Aces


PokerStars Hand #151853936808:  Hold'em Limit ($3/$6 USD) - 2016/04/13 9:12:02 ET
Table 'Alkimos II' 6-max Seat #4 is the button
Seat 4: Agrotait ($72 in chips)
Seat 5: shalomrum ($30 in chips)
Agrotait: posts small blind $1
shalomrum: posts big blind $3
*** HOLE CARDS ***
Agrotait: raises $3 to $6
shalomrum: calls $3
*** FLOP *** [5d Qs 2c]
shalomrum: checks
Agrotait: bets $3
shalomrum: raises $3 to $6
Agrotait: raises $3 to $9
shalomrum: calls $3
*** TURN *** [5d Qs 2c] [3d]
shalomrum: checks
Agrotait: bets $6
shalomrum: calls $6
*** RIVER *** [5d Qs 2c 3d] [5c]
shalomrum: checks
Agrotait: bets $6
shalomrum: calls $6
*** SHOW DOWN ***
Agrotait: shows [8s Qd] (two pair, Queens and Fives)
shalomrum: mucks hand
Agrotait collected $53.50 from pot
*** SUMMARY ***
Total pot $54 | Rake $0.50
Board [5d Qs 2c 3d 5c]
Seat 4: Agrotait (button) (small blind) showed [8s Qd] and won ($53.50) with two pair, Queens and Fives
Seat 5: shalomrum (big blind) mucked


PokerStars Hand #151853976225:  Hold'em Limit ($3/$6 USD) - 2016/04/13 9:13:10 ET
Table 'Alkimos II' 6-max Seat #5 is the button
Seat 4: Agrotait ($101.14 in chips)
Seat 5: shalomrum ($30 in chips)
shalomrum: posts small blind $1
Agrotait: posts big blind $3
*** HOLE CARDS ***
shalomrum: folds
Uncalled bet ($2) returned to Agrotait
Agrotait collected $2 from pot
Agrotait: doesn't show hand
*** SUMMARY ***
Total pot $2 | Rake $0
Seat 4: Agrotait (big blind) collected ($2)
Seat 5: shalomrum (button) (small blind) folded before Flop


PokerStars Hand #151853960590:  Hold'em Limit ($3/$6 USD) - 2016/04/13 9:12:43 ET
Table 'Alkimos II' 6-max Seat #4 is the button
Seat 4: Agrotait ($95.50 in chips)
Seat 5: shalomrum ($5.88 in chips)
Agrotait: posts small blind $1
shalomrum: posts big blind $3
*** HOLE CARDS ***
Agrotait: raises $3 to $6
shalomrum: calls $2.88 and is all-in
Uncalled bet ($0.12) returned to Agrotait
*** FLOP *** [Tc Jd Qs]
*** TURN *** [Tc Jd Qs] [Kh]
*** RIVER *** [Tc Jd Qs Kh] [2s]
*** SHOW DOWN ***
shalomrum: shows [7d 8h] (high card King)
Agrotait: shows [6d Kc] (a pair of Kings)
Agrotait collected $11.52 from pot
*** SUMMARY ***
Total pot $11.76 | Rake $0.24
Board [Tc Jd Qs Kh 2s]
Seat 4: Agrotait (button) (small blind) showed [6d Kc] and won ($11.52) with a pair of Kings
Seat 5: shalomrum (big blind) showed [7d 8h] and lost with high card King


PokerStars Hand #151854018899:  Hold'em Limit ($3/$6 USD) - 2016/04/13 9:14:24 ET
Table 'Alkimos II' 6-max Seat #4 is the button
Seat 4: Agrotait ($117.64 in chips)
Seat 5: shalomrum ($13 in chips)
Agrotait: posts small blind $1
shalomrum: posts big blind $3
*** HOLE CARDS ***
Agrotait: folds
Uncalled bet ($2) returned to shalomrum
shalomrum collected $2 from pot
shalomrum: doesn't show hand
*** SUMMARY ***
Total pot $2 | Rake $0
Seat 4: Agrotait (button) (small blind) folded before Flop
Seat 5: shalomrum (big blind) collected ($2)


PokerStars Hand #151854016552:  Hold'em Limit ($3/$6 USD) - 2016/04/13 9:14:19 ET
Table 'Alkimos II' 6-max Seat #5 is the button
Seat 4: Agrotait ($116.64 in chips)
Seat 5: shalomrum ($14 in chips)
shalomrum: posts small blind $1
Agrotait: posts big blind $3
*** HOLE CARDS ***
shalomrum: folds
Uncalled bet ($2) returned to Agrotait
Agrotait collected $2 from pot
Agrotait: doesn't show hand
*** SUMMARY ***
Total pot $2 | Rake $0
Seat 4: Agrotait (big blind) collected ($2)
Seat 5: shalomrum (button) (small blind) folded before Flop


PokerStars Hand #151853983764:  Hold'em Limit ($3/$6 USD) - 2016/04/13 9:13:23 ET
Table 'Alkimos II' 6-max Seat #4 is the button
Seat 4: Agrotait ($102.14 in chips)
Seat 5: shalomrum ($29 in chips)
Agrotait: posts small blind $1
shalomrum: posts big blind $3
*** HOLE CARDS ***
Agrotait: raises $3 to $6
shalomrum: raises $3 to $9
Agrotait: calls $3
*** FLOP *** [6h Kh As]
shalomrum: bets $3
Agrotait: raises $3 to $6
shalomrum: calls $3
*** TURN *** [6h Kh As] [Tc]
shalomrum: checks
Agrotait: bets $6
shalomrum: folds
Uncalled bet ($6) returned to Agrotait
Agrotait collected $29.50 from pot
Agrotait: doesn't show hand
*** SUMMARY ***
Total pot $30 | Rake $0.50
Board [6h Kh As Tc]
Seat 4: Agrotait (button) (small blind) collected ($29.50)
Seat 5: shalomrum (big blind) folded on the Turn


PokerStars Hand #151854022330:  Hold'em Limit ($3/$6 USD) - 2016/04/13 9:14:30 ET
Table 'Alkimos II' 6-max Seat #5 is the button
Seat 4: Agrotait ($116.64 in chips)
Seat 5: shalomrum ($14 in chips)
shalomrum: posts small blind $1
Agrotait: posts big blind $3
*** HOLE CARDS ***
shalomrum: raises $3 to $6
Agrotait: calls $3
*** FLOP *** [7s 9s 8h]
Agrotait: checks
shalomrum: bets $3
Agrotait: calls $3
*** TURN *** [7s 9s 8h] [7d]
liolilove joins the table at seat #6
Agrotait: checks
shalomrum: bets $5 and is all-in
Agrotait: calls $5
*** RIVER *** [7s 9s 8h 7d] [3h]
*** SHOW DOWN ***
Agrotait: shows [3d 9d] (two pair, Nines and Sevens)
shalomrum: shows [Ac 5c] (a pair of Sevens)
Agrotait collected $27.50 from pot
*** SUMMARY ***
Total pot $28 | Rake $0.50
Board [7s 9s 8h 7d 3h]
Seat 4: Agrotait (big blind) showed [3d 9d] and won ($27.50) with two pair, Nines and Sevens
Seat 5: shalomrum (button) (small blind) showed [Ac 5c] and lost with a pair of Sevens


PokerStars Hand #151854074952:  Hold'em Limit ($3/$6 USD) - 2016/04/13 9:15:59 ET
Table 'Alkimos II' 6-max Seat #5 is the button
Seat 4: Agrotait ($129.14 in chips)
Seat 5: shalomrum ($31 in chips)
shalomrum: posts small blind $1
Agrotait: posts big blind $3
*** HOLE CARDS ***
shalomrum: raises $3 to $6
Agrotait: raises $3 to $9
shalomrum: calls $3
*** FLOP *** [Tc 8d Qd]
Agrotait: bets $3
shalomrum: raises $3 to $6
Agrotait: raises $3 to $9
shalomrum: calls $3
*** TURN *** [Tc 8d Qd] [8s]
Agrotait: bets $6
shalomrum: calls $6
*** RIVER *** [Tc 8d Qd 8s] [2h]
Agrotait: bets $6
shalomrum: calls $6
*** SHOW DOWN ***
Agrotait: shows [As Ac] (two pair, Aces and Eights)
shalomrum: mucks hand
Agrotait collected $59.50 from pot
*** SUMMARY ***
Total pot $60 | Rake $0.50
Board [Tc 8d Qd 8s 2h]
Seat 4: Agrotait (big blind) showed [As Ac] and won ($59.50) with two pair, Aces and Eights
Seat 5: shalomrum (button) (small blind) mucked


PokerStars Hand #151854066189:  Hold'em Limit ($3/$6 USD) - 2016/04/13 9:15:44 ET
Table 'Alkimos II' 6-max Seat #4 is the button
Seat 4: Agrotait ($130.14 in chips)
Seat 5: shalomrum ($30 in chips)
Agrotait: posts small blind $1
shalomrum: posts big blind $3
*** HOLE CARDS ***
Agrotait: folds
Uncalled bet ($2) returned to shalomrum
shalomrum collected $2 from pot
shalomrum: doesn't show hand
*** SUMMARY ***
Total pot $2 | Rake $0
Seat 4: Agrotait (button) (small blind) folded before Flop
Seat 5: shalomrum (big blind) collected ($2)


PokerStars Hand #151854120933:  Hold'em Limit ($3/$6 USD) - 2016/04/13 9:17:18 ET
Table 'Alkimos II' 6-max Seat #4 is the button
Seat 4: Agrotait ($158.64 in chips)
Seat 5: shalomrum ($175.05 in chips)
Agrotait: posts small blind $1
shalomrum: posts big blind $3
*** HOLE CARDS ***
Agrotait: raises $3 to $6
shalomrum: calls $3
*** FLOP *** [5d Jh Tc]
shalomrum: checks
Agrotait: bets $3
shalomrum: raises $3 to $6
Agrotait: calls $3
*** TURN *** [5d Jh Tc] [Qh]
shalomrum: bets $6
Agrotait: folds
Uncalled bet ($6) returned to shalomrum
shalomrum collected $23.52 from pot
shalomrum: doesn't show hand
*** SUMMARY ***
Total pot $24 | Rake $0.48
Board [5d Jh Tc Qh]
Seat 4: Agrotait (button) (small blind) folded on the Turn
Seat 5: shalomrum (big blind) collected ($23.52)


PokerStars Hand #151854117490:  Hold'em Limit ($3/$6 USD) - 2016/04/13 9:17:12 ET
Table 'Alkimos II' 6-max Seat #5 is the button
Seat 4: Agrotait ($157.64 in chips)
Seat 5: shalomrum ($176.05 in chips)
shalomrum: posts small blind $1
Agrotait: posts big blind $3
*** HOLE CARDS ***
shalomrum: folds
Uncalled bet ($2) returned to Agrotait
Agrotait collected $2 from pot
Agrotait: doesn't show hand
*** SUMMARY ***
Total pot $2 | Rake $0
Seat 4: Agrotait (big blind) collected ($2)
Seat 5: shalomrum (button) (small blind) folded before Flop


PokerStars Hand #151854109288:  Hold'em Limit ($3/$6 USD) - 2016/04/13 9:16:59 ET
Table 'Alkimos II' 6-max Seat #4 is the button
Seat 4: Agrotait ($158.64 in chips)
Seat 5: shalomrum ($175.05 in chips)
Agrotait: posts small blind $1
shalomrum: posts big blind $3
*** HOLE CARDS ***
Agrotait: folds
Uncalled bet ($2) returned to shalomrum
shalomrum collected $2 from pot
shalomrum: doesn't show hand
*** SUMMARY ***
Total pot $2 | Rake $0
Seat 4: Agrotait (button) (small blind) folded before Flop
Seat 5: shalomrum (big blind) collected ($2)


PokerStars Hand #151854149008:  Hold'em Limit ($3/$6 USD) - 2016/04/13 9:18:07 ET
Table 'Alkimos II' 6-max Seat #4 is the button
Seat 4: Agrotait ($140.64 in chips)
Seat 5: shalomrum ($192.33 in chips)
Agrotait: posts small blind $1
shalomrum: posts big blind $3
*** HOLE CARDS ***
Agrotait: raises $3 to $6
shalomrum: folds
Uncalled bet ($3) returned to Agrotait
Agrotait collected $6 from pot
Agrotait: doesn't show hand
*** SUMMARY ***
Total pot $6 | Rake $0
Seat 4: Agrotait (button) (small blind) collected ($6)
Seat 5: shalomrum (big blind) folded before Flop


PokerStars Hand #151854137547:  Hold'em Limit ($3/$6 USD) - 2016/04/13 9:17:47 ET
Table 'Alkimos II' 6-max Seat #5 is the button
Seat 4: Agrotait ($146.64 in chips)
Seat 5: shalomrum ($186.57 in chips)
shalomrum: posts small blind $1
trol12 joins the table at seat #1
Agrotait: posts big blind $3
*** HOLE CARDS ***
shalomrum: raises $3 to $6
Agrotait: calls $3
*** FLOP *** [Ts 7d 4h]
Agrotait: checks
shalomrum: bets $3
jassomaan joins the table at seat #2
TbIP-TbIP 88 joins the table at seat #3
Agrotait: folds
Uncalled bet ($3) returned to shalomrum
shalomrum collected $11.76 from pot
shalomrum: doesn't show hand
*** SUMMARY ***
Total pot $12 | Rake $0.24
Board [Ts 7d 4h]
Seat 4: Agrotait (big blind) folded on the Flop
Seat 5: shalomrum (button) (small blind) collected ($11.76)


