PokerStars Hand #161389281925:  Hold'em Limit ($3/$6 USD) - 2016/11/14 10:43:06 ET
Table 'Alkimos II' 6-max Seat #1 is the button
Seat 1: LifeisagameX ($85 in chips)
Seat 2: gorcea_vs ($32.24 in chips)
LifeisagameX: posts small blind $1
gorcea_vs: posts big blind $3
*** HOLE CARDS ***
LifeisagameX: raises $3 to $6
gorcea_vs: calls $3
*** FLOP *** [Ac 2d Ts]
gorcea_vs: checks
LifeisagameX: bets $3
oregordog joins the table at seat #4
gorcea_vs: folds
Uncalled bet ($3) returned to LifeisagameX
LifeisagameX collected $11.76 from pot
LifeisagameX: doesn't show hand
*** SUMMARY ***
Total pot $12 | Rake $0.24
Board [Ac 2d Ts]
Seat 1: LifeisagameX (button) (small blind) collected ($11.76)
Seat 2: gorcea_vs (big blind) folded on the Flop


PokerStars Hand #161392207891:  Hold'em Limit ($3/$6 USD) - 2016/11/14 11:52:18 ET
Table 'Alkimos II' 6-max Seat #1 is the button
Seat 1: assitoni ($103.99 in chips)
Seat 6: jgough1 ($178.77 in chips)
assitoni: posts small blind $1
jgough1: posts big blind $3
*** HOLE CARDS ***
assitoni: folds
Uncalled bet ($2) returned to jgough1
jgough1 collected $2 from pot
jgough1: doesn't show hand
*** SUMMARY ***
Total pot $2 | Rake $0
Seat 1: assitoni (button) (small blind) folded before Flop
Seat 6: jgough1 (big blind) collected ($2)


PokerStars Hand #161392215587:  Hold'em Limit ($3/$6 USD) - 2016/11/14 11:52:28 ET
Table 'Alkimos II' 6-max Seat #6 is the button
Seat 1: assitoni ($102.99 in chips)
Seat 6: jgough1 ($179.77 in chips)
jgough1: posts small blind $1
assitoni: posts big blind $3
*** HOLE CARDS ***
jgough1: calls $2
assitoni: raises $3 to $6
jgough1: calls $3
*** FLOP *** [Ac 5s 8c]
assitoni: bets $3
jgough1: folds
Uncalled bet ($3) returned to assitoni
assitoni collected $11.76 from pot
assitoni: doesn't show hand
*** SUMMARY ***
Total pot $12 | Rake $0.24
Board [Ac 5s 8c]
Seat 1: assitoni (big blind) collected ($11.76)
Seat 6: jgough1 (button) (small blind) folded on the Flop


PokerStars Hand #161392241624:  Hold'em Limit ($3/$6 USD) - 2016/11/14 11:53:02 ET
Table 'Alkimos II' 6-max Seat #6 is the button
Seat 1: assitoni ($111.75 in chips)
Seat 6: jgough1 ($170.77 in chips)
jgough1: posts small blind $1
assitoni: posts big blind $3
*** HOLE CARDS ***
jgough1: raises $3 to $6
assitoni: calls $3
*** FLOP *** [5s 3d 4c]
assitoni: checks
jgough1: bets $3
assitoni: calls $3
*** TURN *** [5s 3d 4c] [Jc]
assitoni: checks
jgough1: bets $6
assitoni: calls $6
*** RIVER *** [5s 3d 4c Jc] [7h]
assitoni: checks
jgough1: bets $6
assitoni: calls $6
*** SHOW DOWN ***
jgough1: shows [Qs 9c] (high card Queen)
assitoni: shows [3c Ad] (a pair of Threes)
assitoni collected $41.50 from pot
Profitables joins the table at seat #4
*** SUMMARY ***
Total pot $42 | Rake $0.50
Board [5s 3d 4c Jc 7h]
Seat 1: assitoni (big blind) showed [3c Ad] and won ($41.50) with a pair of Threes
Seat 6: jgough1 (button) (small blind) showed [Qs 9c] and lost with high card Queen


PokerStars Hand #161392231859:  Hold'em Limit ($3/$6 USD) - 2016/11/14 11:52:50 ET
Table 'Alkimos II' 6-max Seat #1 is the button
Seat 1: assitoni ($108.75 in chips)
Seat 6: jgough1 ($173.77 in chips)
assitoni: posts small blind $1
jgough1: posts big blind $3
*** HOLE CARDS ***
assitoni: raises $3 to $6
jgough1: folds
Uncalled bet ($3) returned to assitoni
assitoni collected $6 from pot
assitoni: doesn't show hand
*** SUMMARY ***
Total pot $6 | Rake $0
Seat 1: assitoni (button) (small blind) collected ($6)
Seat 6: jgough1 (big blind) folded before Flop


