PokerStars Hand #159580737188:  Hold'em Limit ($3/$6 USD) - 2016/10/06 21:57:22 ET
Table 'Alkmene II' 6-max Seat #6 is the button
Seat 3: ben2098 ($171.56 in chips)
Seat 6: smellyrat777 ($261 in chips)
smellyrat777: posts small blind $1
ChinaBoy420: is sitting out
ben2098: posts big blind $3
*** HOLE CARDS ***
smellyrat777: folds
Uncalled bet ($2) returned to ben2098
Maliance is disconnected
ben2098 collected $2 from pot
*** SUMMARY ***
Total pot $2 | Rake $0
Seat 3: ben2098 (big blind) collected ($2)
Seat 6: smellyrat777 (button) (small blind) folded before Flop


PokerStars Hand #159580793461:  Hold'em Limit ($3/$6 USD) - 2016/10/06 22:00:29 ET
Table 'Alkmene II' 6-max Seat #3 is the button
Seat 1: ChinaBoy420 ($111.48 in chips)
Seat 3: allyourmoney ($100 in chips)
allyourmoney: posts small blind $1
ChinaBoy420: posts big blind $3
*** HOLE CARDS ***
allyourmoney: calls $2
smellyrat777 joins the table at seat #5
pöci9 joins the table at seat #4
ChinaBoy420: checks
*** FLOP *** [Js Ks Qh]
ChinaBoy420: checks
allyourmoney: checks
*** TURN *** [Js Ks Qh] [4h]
ChinaBoy420: checks
allyourmoney: checks
*** RIVER *** [Js Ks Qh 4h] [7c]
ChinaBoy420: checks
allyourmoney: checks
*** SHOW DOWN ***
ChinaBoy420: shows [3d 6d] (high card King)
allyourmoney: shows [Th 5s] (high card King - Queen+Jack+Ten kicker)
allyourmoney collected $5.88 from pot
*** SUMMARY ***
Total pot $6 | Rake $0.12
Board [Js Ks Qh 4h 7c]
Seat 1: ChinaBoy420 (big blind) showed [3d 6d] and lost with high card King
Seat 3: allyourmoney (button) (small blind) showed [Th 5s] and won ($5.88) with high card King


PokerStars Hand #159580804085:  Hold'em Limit ($3/$6 USD) - 2016/10/06 22:01:01 ET
Table 'Alkmene II' 6-max Seat #1 is the button
Seat 1: ChinaBoy420 ($108.48 in chips)
Seat 3: allyourmoney ($102.88 in chips)
ChinaBoy420: posts small blind $1
allyourmoney: posts big blind $3
*** HOLE CARDS ***
ChinaBoy420: raises $3 to $6
allyourmoney: folds
Uncalled bet ($3) returned to ChinaBoy420
ChinaBoy420 collected $6 from pot
ChinaBoy420: doesn't show hand
*** SUMMARY ***
Total pot $6 | Rake $0
Seat 1: ChinaBoy420 (button) (small blind) collected ($6)
Seat 3: allyourmoney (big blind) folded before Flop


PokerStars Hand #159584629990:  Hold'em Limit ($3/$6 USD) - 2016/10/07 1:54:25 ET
Table 'Alkmene II' 6-max Seat #3 is the button
Seat 2: Chessnok ($69.99 in chips)
Seat 3: WackoJacko13 ($105.21 in chips)
WackoJacko13: posts small blind $1
ChinaBoy420: is sitting out
Chessnok: posts big blind $3
*** HOLE CARDS ***
WackoJacko13: calls $2
Chessnok: raises $3 to $6
WackoJacko13: calls $3
*** FLOP *** [5c 6d Qd]
Chessnok: bets $3
WackoJacko13: calls $3
*** TURN *** [5c 6d Qd] [Jd]
Chessnok: bets $6
WackoJacko13: calls $6
*** RIVER *** [5c 6d Qd Jd] [9c]
Chessnok: bets $6
WackoJacko13: raises $6 to $12
Chessnok: calls $6
*** SHOW DOWN ***
WackoJacko13: shows [Kc Ks] (a pair of Kings)
Chessnok: mucks hand
WackoJacko13 collected $53.50 from pot
*** SUMMARY ***
Total pot $54 | Rake $0.50
Board [5c 6d Qd Jd 9c]
Seat 2: Chessnok (big blind) mucked
Seat 3: WackoJacko13 (button) (small blind) showed [Kc Ks] and won ($53.50) with a pair of Kings


PokerStars Hand #159584641474:  Hold'em Limit ($3/$6 USD) - 2016/10/07 1:55:14 ET
Table 'Alkmene II' 6-max Seat #3 is the button
Seat 2: Chessnok ($86.50 in chips)
Seat 3: WackoJacko13 ($104.71 in chips)
WackoJacko13: posts small blind $1
Chessnok: posts big blind $3
*** HOLE CARDS ***
WackoJacko13: folds
Uncalled bet ($2) returned to Chessnok
Chessnok collected $2 from pot
Chessnok: doesn't show hand
*** SUMMARY ***
Total pot $2 | Rake $0
Seat 2: Chessnok (big blind) collected ($2)
Seat 3: WackoJacko13 (button) (small blind) folded before Flop


PokerStars Hand #159584636372:  Hold'em Limit ($3/$6 USD) - 2016/10/07 1:54:52 ET
Table 'Alkmene II' 6-max Seat #2 is the button
Seat 2: Chessnok ($60 in chips)
Seat 3: WackoJacko13 ($131.71 in chips)
Chessnok: posts small blind $1
WackoJacko13: posts big blind $3
*** HOLE CARDS ***
Chessnok: raises $3 to $6
WackoJacko13: calls $3
*** FLOP *** [9h 2d 9d]
WackoJacko13: checks
Chessnok: bets $3
WackoJacko13: calls $3
*** TURN *** [9h 2d 9d] [2h]
WackoJacko13: checks
Chessnok: bets $6
WackoJacko13: calls $6
*** RIVER *** [9h 2d 9d 2h] [3d]
WackoJacko13: bets $6
Chessnok: raises $6 to $12
WackoJacko13: calls $6
*** SHOW DOWN ***
Chessnok: shows [2c Js] (a full house, Deuces full of Nines)
WackoJacko13: mucks hand
Chessnok collected $53.50 from pot
*** SUMMARY ***
Total pot $54 | Rake $0.50
Board [9h 2d 9d 2h 3d]
Seat 2: Chessnok (button) (small blind) showed [2c Js] and won ($53.50) with a full house, Deuces full of Nines
Seat 3: WackoJacko13 (big blind) mucked


