PokerStars Hand #145310701096:  Hold'em Limit ($3/$6 USD) - 2015/12/13 20:46:49 ET
Table 'Alkmene' 2-max Seat #2 is the button
Seat 1: onkelsam25 ($50.50 in chips)
Seat 2: elifnur2008 ($86 in chips)
elifnur2008: posts small blind $1
onkelsam25: posts big blind $3
*** HOLE CARDS ***
elifnur2008: raises $3 to $6
onkelsam25: calls $3
*** FLOP *** [9d 6c Qh]
onkelsam25: bets $3
elifnur2008: calls $3
*** TURN *** [9d 6c Qh] [3d]
onkelsam25: bets $6
elifnur2008: raises $6 to $12
onkelsam25: folds
Uncalled bet ($6) returned to elifnur2008
elifnur2008 collected $29.50 from pot
elifnur2008: doesn't show hand
*** SUMMARY ***
Total pot $30 | Rake $0.50
Board [9d 6c Qh 3d]
Seat 1: onkelsam25 (big blind) folded on the Turn
Seat 2: elifnur2008 (button) (small blind) collected ($29.50)


PokerStars Hand #145310723817:  Hold'em Limit ($3/$6 USD) - 2015/12/13 20:47:38 ET
Table 'Alkmene' 2-max Seat #2 is the button
Seat 1: onkelsam25 ($34.50 in chips)
Seat 2: elifnur2008 ($101.50 in chips)
elifnur2008: posts small blind $1
onkelsam25: posts big blind $3
*** HOLE CARDS ***
elifnur2008: calls $2
onkelsam25: checks
*** FLOP *** [5c 3s Kh]
onkelsam25: bets $3
elifnur2008: calls $3
*** TURN *** [5c 3s Kh] [Ad]
onkelsam25: bets $6
elifnur2008: calls $6
*** RIVER *** [5c 3s Kh Ad] [Td]
onkelsam25: bets $6
elifnur2008: calls $6
*** SHOW DOWN ***
onkelsam25: shows [Th 5h] (two pair, Tens and Fives)
elifnur2008: mucks hand
onkelsam25 collected $35.50 from pot
*** SUMMARY ***
Total pot $36 | Rake $0.50
Board [5c 3s Kh Ad Td]
Seat 1: onkelsam25 (big blind) showed [Th 5h] and won ($35.50) with two pair, Tens and Fives
Seat 2: elifnur2008 (button) (small blind) mucked


PokerStars Hand #145310739748:  Hold'em Limit ($3/$6 USD) - 2015/12/13 20:48:12 ET
Table 'Alkmene' 2-max Seat #2 is the button
Seat 1: onkelsam25 ($51 in chips)
Seat 2: elifnur2008 ($84.50 in chips)
elifnur2008: posts small blind $1
onkelsam25: posts big blind $3
*** HOLE CARDS ***
elifnur2008: raises $3 to $6
onkelsam25: raises $3 to $9
elifnur2008: calls $3
*** FLOP *** [2c 4s 3c]
onkelsam25: bets $3
elifnur2008: calls $3
*** TURN *** [2c 4s 3c] [Qh]
onkelsam25: bets $6
elifnur2008: raises $6 to $12
onkelsam25: calls $6
*** RIVER *** [2c 4s 3c Qh] [5c]
onkelsam25: bets $6
elifnur2008: calls $6
*** SHOW DOWN ***
onkelsam25: shows [7c Ac] (a flush, Ace high)
elifnur2008: mucks hand
onkelsam25 collected $59.50 from pot
*** SUMMARY ***
Total pot $60 | Rake $0.50
Board [2c 4s 3c Qh 5c]
Seat 1: onkelsam25 (big blind) showed [7c Ac] and won ($59.50) with a flush, Ace high
Seat 2: elifnur2008 (button) (small blind) mucked


PokerStars Hand #145310773231:  Hold'em Limit ($3/$6 USD) - 2015/12/13 20:49:24 ET
Table 'Alkmene' 2-max Seat #1 is the button
Seat 1: onkelsam25 ($76.50 in chips)
Seat 2: elifnur2008 ($58.50 in chips)
onkelsam25: posts small blind $1
elifnur2008: posts big blind $3
*** HOLE CARDS ***
onkelsam25: folds
Uncalled bet ($2) returned to elifnur2008
elifnur2008 collected $2 from pot
elifnur2008: doesn't show hand
*** SUMMARY ***
Total pot $2 | Rake $0
Seat 1: onkelsam25 (button) (small blind) folded before Flop
Seat 2: elifnur2008 (big blind) collected ($2)


PokerStars Hand #145310770096:  Hold'em Limit ($3/$6 USD) - 2015/12/13 20:49:17 ET
Table 'Alkmene' 2-max Seat #2 is the button
Seat 1: onkelsam25 ($79.50 in chips)
Seat 2: elifnur2008 ($55.50 in chips)
elifnur2008: posts small blind $1
onkelsam25: posts big blind $3
*** HOLE CARDS ***
elifnur2008: raises $3 to $6
onkelsam25: folds
Uncalled bet ($3) returned to elifnur2008
elifnur2008 collected $6 from pot
elifnur2008: doesn't show hand
*** SUMMARY ***
Total pot $6 | Rake $0
Seat 1: onkelsam25 (big blind) folded before Flop
Seat 2: elifnur2008 (button) (small blind) collected ($6)


PokerStars Hand #145310781458:  Hold'em Limit ($3/$6 USD) - 2015/12/13 20:49:42 ET
Table 'Alkmene' 2-max Seat #2 is the button
Seat 1: onkelsam25 ($75.50 in chips)
Seat 2: elifnur2008 ($59.50 in chips)
elifnur2008: posts small blind $1
onkelsam25: posts big blind $3
*** HOLE CARDS ***
elifnur2008: folds
Uncalled bet ($2) returned to onkelsam25
onkelsam25 collected $2 from pot
onkelsam25: doesn't show hand
*** SUMMARY ***
Total pot $2 | Rake $0
Seat 1: onkelsam25 (big blind) collected ($2)
Seat 2: elifnur2008 (button) (small blind) folded before Flop


PokerStars Hand #145310778562:  Hold'em Limit ($3/$6 USD) - 2015/12/13 20:49:36 ET
Table 'Alkmene' 2-max Seat #1 is the button
Seat 1: onkelsam25 ($76.50 in chips)
Seat 2: elifnur2008 ($58.50 in chips)
onkelsam25: posts small blind $1
elifnur2008: posts big blind $3
*** HOLE CARDS ***
onkelsam25: folds
Uncalled bet ($2) returned to elifnur2008
elifnur2008 collected $2 from pot
elifnur2008: doesn't show hand
*** SUMMARY ***
Total pot $2 | Rake $0
Seat 1: onkelsam25 (button) (small blind) folded before Flop
Seat 2: elifnur2008 (big blind) collected ($2)


PokerStars Hand #145310783521:  Hold'em Limit ($3/$6 USD) - 2015/12/13 20:49:47 ET
Table 'Alkmene' 2-max Seat #1 is the button
Seat 1: onkelsam25 ($76.50 in chips)
Seat 2: elifnur2008 ($58.50 in chips)
onkelsam25: posts small blind $1
elifnur2008: posts big blind $3
*** HOLE CARDS ***
onkelsam25: raises $3 to $6
elifnur2008: calls $3
*** FLOP *** [Qc 4h 3s]
elifnur2008: checks
onkelsam25: bets $3
elifnur2008: calls $3
*** TURN *** [Qc 4h 3s] [Jd]
elifnur2008: checks
onkelsam25: bets $6
elifnur2008: calls $6
*** RIVER *** [Qc 4h 3s Jd] [4d]
elifnur2008: bets $6
onkelsam25: calls $6
*** SHOW DOWN ***
elifnur2008: shows [4s 7c] (three of a kind, Fours)
onkelsam25: mucks hand
elifnur2008 collected $41.50 from pot
*** SUMMARY ***
Total pot $42 | Rake $0.50
Board [Qc 4h 3s Jd 4d]
Seat 1: onkelsam25 (button) (small blind) mucked
Seat 2: elifnur2008 (big blind) showed [4s 7c] and won ($41.50) with three of a kind, Fours


PokerStars Hand #145310831228:  Hold'em Limit ($3/$6 USD) - 2015/12/13 20:51:31 ET
Table 'Alkmene' 2-max Seat #1 is the button
Seat 1: onkelsam25 ($34.50 in chips)
Seat 2: elifnur2008 ($99.50 in chips)
onkelsam25: posts small blind $1
elifnur2008: posts big blind $3
*** HOLE CARDS ***
onkelsam25: raises $3 to $6
elifnur2008: calls $3
*** FLOP *** [Kd 7c 3c]
elifnur2008: checks
onkelsam25: bets $3
elifnur2008: folds
Uncalled bet ($3) returned to onkelsam25
onkelsam25 collected $11.76 from pot
onkelsam25: doesn't show hand
*** SUMMARY ***
Total pot $12 | Rake $0.24
Board [Kd 7c 3c]
Seat 1: onkelsam25 (button) (small blind) collected ($11.76)
Seat 2: elifnur2008 (big blind) folded on the Flop


PokerStars Hand #145310828670:  Hold'em Limit ($3/$6 USD) - 2015/12/13 20:51:26 ET
Table 'Alkmene' 2-max Seat #2 is the button
Seat 1: onkelsam25 ($33.50 in chips)
Seat 2: elifnur2008 ($100.50 in chips)
elifnur2008: posts small blind $1
onkelsam25: posts big blind $3
*** HOLE CARDS ***
elifnur2008: folds
Uncalled bet ($2) returned to onkelsam25
onkelsam25 collected $2 from pot
onkelsam25: doesn't show hand
*** SUMMARY ***
Total pot $2 | Rake $0
Seat 1: onkelsam25 (big blind) collected ($2)
Seat 2: elifnur2008 (button) (small blind) folded before Flop


PokerStars Hand #145310825817:  Hold'em Limit ($3/$6 USD) - 2015/12/13 20:51:19 ET
Table 'Alkmene' 2-max Seat #1 is the button
Seat 1: onkelsam25 ($34.50 in chips)
Seat 2: elifnur2008 ($99.50 in chips)
onkelsam25: posts small blind $1
elifnur2008: posts big blind $3
*** HOLE CARDS ***
onkelsam25: folds
Uncalled bet ($2) returned to elifnur2008
elifnur2008 collected $2 from pot
elifnur2008: doesn't show hand
*** SUMMARY ***
Total pot $2 | Rake $0
Seat 1: onkelsam25 (button) (small blind) folded before Flop
Seat 2: elifnur2008 (big blind) collected ($2)


PokerStars Hand #145310808280:  Hold'em Limit ($3/$6 USD) - 2015/12/13 20:50:40 ET
Table 'Alkmene' 2-max Seat #2 is the button
Seat 1: onkelsam25 ($55.50 in chips)
Seat 2: elifnur2008 ($79 in chips)
elifnur2008: posts small blind $1
onkelsam25: posts big blind $3
*** HOLE CARDS ***
elifnur2008: raises $3 to $6
onkelsam25: calls $3
*** FLOP *** [8c 2s Td]
onkelsam25: checks
elifnur2008: bets $3
onkelsam25: calls $3
*** TURN *** [8c 2s Td] [7d]
onkelsam25: bets $6
elifnur2008: raises $6 to $12
onkelsam25: calls $6
*** RIVER *** [8c 2s Td 7d] [3d]
onkelsam25: checks
elifnur2008: bets $6
onkelsam25: folds
Uncalled bet ($6) returned to elifnur2008
elifnur2008 collected $41.50 from pot
elifnur2008: doesn't show hand
*** SUMMARY ***
Total pot $42 | Rake $0.50
Board [8c 2s Td 7d 3d]
Seat 1: onkelsam25 (big blind) folded on the River
Seat 2: elifnur2008 (button) (small blind) collected ($41.50)


PokerStars Hand #145310839827:  Hold'em Limit ($3/$6 USD) - 2015/12/13 20:51:50 ET
Table 'Alkmene' 2-max Seat #2 is the button
Seat 1: onkelsam25 ($40.26 in chips)
Seat 2: elifnur2008 ($93.50 in chips)
elifnur2008: posts small blind $1
onkelsam25: posts big blind $3
*** HOLE CARDS ***
elifnur2008: raises $3 to $6
onkelsam25: calls $3
*** FLOP *** [9c 3c 6d]
onkelsam25: bets $3
elifnur2008: calls $3
*** TURN *** [9c 3c 6d] [Ad]
onkelsam25: checks
elifnur2008: bets $6
onkelsam25: folds
Uncalled bet ($6) returned to elifnur2008
elifnur2008 collected $17.64 from pot
elifnur2008: doesn't show hand
*** SUMMARY ***
Total pot $18 | Rake $0.36
Board [9c 3c 6d Ad]
Seat 1: onkelsam25 (big blind) folded on the Turn
Seat 2: elifnur2008 (button) (small blind) collected ($17.64)


PokerStars Hand #145310852463:  Hold'em Limit ($3/$6 USD) - 2015/12/13 20:52:18 ET
Table 'Alkmene' 2-max Seat #1 is the button
Seat 1: onkelsam25 ($31.26 in chips)
Seat 2: elifnur2008 ($102.14 in chips)
onkelsam25: posts small blind $1
elifnur2008: posts big blind $3
*** HOLE CARDS ***
onkelsam25: raises $3 to $6
elifnur2008: calls $3
*** FLOP *** [Ac 8h 8d]
elifnur2008: checks
onkelsam25: checks
*** TURN *** [Ac 8h 8d] [8s]
elifnur2008: checks
onkelsam25: checks
*** RIVER *** [Ac 8h 8d 8s] [Kh]
elifnur2008: checks
onkelsam25: checks
*** SHOW DOWN ***
elifnur2008: shows [9d 5d] (three of a kind, Eights)
onkelsam25: shows [2h Qd] (three of a kind, Eights)
elifnur2008 collected $5.88 from pot
onkelsam25 collected $5.88 from pot
*** SUMMARY ***
Total pot $12 | Rake $0.24
Board [Ac 8h 8d 8s Kh]
Seat 1: onkelsam25 (button) (small blind) showed [2h Qd] and won ($5.88) with three of a kind, Eights
Seat 2: elifnur2008 (big blind) showed [9d 5d] and won ($5.88) with three of a kind, Eights


PokerStars Hand #145310865667:  Hold'em Limit ($3/$6 USD) - 2015/12/13 20:52:47 ET
Table 'Alkmene' 2-max Seat #2 is the button
Seat 1: onkelsam25 ($31.14 in chips)
Seat 2: elifnur2008 ($102.02 in chips)
elifnur2008: posts small blind $1
onkelsam25: posts big blind $3
*** HOLE CARDS ***
elifnur2008: raises $3 to $6
onkelsam25: calls $3
*** FLOP *** [Ac Tc Jd]
onkelsam25: checks
elifnur2008: bets $3
onkelsam25: calls $3
*** TURN *** [Ac Tc Jd] [6d]
onkelsam25: checks
elifnur2008: bets $6
onkelsam25: folds
Uncalled bet ($6) returned to elifnur2008
elifnur2008 collected $17.64 from pot
elifnur2008: doesn't show hand
*** SUMMARY ***
Total pot $18 | Rake $0.36
Board [Ac Tc Jd 6d]
Seat 1: onkelsam25 (big blind) folded on the Turn
Seat 2: elifnur2008 (button) (small blind) collected ($17.64)


PokerStars Hand #145310888714:  Hold'em Limit ($3/$6 USD) - 2015/12/13 20:53:38 ET
Table 'Alkmene' 2-max Seat #2 is the button
Seat 1: onkelsam25 ($39.64 in chips)
Seat 2: elifnur2008 ($92.66 in chips)
elifnur2008: posts small blind $1
onkelsam25: posts big blind $3
*** HOLE CARDS ***
elifnur2008: folds
Uncalled bet ($2) returned to onkelsam25
onkelsam25 collected $2 from pot
onkelsam25: doesn't show hand
*** SUMMARY ***
Total pot $2 | Rake $0
Seat 1: onkelsam25 (big blind) collected ($2)
Seat 2: elifnur2008 (button) (small blind) folded before Flop


PokerStars Hand #145310874992:  Hold'em Limit ($3/$6 USD) - 2015/12/13 20:53:08 ET
Table 'Alkmene' 2-max Seat #1 is the button
Seat 1: onkelsam25 ($22.14 in chips)
Seat 2: elifnur2008 ($110.66 in chips)
onkelsam25: posts small blind $1
elifnur2008: posts big blind $3
*** HOLE CARDS ***
onkelsam25: raises $3 to $6
elifnur2008: raises $3 to $9
onkelsam25: calls $3
*** FLOP *** [7s 2d 8s]
elifnur2008: checks
onkelsam25: bets $3
elifnur2008: calls $3
*** TURN *** [7s 2d 8s] [4s]
elifnur2008: checks
onkelsam25: checks
*** RIVER *** [7s 2d 8s 4s] [8d]
elifnur2008: checks
onkelsam25: bets $6
elifnur2008: calls $6
*** SHOW DOWN ***
onkelsam25: shows [8h Qh] (three of a kind, Eights)
elifnur2008: mucks hand
onkelsam25 collected $35.50 from pot
*** SUMMARY ***
Total pot $36 | Rake $0.50
Board [7s 2d 8s 4s 8d]
Seat 1: onkelsam25 (button) (small blind) showed [8h Qh] and won ($35.50) with three of a kind, Eights
Seat 2: elifnur2008 (big blind) mucked


PokerStars Hand #145310891423:  Hold'em Limit ($3/$6 USD) - 2015/12/13 20:53:44 ET
Table 'Alkmene' 2-max Seat #1 is the button
Seat 1: onkelsam25 ($40.64 in chips)
Seat 2: elifnur2008 ($91.66 in chips)
onkelsam25: posts small blind $1
elifnur2008: posts big blind $3
*** HOLE CARDS ***
onkelsam25: raises $3 to $6
elifnur2008: calls $3
*** FLOP *** [4c 6s Kh]
elifnur2008: checks
onkelsam25: bets $3
elifnur2008: calls $3
*** TURN *** [4c 6s Kh] [Jh]
elifnur2008: checks
onkelsam25: bets $6
elifnur2008: raises $6 to $12
onkelsam25: calls $6
*** RIVER *** [4c 6s Kh Jh] [Kd]
elifnur2008: bets $6
onkelsam25: calls $6
*** SHOW DOWN ***
elifnur2008: shows [6c 3s] (two pair, Kings and Sixes)
onkelsam25: mucks hand
elifnur2008 collected $53.50 from pot
*** SUMMARY ***
Total pot $54 | Rake $0.50
Board [4c 6s Kh Jh Kd]
Seat 1: onkelsam25 (button) (small blind) mucked
Seat 2: elifnur2008 (big blind) showed [6c 3s] and won ($53.50) with two pair, Kings and Sixes


PokerStars Hand #145310901521:  Hold'em Limit ($3/$6 USD) - 2015/12/13 20:54:06 ET
Table 'Alkmene' 2-max Seat #2 is the button
Seat 1: onkelsam25 ($13.64 in chips)
Seat 2: elifnur2008 ($118.16 in chips)
elifnur2008: posts small blind $1
onkelsam25: posts big blind $3
*** HOLE CARDS ***
elifnur2008: raises $3 to $6
onkelsam25: calls $3
*** FLOP *** [Kc Jh 7s]
onkelsam25: bets $3
elifnur2008: raises $3 to $6
onkelsam25: raises $1.64 to $7.64 and is all-in
elifnur2008: calls $1.64
*** TURN *** [Kc Jh 7s] [7h]
*** RIVER *** [Kc Jh 7s 7h] [9s]
*** SHOW DOWN ***
onkelsam25: shows [9d Td] (two pair, Nines and Sevens)
elifnur2008: shows [Ts Kh] (two pair, Kings and Sevens)
elifnur2008 collected $26.78 from pot
*** SUMMARY ***
Total pot $27.28 | Rake $0.50
Board [Kc Jh 7s 7h 9s]
Seat 1: onkelsam25 (big blind) showed [9d Td] and lost with two pair, Nines and Sevens
Seat 2: elifnur2008 (button) (small blind) showed [Ts Kh] and won ($26.78) with two pair, Kings and Sevens


