PokerStars Hand #145439169884:  Hold'em Limit ($3/$6 USD) - 2015/12/16 12:45:35 ET
Table 'Alkurah II' 2-max Seat #2 is the button
Seat 1: elifnur2008 ($76.38 in chips)
Seat 2: proplayer766 ($24.25 in chips)
proplayer766: posts small blind $1
elifnur2008: posts big blind $3
*** HOLE CARDS ***
proplayer766: raises $3 to $6
elifnur2008: calls $3
*** FLOP *** [7d Ks 4d]
elifnur2008: checks
proplayer766: bets $3
elifnur2008: raises $3 to $6
proplayer766: calls $3
*** TURN *** [7d Ks 4d] [7h]
elifnur2008: bets $6
proplayer766: folds
Uncalled bet ($6) returned to elifnur2008
elifnur2008 collected $23.52 from pot
elifnur2008: doesn't show hand
*** SUMMARY ***
Total pot $24 | Rake $0.48
Board [7d Ks 4d 7h]
Seat 1: elifnur2008 (big blind) collected ($23.52)
Seat 2: proplayer766 (button) (small blind) folded on the Turn


PokerStars Hand #145439164853:  Hold'em Limit ($3/$6 USD) - 2015/12/16 12:45:29 ET
Table 'Alkurah II' 2-max Seat #1 is the button
Seat 1: elifnur2008 ($77.38 in chips)
Seat 2: proplayer766 ($23.25 in chips)
elifnur2008: posts small blind $1
proplayer766: posts big blind $3
*** HOLE CARDS ***
elifnur2008: folds
Uncalled bet ($2) returned to proplayer766
proplayer766 collected $2 from pot
proplayer766: doesn't show hand
*** SUMMARY ***
Total pot $2 | Rake $0
Seat 1: elifnur2008 (button) (small blind) folded before Flop
Seat 2: proplayer766 (big blind) collected ($2)


PokerStars Hand #145439159051:  Hold'em Limit ($3/$6 USD) - 2015/12/16 12:45:22 ET
Table 'Alkurah II' 2-max Seat #2 is the button
Seat 1: elifnur2008 ($76.38 in chips)
Seat 2: proplayer766 ($24.25 in chips)
proplayer766: posts small blind $1
elifnur2008: posts big blind $3
*** HOLE CARDS ***
proplayer766: folds
Uncalled bet ($2) returned to elifnur2008
elifnur2008 collected $2 from pot
elifnur2008: doesn't show hand
*** SUMMARY ***
Total pot $2 | Rake $0
Seat 1: elifnur2008 (big blind) collected ($2)
Seat 2: proplayer766 (button) (small blind) folded before Flop


PokerStars Hand #145439153104:  Hold'em Limit ($3/$6 USD) - 2015/12/16 12:45:15 ET
Table 'Alkurah II' 2-max Seat #1 is the button
Seat 1: elifnur2008 ($77.38 in chips)
Seat 2: proplayer766 ($23.25 in chips)
elifnur2008: posts small blind $1
proplayer766: posts big blind $3
*** HOLE CARDS ***
elifnur2008: folds
Uncalled bet ($2) returned to proplayer766
proplayer766 collected $2 from pot
proplayer766: doesn't show hand
*** SUMMARY ***
Total pot $2 | Rake $0
Seat 1: elifnur2008 (button) (small blind) folded before Flop
Seat 2: proplayer766 (big blind) collected ($2)


PokerStars Hand #145439136319:  Hold'em Limit ($3/$6 USD) - 2015/12/16 12:44:56 ET
Table 'Alkurah II' 2-max Seat #2 is the button
Seat 1: elifnur2008 ($74.50 in chips)
Seat 2: proplayer766 ($26.25 in chips)
proplayer766: posts small blind $1
elifnur2008: posts big blind $3
*** HOLE CARDS ***
proplayer766: calls $2
elifnur2008: checks
*** FLOP *** [2s Jd 6h]
elifnur2008: checks
proplayer766: checks
*** TURN *** [2s Jd 6h] [2d]
elifnur2008: bets $6
proplayer766: folds
Uncalled bet ($6) returned to elifnur2008
elifnur2008 collected $5.88 from pot
elifnur2008: doesn't show hand
*** SUMMARY ***
Total pot $6 | Rake $0.12
Board [2s Jd 6h 2d]
Seat 1: elifnur2008 (big blind) collected ($5.88)
Seat 2: proplayer766 (button) (small blind) folded on the Turn


PokerStars Hand #145439212776:  Hold'em Limit ($3/$6 USD) - 2015/12/16 12:46:25 ET
Table 'Alkurah II' 2-max Seat #1 is the button
Seat 1: elifnur2008 ($83.90 in chips)
Seat 2: proplayer766 ($16.13 in chips)
elifnur2008: posts small blind $1
proplayer766: posts big blind $3
*** HOLE CARDS ***
elifnur2008: raises $3 to $6
proplayer766: calls $3
*** FLOP *** [8h 5s 3d]
proplayer766: checks
elifnur2008: bets $3
proplayer766: calls $3
*** TURN *** [8h 5s 3d] [Qd]
proplayer766: checks
elifnur2008: bets $6
proplayer766: folds
Uncalled bet ($6) returned to elifnur2008
elifnur2008 collected $17.64 from pot
elifnur2008: doesn't show hand
*** SUMMARY ***
Total pot $18 | Rake $0.36
Board [8h 5s 3d Qd]
Seat 1: elifnur2008 (button) (small blind) collected ($17.64)
Seat 2: proplayer766 (big blind) folded on the Turn


PokerStars Hand #145439194323:  Hold'em Limit ($3/$6 USD) - 2015/12/16 12:46:04 ET
Table 'Alkurah II' 2-max Seat #2 is the button
Seat 1: elifnur2008 ($86.90 in chips)
Seat 2: proplayer766 ($13.25 in chips)
proplayer766: posts small blind $1
elifnur2008: posts big blind $3
*** HOLE CARDS ***
proplayer766: calls $2
elifnur2008: checks
*** FLOP *** [Tc 5s Qh]
elifnur2008: checks
proplayer766: bets $3
elifnur2008: folds
Uncalled bet ($3) returned to proplayer766
proplayer766 collected $5.88 from pot
proplayer766: doesn't show hand
*** SUMMARY ***
Total pot $6 | Rake $0.12
Board [Tc 5s Qh]
Seat 1: elifnur2008 (big blind) folded on the Flop
Seat 2: proplayer766 (button) (small blind) collected ($5.88)


PokerStars Hand #145439188221:  Hold'em Limit ($3/$6 USD) - 2015/12/16 12:45:56 ET
Table 'Alkurah II' 2-max Seat #1 is the button
Seat 1: elifnur2008 ($87.90 in chips)
Seat 2: proplayer766 ($12.25 in chips)
elifnur2008: posts small blind $1
proplayer766: posts big blind $3
*** HOLE CARDS ***
elifnur2008: folds
Uncalled bet ($2) returned to proplayer766
proplayer766 collected $2 from pot
proplayer766: doesn't show hand
*** SUMMARY ***
Total pot $2 | Rake $0
Seat 1: elifnur2008 (button) (small blind) folded before Flop
Seat 2: proplayer766 (big blind) collected ($2)


PokerStars Hand #145439251404:  Hold'em Limit ($3/$6 USD) - 2015/12/16 12:47:10 ET
Table 'Alkurah II' 2-max Seat #1 is the button
Seat 1: elifnur2008 ($85.41 in chips)
Seat 2: proplayer766 ($13.97 in chips)
elifnur2008: posts small blind $1
proplayer766: posts big blind $3
*** HOLE CARDS ***
elifnur2008: calls $2
proplayer766: raises $3 to $6
elifnur2008: calls $3
*** FLOP *** [Qs 3d 6s]
proplayer766: bets $3
elifnur2008: calls $3
*** TURN *** [Qs 3d 6s] [9h]
proplayer766: bets $4.97 and is all-in
elifnur2008: calls $4.97
*** RIVER *** [Qs 3d 6s 9h] [4h]
*** SHOW DOWN ***
proplayer766: shows [Kd Jc] (high card King)
elifnur2008: shows [9s 6d] (two pair, Nines and Sixes)
elifnur2008 collected $27.44 from pot
*** SUMMARY ***
Total pot $27.94 | Rake $0.50
Board [Qs 3d 6s 9h 4h]
Seat 1: elifnur2008 (button) (small blind) showed [9s 6d] and won ($27.44) with two pair, Nines and Sixes
Seat 2: proplayer766 (big blind) showed [Kd Jc] and lost with high card King


PokerStars Hand #145439246715:  Hold'em Limit ($3/$6 USD) - 2015/12/16 12:47:05 ET
Table 'Alkurah II' 2-max Seat #2 is the button
Seat 1: elifnur2008 ($84.41 in chips)
Seat 2: proplayer766 ($14.97 in chips)
proplayer766: posts small blind $1
elifnur2008: posts big blind $3
*** HOLE CARDS ***
proplayer766: folds
Uncalled bet ($2) returned to elifnur2008
elifnur2008 collected $2 from pot
elifnur2008: doesn't show hand
*** SUMMARY ***
Total pot $2 | Rake $0
Seat 1: elifnur2008 (big blind) collected ($2)
Seat 2: proplayer766 (button) (small blind) folded before Flop


PokerStars Hand #145439243083:  Hold'em Limit ($3/$6 USD) - 2015/12/16 12:47:00 ET
Table 'Alkurah II' 2-max Seat #1 is the button
Seat 1: elifnur2008 ($85.41 in chips)
Seat 2: proplayer766 ($13.97 in chips)
elifnur2008: posts small blind $1
proplayer766: posts big blind $3
*** HOLE CARDS ***
elifnur2008: folds
Uncalled bet ($2) returned to proplayer766
proplayer766 collected $2 from pot
proplayer766: doesn't show hand
*** SUMMARY ***
Total pot $2 | Rake $0
Seat 1: elifnur2008 (button) (small blind) folded before Flop
Seat 2: proplayer766 (big blind) collected ($2)


PokerStars Hand #145439230546:  Hold'em Limit ($3/$6 USD) - 2015/12/16 12:46:46 ET
Table 'Alkurah II' 2-max Seat #2 is the button
Seat 1: elifnur2008 ($92.54 in chips)
Seat 2: proplayer766 ($7.13 in chips)
proplayer766: posts small blind $1
elifnur2008: posts big blind $3
*** HOLE CARDS ***
proplayer766: raises $3 to $6
elifnur2008: raises $3 to $9
proplayer766: calls $1.13 and is all-in
Uncalled bet ($1.87) returned to elifnur2008
*** FLOP *** [9s 6c 4d]
*** TURN *** [9s 6c 4d] [Kd]
*** RIVER *** [9s 6c 4d Kd] [2d]
*** SHOW DOWN ***
elifnur2008: shows [As Kh] (a pair of Kings)
proplayer766: shows [Ad Ah] (a pair of Aces)
proplayer766 collected $13.97 from pot
*** SUMMARY ***
Total pot $14.26 | Rake $0.29
Board [9s 6c 4d Kd 2d]
Seat 1: elifnur2008 (big blind) showed [As Kh] and lost with a pair of Kings
Seat 2: proplayer766 (button) (small blind) showed [Ad Ah] and won ($13.97) with a pair of Aces


