PokerStars Hand #152290796933:  Hold'em Limit ($3/$6 USD) - 2016/04/22 14:48:56 ET
Table 'Alleghenia III' 6-max Seat #6 is the button
Seat 2: titanfall23 ($204.81 in chips)
Seat 6: belik555 ($73 in chips)
belik555: posts small blind $1
titanfall23: posts big blind $3
*** HOLE CARDS ***
belik555: raises $3 to $6
titanfall23: raises $3 to $9
belik555: calls $3
*** FLOP *** [8d 3d Ah]
titanfall23: bets $3
belik555: calls $3
*** TURN *** [8d 3d Ah] [3s]
titanfall23: bets $6
belik555: calls $6
*** RIVER *** [8d 3d Ah 3s] [8h]
titanfall23: bets $6
belik555: calls $6
*** SHOW DOWN ***
titanfall23: shows [9s Js] (two pair, Eights and Threes)
belik555: shows [Ac Tc] (two pair, Aces and Eights)
belik555 collected $47.50 from pot
*** SUMMARY ***
Total pot $48 | Rake $0.50
Board [8d 3d Ah 3s 8h]
Seat 2: titanfall23 (big blind) showed [9s Js] and lost with two pair, Eights and Threes
Seat 6: belik555 (button) (small blind) showed [Ac Tc] and won ($47.50) with two pair, Aces and Eights


PokerStars Hand #152290829978:  Hold'em Limit ($3/$6 USD) - 2016/04/22 14:49:36 ET
Table 'Alleghenia III' 6-max Seat #2 is the button
Seat 2: titanfall23 ($180.81 in chips)
Seat 6: belik555 ($96.50 in chips)
titanfall23: posts small blind $1
belik555: posts big blind $3
*** HOLE CARDS ***
titanfall23: folds
Uncalled bet ($2) returned to belik555
belik555 collected $2 from pot
belik555: doesn't show hand
*** SUMMARY ***
Total pot $2 | Rake $0
Seat 2: titanfall23 (button) (small blind) folded before Flop
Seat 6: belik555 (big blind) collected ($2)


PokerStars Hand #152290898960:  Hold'em Limit ($3/$6 USD) - 2016/04/22 14:51:00 ET
Table 'Alleghenia III' 6-max Seat #6 is the button
Seat 2: titanfall23 ($182.31 in chips)
Seat 6: belik555 ($94 in chips)
belik555: posts small blind $1
titanfall23: posts big blind $3
*** HOLE CARDS ***
belik555: raises $3 to $6
titanfall23: calls $3
*** FLOP *** [Td 4h Ts]
titanfall23: checks
perten joins the table at seat #5
belik555: bets $3
titanfall23: calls $3
*** TURN *** [Td 4h Ts] [Ac]
titanfall23: checks
belik555: checks
*** RIVER *** [Td 4h Ts Ac] [6s]
titanfall23: checks
belik555: checks
*** SHOW DOWN ***
titanfall23: shows [Qd 9c] (a pair of Tens)
belik555: mucks hand
titanfall23 collected $17.64 from pot
*** SUMMARY ***
Total pot $18 | Rake $0.36
Board [Td 4h Ts Ac 6s]
Seat 2: titanfall23 (big blind) showed [Qd 9c] and won ($17.64) with a pair of Tens
Seat 6: belik555 (button) (small blind) mucked


PokerStars Hand #152290872078:  Hold'em Limit ($3/$6 USD) - 2016/04/22 14:50:28 ET
Table 'Alleghenia III' 6-max Seat #2 is the button
Seat 2: titanfall23 ($152.81 in chips)
Seat 6: belik555 ($124 in chips)
titanfall23: posts small blind $1
belik555: posts big blind $3
*** HOLE CARDS ***
titanfall23: raises $3 to $6
belik555: raises $3 to $9
titanfall23: calls $3
*** FLOP *** [Th 4h 7h]
belik555: bets $3
titanfall23: raises $3 to $6
GarryMcCoy joins the table at seat #3
belik555: raises $3 to $9
titanfall23: calls $3
*** TURN *** [Th 4h 7h] [5h]
belik555: checks
titanfall23: bets $6
belik555: calls $6
*** RIVER *** [Th 4h 7h 5h] [9c]
belik555: checks
titanfall23: bets $6
belik555: calls $6
*** SHOW DOWN ***
titanfall23: shows [7c 6h] (a flush, Ten high)
belik555: mucks hand
titanfall23 collected $59.50 from pot
*** SUMMARY ***
Total pot $60 | Rake $0.50
Board [Th 4h 7h 5h 9c]
Seat 2: titanfall23 (button) (small blind) showed [7c 6h] and won ($59.50) with a flush, Ten high
Seat 6: belik555 (big blind) mucked


PokerStars Hand #152291218222:  Hold'em Limit ($3/$6 USD) - 2016/04/22 14:58:04 ET
Table 'Alleghenia III' 6-max Seat #4 is the button
Seat 1: LEXA425 ($120 in chips)
Seat 4: 5PRUT5 ($44.74 in chips)
5PRUT5: posts small blind $1
LEXA425: posts big blind $3
*** HOLE CARDS ***
5PRUT5: folds
Uncalled bet ($2) returned to LEXA425
LEXA425 collected $2 from pot
LEXA425: doesn't show hand
*** SUMMARY ***
Total pot $2 | Rake $0
Seat 1: LEXA425 (big blind) collected ($2)
Seat 4: 5PRUT5 (button) (small blind) folded before Flop


PokerStars Hand #152291213966:  Hold'em Limit ($3/$6 USD) - 2016/04/22 14:57:57 ET
Table 'Alleghenia III' 6-max Seat #1 is the button
Seat 1: LEXA425 ($117 in chips)
Seat 4: 5PRUT5 ($47.74 in chips)
LEXA425: posts small blind $1
5PRUT5: posts big blind $3
*** HOLE CARDS ***
LEXA425: raises $3 to $6
5PRUT5: folds
Uncalled bet ($3) returned to LEXA425
LEXA425 collected $6 from pot
LEXA425: doesn't show hand
*** SUMMARY ***
Total pot $6 | Rake $0
Seat 1: LEXA425 (button) (small blind) collected ($6)
Seat 4: 5PRUT5 (big blind) folded before Flop


PokerStars Hand #152291224831:  Hold'em Limit ($3/$6 USD) - 2016/04/22 14:58:14 ET
Table 'Alleghenia III' 6-max Seat #4 is the button
Seat 1: LEXA425 ($120 in chips)
Seat 4: 5PRUT5 ($44.74 in chips)
5PRUT5: posts small blind $1
LEXA425: posts big blind $3
*** HOLE CARDS ***
5PRUT5: folds
Uncalled bet ($2) returned to LEXA425
LEXA425 collected $2 from pot
LEXA425: doesn't show hand
*** SUMMARY ***
Total pot $2 | Rake $0
Seat 1: LEXA425 (big blind) collected ($2)
Seat 4: 5PRUT5 (button) (small blind) folded before Flop


PokerStars Hand #152291221550:  Hold'em Limit ($3/$6 USD) - 2016/04/22 14:58:09 ET
Table 'Alleghenia III' 6-max Seat #1 is the button
Seat 1: LEXA425 ($121 in chips)
Seat 4: 5PRUT5 ($43.74 in chips)
LEXA425: posts small blind $1
5PRUT5: posts big blind $3
*** HOLE CARDS ***
LEXA425: folds
Uncalled bet ($2) returned to 5PRUT5
5PRUT5 collected $2 from pot
5PRUT5: doesn't show hand
*** SUMMARY ***
Total pot $2 | Rake $0
Seat 1: LEXA425 (button) (small blind) folded before Flop
Seat 4: 5PRUT5 (big blind) collected ($2)


PokerStars Hand #152291228719:  Hold'em Limit ($3/$6 USD) - 2016/04/22 14:58:20 ET
Table 'Alleghenia III' 6-max Seat #1 is the button
Seat 1: LEXA425 ($121 in chips)
Seat 4: 5PRUT5 ($43.74 in chips)
LEXA425: posts small blind $1
5PRUT5: posts big blind $3
*** HOLE CARDS ***
LEXA425: raises $3 to $6
5PRUT5: raises $3 to $9
LEXA425: calls $3
*** FLOP *** [7c 8c 5s]
5PRUT5: bets $3
LEXA425: raises $3 to $6
5PRUT5: raises $3 to $9
LEXA425: calls $3
*** TURN *** [7c 8c 5s] [3d]
5PRUT5: bets $6
LEXA425: calls $6
*** RIVER *** [7c 8c 5s 3d] [4h]
5PRUT5: bets $6
LEXA425: raises $6 to $12
5PRUT5: calls $6
*** SHOW DOWN ***
LEXA425: shows [6c 6h] (a straight, Four to Eight)
5PRUT5: mucks hand
LEXA425 collected $71.50 from pot
*** SUMMARY ***
Total pot $72 | Rake $0.50
Board [7c 8c 5s 3d 4h]
Seat 1: LEXA425 (button) (small blind) showed [6c 6h] and won ($71.50) with a straight, Four to Eight
Seat 4: 5PRUT5 (big blind) mucked


PokerStars Hand #152291255123:  Hold'em Limit ($3/$6 USD) - 2016/04/22 14:59:00 ET
Table 'Alleghenia III' 6-max Seat #1 is the button
Seat 1: LEXA425 ($163.93 in chips)
Seat 2: titanfall23 ($313.76 in chips)
LEXA425: posts small blind $1
titanfall23: posts big blind $3
*** HOLE CARDS ***
LEXA425: folds
Uncalled bet ($2) returned to titanfall23
titanfall23 collected $2 from pot
Scheubi88 joins the table at seat #3
5PRUT5 leaves the table
*** SUMMARY ***
Total pot $2 | Rake $0
Seat 1: LEXA425 (button) (small blind) folded before Flop
Seat 2: titanfall23 (big blind) collected ($2)


PokerStars Hand #152291242094:  Hold'em Limit ($3/$6 USD) - 2016/04/22 14:58:40 ET
Table 'Alleghenia III' 6-max Seat #4 is the button
Seat 1: LEXA425 ($156.50 in chips)
Seat 4: 5PRUT5 ($7.74 in chips)
5PRUT5: posts small blind $1
LEXA425: posts big blind $3
*** HOLE CARDS ***
5PRUT5: raises $3 to $6
LEXA425: raises $3 to $9
5PRUT5: calls $1.74 and is all-in
Uncalled bet ($1.26) returned to LEXA425
*** FLOP *** [4s 9h 6s]
*** TURN *** [4s 9h 6s] [2d]
*** RIVER *** [4s 9h 6s 2d] [2h]
*** SHOW DOWN ***
LEXA425: shows [Jh 9d] (two pair, Nines and Deuces)
5PRUT5: shows [3h 4c] (two pair, Fours and Deuces)
LEXA425 collected $15.17 from pot
*** SUMMARY ***
Total pot $15.48 | Rake $0.31
Board [4s 9h 6s 2d 2h]
Seat 1: LEXA425 (big blind) showed [Jh 9d] and won ($15.17) with two pair, Nines and Deuces
Seat 4: 5PRUT5 (button) (small blind) showed [3h 4c] and lost with two pair, Fours and Deuces


PokerStars Hand #152304771438:  Hold'em Limit ($3/$6 USD) - 2016/04/22 19:41:36 ET
Table 'Alleghenia III' 6-max Seat #5 is the button
Seat 2: MarekVdb ($310.36 in chips)
Seat 5: MissEKAmouse ($168.08 in chips)
MissEKAmouse: posts small blind $1
7moneymaster: is sitting out
MarekVdb: posts big blind $3
*** HOLE CARDS ***
7moneymaster leaves the table
MissEKAmouse: raises $3 to $6
MarekVdb: calls $3
*** FLOP *** [Qc 5h 5c]
MarekVdb: bets $3
MissEKAmouse: raises $3 to $6
MarekVdb: calls $3
*** TURN *** [Qc 5h 5c] [5d]
MarekVdb: checks
MissEKAmouse: bets $6
MarekVdb: calls $6
*** RIVER *** [Qc 5h 5c 5d] [8c]
MarekVdb: checks
MissEKAmouse: checks
*** SHOW DOWN ***
MarekVdb: shows [Jh Tc] (three of a kind, Fives)
MissEKAmouse: shows [4c Jc] (a flush, Queen high)
MissEKAmouse collected $35.50 from pot
*** SUMMARY ***
Total pot $36 | Rake $0.50
Board [Qc 5h 5c 5d 8c]
Seat 2: MarekVdb (big blind) showed [Jh Tc] and lost with three of a kind, Fives
Seat 5: MissEKAmouse (button) (small blind) showed [4c Jc] and won ($35.50) with a flush, Queen high


