PokerStars Hand #172167173815:  Hold'em Limit ($3/$6 USD) - 2017/06/24 3:32:20 ET
Table 'Alleghenia' 6-max Seat #3 is the button
Seat 3: sim5sim5 ($87.50 in chips)
Seat 5: 19woody58 ($104 in chips)
sim5sim5: posts small blind $1
19woody58: posts big blind $3
*** HOLE CARDS ***
sim5sim5: raises $3 to $6
19woody58: calls $3
*** FLOP *** [Qd Qh 9s]
19woody58: checks
sim5sim5: bets $3
19woody58: folds
Uncalled bet ($3) returned to sim5sim5
sim5sim5 collected $11.76 from pot
sim5sim5: doesn't show hand
*** SUMMARY ***
Total pot $12 | Rake $0.24
Board [Qd Qh 9s]
Seat 3: sim5sim5 (button) (small blind) collected ($11.76)
Seat 5: 19woody58 (big blind) folded on the Flop


PokerStars Hand #172167161946:  Hold'em Limit ($3/$6 USD) - 2017/06/24 3:31:37 ET
Table 'Alleghenia' 6-max Seat #3 is the button
Seat 3: sim5sim5 ($72 in chips)
Seat 5: 19woody58 ($120 in chips)
sim5sim5: posts small blind $1
19woody58: posts big blind $3
*** HOLE CARDS ***
sim5sim5: raises $3 to $6
19woody58: calls $3
*** FLOP *** [Js Jd 9c]
19woody58: checks
sim5sim5: bets $3
19woody58: calls $3
*** TURN *** [Js Jd 9c] [4c]
19woody58: checks
sim5sim5: checks
*** RIVER *** [Js Jd 9c 4c] [8c]
19woody58: checks
sim5sim5: bets $6
19woody58: calls $6
*** SHOW DOWN ***
sim5sim5: shows [Tc Ac] (a flush, Ace high)
19woody58: mucks hand
sim5sim5 collected $29.50 from pot
*** SUMMARY ***
Total pot $30 | Rake $0.50
Board [Js Jd 9c 4c 8c]
Seat 3: sim5sim5 (button) (small blind) showed [Tc Ac] and won ($29.50) with a flush, Ace high
Seat 5: 19woody58 (big blind) mucked


PokerStars Hand #172167172285:  Hold'em Limit ($3/$6 USD) - 2017/06/24 3:32:14 ET
Table 'Alleghenia' 6-max Seat #5 is the button
Seat 3: sim5sim5 ($86.50 in chips)
Seat 5: 19woody58 ($105 in chips)
19woody58: posts small blind $1
sim5sim5: posts big blind $3
*** HOLE CARDS ***
19woody58: folds
Uncalled bet ($2) returned to sim5sim5
sim5sim5 collected $2 from pot
sim5sim5: doesn't show hand
*** SUMMARY ***
Total pot $2 | Rake $0
Seat 3: sim5sim5 (big blind) collected ($2)
Seat 5: 19woody58 (button) (small blind) folded before Flop


PokerStars Hand #172167177282:  Hold'em Limit ($3/$6 USD) - 2017/06/24 3:32:32 ET
Table 'Alleghenia' 6-max Seat #5 is the button
Seat 3: sim5sim5 ($93.26 in chips)
Seat 5: 19woody58 ($98 in chips)
19woody58: posts small blind $1
sim5sim5: posts big blind $3
*** HOLE CARDS ***
19woody58: raises $3 to $6
sim5sim5: calls $3
*** FLOP *** [6s 3d Kc]
sim5sim5: checks
19woody58: bets $3
sim5sim5: calls $3
*** TURN *** [6s 3d Kc] [7h]
sim5sim5: checks
19woody58: checks
*** RIVER *** [6s 3d Kc 7h] [Kh]
sim5sim5: checks
19woody58: checks
*** SHOW DOWN ***
sim5sim5: shows [Ah 2d] (a pair of Kings)
19woody58: mucks hand
sim5sim5 collected $17.64 from pot
*** SUMMARY ***
Total pot $18 | Rake $0.36
Board [6s 3d Kc 7h Kh]
Seat 3: sim5sim5 (big blind) showed [Ah 2d] and won ($17.64) with a pair of Kings
Seat 5: 19woody58 (button) (small blind) mucked


PokerStars Hand #172167233715:  Hold'em Limit ($3/$6 USD) - 2017/06/24 3:35:54 ET
Table 'Alleghenia' 6-max Seat #4 is the button
Seat 2: StakkAttakk ($27.43 in chips)
Seat 4: MTails ($164.91 in chips)
MTails: posts small blind $1
Agrotait: is sitting out
StakkAttakk: posts big blind $3
*** HOLE CARDS ***
MTails: raises $3 to $6
StakkAttakk: raises $3 to $9
MTails: calls $3
*** FLOP *** [3s Tc 4s]
StakkAttakk: bets $3
Agrotait leaves the table
MTails: calls $3
*** TURN *** [3s Tc 4s] [Qc]
StakkAttakk: checks
MTails: bets $6
StakkAttakk: raises $6 to $12
MTails: calls $6
*** RIVER *** [3s Tc 4s Qc] [8c]
StakkAttakk: bets $3.43 and is all-in
MTails: folds
Uncalled bet ($3.43) returned to StakkAttakk
StakkAttakk collected $47.50 from pot
StakkAttakk: doesn't show hand
*** SUMMARY ***
Total pot $48 | Rake $0.50
Board [3s Tc 4s Qc 8c]
Seat 2: StakkAttakk (big blind) collected ($47.50)
Seat 4: MTails (button) (small blind) folded on the River


PokerStars Hand #172167242303:  Hold'em Limit ($3/$6 USD) - 2017/06/24 3:36:25 ET
Table 'Alleghenia' 6-max Seat #2 is the button
Seat 2: StakkAttakk ($50.93 in chips)
Seat 4: MTails ($140.91 in chips)
StakkAttakk: posts small blind $1
MTails: posts big blind $3
*** HOLE CARDS ***
StakkAttakk: raises $3 to $6
MTails: calls $3
*** FLOP *** [9s Ts Ks]
MTails: checks
StakkAttakk: bets $3
MTails: calls $3
*** TURN *** [9s Ts Ks] [3h]
MTails: checks
StakkAttakk: bets $6
MTails: calls $6
*** RIVER *** [9s Ts Ks 3h] [Jh]
MTails: checks
StakkAttakk: checks
*** SHOW DOWN ***
MTails: shows [Ad 3d] (a pair of Threes)
StakkAttakk: shows [Kc 6d] (a pair of Kings)
StakkAttakk collected $29.50 from pot
*** SUMMARY ***
Total pot $30 | Rake $0.50
Board [9s Ts Ks 3h Jh]
Seat 2: StakkAttakk (button) (small blind) showed [Kc 6d] and won ($29.50) with a pair of Kings
Seat 4: MTails (big blind) showed [Ad 3d] and lost with a pair of Threes


