PokerStars Hand #145717636878:  Hold'em Limit ($3/$6 USD) - 2015/12/21 20:11:44 ET
Table 'Alleghenia' 2-max Seat #1 is the button
Seat 1: elifnur2008 ($114 in chips)
Seat 2: premium37 ($47.22 in chips)
elifnur2008: posts small blind $1
premium37: posts big blind $3
*** HOLE CARDS ***
elifnur2008: raises $3 to $6
premium37: folds
Uncalled bet ($3) returned to elifnur2008
elifnur2008 collected $6 from pot
elifnur2008: doesn't show hand
*** SUMMARY ***
Total pot $6 | Rake $0
Seat 1: elifnur2008 (button) (small blind) collected ($6)
Seat 2: premium37 (big blind) folded before Flop


PokerStars Hand #145717655114:  Hold'em Limit ($3/$6 USD) - 2015/12/21 20:12:16 ET
Table 'Alleghenia' 2-max Seat #1 is the button
Seat 1: elifnur2008 ($137.50 in chips)
Seat 2: premium37 ($23.22 in chips)
elifnur2008: posts small blind $1
premium37: posts big blind $3
*** HOLE CARDS ***
elifnur2008: raises $3 to $6
premium37: raises $3 to $9
elifnur2008: calls $3
*** FLOP *** [Kh Tc 5h]
premium37: bets $3
elifnur2008: calls $3
*** TURN *** [Kh Tc 5h] [3h]
premium37: bets $6
elifnur2008: raises $6 to $12
premium37: calls $5.22 and is all-in
Uncalled bet ($0.78) returned to elifnur2008
*** RIVER *** [Kh Tc 5h 3h] [9s]
*** SHOW DOWN ***
premium37: shows [Ac 6d] (high card Ace)
elifnur2008: shows [Qd Ts] (a pair of Tens)
elifnur2008 collected $45.94 from pot
*** SUMMARY ***
Total pot $46.44 | Rake $0.50
Board [Kh Tc 5h 3h 9s]
Seat 1: elifnur2008 (button) (small blind) showed [Qd Ts] and won ($45.94) with a pair of Tens
Seat 2: premium37 (big blind) showed [Ac 6d] and lost with high card Ace


PokerStars Hand #145717642068:  Hold'em Limit ($3/$6 USD) - 2015/12/21 20:11:53 ET
Table 'Alleghenia' 2-max Seat #2 is the button
Seat 1: elifnur2008 ($117 in chips)
Seat 2: premium37 ($44.22 in chips)
premium37: posts small blind $1
elifnur2008: posts big blind $3
*** HOLE CARDS ***
premium37: raises $3 to $6
elifnur2008: calls $3
*** FLOP *** [7c 3c 3d]
elifnur2008: checks
premium37: bets $3
elifnur2008: calls $3
*** TURN *** [7c 3c 3d] [Tc]
elifnur2008: checks
premium37: bets $6
elifnur2008: raises $6 to $12
premium37: calls $6
*** RIVER *** [7c 3c 3d Tc] [5s]
elifnur2008: bets $6
premium37: folds
Uncalled bet ($6) returned to elifnur2008
elifnur2008 collected $41.50 from pot
elifnur2008: doesn't show hand
*** SUMMARY ***
Total pot $42 | Rake $0.50
Board [7c 3c 3d Tc 5s]
Seat 1: elifnur2008 (big blind) collected ($41.50)
Seat 2: premium37 (button) (small blind) folded on the River


PokerStars Hand #145754605282:  Hold'em Limit ($3/$6 USD) - 2015/12/22 14:58:38 ET
Table 'Alleghenia' 2-max Seat #2 is the button
Seat 1: Hlozaslauch ($174.40 in chips)
Seat 2: Bastenok ($140.16 in chips)
Bastenok: posts small blind $1
Hlozaslauch: posts big blind $3
*** HOLE CARDS ***
Bastenok: raises $3 to $6
Hlozaslauch: folds
Uncalled bet ($3) returned to Bastenok
Bastenok collected $6 from pot
Bastenok: doesn't show hand
*** SUMMARY ***
Total pot $6 | Rake $0
Seat 1: Hlozaslauch (big blind) folded before Flop
Seat 2: Bastenok (button) (small blind) collected ($6)


PokerStars Hand #145754614649:  Hold'em Limit ($3/$6 USD) - 2015/12/22 14:58:49 ET
Table 'Alleghenia' 2-max Seat #1 is the button
Seat 1: Hlozaslauch ($171.40 in chips)
Seat 2: Bastenok ($143.16 in chips)
Hlozaslauch: posts small blind $1
Bastenok: posts big blind $3
*** HOLE CARDS ***
Hlozaslauch: calls $2
Bastenok: raises $3 to $6
Hlozaslauch: calls $3
*** FLOP *** [Qd Qh Jc]
Bastenok: bets $3
Hlozaslauch: calls $3
*** TURN *** [Qd Qh Jc] [Kh]
Bastenok: bets $6
Hlozaslauch: calls $6
*** RIVER *** [Qd Qh Jc Kh] [5d]
Bastenok: bets $6
Hlozaslauch: calls $6
*** SHOW DOWN ***
Bastenok: shows [8d 8h] (two pair, Queens and Eights)
Hlozaslauch: shows [Jh 5h] (two pair, Queens and Jacks)
Hlozaslauch collected $41.50 from pot
*** SUMMARY ***
Total pot $42 | Rake $0.50
Board [Qd Qh Jc Kh 5d]
Seat 1: Hlozaslauch (button) (small blind) showed [Jh 5h] and won ($41.50) with two pair, Queens and Jacks
Seat 2: Bastenok (big blind) showed [8d 8h] and lost with two pair, Queens and Eights


