PokerStars Hand #148505439772:  Hold'em Limit ($3/$6 USD) - 2016/02/09 10:51:04 ET
Table 'Almach' 2-max Seat #1 is the button
Seat 1: Ultrafranke ($103.50 in chips)
Seat 2: punkrott ($57.76 in chips)
Ultrafranke: posts small blind $1
punkrott: posts big blind $3
*** HOLE CARDS ***
Ultrafranke: raises $3 to $6
punkrott: calls $3
*** FLOP *** [Qh Jh 9d]
punkrott: checks
Ultrafranke: bets $3
punkrott: raises $3 to $6
Ultrafranke: calls $3
*** TURN *** [Qh Jh 9d] [3c]
punkrott: bets $6
Ultrafranke: calls $6
*** RIVER *** [Qh Jh 9d 3c] [4c]
punkrott: bets $6
Ultrafranke: folds
Uncalled bet ($6) returned to punkrott
punkrott collected $35.50 from pot
punkrott: doesn't show hand
*** SUMMARY ***
Total pot $36 | Rake $0.50
Board [Qh Jh 9d 3c 4c]
Seat 1: Ultrafranke (button) (small blind) folded on the River
Seat 2: punkrott (big blind) collected ($35.50)


PokerStars Hand #148505486161:  Hold'em Limit ($3/$6 USD) - 2016/02/09 10:51:59 ET
Table 'Almach' 2-max Seat #1 is the button
Seat 1: Ultrafranke ($55.50 in chips)
Seat 2: punkrott ($104.76 in chips)
Ultrafranke: posts small blind $1
punkrott: posts big blind $3
*** HOLE CARDS ***
Ultrafranke: folds
Uncalled bet ($2) returned to punkrott
punkrott collected $2 from pot
punkrott: doesn't show hand
*** SUMMARY ***
Total pot $2 | Rake $0
Seat 1: Ultrafranke (button) (small blind) folded before Flop
Seat 2: punkrott (big blind) collected ($2)


PokerStars Hand #148505459260:  Hold'em Limit ($3/$6 USD) - 2016/02/09 10:51:27 ET
Table 'Almach' 2-max Seat #2 is the button
Seat 1: Ultrafranke ($85.50 in chips)
Seat 2: punkrott ($75.26 in chips)
punkrott: posts small blind $1
Ultrafranke: posts big blind $3
*** HOLE CARDS ***
punkrott: raises $3 to $6
Ultrafranke: calls $3
*** FLOP *** [2s As 5d]
Ultrafranke: checks
punkrott: bets $3
Ultrafranke: raises $3 to $6
punkrott: calls $3
*** TURN *** [2s As 5d] [Th]
Ultrafranke: bets $6
punkrott: raises $6 to $12
Ultrafranke: calls $6
*** RIVER *** [2s As 5d Th] [Qs]
Ultrafranke: checks
punkrott: bets $6
Ultrafranke: calls $6
*** SHOW DOWN ***
punkrott: shows [Ad 3d] (a pair of Aces)
Ultrafranke: mucks hand
punkrott collected $59.50 from pot
*** SUMMARY ***
Total pot $60 | Rake $0.50
Board [2s As 5d Th Qs]
Seat 1: Ultrafranke (big blind) mucked
Seat 2: punkrott (button) (small blind) showed [Ad 3d] and won ($59.50) with a pair of Aces


PokerStars Hand #148505541103:  Hold'em Limit ($3/$6 USD) - 2016/02/09 10:53:05 ET
Table 'Almach' 2-max Seat #1 is the button
Seat 1: Ultrafranke ($70.47 in chips)
Seat 2: punkrott ($101.40 in chips)
Ultrafranke: posts small blind $1
punkrott: posts big blind $3
*** HOLE CARDS ***
Ultrafranke: folds
Uncalled bet ($2) returned to punkrott
punkrott collected $2 from pot
punkrott: doesn't show hand
*** SUMMARY ***
Total pot $2 | Rake $0
Seat 1: Ultrafranke (button) (small blind) folded before Flop
Seat 2: punkrott (big blind) collected ($2)


PokerStars Hand #148505524306:  Hold'em Limit ($3/$6 USD) - 2016/02/09 10:52:45 ET
Table 'Almach' 2-max Seat #2 is the button
Seat 1: Ultrafranke ($79.47 in chips)
Seat 2: punkrott ($92.76 in chips)
punkrott: posts small blind $1
Ultrafranke: posts big blind $3
*** HOLE CARDS ***
punkrott: raises $3 to $6
Ultrafranke: calls $3
*** FLOP *** [3h 4s 3c]
Ultrafranke: checks
punkrott: bets $3
Ultrafranke: calls $3
*** TURN *** [3h 4s 3c] [Qd]
Ultrafranke: checks
punkrott: bets $6
Ultrafranke: folds
Uncalled bet ($6) returned to punkrott
punkrott collected $17.64 from pot
punkrott: doesn't show hand
*** SUMMARY ***
Total pot $18 | Rake $0.36
Board [3h 4s 3c Qd]
Seat 1: Ultrafranke (big blind) folded on the Turn
Seat 2: punkrott (button) (small blind) collected ($17.64)


PokerStars Hand #148505518122:  Hold'em Limit ($3/$6 USD) - 2016/02/09 10:52:37 ET
Table 'Almach' 2-max Seat #1 is the button
Seat 1: Ultrafranke ($80.47 in chips)
Seat 2: punkrott ($91.76 in chips)
Ultrafranke: posts small blind $1
punkrott: posts big blind $3
*** HOLE CARDS ***
Ultrafranke: folds
Uncalled bet ($2) returned to punkrott
punkrott collected $2 from pot
punkrott: doesn't show hand
*** SUMMARY ***
Total pot $2 | Rake $0
Seat 1: Ultrafranke (button) (small blind) folded before Flop
Seat 2: punkrott (big blind) collected ($2)


PokerStars Hand #148505513904:  Hold'em Limit ($3/$6 USD) - 2016/02/09 10:52:32 ET
Table 'Almach' 2-max Seat #2 is the button
Seat 1: Ultrafranke ($79.47 in chips)
Seat 2: punkrott ($92.76 in chips)
punkrott: posts small blind $1
Ultrafranke: posts big blind $3
*** HOLE CARDS ***
punkrott: folds
Uncalled bet ($2) returned to Ultrafranke
Ultrafranke collected $2 from pot
*** SUMMARY ***
Total pot $2 | Rake $0
Seat 1: Ultrafranke (big blind) collected ($2)
Seat 2: punkrott (button) (small blind) folded before Flop


PokerStars Hand #148505496441:  Hold'em Limit ($3/$6 USD) - 2016/02/09 10:52:11 ET
Table 'Almach' 2-max Seat #1 is the button
Seat 1: Ultrafranke ($67.95 in chips)
Seat 2: punkrott ($104.76 in chips)
Ultrafranke: posts small blind $1
punkrott: posts big blind $3
*** HOLE CARDS ***
Ultrafranke: raises $3 to $6
punkrott: calls $3
*** FLOP *** [Js 8h 4c]
punkrott: checks
Ultrafranke: checks
*** TURN *** [Js 8h 4c] [6d]
punkrott: checks
Ultrafranke: bets $6
punkrott: calls $6
*** RIVER *** [Js 8h 4c 6d] [5d]
punkrott: checks
Ultrafranke: bets $6
punkrott: folds
Uncalled bet ($6) returned to Ultrafranke
Ultrafranke collected $23.52 from pot
*** SUMMARY ***
Total pot $24 | Rake $0.48
Board [Js 8h 4c 6d 5d]
Seat 1: Ultrafranke (button) (small blind) collected ($23.52)
Seat 2: punkrott (big blind) folded on the River


PokerStars Hand #148505594274:  Hold'em Limit ($3/$6 USD) - 2016/02/09 10:54:09 ET
Table 'Almach' 2-max Seat #1 is the button
Seat 1: Ultrafranke ($92.51 in chips)
Seat 2: punkrott ($78.40 in chips)
Ultrafranke: posts small blind $1
punkrott: posts big blind $3
*** HOLE CARDS ***
Ultrafranke: raises $3 to $6
punkrott: calls $3
*** FLOP *** [Js 5s 4c]
punkrott: checks
Ultrafranke: checks
*** TURN *** [Js 5s 4c] [5c]
punkrott: checks
Ultrafranke: bets $6
punkrott: calls $6
*** RIVER *** [Js 5s 4c 5c] [9h]
punkrott: checks
Ultrafranke: checks
*** SHOW DOWN ***
punkrott: shows [3s Kd] (a pair of Fives)
Ultrafranke: shows [Kh 8d] (a pair of Fives)
punkrott collected $11.76 from pot
Ultrafranke collected $11.76 from pot
*** SUMMARY ***
Total pot $24 | Rake $0.48
Board [Js 5s 4c 5c 9h]
Seat 1: Ultrafranke (button) (small blind) showed [Kh 8d] and won ($11.76) with a pair of Fives
Seat 2: punkrott (big blind) showed [3s Kd] and won ($11.76) with a pair of Fives


PokerStars Hand #148505578228:  Hold'em Limit ($3/$6 USD) - 2016/02/09 10:53:50 ET
Table 'Almach' 2-max Seat #2 is the button
Seat 1: Ultrafranke ($83.87 in chips)
Seat 2: punkrott ($87.40 in chips)
punkrott: posts small blind $1
Ultrafranke: posts big blind $3
*** HOLE CARDS ***
punkrott: raises $3 to $6
Ultrafranke: calls $3
*** FLOP *** [As 4d 4h]
Ultrafranke: checks
punkrott: bets $3
Ultrafranke: calls $3
*** TURN *** [As 4d 4h] [7h]
Ultrafranke: bets $6
punkrott: folds
Uncalled bet ($6) returned to Ultrafranke
Ultrafranke collected $17.64 from pot
*** SUMMARY ***
Total pot $18 | Rake $0.36
Board [As 4d 4h 7h]
Seat 1: Ultrafranke (big blind) collected ($17.64)
Seat 2: punkrott (button) (small blind) folded on the Turn


PokerStars Hand #148505549232:  Hold'em Limit ($3/$6 USD) - 2016/02/09 10:53:15 ET
Table 'Almach' 2-max Seat #2 is the button
Seat 1: Ultrafranke ($69.47 in chips)
Seat 2: punkrott ($102.40 in chips)
punkrott: posts small blind $1
Ultrafranke: posts big blind $3
*** HOLE CARDS ***
punkrott: raises $3 to $6
Ultrafranke: calls $3
*** FLOP *** [Jd Ac Ad]
Ultrafranke: checks
punkrott: bets $3
Ultrafranke: calls $3
*** TURN *** [Jd Ac Ad] [Kh]
Ultrafranke: checks
punkrott: checks
*** RIVER *** [Jd Ac Ad Kh] [Jc]
Ultrafranke: bets $6
punkrott: folds
Uncalled bet ($6) returned to Ultrafranke
Ultrafranke collected $17.64 from pot
*** SUMMARY ***
Total pot $18 | Rake $0.36
Board [Jd Ac Ad Kh Jc]
Seat 1: Ultrafranke (big blind) collected ($17.64)
Seat 2: punkrott (button) (small blind) folded on the River


PokerStars Hand #148505632424:  Hold'em Limit ($3/$6 USD) - 2016/02/09 10:54:55 ET
Table 'Almach' 2-max Seat #1 is the button
Seat 1: Ultrafranke ($62.27 in chips)
Seat 2: punkrott ($107.66 in chips)
Ultrafranke: posts small blind $1
punkrott: posts big blind $3
*** HOLE CARDS ***
Ultrafranke: raises $3 to $6
punkrott: calls $3
*** FLOP *** [6c 3d 5c]
punkrott: checks
Ultrafranke: checks
*** TURN *** [6c 3d 5c] [Js]
punkrott: bets $6
Ultrafranke: calls $6
*** RIVER *** [6c 3d 5c Js] [Jd]
punkrott: bets $6
Ultrafranke: calls $6
*** SHOW DOWN ***
punkrott: shows [Jh 8c] (three of a kind, Jacks)
Ultrafranke: mucks hand
punkrott collected $35.50 from pot
*** SUMMARY ***
Total pot $36 | Rake $0.50
Board [6c 3d 5c Js Jd]
Seat 1: Ultrafranke (button) (small blind) mucked
Seat 2: punkrott (big blind) showed [Jh 8c] and won ($35.50) with three of a kind, Jacks


PokerStars Hand #148505610425:  Hold'em Limit ($3/$6 USD) - 2016/02/09 10:54:28 ET
Table 'Almach' 2-max Seat #2 is the button
Seat 1: Ultrafranke ($92.27 in chips)
Seat 2: punkrott ($78.16 in chips)
punkrott: posts small blind $1
Ultrafranke: posts big blind $3
*** HOLE CARDS ***
punkrott: raises $3 to $6
Ultrafranke: raises $3 to $9
punkrott: calls $3
*** FLOP *** [6d 5h Th]
Ultrafranke: bets $3
punkrott: calls $3
*** TURN *** [6d 5h Th] [Qd]
Ultrafranke: bets $6
punkrott: calls $6
*** RIVER *** [6d 5h Th Qd] [Kh]
Ultrafranke: bets $6
punkrott: raises $6 to $12
Ultrafranke: calls $6
*** SHOW DOWN ***
punkrott: shows [Kc 5c] (two pair, Kings and Fives)
Ultrafranke: mucks hand
punkrott collected $59.50 from pot
*** SUMMARY ***
Total pot $60 | Rake $0.50
Board [6d 5h Th Qd Kh]
Seat 1: Ultrafranke (big blind) mucked
Seat 2: punkrott (button) (small blind) showed [Kc 5c] and won ($59.50) with two pair, Kings and Fives


PokerStars Hand #148505673456:  Hold'em Limit ($3/$6 USD) - 2016/02/09 10:55:52 ET
Table 'Almach' 2-max Seat #2 is the button
Seat 1: Ultrafranke ($58.77 in chips)
Seat 2: punkrott ($109.92 in chips)
punkrott: posts small blind $1
Ultrafranke: posts big blind $3
*** HOLE CARDS ***
punkrott: raises $3 to $6
Ultrafranke: calls $3
*** FLOP *** [2h 6d Kc]
Ultrafranke: checks
punkrott: bets $3
Ultrafranke: calls $3
*** TURN *** [2h 6d Kc] [9d]
Ultrafranke: checks
punkrott: checks
*** RIVER *** [2h 6d Kc 9d] [Kd]
Ultrafranke: bets $6
punkrott: calls $6
*** SHOW DOWN ***
Ultrafranke: shows [4h Jh] (a pair of Kings)
punkrott: shows [Qc 8d] (a pair of Kings - Queen kicker)
punkrott collected $29.50 from pot
*** SUMMARY ***
Total pot $30 | Rake $0.50
Board [2h 6d Kc 9d Kd]
Seat 1: Ultrafranke (big blind) showed [4h Jh] and lost with a pair of Kings
Seat 2: punkrott (button) (small blind) showed [Qc 8d] and won ($29.50) with a pair of Kings


PokerStars Hand #148505660105:  Hold'em Limit ($3/$6 USD) - 2016/02/09 10:55:33 ET
Table 'Almach' 2-max Seat #1 is the button
Seat 1: Ultrafranke ($38.27 in chips)
Seat 2: punkrott ($130.92 in chips)
Ultrafranke: posts small blind $1
punkrott: posts big blind $3
*** HOLE CARDS ***
Ultrafranke: raises $3 to $6
punkrott: calls $3
*** FLOP *** [8s Kd 8h]
punkrott: checks
Ultrafranke: bets $3
punkrott: calls $3
*** TURN *** [8s Kd 8h] [4h]
punkrott: checks
Ultrafranke: bets $6
punkrott: calls $6
*** RIVER *** [8s Kd 8h 4h] [3d]
punkrott: checks
Ultrafranke: bets $6
punkrott: calls $6
*** SHOW DOWN ***
Ultrafranke: shows [Ac Kc] (two pair, Kings and Eights)
punkrott: mucks hand
Ultrafranke collected $41.50 from pot
*** SUMMARY ***
Total pot $42 | Rake $0.50
Board [8s Kd 8h 4h 3d]
Seat 1: Ultrafranke (button) (small blind) showed [Ac Kc] and won ($41.50) with two pair, Kings and Eights
Seat 2: punkrott (big blind) mucked


PokerStars Hand #148505649924:  Hold'em Limit ($3/$6 USD) - 2016/02/09 10:55:18 ET
Table 'Almach' 2-max Seat #2 is the button
Seat 1: Ultrafranke ($44.27 in chips)
Seat 2: punkrott ($125.16 in chips)
punkrott: posts small blind $1
Ultrafranke: posts big blind $3
*** HOLE CARDS ***
punkrott: raises $3 to $6
Ultrafranke: calls $3
*** FLOP *** [7c Qd Kc]
Ultrafranke: checks
punkrott: bets $3
Ultrafranke: folds
Uncalled bet ($3) returned to punkrott
punkrott collected $11.76 from pot
punkrott: doesn't show hand
*** SUMMARY ***
Total pot $12 | Rake $0.24
Board [7c Qd Kc]
Seat 1: Ultrafranke (big blind) folded on the Flop
Seat 2: punkrott (button) (small blind) collected ($11.76)


PokerStars Hand #148505730520:  Hold'em Limit ($3/$6 USD) - 2016/02/09 10:57:14 ET
Table 'Almach' 2-max Seat #1 is the button
Seat 1: Ultrafranke ($26.28 in chips)
Seat 2: punkrott ($140.67 in chips)
Ultrafranke: posts small blind $1
punkrott: posts big blind $3
*** HOLE CARDS ***
Ultrafranke: folds
Uncalled bet ($2) returned to punkrott
punkrott collected $2 from pot
punkrott: doesn't show hand
*** SUMMARY ***
Total pot $2 | Rake $0
Seat 1: Ultrafranke (button) (small blind) folded before Flop
Seat 2: punkrott (big blind) collected ($2)


PokerStars Hand #148505727628:  Hold'em Limit ($3/$6 USD) - 2016/02/09 10:57:10 ET
Table 'Almach' 2-max Seat #2 is the button
Seat 1: Ultrafranke ($25.28 in chips)
Seat 2: punkrott ($141.67 in chips)
punkrott: posts small blind $1
Ultrafranke: posts big blind $3
*** HOLE CARDS ***
punkrott: folds
Uncalled bet ($2) returned to Ultrafranke
Ultrafranke collected $2 from pot
*** SUMMARY ***
Total pot $2 | Rake $0
Seat 1: Ultrafranke (big blind) collected ($2)
Seat 2: punkrott (button) (small blind) folded before Flop


PokerStars Hand #148505716850:  Hold'em Limit ($3/$6 USD) - 2016/02/09 10:56:55 ET
Table 'Almach' 2-max Seat #1 is the button
Seat 1: Ultrafranke ($25.53 in chips)
Seat 2: punkrott ($141.92 in chips)
Ultrafranke: posts small blind $1
punkrott: posts big blind $3
*** HOLE CARDS ***
Ultrafranke: raises $3 to $6
punkrott: calls $3
*** FLOP *** [Qd 4s 4d]
punkrott: checks
Ultrafranke: bets $3
punkrott: calls $3
*** TURN *** [Qd 4s 4d] [8d]
punkrott: checks
Ultrafranke: bets $6
punkrott: raises $6 to $12
Ultrafranke: raises $4.53 to $16.53 and is all-in
punkrott: calls $4.53
*** RIVER *** [Qd 4s 4d 8d] [Qh]
*** SHOW DOWN ***
punkrott: shows [4h 6s] (a full house, Fours full of Queens)
Ultrafranke: shows [Ac 4c] (a full house, Fours full of Queens)
punkrott collected $25.28 from pot
Ultrafranke collected $25.28 from pot
*** SUMMARY ***
Total pot $51.06 | Rake $0.50
Board [Qd 4s 4d 8d Qh]
Seat 1: Ultrafranke (button) (small blind) showed [Ac 4c] and won ($25.28) with a full house, Fours full of Queens
Seat 2: punkrott (big blind) showed [4h 6s] and won ($25.28) with a full house, Fours full of Queens


PokerStars Hand #148505705735:  Hold'em Limit ($3/$6 USD) - 2016/02/09 10:56:39 ET
Table 'Almach' 2-max Seat #2 is the button
Seat 1: Ultrafranke ($49.53 in chips)
Seat 2: punkrott ($118.42 in chips)
punkrott: posts small blind $1
Ultrafranke: posts big blind $3
*** HOLE CARDS ***
punkrott: raises $3 to $6
Ultrafranke: calls $3
*** FLOP *** [Qh 4d 6s]
Ultrafranke: checks
punkrott: bets $3
Ultrafranke: raises $3 to $6
punkrott: calls $3
*** TURN *** [Qh 4d 6s] [7d]
Ultrafranke: bets $6
punkrott: calls $6
*** RIVER *** [Qh 4d 6s 7d] [Jh]
Ultrafranke: bets $6
punkrott: calls $6
*** SHOW DOWN ***
Ultrafranke: shows [5c Ks] (high card King)
punkrott: shows [6d Kd] (a pair of Sixes)
punkrott collected $47.50 from pot
*** SUMMARY ***
Total pot $48 | Rake $0.50
Board [Qh 4d 6s 7d Jh]
Seat 1: Ultrafranke (big blind) showed [5c Ks] and lost with high card King
Seat 2: punkrott (button) (small blind) showed [6d Kd] and won ($47.50) with a pair of Sixes


PokerStars Hand #148505696947:  Hold'em Limit ($3/$6 USD) - 2016/02/09 10:56:26 ET
Table 'Almach' 2-max Seat #1 is the button
Seat 1: Ultrafranke ($43.77 in chips)
Seat 2: punkrott ($124.42 in chips)
Ultrafranke: posts small blind $1
punkrott: posts big blind $3
*** HOLE CARDS ***
Ultrafranke: raises $3 to $6
punkrott: calls $3
*** FLOP *** [Kh Qc Kc]
punkrott: checks
Ultrafranke: bets $3
punkrott: folds
Uncalled bet ($3) returned to Ultrafranke
Ultrafranke collected $11.76 from pot
*** SUMMARY ***
Total pot $12 | Rake $0.24
Board [Kh Qc Kc]
Seat 1: Ultrafranke (button) (small blind) collected ($11.76)
Seat 2: punkrott (big blind) folded on the Flop


PokerStars Hand #148505744981:  Hold'em Limit ($3/$6 USD) - 2016/02/09 10:57:35 ET
Table 'Almach' 2-max Seat #2 is the button
Seat 1: Ultrafranke ($13.28 in chips)
Seat 2: punkrott ($153.17 in chips)
punkrott: posts small blind $1
Ultrafranke: posts big blind $3
*** HOLE CARDS ***
punkrott: raises $3 to $6
Ultrafranke: raises $3 to $9
punkrott: raises $3 to $12
Betting is capped
Ultrafranke: calls $3
*** FLOP *** [Ad 4s 6h]
Ultrafranke: bets $1.28 and is all-in
punkrott: calls $1.28
*** TURN *** [Ad 4s 6h] [9s]
*** RIVER *** [Ad 4s 6h 9s] [Qh]
*** SHOW DOWN ***
Ultrafranke: shows [9h Kh] (a pair of Nines)
punkrott: shows [Qc 7c] (a pair of Queens)
punkrott collected $26.06 from pot
*** SUMMARY ***
Total pot $26.56 | Rake $0.50
Board [Ad 4s 6h 9s Qh]
Seat 1: Ultrafranke (big blind) showed [9h Kh] and lost with a pair of Nines
Seat 2: punkrott (button) (small blind) showed [Qc 7c] and won ($26.06) with a pair of Queens


PokerStars Hand #148505741112:  Hold'em Limit ($3/$6 USD) - 2016/02/09 10:57:29 ET
Table 'Almach' 2-max Seat #1 is the button
Seat 1: Ultrafranke ($10.28 in chips)
Seat 2: punkrott ($156.17 in chips)
Ultrafranke: posts small blind $1
punkrott: posts big blind $3
*** HOLE CARDS ***
Ultrafranke: raises $3 to $6
punkrott: folds
Uncalled bet ($3) returned to Ultrafranke
Ultrafranke collected $6 from pot
*** SUMMARY ***
Total pot $6 | Rake $0
Seat 1: Ultrafranke (button) (small blind) collected ($6)
Seat 2: punkrott (big blind) folded before Flop


