PokerStars Hand #149369338807:  Hold'em Limit ($3/$6 USD) - 2016/02/24 20:08:25 ET
Table 'Alma' 6-max Seat #3 is the button
Seat 3: 7 Huligan 7 ($30 in chips)
Seat 5: Pandakey ($120 in chips)
7 Huligan 7: posts small blind $1
Pandakey: posts big blind $3
*** HOLE CARDS ***
7 Huligan 7: calls $2
Pandakey: checks
*** FLOP *** [2c Ah 6c]
Pandakey: bets $3
7 Huligan 7: folds
Uncalled bet ($3) returned to Pandakey
Pandakey collected $5.88 from pot
Pandakey: doesn't show hand
*** SUMMARY ***
Total pot $6 | Rake $0.12
Board [2c Ah 6c]
Seat 3: 7 Huligan 7 (button) (small blind) folded on the Flop
Seat 5: Pandakey (big blind) collected ($5.88)


PokerStars Hand #149369349863:  Hold'em Limit ($3/$6 USD) - 2016/02/24 20:08:46 ET
Table 'Alma' 6-max Seat #5 is the button
Seat 3: 7 Huligan 7 ($27 in chips)
Seat 5: Pandakey ($122.88 in chips)
Pandakey: posts small blind $1
7 Huligan 7: posts big blind $3
*** HOLE CARDS ***
Pandakey: raises $3 to $6
7 Huligan 7: calls $3
*** FLOP *** [Js 3s 3h]
7 Huligan 7: checks
Pandakey: bets $3
7 Huligan 7: calls $3
*** TURN *** [Js 3s 3h] [Qs]
7 Huligan 7: checks
Pandakey: checks
*** RIVER *** [Js 3s 3h Qs] [Jh]
7 Huligan 7: bets $6
Pandakey: folds
Uncalled bet ($6) returned to 7 Huligan 7
7 Huligan 7 collected $17.64 from pot
7 Huligan 7: doesn't show hand
*** SUMMARY ***
Total pot $18 | Rake $0.36
Board [Js 3s 3h Qs Jh]
Seat 3: 7 Huligan 7 (big blind) collected ($17.64)
Seat 5: Pandakey (button) (small blind) folded on the River


PokerStars Hand #149369363491:  Hold'em Limit ($3/$6 USD) - 2016/02/24 20:09:11 ET
Table 'Alma' 6-max Seat #5 is the button
Seat 3: 7 Huligan 7 ($34.64 in chips)
Seat 5: Pandakey ($114.88 in chips)
Pandakey: posts small blind $1
7 Huligan 7: posts big blind $3
*** HOLE CARDS ***
Pandakey: raises $3 to $6
7 Huligan 7: calls $3
*** FLOP *** [8d Qh Qc]
7 Huligan 7: checks
Pandakey: bets $3
7 Huligan 7: raises $3 to $6
Pandakey: calls $3
*** TURN *** [8d Qh Qc] [Kh]
7 Huligan 7: bets $6
Pandakey: folds
Uncalled bet ($6) returned to 7 Huligan 7
7 Huligan 7 collected $23.52 from pot
7 Huligan 7: doesn't show hand
*** SUMMARY ***
Total pot $24 | Rake $0.48
Board [8d Qh Qc Kh]
Seat 3: 7 Huligan 7 (big blind) collected ($23.52)
Seat 5: Pandakey (button) (small blind) folded on the Turn


PokerStars Hand #149369379699:  Hold'em Limit ($3/$6 USD) - 2016/02/24 20:09:40 ET
Table 'Alma' 6-max Seat #3 is the button
Seat 3: 7 Huligan 7 ($46.16 in chips)
Seat 5: Pandakey ($102.88 in chips)
7 Huligan 7: posts small blind $1
Pandakey: posts big blind $3
*** HOLE CARDS ***
7 Huligan 7: calls $2
Bonsey_1 joins the table at seat #6
Pandakey: raises $3 to $6
7 Huligan 7: calls $3
*** FLOP *** [Ah 8c 7c]
Pandakey: bets $3
7 Huligan 7: folds
Uncalled bet ($3) returned to Pandakey
7 Huligan 7 leaves the table
Pandakey collected $11.76 from pot
Pandakey: doesn't show hand
*** SUMMARY ***
Total pot $12 | Rake $0.24
Board [Ah 8c 7c]
Seat 3: 7 Huligan 7 (button) (small blind) folded on the Flop
Seat 5: Pandakey (big blind) collected ($11.76)


PokerStars Hand #149369360436:  Hold'em Limit ($3/$6 USD) - 2016/02/24 20:09:05 ET
Table 'Alma' 6-max Seat #3 is the button
Seat 3: 7 Huligan 7 ($35.64 in chips)
Seat 5: Pandakey ($113.88 in chips)
7 Huligan 7: posts small blind $1
Pandakey: posts big blind $3
*** HOLE CARDS ***
7 Huligan 7: folds
Uncalled bet ($2) returned to Pandakey
Pandakey collected $2 from pot
Pandakey: doesn't show hand
*** SUMMARY ***
Total pot $2 | Rake $0
Seat 3: 7 Huligan 7 (button) (small blind) folded before Flop
Seat 5: Pandakey (big blind) collected ($2)


PokerStars Hand #149369403031:  Hold'em Limit ($3/$6 USD) - 2016/02/24 20:10:24 ET
Table 'Alma' 6-max Seat #5 is the button
Seat 5: Pandakey ($129.14 in chips)
Seat 6: Bonsey_1 ($39 in chips)
Pandakey: posts small blind $1
Bonsey_1: posts big blind $3
*** HOLE CARDS ***
Pandakey: raises $3 to $6
Bonsey_1: folds
Uncalled bet ($3) returned to Pandakey
Pandakey collected $6 from pot
Pandakey: doesn't show hand
*** SUMMARY ***
Total pot $6 | Rake $0
Seat 5: Pandakey (button) (small blind) collected ($6)
Seat 6: Bonsey_1 (big blind) folded before Flop


PokerStars Hand #149369399559:  Hold'em Limit ($3/$6 USD) - 2016/02/24 20:10:17 ET
Table 'Alma' 6-max Seat #6 is the button
Seat 5: Pandakey ($132.14 in chips)
Seat 6: Bonsey_1 ($36 in chips)
Bonsey_1: posts small blind $1
Pandakey: posts big blind $3
*** HOLE CARDS ***
Bonsey_1: raises $3 to $6
Pandakey: folds
Uncalled bet ($3) returned to Bonsey_1
Bonsey_1 collected $6 from pot
Bonsey_1: doesn't show hand
*** SUMMARY ***
Total pot $6 | Rake $0
Seat 5: Pandakey (big blind) folded before Flop
Seat 6: Bonsey_1 (button) (small blind) collected ($6)


PokerStars Hand #149369411898:  Hold'em Limit ($3/$6 USD) - 2016/02/24 20:10:40 ET
Table 'Alma' 6-max Seat #5 is the button
Seat 5: Pandakey ($126.14 in chips)
Seat 6: Bonsey_1 ($41.76 in chips)
Pandakey: posts small blind $1
Bonsey_1: posts big blind $3
*** HOLE CARDS ***
Pandakey: raises $3 to $6
Bonsey_1: folds
Uncalled bet ($3) returned to Pandakey
Pandakey collected $6 from pot
Pandakey: doesn't show hand
*** SUMMARY ***
Total pot $6 | Rake $0
Seat 5: Pandakey (button) (small blind) collected ($6)
Seat 6: Bonsey_1 (big blind) folded before Flop


PokerStars Hand #149369407427:  Hold'em Limit ($3/$6 USD) - 2016/02/24 20:10:32 ET
Table 'Alma' 6-max Seat #6 is the button
Seat 5: Pandakey ($132.14 in chips)
Seat 6: Bonsey_1 ($36 in chips)
Bonsey_1: posts small blind $1
Pandakey: posts big blind $3
*** HOLE CARDS ***
Bonsey_1: raises $3 to $6
Pandakey: calls $3
*** FLOP *** [Ts Ad 6c]
Pandakey: checks
Bonsey_1: bets $3
Pandakey: folds
Uncalled bet ($3) returned to Bonsey_1
Bonsey_1 collected $11.76 from pot
Bonsey_1: doesn't show hand
*** SUMMARY ***
Total pot $12 | Rake $0.24
Board [Ts Ad 6c]
Seat 5: Pandakey (big blind) folded on the Flop
Seat 6: Bonsey_1 (button) (small blind) collected ($11.76)


PokerStars Hand #149369414939:  Hold'em Limit ($3/$6 USD) - 2016/02/24 20:10:46 ET
Table 'Alma' 6-max Seat #6 is the button
Seat 5: Pandakey ($129.14 in chips)
Seat 6: Bonsey_1 ($38.76 in chips)
Bonsey_1: posts small blind $1
Pandakey: posts big blind $3
*** HOLE CARDS ***
Bonsey_1: raises $3 to $6
Pandakey: raises $3 to $9
Bonsey_1: calls $3
*** FLOP *** [8s 5h 6s]
7 Huligan 7 joins the table at seat #3
Pandakey: bets $3
Bonsey_1: calls $3
*** TURN *** [8s 5h 6s] [Qd]
Pandakey: bets $6
Bonsey_1: raises $6 to $12
Pandakey: calls $6
*** RIVER *** [8s 5h 6s Qd] [2s]
Pandakey: checks
Bonsey_1: bets $6
Pandakey: calls $6
*** SHOW DOWN ***
Bonsey_1: shows [7s 4s] (a flush, Eight high)
Pandakey: mucks hand
Bonsey_1 collected $59.50 from pot
*** SUMMARY ***
Total pot $60 | Rake $0.50
Board [8s 5h 6s Qd 2s]
Seat 5: Pandakey (big blind) mucked
Seat 6: Bonsey_1 (button) (small blind) showed [7s 4s] and won ($59.50) with a flush, Eight high


PokerStars Hand #149369390333:  Hold'em Limit ($3/$6 USD) - 2016/02/24 20:10:00 ET
Table 'Alma' 6-max Seat #5 is the button
Seat 5: Pandakey ($108.64 in chips)
Seat 6: Bonsey_1 ($60 in chips)
Pandakey: posts small blind $1
Bonsey_1: posts big blind $3
*** HOLE CARDS ***
Pandakey: raises $3 to $6
Bonsey_1: raises $3 to $9
Pandakey: calls $3
*** FLOP *** [Jh 9d Jc]
Bonsey_1: bets $3
Pandakey: calls $3
*** TURN *** [Jh 9d Jc] [5c]
Bonsey_1: checks
Pandakey: bets $6
Bonsey_1: calls $6
*** RIVER *** [Jh 9d Jc 5c] [Td]
Bonsey_1: checks
Pandakey: bets $6
Bonsey_1: calls $6
*** SHOW DOWN ***
Pandakey: shows [Js 8h] (three of a kind, Jacks)
Bonsey_1: mucks hand
Pandakey collected $47.50 from pot
*** SUMMARY ***
Total pot $48 | Rake $0.50
Board [Jh 9d Jc 5c Td]
Seat 5: Pandakey (button) (small blind) showed [Js 8h] and won ($47.50) with three of a kind, Jacks
Seat 6: Bonsey_1 (big blind) mucked


PokerStars Hand #149369426247:  Hold'em Limit ($3/$6 USD) - 2016/02/24 20:11:07 ET
Table 'Alma' 6-max Seat #5 is the button
Seat 5: Pandakey ($99.14 in chips)
Seat 6: Bonsey_1 ($68.26 in chips)
Pandakey: posts small blind $1
Bonsey_1: posts big blind $3
*** HOLE CARDS ***
Pandakey: raises $3 to $6
Bonsey_1: folds
Uncalled bet ($3) returned to Pandakey
Pandakey collected $6 from pot
Pandakey: doesn't show hand
*** SUMMARY ***
Total pot $6 | Rake $0
Seat 5: Pandakey (button) (small blind) collected ($6)
Seat 6: Bonsey_1 (big blind) folded before Flop


PokerStars Hand #149369473863:  Hold'em Limit ($3/$6 USD) - 2016/02/24 20:12:37 ET
Table 'Alma' 6-max Seat #6 is the button
Seat 5: Pandakey ($88.14 in chips)
Seat 6: Bonsey_1 ($67.90 in chips)
Bonsey_1: posts small blind $1
Pandakey: posts big blind $3
*** HOLE CARDS ***
Bonsey_1: raises $3 to $6
Pandakey: raises $3 to $9
Bonsey_1: calls $3
*** FLOP *** [Qc 6s Qd]
Pandakey: bets $3
Bonsey_1: folds
Uncalled bet ($3) returned to Pandakey
Pandakey collected $17.64 from pot
Pandakey: doesn't show hand
*** SUMMARY ***
Total pot $18 | Rake $0.36
Board [Qc 6s Qd]
Seat 5: Pandakey (big blind) collected ($17.64)
Seat 6: Bonsey_1 (button) (small blind) folded on the Flop


PokerStars Hand #149369483781:  Hold'em Limit ($3/$6 USD) - 2016/02/24 20:12:56 ET
Table 'Alma' 6-max Seat #5 is the button
Seat 5: Pandakey ($96.78 in chips)
Seat 6: Bonsey_1 ($58.90 in chips)
Pandakey: posts small blind $1
Bonsey_1: posts big blind $3
*** HOLE CARDS ***
Pandakey: raises $3 to $6
Bonsey_1: folds
Uncalled bet ($3) returned to Pandakey
Pandakey collected $6 from pot
Pandakey: doesn't show hand
*** SUMMARY ***
Total pot $6 | Rake $0
Seat 5: Pandakey (button) (small blind) collected ($6)
Seat 6: Bonsey_1 (big blind) folded before Flop


PokerStars Hand #149369546946:  Hold'em Limit ($3/$6 USD) - 2016/02/24 20:14:56 ET
Table 'Alma' 6-max Seat #3 is the button
Seat 3: PikkuHUMPPA ($114 in chips)
Seat 5: Pandakey ($102.54 in chips)
PikkuHUMPPA: posts small blind $1
Pandakey: posts big blind $3
*** HOLE CARDS ***
PikkuHUMPPA: raises $3 to $6
Pandakey: folds
Uncalled bet ($3) returned to PikkuHUMPPA
PikkuHUMPPA collected $6 from pot
PikkuHUMPPA: doesn't show hand
*** SUMMARY ***
Total pot $6 | Rake $0
Seat 3: PikkuHUMPPA (button) (small blind) collected ($6)
Seat 5: Pandakey (big blind) folded before Flop


PokerStars Hand #149369538559:  Hold'em Limit ($3/$6 USD) - 2016/02/24 20:14:40 ET
Table 'Alma' 6-max Seat #5 is the button
Seat 3: PikkuHUMPPA ($120 in chips)
Seat 5: Pandakey ($96.78 in chips)
Pandakey: posts small blind $1
PikkuHUMPPA: posts big blind $3
*** HOLE CARDS ***
Pandakey: raises $3 to $6
PikkuHUMPPA: calls $3
*** FLOP *** [Qc 3s Js]
Bonsey_1 joins the table at seat #6
PikkuHUMPPA: checks
Pandakey: bets $3
PikkuHUMPPA: folds
Uncalled bet ($3) returned to Pandakey
Pandakey collected $11.76 from pot
Pandakey: doesn't show hand
*** SUMMARY ***
Total pot $12 | Rake $0.24
Board [Qc 3s Js]
Seat 3: PikkuHUMPPA (big blind) folded on the Flop
Seat 5: Pandakey (button) (small blind) collected ($11.76)


PokerStars Hand #149369624522:  Hold'em Limit ($3/$6 USD) - 2016/02/24 20:17:24 ET
Table 'Alma' 6-max Seat #3 is the button
Seat 3: PikkuHUMPPA ($122.81 in chips)
Seat 6: Bonsey_1 ($156.54 in chips)
PikkuHUMPPA: posts small blind $1
Pandakey: is sitting out
Bonsey_1: posts big blind $3
*** HOLE CARDS ***
PikkuHUMPPA: raises $3 to $6
Bonsey_1: raises $3 to $9
PikkuHUMPPA: calls $3
*** FLOP *** [2s Ts 8d]
Bonsey_1: bets $3
PikkuHUMPPA: calls $3
*** TURN *** [2s Ts 8d] [4s]
Bonsey_1: checks
PikkuHUMPPA: checks
*** RIVER *** [2s Ts 8d 4s] [Ks]
Bonsey_1: checks
PikkuHUMPPA: bets $6
Bonsey_1: folds
Uncalled bet ($6) returned to PikkuHUMPPA
PikkuHUMPPA collected $23.52 from pot
PikkuHUMPPA: doesn't show hand
*** SUMMARY ***
Total pot $24 | Rake $0.48
Board [2s Ts 8d 4s Ks]
Seat 3: PikkuHUMPPA (button) (small blind) collected ($23.52)
Seat 6: Bonsey_1 (big blind) folded on the River


PokerStars Hand #149369670649:  Hold'em Limit ($3/$6 USD) - 2016/02/24 20:18:52 ET
Table 'Alma' 6-max Seat #3 is the button
Seat 3: PikkuHUMPPA ($163.08 in chips)
Seat 6: Bonsey_1 ($114.29 in chips)
PikkuHUMPPA: posts small blind $1
Bonsey_1: posts big blind $3
*** HOLE CARDS ***
PikkuHUMPPA: raises $3 to $6
Bonsey_1: raises $3 to $9
PikkuHUMPPA: raises $3 to $12
Betting is capped
Bonsey_1: calls $3
*** FLOP *** [Ks 8h 9h]
Bonsey_1: bets $3
PikkuHUMPPA: calls $3
*** TURN *** [Ks 8h 9h] [Jh]
Bonsey_1: bets $6
PikkuHUMPPA: calls $6
*** RIVER *** [Ks 8h 9h Jh] [4h]
Bonsey_1: checks
PikkuHUMPPA: checks
*** SHOW DOWN ***
Bonsey_1: shows [9d Ts] (a pair of Nines)
PikkuHUMPPA: mucks hand
Bonsey_1 collected $41.50 from pot
*** SUMMARY ***
Total pot $42 | Rake $0.50
Board [Ks 8h 9h Jh 4h]
Seat 3: PikkuHUMPPA (button) (small blind) mucked
Seat 6: Bonsey_1 (big blind) showed [9d Ts] and won ($41.50) with a pair of Nines


PokerStars Hand #149369633807:  Hold'em Limit ($3/$6 USD) - 2016/02/24 20:17:42 ET
Table 'Alma' 6-max Seat #6 is the button
Seat 3: PikkuHUMPPA ($134.33 in chips)
Seat 6: Bonsey_1 ($144.54 in chips)
Bonsey_1: posts small blind $1
PikkuHUMPPA: posts big blind $3
*** HOLE CARDS ***
Bonsey_1: raises $3 to $6
PikkuHUMPPA: calls $3
*** FLOP *** [4h 6c Kc]
PikkuHUMPPA: checks
Bonsey_1: bets $3
PikkuHUMPPA: calls $3
*** TURN *** [4h 6c Kc] [Qs]
PikkuHUMPPA: checks
Bonsey_1: checks
*** RIVER *** [4h 6c Kc Qs] [Ad]
PikkuHUMPPA: checks
Bonsey_1: bets $6
PikkuHUMPPA: calls $6
*** SHOW DOWN ***
Bonsey_1: shows [7d 8s] (high card Ace)
PikkuHUMPPA: shows [7h Qd] (a pair of Queens)
PikkuHUMPPA collected $29.50 from pot
*** SUMMARY ***
Total pot $30 | Rake $0.50
Board [4h 6c Kc Qs Ad]
Seat 3: PikkuHUMPPA (big blind) showed [7h Qd] and won ($29.50) with a pair of Queens
Seat 6: Bonsey_1 (button) (small blind) showed [7d 8s] and lost with high card Ace


PokerStars Hand #149369662758:  Hold'em Limit ($3/$6 USD) - 2016/02/24 20:18:37 ET
Table 'Alma' 6-max Seat #6 is the button
Seat 3: PikkuHUMPPA ($148.58 in chips)
Seat 6: Bonsey_1 ($129.29 in chips)
Bonsey_1: posts small blind $1
PikkuHUMPPA: posts big blind $3
*** HOLE CARDS ***
Bonsey_1: raises $3 to $6
PikkuHUMPPA: calls $3
*** FLOP *** [7c Js 4h]
PikkuHUMPPA: checks
Bonsey_1: bets $3
PikkuHUMPPA: calls $3
*** TURN *** [7c Js 4h] [4s]
PikkuHUMPPA: checks
Bonsey_1: checks
*** RIVER *** [7c Js 4h 4s] [Ts]
PikkuHUMPPA: bets $6
Bonsey_1: calls $6
*** SHOW DOWN ***
PikkuHUMPPA: shows [4d 5h] (three of a kind, Fours)
Bonsey_1: mucks hand
PikkuHUMPPA collected $29.50 from pot
*** SUMMARY ***
Total pot $30 | Rake $0.50
Board [7c Js 4h 4s Ts]
Seat 3: PikkuHUMPPA (big blind) showed [4d 5h] and won ($29.50) with three of a kind, Fours
Seat 6: Bonsey_1 (button) (small blind) mucked


PokerStars Hand #149369652064:  Hold'em Limit ($3/$6 USD) - 2016/02/24 20:18:17 ET
Table 'Alma' 6-max Seat #3 is the button
Seat 3: PikkuHUMPPA ($148.83 in chips)
Seat 6: Bonsey_1 ($129.54 in chips)
PikkuHUMPPA: posts small blind $1
Bonsey_1: posts big blind $3
*** HOLE CARDS ***
PikkuHUMPPA: raises $3 to $6
Bonsey_1: raises $3 to $9
PikkuHUMPPA: calls $3
*** FLOP *** [5s 5c 2h]
Bonsey_1: bets $3
PikkuHUMPPA: calls $3
*** TURN *** [5s 5c 2h] [2s]
Bonsey_1: bets $6
PikkuHUMPPA: calls $6
*** RIVER *** [5s 5c 2h 2s] [Th]
Bonsey_1: checks
PikkuHUMPPA: checks
*** SHOW DOWN ***
Bonsey_1: shows [Qh Kd] (two pair, Fives and Deuces)
PikkuHUMPPA: shows [9s Kh] (two pair, Fives and Deuces)
Bonsey_1 collected $17.75 from pot
PikkuHUMPPA collected $17.75 from pot
*** SUMMARY ***
Total pot $36 | Rake $0.50
Board [5s 5c 2h 2s Th]
Seat 3: PikkuHUMPPA (button) (small blind) showed [9s Kh] and won ($17.75) with two pair, Fives and Deuces
Seat 6: Bonsey_1 (big blind) showed [Qh Kd] and won ($17.75) with two pair, Fives and Deuces


PokerStars Hand #149369694769:  Hold'em Limit ($3/$6 USD) - 2016/02/24 20:19:38 ET
Table 'Alma' 6-max Seat #3 is the button
Seat 3: PikkuHUMPPA ($160.58 in chips)
Seat 6: Bonsey_1 ($115.79 in chips)
PikkuHUMPPA: posts small blind $1
Bonsey_1: posts big blind $3
*** HOLE CARDS ***
PikkuHUMPPA: raises $3 to $6
Bonsey_1: folds
Uncalled bet ($3) returned to PikkuHUMPPA
PikkuHUMPPA collected $6 from pot
PikkuHUMPPA: doesn't show hand
*** SUMMARY ***
Total pot $6 | Rake $0
Seat 3: PikkuHUMPPA (button) (small blind) collected ($6)
Seat 6: Bonsey_1 (big blind) folded before Flop


PokerStars Hand #149369692069:  Hold'em Limit ($3/$6 USD) - 2016/02/24 20:19:33 ET
Table 'Alma' 6-max Seat #6 is the button
Seat 3: PikkuHUMPPA ($159.58 in chips)
Seat 6: Bonsey_1 ($116.79 in chips)
Bonsey_1: posts small blind $1
PikkuHUMPPA: posts big blind $3
*** HOLE CARDS ***
Bonsey_1: folds
Uncalled bet ($2) returned to PikkuHUMPPA
PikkuHUMPPA collected $2 from pot
PikkuHUMPPA: doesn't show hand
*** SUMMARY ***
Total pot $2 | Rake $0
Seat 3: PikkuHUMPPA (big blind) collected ($2)
Seat 6: Bonsey_1 (button) (small blind) folded before Flop


PokerStars Hand #149369689054:  Hold'em Limit ($3/$6 USD) - 2016/02/24 20:19:27 ET
Table 'Alma' 6-max Seat #3 is the button
Seat 3: PikkuHUMPPA ($156.58 in chips)
Seat 6: Bonsey_1 ($119.79 in chips)
PikkuHUMPPA: posts small blind $1
Bonsey_1: posts big blind $3
*** HOLE CARDS ***
PikkuHUMPPA: raises $3 to $6
Bonsey_1: folds
Uncalled bet ($3) returned to PikkuHUMPPA
PikkuHUMPPA collected $6 from pot
PikkuHUMPPA: doesn't show hand
*** SUMMARY ***
Total pot $6 | Rake $0
Seat 3: PikkuHUMPPA (button) (small blind) collected ($6)
Seat 6: Bonsey_1 (big blind) folded before Flop


PokerStars Hand #149369680814:  Hold'em Limit ($3/$6 USD) - 2016/02/24 20:19:11 ET
Table 'Alma' 6-max Seat #6 is the button
Seat 3: PikkuHUMPPA ($142.08 in chips)
Seat 6: Bonsey_1 ($134.79 in chips)
Bonsey_1: posts small blind $1
PikkuHUMPPA: posts big blind $3
*** HOLE CARDS ***
Bonsey_1: raises $3 to $6
PikkuHUMPPA: raises $3 to $9
Bonsey_1: calls $3
*** FLOP *** [Ac Td 5c]
PikkuHUMPPA: bets $3
Bonsey_1: raises $3 to $6
PikkuHUMPPA: raises $3 to $9
Bonsey_1: folds
Uncalled bet ($3) returned to PikkuHUMPPA
PikkuHUMPPA collected $29.50 from pot
PikkuHUMPPA: doesn't show hand
*** SUMMARY ***
Total pot $30 | Rake $0.50
Board [Ac Td 5c]
Seat 3: PikkuHUMPPA (big blind) collected ($29.50)
Seat 6: Bonsey_1 (button) (small blind) folded on the Flop


PokerStars Hand #149369697677:  Hold'em Limit ($3/$6 USD) - 2016/02/24 20:19:44 ET
Table 'Alma' 6-max Seat #6 is the button
Seat 3: PikkuHUMPPA ($163.58 in chips)
Seat 6: Bonsey_1 ($112.79 in chips)
Bonsey_1: posts small blind $1
PikkuHUMPPA: posts big blind $3
*** HOLE CARDS ***
Bonsey_1: raises $3 to $6
PikkuHUMPPA: calls $3
*** FLOP *** [2d 9h 9d]
PikkuHUMPPA: checks
Bonsey_1: bets $3
PikkuHUMPPA: raises $3 to $6
Bonsey_1: calls $3
*** TURN *** [2d 9h 9d] [Jc]
PikkuHUMPPA: bets $6
Bonsey_1: folds
Uncalled bet ($6) returned to PikkuHUMPPA
PikkuHUMPPA collected $23.52 from pot
PikkuHUMPPA: doesn't show hand
*** SUMMARY ***
Total pot $24 | Rake $0.48
Board [2d 9h 9d Jc]
Seat 3: PikkuHUMPPA (big blind) collected ($23.52)
Seat 6: Bonsey_1 (button) (small blind) folded on the Turn


PokerStars Hand #149369740416:  Hold'em Limit ($3/$6 USD) - 2016/02/24 20:21:06 ET
Table 'Alma' 6-max Seat #6 is the button
Seat 3: PikkuHUMPPA ($171.36 in chips)
Seat 6: Bonsey_1 ($103.29 in chips)
Bonsey_1: posts small blind $1
PikkuHUMPPA: posts big blind $3
*** HOLE CARDS ***
Bonsey_1: raises $3 to $6
PikkuHUMPPA: folds
Uncalled bet ($3) returned to Bonsey_1
Bonsey_1 collected $6 from pot
Bonsey_1: doesn't show hand
*** SUMMARY ***
Total pot $6 | Rake $0
Seat 3: PikkuHUMPPA (big blind) folded before Flop
Seat 6: Bonsey_1 (button) (small blind) collected ($6)


PokerStars Hand #149369728054:  Hold'em Limit ($3/$6 USD) - 2016/02/24 20:20:42 ET
Table 'Alma' 6-max Seat #3 is the button
Seat 3: PikkuHUMPPA ($195.36 in chips)
Seat 6: Bonsey_1 ($79.79 in chips)
PikkuHUMPPA: posts small blind $1
Bonsey_1: posts big blind $3
*** HOLE CARDS ***
PikkuHUMPPA: raises $3 to $6
Bonsey_1: raises $3 to $9
PikkuHUMPPA: calls $3
*** FLOP *** [6s 5h 7d]
Bonsey_1: bets $3
PikkuHUMPPA: calls $3
*** TURN *** [6s 5h 7d] [Ac]
Bonsey_1: bets $6
PikkuHUMPPA: calls $6
*** RIVER *** [6s 5h 7d Ac] [3s]
Bonsey_1: bets $6
PikkuHUMPPA: calls $6
*** SHOW DOWN ***
Bonsey_1: shows [3d 3c] (three of a kind, Threes)
PikkuHUMPPA: mucks hand
Bonsey_1 collected $47.50 from pot
*** SUMMARY ***
Total pot $48 | Rake $0.50
Board [6s 5h 7d Ac 3s]
Seat 3: PikkuHUMPPA (button) (small blind) mucked
Seat 6: Bonsey_1 (big blind) showed [3d 3c] and won ($47.50) with three of a kind, Threes


PokerStars Hand #149369717985:  Hold'em Limit ($3/$6 USD) - 2016/02/24 20:20:23 ET
Table 'Alma' 6-max Seat #6 is the button
Seat 3: PikkuHUMPPA ($180.86 in chips)
Seat 6: Bonsey_1 ($94.79 in chips)
Bonsey_1: posts small blind $1
PikkuHUMPPA: posts big blind $3
*** HOLE CARDS ***
Bonsey_1: raises $3 to $6
PikkuHUMPPA: calls $3
*** FLOP *** [4h 8s Qh]
PikkuHUMPPA: checks
Bonsey_1: bets $3
PikkuHUMPPA: calls $3
*** TURN *** [4h 8s Qh] [9c]
PikkuHUMPPA: checks
Bonsey_1: bets $6
PikkuHUMPPA: calls $6
*** RIVER *** [4h 8s Qh 9c] [Ah]
PikkuHUMPPA: checks
Bonsey_1: checks
*** SHOW DOWN ***
PikkuHUMPPA: shows [4d Js] (a pair of Fours)
Bonsey_1: mucks hand
PikkuHUMPPA collected $29.50 from pot
*** SUMMARY ***
Total pot $30 | Rake $0.50
Board [4h 8s Qh 9c Ah]
Seat 3: PikkuHUMPPA (big blind) showed [4d Js] and won ($29.50) with a pair of Fours
Seat 6: Bonsey_1 (button) (small blind) mucked


PokerStars Hand #149369709557:  Hold'em Limit ($3/$6 USD) - 2016/02/24 20:20:07 ET
Table 'Alma' 6-max Seat #3 is the button
Seat 3: PikkuHUMPPA ($175.10 in chips)
Seat 6: Bonsey_1 ($100.79 in chips)
PikkuHUMPPA: posts small blind $1
Bonsey_1: posts big blind $3
*** HOLE CARDS ***
PikkuHUMPPA: raises $3 to $6
Bonsey_1: calls $3
*** FLOP *** [Jh Jc Qh]
Bonsey_1: checks
PikkuHUMPPA: bets $3
Bonsey_1: folds
Uncalled bet ($3) returned to PikkuHUMPPA
PikkuHUMPPA collected $11.76 from pot
PikkuHUMPPA: doesn't show hand
*** SUMMARY ***
Total pot $12 | Rake $0.24
Board [Jh Jc Qh]
Seat 3: PikkuHUMPPA (button) (small blind) collected ($11.76)
Seat 6: Bonsey_1 (big blind) folded on the Flop


PokerStars Hand #149369762273:  Hold'em Limit ($3/$6 USD) - 2016/02/24 20:21:48 ET
Table 'Alma' 6-max Seat #3 is the button
Seat 3: PikkuHUMPPA ($194.50 in chips)
Seat 6: Bonsey_1 ($79.29 in chips)
PikkuHUMPPA: posts small blind $1
Bonsey_1: posts big blind $3
*** HOLE CARDS ***
PikkuHUMPPA: raises $3 to $6
Bonsey_1: folds
Uncalled bet ($3) returned to PikkuHUMPPA
PikkuHUMPPA collected $6 from pot
PikkuHUMPPA: doesn't show hand
*** SUMMARY ***
Total pot $6 | Rake $0
Seat 3: PikkuHUMPPA (button) (small blind) collected ($6)
Seat 6: Bonsey_1 (big blind) folded before Flop


PokerStars Hand #149369755623:  Hold'em Limit ($3/$6 USD) - 2016/02/24 20:21:35 ET
Table 'Alma' 6-max Seat #6 is the button
Seat 3: PikkuHUMPPA ($185.86 in chips)
Seat 6: Bonsey_1 ($88.29 in chips)
Bonsey_1: posts small blind $1
PikkuHUMPPA: posts big blind $3
*** HOLE CARDS ***
Bonsey_1: raises $3 to $6
PikkuHUMPPA: calls $3
*** FLOP *** [Ac 8s Kd]
PikkuHUMPPA: checks
Bonsey_1: bets $3
PikkuHUMPPA: raises $3 to $6
Bonsey_1: folds
Uncalled bet ($3) returned to PikkuHUMPPA
PikkuHUMPPA collected $17.64 from pot
PikkuHUMPPA: doesn't show hand
*** SUMMARY ***
Total pot $18 | Rake $0.36
Board [Ac 8s Kd]
Seat 3: PikkuHUMPPA (big blind) collected ($17.64)
Seat 6: Bonsey_1 (button) (small blind) folded on the Flop


PokerStars Hand #149369743531:  Hold'em Limit ($3/$6 USD) - 2016/02/24 20:21:12 ET
Table 'Alma' 6-max Seat #3 is the button
Seat 3: PikkuHUMPPA ($168.36 in chips)
Seat 6: Bonsey_1 ($106.29 in chips)
PikkuHUMPPA: posts small blind $1
Bonsey_1: posts big blind $3
*** HOLE CARDS ***
PikkuHUMPPA: raises $3 to $6
Bonsey_1: calls $3
*** FLOP *** [7d 8c 4c]
Bonsey_1: checks
PikkuHUMPPA: bets $3
Bonsey_1: raises $3 to $6
PikkuHUMPPA: calls $3
*** TURN *** [7d 8c 4c] [Ah]
Bonsey_1: bets $6
PikkuHUMPPA: calls $6
*** RIVER *** [7d 8c 4c Ah] [3h]
Bonsey_1: checks
PikkuHUMPPA: checks
*** SHOW DOWN ***
Bonsey_1: shows [6c Tc] (high card Ace)
PikkuHUMPPA: shows [7s Td] (a pair of Sevens)
PikkuHUMPPA collected $35.50 from pot
*** SUMMARY ***
Total pot $36 | Rake $0.50
Board [7d 8c 4c Ah 3h]
Seat 3: PikkuHUMPPA (button) (small blind) showed [7s Td] and won ($35.50) with a pair of Sevens
Seat 6: Bonsey_1 (big blind) showed [6c Tc] and lost with high card Ace


PokerStars Hand #149369765417:  Hold'em Limit ($3/$6 USD) - 2016/02/24 20:21:54 ET
Table 'Alma' 6-max Seat #6 is the button
Seat 3: PikkuHUMPPA ($197.50 in chips)
Seat 6: Bonsey_1 ($76.29 in chips)
Bonsey_1: posts small blind $1
PikkuHUMPPA: posts big blind $3
*** HOLE CARDS ***
Bonsey_1: raises $3 to $6
PikkuHUMPPA: calls $3
*** FLOP *** [6d 4d 6h]
PikkuHUMPPA: checks
Bonsey_1: bets $3
PikkuHUMPPA: calls $3
*** TURN *** [6d 4d 6h] [7c]
PikkuHUMPPA: checks
Bonsey_1: bets $6
PikkuHUMPPA: raises $6 to $12
Bonsey_1: raises $6 to $18
PikkuHUMPPA: calls $6
*** RIVER *** [6d 4d 6h 7c] [Ad]
PikkuHUMPPA: checks
Bonsey_1: bets $6
PikkuHUMPPA: calls $6
*** SHOW DOWN ***
Bonsey_1: shows [3s 5s] (a straight, Three to Seven)
PikkuHUMPPA: mucks hand
Bonsey_1 collected $65.50 from pot
*** SUMMARY ***
Total pot $66 | Rake $0.50
Board [6d 4d 6h 7c Ad]
Seat 3: PikkuHUMPPA (big blind) mucked
Seat 6: Bonsey_1 (button) (small blind) showed [3s 5s] and won ($65.50) with a straight, Three to Seven


PokerStars Hand #149369782372:  Hold'em Limit ($3/$6 USD) - 2016/02/24 20:22:27 ET
Table 'Alma' 6-max Seat #6 is the button
Seat 3: PikkuHUMPPA ($179 in chips)
Seat 6: Bonsey_1 ($93.79 in chips)
Bonsey_1: posts small blind $1
PikkuHUMPPA: posts big blind $3
*** HOLE CARDS ***
Bonsey_1: folds
Uncalled bet ($2) returned to PikkuHUMPPA
PikkuHUMPPA collected $2 from pot
PikkuHUMPPA: doesn't show hand
*** SUMMARY ***
Total pot $2 | Rake $0
Seat 3: PikkuHUMPPA (big blind) collected ($2)
Seat 6: Bonsey_1 (button) (small blind) folded before Flop


PokerStars Hand #149369774819:  Hold'em Limit ($3/$6 USD) - 2016/02/24 20:22:12 ET
Table 'Alma' 6-max Seat #3 is the button
Seat 3: PikkuHUMPPA ($164.50 in chips)
Seat 6: Bonsey_1 ($108.79 in chips)
PikkuHUMPPA: posts small blind $1
Bonsey_1: posts big blind $3
*** HOLE CARDS ***
PikkuHUMPPA: raises $3 to $6
Bonsey_1: calls $3
*** FLOP *** [2c 6c Th]
Bonsey_1: bets $3
PikkuHUMPPA: calls $3
*** TURN *** [2c 6c Th] [As]
Bonsey_1: bets $6
PikkuHUMPPA: raises $6 to $12
Bonsey_1: folds
Uncalled bet ($6) returned to PikkuHUMPPA
PikkuHUMPPA collected $29.50 from pot
PikkuHUMPPA: doesn't show hand
*** SUMMARY ***
Total pot $30 | Rake $0.50
Board [2c 6c Th As]
Seat 3: PikkuHUMPPA (button) (small blind) collected ($29.50)
Seat 6: Bonsey_1 (big blind) folded on the Turn


PokerStars Hand #149369785259:  Hold'em Limit ($3/$6 USD) - 2016/02/24 20:22:33 ET
Table 'Alma' 6-max Seat #3 is the button
Seat 3: PikkuHUMPPA ($180 in chips)
Seat 6: Bonsey_1 ($92.79 in chips)
PikkuHUMPPA: posts small blind $1
Bonsey_1: posts big blind $3
*** HOLE CARDS ***
PikkuHUMPPA: raises $3 to $6
Bonsey_1: raises $3 to $9
PikkuHUMPPA: raises $3 to $12
Betting is capped
Bonsey_1: calls $3
*** FLOP *** [Qs Jc 9s]
Bonsey_1: bets $3
PikkuHUMPPA: calls $3
*** TURN *** [Qs Jc 9s] [7h]
Bonsey_1: bets $6
PikkuHUMPPA: calls $6
*** RIVER *** [Qs Jc 9s 7h] [Th]
Bonsey_1: bets $6
PikkuHUMPPA: calls $6
*** SHOW DOWN ***
Bonsey_1: shows [Qh 9c] (two pair, Queens and Nines)
PikkuHUMPPA: shows [8c Ac] (a straight, Eight to Queen)
PikkuHUMPPA collected $53.50 from pot
*** SUMMARY ***
Total pot $54 | Rake $0.50
Board [Qs Jc 9s 7h Th]
Seat 3: PikkuHUMPPA (button) (small blind) showed [8c Ac] and won ($53.50) with a straight, Eight to Queen
Seat 6: Bonsey_1 (big blind) showed [Qh 9c] and lost with two pair, Queens and Nines


PokerStars Hand #149369814656:  Hold'em Limit ($3/$6 USD) - 2016/02/24 20:23:30 ET
Table 'Alma' 6-max Seat #3 is the button
Seat 3: PikkuHUMPPA ($179.50 in chips)
Seat 6: Bonsey_1 ($92.29 in chips)
PikkuHUMPPA: posts small blind $1
Bonsey_1: posts big blind $3
*** HOLE CARDS ***
PikkuHUMPPA: raises $3 to $6
Bonsey_1: raises $3 to $9
PikkuHUMPPA: calls $3
*** FLOP *** [Kh 5s 8c]
Bonsey_1: bets $3
PikkuHUMPPA: calls $3
*** TURN *** [Kh 5s 8c] [9h]
Bonsey_1: bets $6
PikkuHUMPPA: calls $6
*** RIVER *** [Kh 5s 8c 9h] [Qc]
Bonsey_1: bets $6
PikkuHUMPPA: calls $6
*** SHOW DOWN ***
Bonsey_1: shows [7h Qh] (a pair of Queens)
PikkuHUMPPA: shows [Tc Qs] (a pair of Queens - King+Ten kicker)
PikkuHUMPPA collected $47.50 from pot
*** SUMMARY ***
Total pot $48 | Rake $0.50
Board [Kh 5s 8c 9h Qc]
Seat 3: PikkuHUMPPA (button) (small blind) showed [Tc Qs] and won ($47.50) with a pair of Queens
Seat 6: Bonsey_1 (big blind) showed [7h Qh] and lost with a pair of Queens


PokerStars Hand #149369799118:  Hold'em Limit ($3/$6 USD) - 2016/02/24 20:23:00 ET
Table 'Alma' 6-max Seat #6 is the button
Seat 3: PikkuHUMPPA ($206.50 in chips)
Seat 6: Bonsey_1 ($65.79 in chips)
Bonsey_1: posts small blind $1
PikkuHUMPPA: posts big blind $3
*** HOLE CARDS ***
Bonsey_1: raises $3 to $6
PikkuHUMPPA: raises $3 to $9
Bonsey_1: raises $3 to $12
Betting is capped
PikkuHUMPPA: calls $3
*** FLOP *** [4h 8c Ts]
PikkuHUMPPA: checks
Bonsey_1: bets $3
PikkuHUMPPA: calls $3
*** TURN *** [4h 8c Ts] [Qd]
PikkuHUMPPA: checks
Bonsey_1: bets $6
PikkuHUMPPA: calls $6
*** RIVER *** [4h 8c Ts Qd] [4s]
PikkuHUMPPA: checks
Bonsey_1: bets $6
PikkuHUMPPA: calls $6
*** SHOW DOWN ***
Bonsey_1: shows [8s As] (two pair, Eights and Fours)
PikkuHUMPPA: mucks hand
Bonsey_1 collected $53.50 from pot
*** SUMMARY ***
Total pot $54 | Rake $0.50
Board [4h 8c Ts Qd 4s]
Seat 3: PikkuHUMPPA (big blind) mucked
Seat 6: Bonsey_1 (button) (small blind) showed [8s As] and won ($53.50) with two pair, Eights and Fours


PokerStars Hand #149370900417:  Hold'em Limit ($3/$6 USD) - 2016/02/24 21:01:52 ET
Table 'Alma' 6-max Seat #6 is the button
Seat 3: MuhSak ($146.26 in chips)
Seat 6: anetkaapro ($72 in chips)
anetkaapro: posts small blind $1
MuhSak: posts big blind $3
*** HOLE CARDS ***
anetkaapro: raises $3 to $6
MuhSak: calls $3
*** FLOP *** [8d 7d Tc]
MuhSak: checks
anetkaapro: checks
*** TURN *** [8d 7d Tc] [5h]
MuhSak: checks
anetkaapro: checks
*** RIVER *** [8d 7d Tc 5h] [3d]
MuhSak: bets $6
anetkaapro: folds
Uncalled bet ($6) returned to MuhSak
MuhSak collected $11.76 from pot
MuhSak: doesn't show hand
*** SUMMARY ***
Total pot $12 | Rake $0.24
Board [8d 7d Tc 5h 3d]
Seat 3: MuhSak (big blind) collected ($11.76)
Seat 6: anetkaapro (button) (small blind) folded on the River


PokerStars Hand #149370890107:  Hold'em Limit ($3/$6 USD) - 2016/02/24 21:01:28 ET
Table 'Alma' 6-max Seat #3 is the button
Seat 3: MuhSak ($125.76 in chips)
Seat 6: anetkaapro ($72 in chips)
MuhSak: posts small blind $1
anetkaapro: posts big blind $3
*** HOLE CARDS ***
MuhSak: calls $2
anetkaapro: raises $3 to $6
MuhSak: calls $3
*** FLOP *** [8h 2c Qd]
anetkaapro: bets $3
MuhSak: calls $3
*** TURN *** [8h 2c Qd] [6d]
anetkaapro: bets $6
MuhSak: calls $6
*** RIVER *** [8h 2c Qd 6d] [6c]
anetkaapro: bets $6
MuhSak: calls $6
*** SHOW DOWN ***
anetkaapro: shows [9c 7h] (a pair of Sixes)
MuhSak: shows [5s Ah] (a pair of Sixes - Ace kicker)
MuhSak collected $41.50 from pot
*** SUMMARY ***
Total pot $42 | Rake $0.50
Board [8h 2c Qd 6d 6c]
Seat 3: MuhSak (button) (small blind) showed [5s Ah] and won ($41.50) with a pair of Sixes
Seat 6: anetkaapro (big blind) showed [9c 7h] and lost with a pair of Sixes


PokerStars Hand #149370877379:  Hold'em Limit ($3/$6 USD) - 2016/02/24 21:00:59 ET
Table 'Alma' 6-max Seat #6 is the button
Seat 3: MuhSak ($120 in chips)
Seat 6: anetkaapro ($72 in chips)
anetkaapro: posts small blind $1
MuhSak: posts big blind $3
*** HOLE CARDS ***
anetkaapro: raises $3 to $6
MuhSak: calls $3
*** FLOP *** [8h 6c 9h]
MuhSak: bets $3
anetkaapro: folds
Uncalled bet ($3) returned to MuhSak
MuhSak collected $11.76 from pot
MuhSak: doesn't show hand
*** SUMMARY ***
Total pot $12 | Rake $0.24
Board [8h 6c 9h]
Seat 3: MuhSak (big blind) collected ($11.76)
Seat 6: anetkaapro (button) (small blind) folded on the Flop


PokerStars Hand #149370925779:  Hold'em Limit ($3/$6 USD) - 2016/02/24 21:02:47 ET
Table 'Alma' 6-max Seat #6 is the button
Seat 3: MuhSak ($137.02 in chips)
Seat 6: anetkaapro ($86.52 in chips)
anetkaapro: posts small blind $1
MuhSak: posts big blind $3
*** HOLE CARDS ***
anetkaapro: raises $3 to $6
MuhSak: calls $3
*** FLOP *** [7c Qh 7h]
MuhSak: bets $3
anetkaapro: calls $3
*** TURN *** [7c Qh 7h] [3s]
MuhSak: bets $6
anetkaapro: calls $6
*** RIVER *** [7c Qh 7h 3s] [Qc]
MuhSak: bets $6
anetkaapro: raises $6 to $12
MuhSak: calls $6
*** SHOW DOWN ***
anetkaapro: shows [Qs 2s] (a full house, Queens full of Sevens)
MuhSak: mucks hand
anetkaapro collected $53.50 from pot
*** SUMMARY ***
Total pot $54 | Rake $0.50
Board [7c Qh 7h 3s Qc]
Seat 3: MuhSak (big blind) mucked
Seat 6: anetkaapro (button) (small blind) showed [Qs 2s] and won ($53.50) with a full house, Queens full of Sevens


PokerStars Hand #149370916662:  Hold'em Limit ($3/$6 USD) - 2016/02/24 21:02:27 ET
Table 'Alma' 6-max Seat #3 is the button
Seat 3: MuhSak ($140.02 in chips)
Seat 6: anetkaapro ($83.64 in chips)
MuhSak: posts small blind $1
anetkaapro: posts big blind $3
*** HOLE CARDS ***
MuhSak: calls $2
anetkaapro: checks
*** FLOP *** [9c Js Jh]
anetkaapro: bets $3
MuhSak: folds
Uncalled bet ($3) returned to anetkaapro
anetkaapro collected $5.88 from pot
anetkaapro: doesn't show hand
*** SUMMARY ***
Total pot $6 | Rake $0.12
Board [9c Js Jh]
Seat 3: MuhSak (button) (small blind) folded on the Flop
Seat 6: anetkaapro (big blind) collected ($5.88)


PokerStars Hand #149370913658:  Hold'em Limit ($3/$6 USD) - 2016/02/24 21:02:21 ET
Table 'Alma' 6-max Seat #6 is the button
Seat 3: MuhSak ($143.02 in chips)
Seat 6: anetkaapro ($80.64 in chips)
anetkaapro: posts small blind $1
MuhSak: posts big blind $3
*** HOLE CARDS ***
anetkaapro: raises $3 to $6
MuhSak: folds
Uncalled bet ($3) returned to anetkaapro
anetkaapro collected $6 from pot
anetkaapro: doesn't show hand
*** SUMMARY ***
Total pot $6 | Rake $0
Seat 3: MuhSak (big blind) folded before Flop
Seat 6: anetkaapro (button) (small blind) collected ($6)


PokerStars Hand #149370907962:  Hold'em Limit ($3/$6 USD) - 2016/02/24 21:02:09 ET
Table 'Alma' 6-max Seat #3 is the button
Seat 3: MuhSak ($152.02 in chips)
Seat 6: anetkaapro ($72 in chips)
MuhSak: posts small blind $1
anetkaapro: posts big blind $3
*** HOLE CARDS ***
MuhSak: calls $2
anetkaapro: raises $3 to $6
MuhSak: calls $3
*** FLOP *** [Th 6c 5d]
anetkaapro: bets $3
MuhSak: calls $3
*** TURN *** [Th 6c 5d] [3d]
anetkaapro: bets $6
MuhSak: folds
Uncalled bet ($6) returned to anetkaapro
anetkaapro collected $17.64 from pot
anetkaapro: doesn't show hand
*** SUMMARY ***
Total pot $18 | Rake $0.36
Board [Th 6c 5d 3d]
Seat 3: MuhSak (button) (small blind) folded on the Turn
Seat 6: anetkaapro (big blind) collected ($17.64)


PokerStars Hand #149370957681:  Hold'em Limit ($3/$6 USD) - 2016/02/24 21:03:58 ET
Table 'Alma' 6-max Seat #6 is the button
Seat 3: MuhSak ($130.52 in chips)
Seat 6: anetkaapro ($92.02 in chips)
anetkaapro: posts small blind $1
MuhSak: posts big blind $3
*** HOLE CARDS ***
anetkaapro: folds
Uncalled bet ($2) returned to MuhSak
MuhSak collected $2 from pot
MuhSak: doesn't show hand
*** SUMMARY ***
Total pot $2 | Rake $0
Seat 3: MuhSak (big blind) collected ($2)
Seat 6: anetkaapro (button) (small blind) folded before Flop


PokerStars Hand #149370936281:  Hold'em Limit ($3/$6 USD) - 2016/02/24 21:03:10 ET
Table 'Alma' 6-max Seat #3 is the button
Seat 3: MuhSak ($110.02 in chips)
Seat 6: anetkaapro ($113.02 in chips)
MuhSak: posts small blind $1
anetkaapro: posts big blind $3
*** HOLE CARDS ***
MuhSak: raises $3 to $6
anetkaapro: calls $3
*** FLOP *** [6h Kh 9d]
anetkaapro: checks
MuhSak: bets $3
anetkaapro: calls $3
*** TURN *** [6h Kh 9d] [7d]
anetkaapro: checks
MuhSak: bets $6
anetkaapro: calls $6
*** RIVER *** [6h Kh 9d 7d] [3d]
anetkaapro: checks
MuhSak: bets $6
anetkaapro: calls $6
*** SHOW DOWN ***
MuhSak: shows [Jh Js] (a pair of Jacks)
anetkaapro: mucks hand
MuhSak collected $41.50 from pot
*** SUMMARY ***
Total pot $42 | Rake $0.50
Board [6h Kh 9d 7d 3d]
Seat 3: MuhSak (button) (small blind) showed [Jh Js] and won ($41.50) with a pair of Jacks
Seat 6: anetkaapro (big blind) mucked


PokerStars Hand #149370986930:  Hold'em Limit ($3/$6 USD) - 2016/02/24 21:05:02 ET
Table 'Alma' 6-max Seat #6 is the button
Seat 3: MuhSak ($164.66 in chips)
Seat 6: anetkaapro ($72 in chips)
anetkaapro: posts small blind $1
MuhSak: posts big blind $3
*** HOLE CARDS ***
anetkaapro: raises $3 to $6
MuhSak: calls $3
*** FLOP *** [Jd 3h Js]
MuhSak: checks
anetkaapro: bets $3
MuhSak: folds
Uncalled bet ($3) returned to anetkaapro
anetkaapro collected $11.76 from pot
anetkaapro: doesn't show hand
*** SUMMARY ***
Total pot $12 | Rake $0.24
Board [Jd 3h Js]
Seat 3: MuhSak (big blind) folded on the Flop
Seat 6: anetkaapro (button) (small blind) collected ($11.76)


PokerStars Hand #149370971564:  Hold'em Limit ($3/$6 USD) - 2016/02/24 21:04:28 ET
Table 'Alma' 6-max Seat #3 is the button
Seat 3: MuhSak ($156.02 in chips)
Seat 6: anetkaapro ($72 in chips)
MuhSak: posts small blind $1
anetkaapro: posts big blind $3
*** HOLE CARDS ***
MuhSak: calls $2
anetkaapro: checks
*** FLOP *** [9d Ks 2c]
anetkaapro: checks
MuhSak: checks
*** TURN *** [9d Ks 2c] [Ad]
anetkaapro: checks
MuhSak: checks
*** RIVER *** [9d Ks 2c Ad] [Jd]
anetkaapro: bets $6
MuhSak: raises $6 to $12
anetkaapro: folds
Uncalled bet ($6) returned to MuhSak
MuhSak collected $17.64 from pot
MuhSak: doesn't show hand
*** SUMMARY ***
Total pot $18 | Rake $0.36
Board [9d Ks 2c Ad Jd]
Seat 3: MuhSak (button) (small blind) collected ($17.64)
Seat 6: anetkaapro (big blind) folded on the River


PokerStars Hand #149370969711:  Hold'em Limit ($3/$6 USD) - 2016/02/24 21:04:24 ET
Table 'Alma' 6-max Seat #6 is the button
Seat 3: MuhSak ($155.02 in chips)
Seat 6: anetkaapro ($72 in chips)
anetkaapro: posts small blind $1
MuhSak: posts big blind $3
*** HOLE CARDS ***
anetkaapro: folds
Uncalled bet ($2) returned to MuhSak
MuhSak collected $2 from pot
MuhSak: doesn't show hand
*** SUMMARY ***
Total pot $2 | Rake $0
Seat 3: MuhSak (big blind) collected ($2)
Seat 6: anetkaapro (button) (small blind) folded before Flop


PokerStars Hand #149370960390:  Hold'em Limit ($3/$6 USD) - 2016/02/24 21:04:04 ET
Table 'Alma' 6-max Seat #3 is the button
Seat 3: MuhSak ($131.52 in chips)
Seat 6: anetkaapro ($91.02 in chips)
MuhSak: posts small blind $1
anetkaapro: posts big blind $3
*** HOLE CARDS ***
MuhSak: calls $2
anetkaapro: checks
*** FLOP *** [2s 2d 4d]
anetkaapro: bets $3
MuhSak: calls $3
*** TURN *** [2s 2d 4d] [7c]
anetkaapro: bets $6
MuhSak: raises $6 to $12
anetkaapro: calls $6
*** RIVER *** [2s 2d 4d 7c] [3h]
anetkaapro: checks
MuhSak: bets $6
anetkaapro: calls $6
*** SHOW DOWN ***
MuhSak: shows [3s 3c] (a full house, Threes full of Deuces)
anetkaapro: mucks hand
MuhSak collected $47.50 from pot
*** SUMMARY ***
Total pot $48 | Rake $0.50
Board [2s 2d 4d 7c 3h]
Seat 3: MuhSak (button) (small blind) showed [3s 3c] and won ($47.50) with a full house, Threes full of Deuces
Seat 6: anetkaapro (big blind) mucked


PokerStars Hand #149371008321:  Hold'em Limit ($3/$6 USD) - 2016/02/24 21:05:48 ET
Table 'Alma' 6-max Seat #3 is the button
Seat 3: MuhSak ($152.30 in chips)
Seat 6: anetkaapro ($83.26 in chips)
MuhSak: posts small blind $1
anetkaapro: posts big blind $3
*** HOLE CARDS ***
MuhSak: calls $2
anetkaapro: checks
*** FLOP *** [7c Jd 9c]
anetkaapro: bets $3
MuhSak: calls $3
*** TURN *** [7c Jd 9c] [4d]
anetkaapro: bets $6
MuhSak: calls $6
*** RIVER *** [7c Jd 9c 4d] [4s]
anetkaapro: bets $6
MuhSak: calls $6
*** SHOW DOWN ***
anetkaapro: shows [8h Js] (two pair, Jacks and Fours)
MuhSak: mucks hand
anetkaapro collected $35.50 from pot
*** SUMMARY ***
Total pot $36 | Rake $0.50
Board [7c Jd 9c 4d 4s]
Seat 3: MuhSak (button) (small blind) mucked
Seat 6: anetkaapro (big blind) showed [8h Js] and won ($35.50) with two pair, Jacks and Fours


PokerStars Hand #149371000135:  Hold'em Limit ($3/$6 USD) - 2016/02/24 21:05:30 ET
Table 'Alma' 6-max Seat #6 is the button
Seat 3: MuhSak ($143.66 in chips)
Seat 6: anetkaapro ($92.26 in chips)
anetkaapro: posts small blind $1
MuhSak: posts big blind $3
*** HOLE CARDS ***
anetkaapro: raises $3 to $6
MuhSak: calls $3
*** FLOP *** [Tc Qd 8d]
MuhSak: checks
anetkaapro: bets $3
MuhSak: raises $3 to $6
anetkaapro: folds
Uncalled bet ($3) returned to MuhSak
MuhSak collected $17.64 from pot
MuhSak: doesn't show hand
*** SUMMARY ***
Total pot $18 | Rake $0.36
Board [Tc Qd 8d]
Seat 3: MuhSak (big blind) collected ($17.64)
Seat 6: anetkaapro (button) (small blind) folded on the Flop


PokerStars Hand #149370992837:  Hold'em Limit ($3/$6 USD) - 2016/02/24 21:05:14 ET
Table 'Alma' 6-max Seat #3 is the button
Seat 3: MuhSak ($158.66 in chips)
Seat 6: anetkaapro ($77.76 in chips)
MuhSak: posts small blind $1
anetkaapro: posts big blind $3
*** HOLE CARDS ***
MuhSak: raises $3 to $6
anetkaapro: calls $3
*** FLOP *** [Js 6d 2c]
anetkaapro: checks
MuhSak: bets $3
anetkaapro: calls $3
*** TURN *** [Js 6d 2c] [9s]
anetkaapro: checks
MuhSak: bets $6
anetkaapro: calls $6
*** RIVER *** [Js 6d 2c 9s] [8d]
anetkaapro: checks
MuhSak: checks
*** SHOW DOWN ***
anetkaapro: shows [9c Qs] (a pair of Nines)
MuhSak: mucks hand
anetkaapro collected $29.50 from pot
*** SUMMARY ***
Total pot $30 | Rake $0.50
Board [Js 6d 2c 9s 8d]
Seat 3: MuhSak (button) (small blind) mucked
Seat 6: anetkaapro (big blind) showed [9c Qs] and won ($29.50) with a pair of Nines


PokerStars Hand #149371033974:  Hold'em Limit ($3/$6 USD) - 2016/02/24 21:06:43 ET
Table 'Alma' 6-max Seat #3 is the button
Seat 3: MuhSak ($138.94 in chips)
Seat 6: anetkaapro ($95.76 in chips)
MuhSak: posts small blind $1
anetkaapro: posts big blind $3
*** HOLE CARDS ***
MuhSak: calls $2
anetkaapro: raises $3 to $6
MuhSak: calls $3
*** FLOP *** [Kc 2h 7c]
anetkaapro: bets $3
MuhSak: calls $3
*** TURN *** [Kc 2h 7c] [Qh]
anetkaapro: bets $6
MuhSak: folds
Uncalled bet ($6) returned to anetkaapro
anetkaapro collected $17.64 from pot
anetkaapro: doesn't show hand
*** SUMMARY ***
Total pot $18 | Rake $0.36
Board [Kc 2h 7c Qh]
Seat 3: MuhSak (button) (small blind) folded on the Turn
Seat 6: anetkaapro (big blind) collected ($17.64)


PokerStars Hand #149371029292:  Hold'em Limit ($3/$6 USD) - 2016/02/24 21:06:33 ET
Table 'Alma' 6-max Seat #6 is the button
Seat 3: MuhSak ($141.94 in chips)
Seat 6: anetkaapro ($92.76 in chips)
anetkaapro: posts small blind $1
MuhSak: posts big blind $3
*** HOLE CARDS ***
anetkaapro: raises $3 to $6
MuhSak: folds
Uncalled bet ($3) returned to anetkaapro
anetkaapro collected $6 from pot
anetkaapro: doesn't show hand
*** SUMMARY ***
Total pot $6 | Rake $0
Seat 3: MuhSak (big blind) folded before Flop
Seat 6: anetkaapro (button) (small blind) collected ($6)


PokerStars Hand #149371026876:  Hold'em Limit ($3/$6 USD) - 2016/02/24 21:06:27 ET
Table 'Alma' 6-max Seat #3 is the button
Seat 3: MuhSak ($142.94 in chips)
Seat 6: anetkaapro ($91.76 in chips)
MuhSak: posts small blind $1
anetkaapro: posts big blind $3
*** HOLE CARDS ***
MuhSak: folds
Uncalled bet ($2) returned to anetkaapro
anetkaapro collected $2 from pot
anetkaapro: doesn't show hand
*** SUMMARY ***
Total pot $2 | Rake $0
Seat 3: MuhSak (button) (small blind) folded before Flop
Seat 6: anetkaapro (big blind) collected ($2)


PokerStars Hand #149371019034:  Hold'em Limit ($3/$6 USD) - 2016/02/24 21:06:11 ET
Table 'Alma' 6-max Seat #6 is the button
Seat 3: MuhSak ($134.30 in chips)
Seat 6: anetkaapro ($100.76 in chips)
anetkaapro: posts small blind $1
MuhSak: posts big blind $3
*** HOLE CARDS ***
anetkaapro: raises $3 to $6
MuhSak: calls $3
*** FLOP *** [3h Ts 6c]
MuhSak: bets $3
anetkaapro: calls $3
*** TURN *** [3h Ts 6c] [3d]
MuhSak: bets $6
anetkaapro: folds
Uncalled bet ($6) returned to MuhSak
MuhSak collected $17.64 from pot
MuhSak: doesn't show hand
*** SUMMARY ***
Total pot $18 | Rake $0.36
Board [3h Ts 6c 3d]
Seat 3: MuhSak (big blind) collected ($17.64)
Seat 6: anetkaapro (button) (small blind) folded on the Turn


PokerStars Hand #149371066331:  Hold'em Limit ($3/$6 USD) - 2016/02/24 21:07:54 ET
Table 'Alma' 6-max Seat #3 is the button
Seat 3: MuhSak ($139.22 in chips)
Seat 6: anetkaapro ($94.16 in chips)
MuhSak: posts small blind $1
anetkaapro: posts big blind $3
*** HOLE CARDS ***
MuhSak: raises $3 to $6
anetkaapro: raises $3 to $9
MuhSak: raises $3 to $12
Betting is capped
anetkaapro: calls $3
*** FLOP *** [Jh 7s 8d]
anetkaapro: checks
MuhSak: bets $3
anetkaapro: calls $3
*** TURN *** [Jh 7s 8d] [5d]
anetkaapro: checks
MuhSak: bets $6
anetkaapro: calls $6
*** RIVER *** [Jh 7s 8d 5d] [3h]
anetkaapro: checks
MuhSak: bets $6
anetkaapro: calls $6
*** SHOW DOWN ***
MuhSak: shows [Qc Qh] (a pair of Queens)
anetkaapro: mucks hand
MuhSak collected $53.50 from pot
*** SUMMARY ***
Total pot $54 | Rake $0.50
Board [Jh 7s 8d 5d 3h]
Seat 3: MuhSak (button) (small blind) showed [Qc Qh] and won ($53.50) with a pair of Queens
Seat 6: anetkaapro (big blind) mucked


PokerStars Hand #149371059719:  Hold'em Limit ($3/$6 USD) - 2016/02/24 21:07:39 ET
Table 'Alma' 6-max Seat #6 is the button
Seat 3: MuhSak ($130.58 in chips)
Seat 6: anetkaapro ($103.16 in chips)
anetkaapro: posts small blind $1
MuhSak: posts big blind $3
*** HOLE CARDS ***
anetkaapro: raises $3 to $6
MuhSak: calls $3
*** FLOP *** [8d Ts Ks]
MuhSak: checks
anetkaapro: bets $3
MuhSak: calls $3
*** TURN *** [8d Ts Ks] [7h]
MuhSak: checks
anetkaapro: checks
*** RIVER *** [8d Ts Ks 7h] [8s]
MuhSak: bets $6
anetkaapro: folds
Uncalled bet ($6) returned to MuhSak
MuhSak collected $17.64 from pot
MuhSak: doesn't show hand
*** SUMMARY ***
Total pot $18 | Rake $0.36
Board [8d Ts Ks 7h 8s]
Seat 3: MuhSak (big blind) collected ($17.64)
Seat 6: anetkaapro (button) (small blind) folded on the River


PokerStars Hand #149371057696:  Hold'em Limit ($3/$6 USD) - 2016/02/24 21:07:35 ET
Table 'Alma' 6-max Seat #3 is the button
Seat 3: MuhSak ($131.58 in chips)
Seat 6: anetkaapro ($102.16 in chips)
MuhSak: posts small blind $1
anetkaapro: posts big blind $3
*** HOLE CARDS ***
MuhSak: folds
Uncalled bet ($2) returned to anetkaapro
anetkaapro collected $2 from pot
anetkaapro: doesn't show hand
*** SUMMARY ***
Total pot $2 | Rake $0
Seat 3: MuhSak (button) (small blind) folded before Flop
Seat 6: anetkaapro (big blind) collected ($2)


PokerStars Hand #149371053633:  Hold'em Limit ($3/$6 USD) - 2016/02/24 21:07:26 ET
Table 'Alma' 6-max Seat #6 is the button
Seat 3: MuhSak ($137.58 in chips)
Seat 6: anetkaapro ($96.40 in chips)
anetkaapro: posts small blind $1
MuhSak: posts big blind $3
*** HOLE CARDS ***
anetkaapro: raises $3 to $6
MuhSak: calls $3
*** FLOP *** [As 3s Jc]
MuhSak: checks
anetkaapro: bets $3
MuhSak: folds
Uncalled bet ($3) returned to anetkaapro
anetkaapro collected $11.76 from pot
anetkaapro: doesn't show hand
*** SUMMARY ***
Total pot $12 | Rake $0.24
Board [As 3s Jc]
Seat 3: MuhSak (big blind) folded on the Flop
Seat 6: anetkaapro (button) (small blind) collected ($11.76)


PokerStars Hand #149371051346:  Hold'em Limit ($3/$6 USD) - 2016/02/24 21:07:21 ET
Table 'Alma' 6-max Seat #3 is the button
Seat 3: MuhSak ($138.58 in chips)
Seat 6: anetkaapro ($95.40 in chips)
MuhSak: posts small blind $1
anetkaapro: posts big blind $3
*** HOLE CARDS ***
MuhSak: folds
Uncalled bet ($2) returned to anetkaapro
anetkaapro collected $2 from pot
anetkaapro: doesn't show hand
*** SUMMARY ***
Total pot $2 | Rake $0
Seat 3: MuhSak (button) (small blind) folded before Flop
Seat 6: anetkaapro (big blind) collected ($2)


PokerStars Hand #149371040574:  Hold'em Limit ($3/$6 USD) - 2016/02/24 21:06:57 ET
Table 'Alma' 6-max Seat #6 is the button
Seat 3: MuhSak ($129.94 in chips)
Seat 6: anetkaapro ($104.40 in chips)
anetkaapro: posts small blind $1
MuhSak: posts big blind $3
*** HOLE CARDS ***
anetkaapro: raises $3 to $6
MuhSak: calls $3
*** FLOP *** [5h Qh 6s]
MuhSak: bets $3
anetkaapro: calls $3
*** TURN *** [5h Qh 6s] [7h]
MuhSak: bets $6
anetkaapro: folds
Uncalled bet ($6) returned to MuhSak
MuhSak collected $17.64 from pot
MuhSak: doesn't show hand
*** SUMMARY ***
Total pot $18 | Rake $0.36
Board [5h Qh 6s 7h]
Seat 3: MuhSak (big blind) collected ($17.64)
Seat 6: anetkaapro (button) (small blind) folded on the Turn


PokerStars Hand #149371099584:  Hold'em Limit ($3/$6 USD) - 2016/02/24 21:09:07 ET
Table 'Alma' 6-max Seat #3 is the button
Seat 3: MuhSak ($145.24 in chips)
Seat 6: anetkaapro ($91.14 in chips)
MuhSak: posts small blind $1
anetkaapro: posts big blind $3
*** HOLE CARDS ***
MuhSak: folds
Uncalled bet ($2) returned to anetkaapro
anetkaapro collected $2 from pot
anetkaapro: doesn't show hand
*** SUMMARY ***
Total pot $2 | Rake $0
Seat 3: MuhSak (button) (small blind) folded before Flop
Seat 6: anetkaapro (big blind) collected ($2)


PokerStars Hand #149371093614:  Hold'em Limit ($3/$6 USD) - 2016/02/24 21:08:54 ET
Table 'Alma' 6-max Seat #6 is the button
Seat 3: MuhSak ($154.24 in chips)
Seat 6: anetkaapro ($82.50 in chips)
anetkaapro: posts small blind $1
MuhSak: posts big blind $3
*** HOLE CARDS ***
anetkaapro: raises $3 to $6
MuhSak: calls $3
*** FLOP *** [8h 7h Jc]
MuhSak: checks
anetkaapro: bets $3
MuhSak: calls $3
*** TURN *** [8h 7h Jc] [Ad]
MuhSak: checks
anetkaapro: checks
*** RIVER *** [8h 7h Jc Ad] [2c]
MuhSak: checks
anetkaapro: checks
*** SHOW DOWN ***
MuhSak: shows [5h Tc] (high card Ace)
anetkaapro: shows [Qh Kh] (high card Ace - King kicker)
anetkaapro collected $17.64 from pot
*** SUMMARY ***
Total pot $18 | Rake $0.36
Board [8h 7h Jc Ad 2c]
Seat 3: MuhSak (big blind) showed [5h Tc] and lost with high card Ace
Seat 6: anetkaapro (button) (small blind) showed [Qh Kh] and won ($17.64) with high card Ace


PokerStars Hand #149371091379:  Hold'em Limit ($3/$6 USD) - 2016/02/24 21:08:49 ET
Table 'Alma' 6-max Seat #3 is the button
Seat 3: MuhSak ($155.24 in chips)
Seat 6: anetkaapro ($81.50 in chips)
MuhSak: posts small blind $1
anetkaapro: posts big blind $3
*** HOLE CARDS ***
MuhSak: folds
Uncalled bet ($2) returned to anetkaapro
anetkaapro collected $2 from pot
anetkaapro: doesn't show hand
*** SUMMARY ***
Total pot $2 | Rake $0
Seat 3: MuhSak (button) (small blind) folded before Flop
Seat 6: anetkaapro (big blind) collected ($2)


PokerStars Hand #149371085693:  Hold'em Limit ($3/$6 USD) - 2016/02/24 21:08:36 ET
Table 'Alma' 6-max Seat #6 is the button
Seat 3: MuhSak ($143.72 in chips)
Seat 6: anetkaapro ($93.50 in chips)
anetkaapro: posts small blind $1
MuhSak: posts big blind $3
*** HOLE CARDS ***
anetkaapro: raises $3 to $6
MuhSak: calls $3
*** FLOP *** [Kh 7h Jh]
MuhSak: bets $3
anetkaapro: raises $3 to $6
MuhSak: calls $3
*** TURN *** [Kh 7h Jh] [Ad]
MuhSak: checks
anetkaapro: checks
*** RIVER *** [Kh 7h Jh Ad] [9c]
MuhSak: bets $6
anetkaapro: folds
Uncalled bet ($6) returned to MuhSak
MuhSak collected $23.52 from pot
MuhSak: doesn't show hand
*** SUMMARY ***
Total pot $24 | Rake $0.48
Board [Kh 7h Jh Ad 9c]
Seat 3: MuhSak (big blind) collected ($23.52)
Seat 6: anetkaapro (button) (small blind) folded on the River


PokerStars Hand #149371083358:  Hold'em Limit ($3/$6 USD) - 2016/02/24 21:08:31 ET
Table 'Alma' 6-max Seat #3 is the button
Seat 3: MuhSak ($144.72 in chips)
Seat 6: anetkaapro ($92.50 in chips)
MuhSak: posts small blind $1
anetkaapro: posts big blind $3
*** HOLE CARDS ***
MuhSak: folds
Uncalled bet ($2) returned to anetkaapro
anetkaapro collected $2 from pot
anetkaapro: doesn't show hand
*** SUMMARY ***
Total pot $2 | Rake $0
Seat 3: MuhSak (button) (small blind) folded before Flop
Seat 6: anetkaapro (big blind) collected ($2)


PokerStars Hand #149371074234:  Hold'em Limit ($3/$6 USD) - 2016/02/24 21:08:11 ET
Table 'Alma' 6-max Seat #6 is the button
Seat 3: MuhSak ($165.72 in chips)
Seat 6: anetkaapro ($72 in chips)
anetkaapro: posts small blind $1
MuhSak: posts big blind $3
*** HOLE CARDS ***
anetkaapro: raises $3 to $6
MuhSak: calls $3
*** FLOP *** [5s 6h 6c]
MuhSak: checks
anetkaapro: bets $3
MuhSak: calls $3
*** TURN *** [5s 6h 6c] [Kd]
MuhSak: checks
anetkaapro: bets $6
MuhSak: calls $6
*** RIVER *** [5s 6h 6c Kd] [Qd]
MuhSak: checks
anetkaapro: bets $6
MuhSak: calls $6
*** SHOW DOWN ***
anetkaapro: shows [9d 9h] (two pair, Nines and Sixes)
MuhSak: mucks hand
anetkaapro collected $41.50 from pot
*** SUMMARY ***
Total pot $42 | Rake $0.50
Board [5s 6h 6c Kd Qd]
Seat 3: MuhSak (big blind) mucked
Seat 6: anetkaapro (button) (small blind) showed [9d 9h] and won ($41.50) with two pair, Nines and Sixes


PokerStars Hand #149371127886:  Hold'em Limit ($3/$6 USD) - 2016/02/24 21:10:09 ET
Table 'Alma' 6-max Seat #3 is the button
Seat 3: MuhSak ($107.74 in chips)
Seat 6: anetkaapro ($127.14 in chips)
MuhSak: posts small blind $1
anetkaapro: posts big blind $3
*** HOLE CARDS ***
MuhSak: folds
Uncalled bet ($2) returned to anetkaapro
anetkaapro collected $2 from pot
anetkaapro: doesn't show hand
*** SUMMARY ***
Total pot $2 | Rake $0
Seat 3: MuhSak (button) (small blind) folded before Flop
Seat 6: anetkaapro (big blind) collected ($2)


PokerStars Hand #149371125367:  Hold'em Limit ($3/$6 USD) - 2016/02/24 21:10:04 ET
Table 'Alma' 6-max Seat #6 is the button
Seat 3: MuhSak ($110.74 in chips)
Seat 6: anetkaapro ($124.14 in chips)
anetkaapro: posts small blind $1
MuhSak: posts big blind $3
*** HOLE CARDS ***
anetkaapro: raises $3 to $6
MuhSak: folds
Uncalled bet ($3) returned to anetkaapro
anetkaapro collected $6 from pot
anetkaapro: doesn't show hand
*** SUMMARY ***
Total pot $6 | Rake $0
Seat 3: MuhSak (big blind) folded before Flop
Seat 6: anetkaapro (button) (small blind) collected ($6)


PokerStars Hand #149371119192:  Hold'em Limit ($3/$6 USD) - 2016/02/24 21:09:50 ET
Table 'Alma' 6-max Seat #3 is the button
Seat 3: MuhSak ($87.24 in chips)
Seat 6: anetkaapro ($148.14 in chips)
MuhSak: posts small blind $1
anetkaapro: posts big blind $3
*** HOLE CARDS ***
MuhSak: raises $3 to $6
anetkaapro: calls $3
*** FLOP *** [5s 7s 9d]
anetkaapro: checks
MuhSak: checks
*** TURN *** [5s 7s 9d] [3h]
anetkaapro: bets $6
MuhSak: calls $6
*** RIVER *** [5s 7s 9d 3h] [Kc]
anetkaapro: bets $6
MuhSak: raises $6 to $12
anetkaapro: calls $6
*** SHOW DOWN ***
MuhSak: shows [Kd Qd] (a pair of Kings)
anetkaapro: mucks hand
MuhSak collected $47.50 from pot
*** SUMMARY ***
Total pot $48 | Rake $0.50
Board [5s 7s 9d 3h Kc]
Seat 3: MuhSak (button) (small blind) showed [Kd Qd] and won ($47.50) with a pair of Kings
Seat 6: anetkaapro (big blind) mucked


PokerStars Hand #149371116804:  Hold'em Limit ($3/$6 USD) - 2016/02/24 21:09:45 ET
Table 'Alma' 6-max Seat #6 is the button
Seat 3: MuhSak ($90.24 in chips)
Seat 6: anetkaapro ($145.14 in chips)
anetkaapro: posts small blind $1
MuhSak: posts big blind $3
*** HOLE CARDS ***
anetkaapro: raises $3 to $6
MuhSak: folds
Uncalled bet ($3) returned to anetkaapro
anetkaapro collected $6 from pot
anetkaapro: doesn't show hand
*** SUMMARY ***
Total pot $6 | Rake $0
Seat 3: MuhSak (big blind) folded before Flop
Seat 6: anetkaapro (button) (small blind) collected ($6)


PokerStars Hand #149371110533:  Hold'em Limit ($3/$6 USD) - 2016/02/24 21:09:31 ET
Table 'Alma' 6-max Seat #3 is the button
Seat 3: MuhSak ($105.24 in chips)
Seat 6: anetkaapro ($130.64 in chips)
MuhSak: posts small blind $1
anetkaapro: posts big blind $3
*** HOLE CARDS ***
MuhSak: calls $2
anetkaapro: checks
*** FLOP *** [7s Kc 8h]
anetkaapro: checks
MuhSak: checks
*** TURN *** [7s Kc 8h] [Ks]
anetkaapro: bets $6
MuhSak: calls $6
*** RIVER *** [7s Kc 8h Ks] [2c]
anetkaapro: bets $6
MuhSak: calls $6
*** SHOW DOWN ***
anetkaapro: shows [Js 7d] (two pair, Kings and Sevens)
MuhSak: mucks hand
anetkaapro collected $29.50 from pot
*** SUMMARY ***
Total pot $30 | Rake $0.50
Board [7s Kc 8h Ks 2c]
Seat 3: MuhSak (button) (small blind) mucked
Seat 6: anetkaapro (big blind) showed [Js 7d] and won ($29.50) with two pair, Kings and Sevens


PokerStars Hand #149371101689:  Hold'em Limit ($3/$6 USD) - 2016/02/24 21:09:11 ET
Table 'Alma' 6-max Seat #6 is the button
Seat 3: MuhSak ($144.24 in chips)
Seat 6: anetkaapro ($92.14 in chips)
anetkaapro: posts small blind $1
MuhSak: posts big blind $3
*** HOLE CARDS ***
anetkaapro: raises $3 to $6
MuhSak: calls $3
*** FLOP *** [Th Jh 6c]
MuhSak: bets $3
anetkaapro: calls $3
*** TURN *** [Th Jh 6c] [8h]
MuhSak: bets $6
anetkaapro: calls $6
*** RIVER *** [Th Jh 6c 8h] [4h]
MuhSak: bets $6
anetkaapro: raises $6 to $12
MuhSak: raises $6 to $18
anetkaapro: raises $6 to $24
Betting is capped
MuhSak: calls $6
*** SHOW DOWN ***
anetkaapro: shows [Ah Kc] (a flush, Ace high)
MuhSak: mucks hand
anetkaapro collected $77.50 from pot
*** SUMMARY ***
Total pot $78 | Rake $0.50
Board [Th Jh 6c 8h 4h]
Seat 3: MuhSak (big blind) mucked
Seat 6: anetkaapro (button) (small blind) showed [Ah Kc] and won ($77.50) with a flush, Ace high


PokerStars Hand #149371153744:  Hold'em Limit ($3/$6 USD) - 2016/02/24 21:11:06 ET
Table 'Alma' 6-max Seat #6 is the button
Seat 3: MuhSak ($141.38 in chips)
Seat 6: anetkaapro ($91.90 in chips)
anetkaapro: posts small blind $1
MuhSak: posts big blind $3
*** HOLE CARDS ***
anetkaapro: raises $3 to $6
MuhSak: folds
Uncalled bet ($3) returned to anetkaapro
anetkaapro collected $6 from pot
anetkaapro: doesn't show hand
*** SUMMARY ***
Total pot $6 | Rake $0
Seat 3: MuhSak (big blind) folded before Flop
Seat 6: anetkaapro (button) (small blind) collected ($6)


PokerStars Hand #149371147105:  Hold'em Limit ($3/$6 USD) - 2016/02/24 21:10:52 ET
Table 'Alma' 6-max Seat #3 is the button
Seat 3: MuhSak ($123.88 in chips)
Seat 6: anetkaapro ($109.90 in chips)
MuhSak: posts small blind $1
anetkaapro: posts big blind $3
*** HOLE CARDS ***
MuhSak: calls $2
anetkaapro: checks
*** FLOP *** [Qd 5h 4d]
anetkaapro: bets $3
MuhSak: calls $3
*** TURN *** [Qd 5h 4d] [Kd]
anetkaapro: bets $6
MuhSak: calls $6
*** RIVER *** [Qd 5h 4d Kd] [9c]
anetkaapro: checks
MuhSak: bets $6
anetkaapro: calls $6
*** SHOW DOWN ***
MuhSak: shows [Qc Jh] (a pair of Queens)
anetkaapro: mucks hand
MuhSak collected $35.50 from pot
*** SUMMARY ***
Total pot $36 | Rake $0.50
Board [Qd 5h 4d Kd 9c]
Seat 3: MuhSak (button) (small blind) showed [Qc Jh] and won ($35.50) with a pair of Queens
Seat 6: anetkaapro (big blind) mucked


PokerStars Hand #149371140912:  Hold'em Limit ($3/$6 USD) - 2016/02/24 21:10:38 ET
Table 'Alma' 6-max Seat #6 is the button
Seat 3: MuhSak ($109.38 in chips)
Seat 6: anetkaapro ($124.90 in chips)
anetkaapro: posts small blind $1
MuhSak: posts big blind $3
*** HOLE CARDS ***
anetkaapro: raises $3 to $6
MuhSak: calls $3
*** FLOP *** [9c 7s 2s]
MuhSak: checks
anetkaapro: bets $3
MuhSak: calls $3
*** TURN *** [9c 7s 2s] [Qd]
MuhSak: checks
anetkaapro: bets $6
MuhSak: raises $6 to $12
anetkaapro: folds
Uncalled bet ($6) returned to MuhSak
MuhSak collected $29.50 from pot
MuhSak: doesn't show hand
*** SUMMARY ***
Total pot $30 | Rake $0.50
Board [9c 7s 2s Qd]
Seat 3: MuhSak (big blind) collected ($29.50)
Seat 6: anetkaapro (button) (small blind) folded on the Turn


PokerStars Hand #149371136514:  Hold'em Limit ($3/$6 USD) - 2016/02/24 21:10:28 ET
Table 'Alma' 6-max Seat #3 is the button
Seat 3: MuhSak ($115.38 in chips)
Seat 6: anetkaapro ($119.14 in chips)
MuhSak: posts small blind $1
anetkaapro: posts big blind $3
*** HOLE CARDS ***
MuhSak: calls $2
anetkaapro: checks
*** FLOP *** [2c 6c Kd]
anetkaapro: bets $3
MuhSak: calls $3
*** TURN *** [2c 6c Kd] [Ah]
anetkaapro: bets $6
MuhSak: folds
Uncalled bet ($6) returned to anetkaapro
anetkaapro collected $11.76 from pot
anetkaapro: doesn't show hand
*** SUMMARY ***
Total pot $12 | Rake $0.24
Board [2c 6c Kd Ah]
Seat 3: MuhSak (button) (small blind) folded on the Turn
Seat 6: anetkaapro (big blind) collected ($11.76)


PokerStars Hand #149371130379:  Hold'em Limit ($3/$6 USD) - 2016/02/24 21:10:14 ET
Table 'Alma' 6-max Seat #6 is the button
Seat 3: MuhSak ($106.74 in chips)
Seat 6: anetkaapro ($128.14 in chips)
anetkaapro: posts small blind $1
MuhSak: posts big blind $3
*** HOLE CARDS ***
anetkaapro: raises $3 to $6
MuhSak: calls $3
*** FLOP *** [5h 9c 6c]
MuhSak: checks
anetkaapro: bets $3
MuhSak: calls $3
*** TURN *** [5h 9c 6c] [6d]
MuhSak: checks
anetkaapro: checks
*** RIVER *** [5h 9c 6c 6d] [Tc]
MuhSak: bets $6
anetkaapro: folds
Uncalled bet ($6) returned to MuhSak
MuhSak collected $17.64 from pot
MuhSak: doesn't show hand
*** SUMMARY ***
Total pot $18 | Rake $0.36
Board [5h 9c 6c 6d Tc]
Seat 3: MuhSak (big blind) collected ($17.64)
Seat 6: anetkaapro (button) (small blind) folded on the River


PokerStars Hand #149371177533:  Hold'em Limit ($3/$6 USD) - 2016/02/24 21:11:59 ET
Table 'Alma' 6-max Seat #3 is the button
Seat 3: MuhSak ($163.40 in chips)
Seat 6: anetkaapro ($72 in chips)
MuhSak: posts small blind $1
anetkaapro: posts big blind $3
*** HOLE CARDS ***
MuhSak: calls $2
anetkaapro: checks
*** FLOP *** [Td 9d 8h]
anetkaapro: bets $3
MuhSak: calls $3
*** TURN *** [Td 9d 8h] [2h]
anetkaapro: bets $6
MuhSak: calls $6
*** RIVER *** [Td 9d 8h 2h] [2c]
anetkaapro: bets $6
MuhSak: calls $6
*** SHOW DOWN ***
anetkaapro: shows [Kd 8s] (two pair, Eights and Deuces)
MuhSak: mucks hand
anetkaapro collected $35.50 from pot
*** SUMMARY ***
Total pot $36 | Rake $0.50
Board [Td 9d 8h 2h 2c]
Seat 3: MuhSak (button) (small blind) mucked
Seat 6: anetkaapro (big blind) showed [Kd 8s] and won ($35.50) with two pair, Eights and Deuces


PokerStars Hand #149371171940:  Hold'em Limit ($3/$6 USD) - 2016/02/24 21:11:47 ET
Table 'Alma' 6-max Seat #6 is the button
Seat 3: MuhSak ($142.90 in chips)
Seat 6: anetkaapro ($89.66 in chips)
anetkaapro: posts small blind $1
MuhSak: posts big blind $3
*** HOLE CARDS ***
anetkaapro: raises $3 to $6
MuhSak: calls $3
*** FLOP *** [4c 5d 4s]
MuhSak: bets $3
anetkaapro: calls $3
*** TURN *** [4c 5d 4s] [Js]
MuhSak: bets $6
anetkaapro: calls $6
*** RIVER *** [4c 5d 4s Js] [6c]
MuhSak: bets $6
anetkaapro: calls $6
*** SHOW DOWN ***
MuhSak: shows [5h Ts] (two pair, Fives and Fours)
anetkaapro: mucks hand
MuhSak collected $41.50 from pot
*** SUMMARY ***
Total pot $42 | Rake $0.50
Board [4c 5d 4s Js 6c]
Seat 3: MuhSak (big blind) showed [5h Ts] and won ($41.50) with two pair, Fives and Fours
Seat 6: anetkaapro (button) (small blind) mucked


PokerStars Hand #149371169954:  Hold'em Limit ($3/$6 USD) - 2016/02/24 21:11:42 ET
Table 'Alma' 6-max Seat #3 is the button
Seat 3: MuhSak ($143.90 in chips)
Seat 6: anetkaapro ($88.66 in chips)
MuhSak: posts small blind $1
anetkaapro: posts big blind $3
*** HOLE CARDS ***
MuhSak: folds
Uncalled bet ($2) returned to anetkaapro
anetkaapro collected $2 from pot
anetkaapro: doesn't show hand
*** SUMMARY ***
Total pot $2 | Rake $0
Seat 3: MuhSak (button) (small blind) folded before Flop
Seat 6: anetkaapro (big blind) collected ($2)


PokerStars Hand #149371165646:  Hold'em Limit ($3/$6 USD) - 2016/02/24 21:11:33 ET
Table 'Alma' 6-max Seat #6 is the button
Seat 3: MuhSak ($149.90 in chips)
Seat 6: anetkaapro ($82.90 in chips)
anetkaapro: posts small blind $1
MuhSak: posts big blind $3
*** HOLE CARDS ***
anetkaapro: raises $3 to $6
MuhSak: calls $3
*** FLOP *** [Ts 9h Jh]
MuhSak: checks
anetkaapro: bets $3
MuhSak: folds
Uncalled bet ($3) returned to anetkaapro
anetkaapro collected $11.76 from pot
anetkaapro: doesn't show hand
*** SUMMARY ***
Total pot $12 | Rake $0.24
Board [Ts 9h Jh]
Seat 3: MuhSak (big blind) folded on the Flop
Seat 6: anetkaapro (button) (small blind) collected ($11.76)


PokerStars Hand #149371163402:  Hold'em Limit ($3/$6 USD) - 2016/02/24 21:11:28 ET
Table 'Alma' 6-max Seat #3 is the button
Seat 3: MuhSak ($150.90 in chips)
Seat 6: anetkaapro ($81.90 in chips)
MuhSak: posts small blind $1
anetkaapro: posts big blind $3
*** HOLE CARDS ***
MuhSak: folds
Uncalled bet ($2) returned to anetkaapro
anetkaapro collected $2 from pot
anetkaapro: doesn't show hand
*** SUMMARY ***
Total pot $2 | Rake $0
Seat 3: MuhSak (button) (small blind) folded before Flop
Seat 6: anetkaapro (big blind) collected ($2)


PokerStars Hand #149371161743:  Hold'em Limit ($3/$6 USD) - 2016/02/24 21:11:24 ET
Table 'Alma' 6-max Seat #6 is the button
Seat 3: MuhSak ($149.90 in chips)
Seat 6: anetkaapro ($82.90 in chips)
anetkaapro: posts small blind $1
MuhSak: posts big blind $3
*** HOLE CARDS ***
anetkaapro: folds
Uncalled bet ($2) returned to MuhSak
MuhSak collected $2 from pot
MuhSak: doesn't show hand
*** SUMMARY ***
Total pot $2 | Rake $0
Seat 3: MuhSak (big blind) collected ($2)
Seat 6: anetkaapro (button) (small blind) folded before Flop


PokerStars Hand #149371155972:  Hold'em Limit ($3/$6 USD) - 2016/02/24 21:11:11 ET
Table 'Alma' 6-max Seat #3 is the button
Seat 3: MuhSak ($138.38 in chips)
Seat 6: anetkaapro ($94.90 in chips)
MuhSak: posts small blind $1
anetkaapro: posts big blind $3
*** HOLE CARDS ***
MuhSak: raises $3 to $6
anetkaapro: calls $3
*** FLOP *** [Qh 5h Jc]
anetkaapro: checks
MuhSak: checks
*** TURN *** [Qh 5h Jc] [6s]
anetkaapro: bets $6
MuhSak: calls $6
*** RIVER *** [Qh 5h Jc 6s] [4c]
anetkaapro: checks
MuhSak: checks
*** SHOW DOWN ***
anetkaapro: shows [Kd Th] (high card King)
MuhSak: shows [Ah 8d] (high card Ace)
MuhSak collected $23.52 from pot
*** SUMMARY ***
Total pot $24 | Rake $0.48
Board [Qh 5h Jc 6s 4c]
Seat 3: MuhSak (button) (small blind) showed [Ah 8d] and won ($23.52) with high card Ace
Seat 6: anetkaapro (big blind) showed [Kd Th] and lost with high card King


PokerStars Hand #149371183020:  Hold'em Limit ($3/$6 USD) - 2016/02/24 21:12:11 ET
Table 'Alma' 6-max Seat #6 is the button
Seat 3: MuhSak ($145.40 in chips)
Seat 6: anetkaapro ($89.50 in chips)
anetkaapro: posts small blind $1
MuhSak: posts big blind $3
*** HOLE CARDS ***
anetkaapro: raises $3 to $6
MuhSak: calls $3
*** FLOP *** [Js 2h 5h]
MuhSak: checks
anetkaapro: bets $3
MuhSak: calls $3
*** TURN *** [Js 2h 5h] [As]
MuhSak: checks
anetkaapro: checks
*** RIVER *** [Js 2h 5h As] [8s]
MuhSak: bets $6
anetkaapro: calls $6
*** SHOW DOWN ***
MuhSak: shows [8h 7h] (a pair of Eights)
anetkaapro: shows [7c 8c] (a pair of Eights)
MuhSak collected $14.75 from pot
anetkaapro collected $14.75 from pot
*** SUMMARY ***
Total pot $30 | Rake $0.50
Board [Js 2h 5h As 8s]
Seat 3: MuhSak (big blind) showed [8h 7h] and won ($14.75) with a pair of Eights
Seat 6: anetkaapro (button) (small blind) showed [7c 8c] and won ($14.75) with a pair of Eights


PokerStars Hand #149371188625:  Hold'em Limit ($3/$6 USD) - 2016/02/24 21:12:24 ET
Table 'Alma' 6-max Seat #3 is the button
Seat 3: MuhSak ($145.15 in chips)
Seat 6: anetkaapro ($89.25 in chips)
MuhSak: posts small blind $1
anetkaapro: posts big blind $3
*** HOLE CARDS ***
MuhSak: calls $2
anetkaapro: checks
*** FLOP *** [Kd 3d Ac]
anetkaapro: bets $3
MuhSak: calls $3
*** TURN *** [Kd 3d Ac] [8h]
anetkaapro: checks
MuhSak: bets $6
anetkaapro: calls $6
*** RIVER *** [Kd 3d Ac 8h] [3h]
anetkaapro: checks
MuhSak: bets $6
anetkaapro: raises $6 to $12
MuhSak: folds
Uncalled bet ($6) returned to anetkaapro
anetkaapro collected $35.50 from pot
anetkaapro: doesn't show hand
*** SUMMARY ***
Total pot $36 | Rake $0.50
Board [Kd 3d Ac 8h 3h]
Seat 3: MuhSak (button) (small blind) folded on the River
Seat 6: anetkaapro (big blind) collected ($35.50)


PokerStars Hand #149371195059:  Hold'em Limit ($3/$6 USD) - 2016/02/24 21:12:38 ET
Table 'Alma' 6-max Seat #6 is the button
Seat 3: MuhSak ($127.15 in chips)
Seat 6: anetkaapro ($106.75 in chips)
anetkaapro: posts small blind $1
MuhSak: posts big blind $3
*** HOLE CARDS ***
anetkaapro: raises $3 to $6
MuhSak: calls $3
*** FLOP *** [Tc 4c Qc]
MuhSak: checks
anetkaapro: bets $3
MuhSak: calls $3
*** TURN *** [Tc 4c Qc] [4s]
MuhSak: checks
anetkaapro: bets $6
MuhSak: calls $6
*** RIVER *** [Tc 4c Qc 4s] [5d]
MuhSak: checks
anetkaapro: bets $6
MuhSak: calls $6
*** SHOW DOWN ***
anetkaapro: shows [Th Qs] (two pair, Queens and Tens)
MuhSak: mucks hand
anetkaapro collected $41.50 from pot
*** SUMMARY ***
Total pot $42 | Rake $0.50
Board [Tc 4c Qc 4s 5d]
Seat 3: MuhSak (big blind) mucked
Seat 6: anetkaapro (button) (small blind) showed [Th Qs] and won ($41.50) with two pair, Queens and Tens


PokerStars Hand #149371202332:  Hold'em Limit ($3/$6 USD) - 2016/02/24 21:12:55 ET
Table 'Alma' 6-max Seat #3 is the button
Seat 3: MuhSak ($106.15 in chips)
Seat 6: anetkaapro ($127.25 in chips)
MuhSak: posts small blind $1
anetkaapro: posts big blind $3
*** HOLE CARDS ***
MuhSak: calls $2
anetkaapro: checks
*** FLOP *** [Qh 3h Ts]
anetkaapro: checks
MuhSak: bets $3
anetkaapro: calls $3
*** TURN *** [Qh 3h Ts] [Ac]
anetkaapro: checks
MuhSak: bets $6
anetkaapro: raises $6 to $12
MuhSak: raises $6 to $18
anetkaapro: calls $6
*** RIVER *** [Qh 3h Ts Ac] [4d]
anetkaapro: checks
MuhSak: bets $6
anetkaapro: calls $6
*** SHOW DOWN ***
MuhSak: shows [5h 9h] (high card Ace)
anetkaapro: shows [Ah 6s] (a pair of Aces)
anetkaapro collected $59.50 from pot
*** SUMMARY ***
Total pot $60 | Rake $0.50
Board [Qh 3h Ts Ac 4d]
Seat 3: MuhSak (button) (small blind) showed [5h 9h] and lost with high card Ace
Seat 6: anetkaapro (big blind) showed [Ah 6s] and won ($59.50) with a pair of Aces


PokerStars Hand #149371209415:  Hold'em Limit ($3/$6 USD) - 2016/02/24 21:13:10 ET
Table 'Alma' 6-max Seat #6 is the button
Seat 3: MuhSak ($76.15 in chips)
Seat 6: anetkaapro ($156.75 in chips)
anetkaapro: posts small blind $1
MuhSak: posts big blind $3
*** HOLE CARDS ***
anetkaapro: raises $3 to $6
MuhSak: calls $3
*** FLOP *** [Qd Kh 8s]
MuhSak: checks
anetkaapro: bets $3
MuhSak: folds
Uncalled bet ($3) returned to anetkaapro
anetkaapro collected $11.76 from pot
anetkaapro: doesn't show hand
*** SUMMARY ***
Total pot $12 | Rake $0.24
Board [Qd Kh 8s]
Seat 3: MuhSak (big blind) folded on the Flop
Seat 6: anetkaapro (button) (small blind) collected ($11.76)


PokerStars Hand #149371223059:  Hold'em Limit ($3/$6 USD) - 2016/02/24 21:13:41 ET
Table 'Alma' 6-max Seat #6 is the button
Seat 3: MuhSak ($43.15 in chips)
Seat 6: anetkaapro ($189.01 in chips)
anetkaapro: posts small blind $1
MuhSak: posts big blind $3
*** HOLE CARDS ***
anetkaapro: folds
Uncalled bet ($2) returned to MuhSak
MuhSak collected $2 from pot
MuhSak: doesn't show hand
*** SUMMARY ***
Total pot $2 | Rake $0
Seat 3: MuhSak (big blind) collected ($2)
Seat 6: anetkaapro (button) (small blind) folded before Flop


PokerStars Hand #149371215810:  Hold'em Limit ($3/$6 USD) - 2016/02/24 21:13:25 ET
Table 'Alma' 6-max Seat #3 is the button
Seat 3: MuhSak ($70.15 in chips)
Seat 6: anetkaapro ($162.51 in chips)
MuhSak: posts small blind $1
anetkaapro: posts big blind $3
*** HOLE CARDS ***
MuhSak: raises $3 to $6
anetkaapro: calls $3
*** FLOP *** [Ac 4h 9h]
anetkaapro: checks
MuhSak: bets $3
anetkaapro: calls $3
*** TURN *** [Ac 4h 9h] [Kc]
anetkaapro: checks
MuhSak: bets $6
anetkaapro: raises $6 to $12
MuhSak: calls $6
*** RIVER *** [Ac 4h 9h Kc] [Jc]
anetkaapro: bets $6
MuhSak: calls $6
*** SHOW DOWN ***
anetkaapro: shows [Ah 4s] (two pair, Aces and Fours)
MuhSak: mucks hand
anetkaapro collected $53.50 from pot
*** SUMMARY ***
Total pot $54 | Rake $0.50
Board [Ac 4h 9h Kc Jc]
Seat 3: MuhSak (button) (small blind) mucked
Seat 6: anetkaapro (big blind) showed [Ah 4s] and won ($53.50) with two pair, Aces and Fours


PokerStars Hand #149371225294:  Hold'em Limit ($3/$6 USD) - 2016/02/24 21:13:46 ET
Table 'Alma' 6-max Seat #3 is the button
Seat 3: MuhSak ($44.15 in chips)
Seat 6: anetkaapro ($188.01 in chips)
MuhSak: posts small blind $1
anetkaapro: posts big blind $3
*** HOLE CARDS ***
MuhSak: raises $3 to $6
anetkaapro: calls $3
*** FLOP *** [5c 2h Js]
anetkaapro: checks
MuhSak: checks
*** TURN *** [5c 2h Js] [Kd]
anetkaapro: bets $6
MuhSak: calls $6
*** RIVER *** [5c 2h Js Kd] [2d]
anetkaapro: bets $6
MuhSak: folds
Uncalled bet ($6) returned to anetkaapro
anetkaapro collected $23.52 from pot
anetkaapro: doesn't show hand
*** SUMMARY ***
Total pot $24 | Rake $0.48
Board [5c 2h Js Kd 2d]
Seat 3: MuhSak (button) (small blind) folded on the River
Seat 6: anetkaapro (big blind) collected ($23.52)


PokerStars Hand #149371231742:  Hold'em Limit ($3/$6 USD) - 2016/02/24 21:14:01 ET
Table 'Alma' 6-max Seat #6 is the button
Seat 3: MuhSak ($32.15 in chips)
Seat 6: anetkaapro ($199.53 in chips)
anetkaapro: posts small blind $1
MuhSak: posts big blind $3
*** HOLE CARDS ***
anetkaapro: raises $3 to $6
MuhSak: raises $3 to $9
anetkaapro: calls $3
*** FLOP *** [Qh 4c 2s]
MuhSak: bets $3
anetkaapro: calls $3
*** TURN *** [Qh 4c 2s] [Ac]
MuhSak: bets $6
anetkaapro: calls $6
*** RIVER *** [Qh 4c 2s Ac] [5c]
MuhSak: checks
anetkaapro: bets $6
MuhSak: folds
Uncalled bet ($6) returned to anetkaapro
anetkaapro collected $35.50 from pot
anetkaapro: doesn't show hand
*** SUMMARY ***
Total pot $36 | Rake $0.50
Board [Qh 4c 2s Ac 5c]
Seat 3: MuhSak (big blind) folded on the River
Seat 6: anetkaapro (button) (small blind) collected ($35.50)


PokerStars Hand #149371241028:  Hold'em Limit ($3/$6 USD) - 2016/02/24 21:14:22 ET
Table 'Alma' 6-max Seat #6 is the button
Seat 3: MuhSak ($13.15 in chips)
Seat 6: anetkaapro ($218.03 in chips)
anetkaapro: posts small blind $1
MuhSak: posts big blind $3
*** HOLE CARDS ***
anetkaapro: raises $3 to $6
MuhSak: folds
Uncalled bet ($3) returned to anetkaapro
anetkaapro collected $6 from pot
anetkaapro: doesn't show hand
*** SUMMARY ***
Total pot $6 | Rake $0
Seat 3: MuhSak (big blind) folded before Flop
Seat 6: anetkaapro (button) (small blind) collected ($6)


PokerStars Hand #149371238803:  Hold'em Limit ($3/$6 USD) - 2016/02/24 21:14:17 ET
Table 'Alma' 6-max Seat #3 is the button
Seat 3: MuhSak ($14.15 in chips)
Seat 6: anetkaapro ($217.03 in chips)
MuhSak: posts small blind $1
anetkaapro: posts big blind $3
*** HOLE CARDS ***
MuhSak: folds
Uncalled bet ($2) returned to anetkaapro
anetkaapro collected $2 from pot
anetkaapro: doesn't show hand
*** SUMMARY ***
Total pot $2 | Rake $0
Seat 3: MuhSak (button) (small blind) folded before Flop
Seat 6: anetkaapro (big blind) collected ($2)


PokerStars Hand #149371245582:  Hold'em Limit ($3/$6 USD) - 2016/02/24 21:14:32 ET
Table 'Alma' 6-max Seat #6 is the button
Seat 3: MuhSak ($9.15 in chips)
Seat 6: anetkaapro ($222.03 in chips)
anetkaapro: posts small blind $1
MuhSak: posts big blind $3
*** HOLE CARDS ***
anetkaapro: raises $3 to $6
MuhSak: raises $3 to $9
anetkaapro: raises $3 to $12
Betting is capped
MuhSak: calls $0.15 and is all-in
Uncalled bet ($2.85) returned to anetkaapro
*** FLOP *** [9h 6h 9s]
*** TURN *** [9h 6h 9s] [Ks]
*** RIVER *** [9h 6h 9s Ks] [3d]
*** SHOW DOWN ***
MuhSak: shows [Jd Qc] (a pair of Nines)
anetkaapro: shows [Qs 5h] (a pair of Nines - lower kicker)
MuhSak collected $17.93 from pot
*** SUMMARY ***
Total pot $18.30 | Rake $0.37
Board [9h 6h 9s Ks 3d]
Seat 3: MuhSak (big blind) showed [Jd Qc] and won ($17.93) with a pair of Nines
Seat 6: anetkaapro (button) (small blind) showed [Qs 5h] and lost with a pair of Nines


PokerStars Hand #149371258875:  Hold'em Limit ($3/$6 USD) - 2016/02/24 21:15:03 ET
Table 'Alma' 6-max Seat #6 is the button
Seat 3: MuhSak ($35.36 in chips)
Seat 6: anetkaapro ($194.95 in chips)
anetkaapro: posts small blind $1
MuhSak: posts big blind $3
*** HOLE CARDS ***
anetkaapro: raises $3 to $6
MuhSak: folds
Uncalled bet ($3) returned to anetkaapro
anetkaapro collected $6 from pot
anetkaapro: doesn't show hand
*** SUMMARY ***
Total pot $6 | Rake $0
Seat 3: MuhSak (big blind) folded before Flop
Seat 6: anetkaapro (button) (small blind) collected ($6)


PokerStars Hand #149371251772:  Hold'em Limit ($3/$6 USD) - 2016/02/24 21:14:46 ET
Table 'Alma' 6-max Seat #3 is the button
Seat 3: MuhSak ($17.93 in chips)
Seat 6: anetkaapro ($212.88 in chips)
MuhSak: posts small blind $1
anetkaapro: posts big blind $3
*** HOLE CARDS ***
MuhSak: raises $3 to $6
anetkaapro: calls $3
*** FLOP *** [Kh 6s 2h]
anetkaapro: checks
MuhSak: bets $3
anetkaapro: raises $3 to $6
MuhSak: raises $3 to $9
anetkaapro: raises $3 to $12
Betting is capped
MuhSak: calls $2.93 and is all-in
Uncalled bet ($0.07) returned to anetkaapro
*** TURN *** [Kh 6s 2h] [7h]
*** RIVER *** [Kh 6s 2h 7h] [8c]
*** SHOW DOWN ***
anetkaapro: shows [2d Jd] (a pair of Deuces)
MuhSak: shows [4c Kc] (a pair of Kings)
MuhSak collected $35.36 from pot
*** SUMMARY ***
Total pot $35.86 | Rake $0.50
Board [Kh 6s 2h 7h 8c]
Seat 3: MuhSak (button) (small blind) showed [4c Kc] and won ($35.36) with a pair of Kings
Seat 6: anetkaapro (big blind) showed [2d Jd] and lost with a pair of Deuces


PokerStars Hand #149371266919:  Hold'em Limit ($3/$6 USD) - 2016/02/24 21:15:21 ET
Table 'Alma' 6-max Seat #6 is the button
Seat 3: MuhSak ($38.12 in chips)
Seat 6: anetkaapro ($191.95 in chips)
anetkaapro: posts small blind $1
MuhSak: posts big blind $3
*** HOLE CARDS ***
anetkaapro: raises $3 to $6
MuhSak: folds
Uncalled bet ($3) returned to anetkaapro
anetkaapro collected $6 from pot
anetkaapro: doesn't show hand
*** SUMMARY ***
Total pot $6 | Rake $0
Seat 3: MuhSak (big blind) folded before Flop
Seat 6: anetkaapro (button) (small blind) collected ($6)


PokerStars Hand #149371260957:  Hold'em Limit ($3/$6 USD) - 2016/02/24 21:15:07 ET
Table 'Alma' 6-max Seat #3 is the button
Seat 3: MuhSak ($32.36 in chips)
Seat 6: anetkaapro ($197.95 in chips)
MuhSak: posts small blind $1
anetkaapro: posts big blind $3
*** HOLE CARDS ***
MuhSak: raises $3 to $6
anetkaapro: calls $3
*** FLOP *** [8c 3h 9s]
anetkaapro: checks
MuhSak: checks
*** TURN *** [8c 3h 9s] [7s]
anetkaapro: checks
MuhSak: checks
*** RIVER *** [8c 3h 9s 7s] [Tc]
anetkaapro: checks
MuhSak: checks
*** SHOW DOWN ***
anetkaapro: shows [2s Qh] (high card Queen)
MuhSak: shows [4h As] (high card Ace)
MuhSak collected $11.76 from pot
*** SUMMARY ***
Total pot $12 | Rake $0.24
Board [8c 3h 9s 7s Tc]
Seat 3: MuhSak (button) (small blind) showed [4h As] and won ($11.76) with high card Ace
Seat 6: anetkaapro (big blind) showed [2s Qh] and lost with high card Queen


PokerStars Hand #149371268941:  Hold'em Limit ($3/$6 USD) - 2016/02/24 21:15:25 ET
Table 'Alma' 6-max Seat #3 is the button
Seat 3: MuhSak ($35.12 in chips)
Seat 6: anetkaapro ($194.95 in chips)
MuhSak: posts small blind $1
anetkaapro: posts big blind $3
*** HOLE CARDS ***
MuhSak: calls $2
anetkaapro: raises $3 to $6
MuhSak: calls $3
*** FLOP *** [Kc 9s 5h]
anetkaapro: bets $3
MuhSak: calls $3
*** TURN *** [Kc 9s 5h] [Ts]
anetkaapro: bets $6
MuhSak: folds
Uncalled bet ($6) returned to anetkaapro
anetkaapro collected $17.64 from pot
anetkaapro: doesn't show hand
*** SUMMARY ***
Total pot $18 | Rake $0.36
Board [Kc 9s 5h Ts]
Seat 3: MuhSak (button) (small blind) folded on the Turn
Seat 6: anetkaapro (big blind) collected ($17.64)


PokerStars Hand #149371273687:  Hold'em Limit ($3/$6 USD) - 2016/02/24 21:15:36 ET
Table 'Alma' 6-max Seat #6 is the button
Seat 3: MuhSak ($26.12 in chips)
Seat 6: anetkaapro ($203.59 in chips)
anetkaapro: posts small blind $1
MuhSak: posts big blind $3
*** HOLE CARDS ***
anetkaapro: folds
Uncalled bet ($2) returned to MuhSak
MuhSak collected $2 from pot
MuhSak: doesn't show hand
*** SUMMARY ***
Total pot $2 | Rake $0
Seat 3: MuhSak (big blind) collected ($2)
Seat 6: anetkaapro (button) (small blind) folded before Flop


PokerStars Hand #149371275353:  Hold'em Limit ($3/$6 USD) - 2016/02/24 21:15:40 ET
Table 'Alma' 6-max Seat #3 is the button
Seat 3: MuhSak ($27.12 in chips)
Seat 6: anetkaapro ($202.59 in chips)
MuhSak: posts small blind $1
anetkaapro: posts big blind $3
*** HOLE CARDS ***
MuhSak: raises $3 to $6
anetkaapro: raises $3 to $9
MuhSak: calls $3
*** FLOP *** [Kd 8s Ad]
anetkaapro: bets $3
MuhSak: calls $3
*** TURN *** [Kd 8s Ad] [4h]
anetkaapro: bets $6
MuhSak: calls $6
*** RIVER *** [Kd 8s Ad 4h] [6d]
anetkaapro: bets $6
MuhSak: calls $6
*** SHOW DOWN ***
anetkaapro: shows [4s 4d] (three of a kind, Fours)
MuhSak: mucks hand
anetkaapro collected $47.50 from pot
*** SUMMARY ***
Total pot $48 | Rake $0.50
Board [Kd 8s Ad 4h 6d]
Seat 3: MuhSak (button) (small blind) mucked
Seat 6: anetkaapro (big blind) showed [4s 4d] and won ($47.50) with three of a kind, Fours


PokerStars Hand #149371284779:  Hold'em Limit ($3/$6 USD) - 2016/02/24 21:16:01 ET
Table 'Alma' 6-max Seat #6 is the button
Seat 3: MuhSak ($3.12 in chips)
Seat 6: anetkaapro ($226.09 in chips)
anetkaapro: posts small blind $1
MuhSak: posts big blind $3
*** HOLE CARDS ***
anetkaapro: raises $3 to $6
MuhSak: calls $0.12 and is all-in
Uncalled bet ($2.88) returned to anetkaapro
*** FLOP *** [Tc 2s Qd]
*** TURN *** [Tc 2s Qd] [3h]
*** RIVER *** [Tc 2s Qd 3h] [Td]
*** SHOW DOWN ***
MuhSak: shows [Qc 4h] (two pair, Queens and Tens)
anetkaapro: shows [Ac 5c] (a pair of Tens)
MuhSak collected $6.12 from pot
*** SUMMARY ***
Total pot $6.24 | Rake $0.12
Board [Tc 2s Qd 3h Td]
Seat 3: MuhSak (big blind) showed [Qc 4h] and won ($6.12) with two pair, Queens and Tens
Seat 6: anetkaapro (button) (small blind) showed [Ac 5c] and lost with a pair of Tens


PokerStars Hand #149371290127:  Hold'em Limit ($3/$6 USD) - 2016/02/24 21:16:13 ET
Table 'Alma' 6-max Seat #3 is the button
Seat 3: MuhSak ($6.12 in chips)
Seat 6: anetkaapro ($222.97 in chips)
MuhSak: posts small blind $1
anetkaapro: posts big blind $3
*** HOLE CARDS ***
MuhSak: raises $3 to $6
anetkaapro: calls $3
*** FLOP *** [6c Jc As]
anetkaapro: checks
MuhSak: bets $0.12 and is all-in
anetkaapro: calls $0.12
*** TURN *** [6c Jc As] [9c]
*** RIVER *** [6c Jc As 9c] [2h]
*** SHOW DOWN ***
anetkaapro: shows [4c Kd] (high card Ace)
MuhSak: shows [4d 9d] (a pair of Nines)
MuhSak collected $12 from pot
*** SUMMARY ***
Total pot $12.24 | Rake $0.24
Board [6c Jc As 9c 2h]
Seat 3: MuhSak (button) (small blind) showed [4d 9d] and won ($12) with a pair of Nines
Seat 6: anetkaapro (big blind) showed [4c Kd] and lost with high card Ace


PokerStars Hand #149371296581:  Hold'em Limit ($3/$6 USD) - 2016/02/24 21:16:27 ET
Table 'Alma' 6-max Seat #6 is the button
Seat 3: MuhSak ($12 in chips)
Seat 6: anetkaapro ($216.85 in chips)
anetkaapro: posts small blind $1
MuhSak: posts big blind $3
*** HOLE CARDS ***
anetkaapro: raises $3 to $6
MuhSak: raises $3 to $9
anetkaapro: raises $3 to $12
Betting is capped
MuhSak: calls $3 and is all-in
*** FLOP *** [7s 4h 6s]
*** TURN *** [7s 4h 6s] [Th]
*** RIVER *** [7s 4h 6s Th] [6c]
*** SHOW DOWN ***
MuhSak: shows [Ks 7c] (two pair, Sevens and Sixes)
anetkaapro: shows [Js 9d] (a pair of Sixes)
MuhSak collected $23.52 from pot
*** SUMMARY ***
Total pot $24 | Rake $0.48
Board [7s 4h 6s Th 6c]
Seat 3: MuhSak (big blind) showed [Ks 7c] and won ($23.52) with two pair, Sevens and Sixes
Seat 6: anetkaapro (button) (small blind) showed [Js 9d] and lost with a pair of Sixes


PokerStars Hand #149371303383:  Hold'em Limit ($3/$6 USD) - 2016/02/24 21:16:43 ET
Table 'Alma' 6-max Seat #3 is the button
Seat 3: MuhSak ($23.52 in chips)
Seat 6: anetkaapro ($204.85 in chips)
MuhSak: posts small blind $1
anetkaapro: posts big blind $3
*** HOLE CARDS ***
MuhSak: raises $3 to $6
anetkaapro: raises $3 to $9
MuhSak: raises $3 to $12
Betting is capped
anetkaapro: calls $3
*** FLOP *** [Qh 7c 2d]
anetkaapro: checks
MuhSak: bets $3
anetkaapro: calls $3
*** TURN *** [Qh 7c 2d] [3c]
anetkaapro: checks
MuhSak: bets $6
anetkaapro: raises $6 to $12
MuhSak: calls $2.52 and is all-in
Uncalled bet ($3.48) returned to anetkaapro
*** RIVER *** [Qh 7c 2d 3c] [8h]
*** SHOW DOWN ***
anetkaapro: shows [Ac 5c] (high card Ace)
MuhSak: shows [Td Kh] (high card King)
anetkaapro collected $46.54 from pot
*** SUMMARY ***
Total pot $47.04 | Rake $0.50
Board [Qh 7c 2d 3c 8h]
Seat 3: MuhSak (button) (small blind) showed [Td Kh] and lost with high card King
Seat 6: anetkaapro (big blind) showed [Ac 5c] and won ($46.54) with high card Ace


