PokerStars Hand #175411733121:  Hold'em Limit ($3/$6 USD) - 2017/09/09 10:03:20 ET
Table 'Alma II' 6-max Seat #4 is the button
Seat 4: VolkovDmitri ($120 in chips)
Seat 5: igorkabmw ($40 in chips)
VolkovDmitri: posts small blind $1
igorkabmw: posts big blind $3
*** HOLE CARDS ***
VolkovDmitri: folds
Uncalled bet ($2) returned to igorkabmw
igorkabmw collected $2 from pot
*** SUMMARY ***
Total pot $2 | Rake $0
Seat 4: VolkovDmitri (button) (small blind) folded before Flop
Seat 5: igorkabmw (big blind) collected ($2)


PokerStars Hand #175411737244:  Hold'em Limit ($3/$6 USD) - 2017/09/09 10:03:27 ET
Table 'Alma II' 6-max Seat #5 is the button
Seat 4: VolkovDmitri ($120 in chips)
Seat 5: igorkabmw ($41 in chips)
igorkabmw: posts small blind $1
VolkovDmitri: posts big blind $3
*** HOLE CARDS ***
igorkabmw: calls $2
VolkovDmitri: checks
*** FLOP *** [3h 7s 8s]
VolkovDmitri: checks
igorkabmw: bets $3
VolkovDmitri: folds
Uncalled bet ($3) returned to igorkabmw
igorkabmw collected $5.88 from pot
*** SUMMARY ***
Total pot $6 | Rake $0.12
Board [3h 7s 8s]
Seat 4: VolkovDmitri (big blind) folded on the Flop
Seat 5: igorkabmw (button) (small blind) collected ($5.88)


PokerStars Hand #175411750520:  Hold'em Limit ($3/$6 USD) - 2017/09/09 10:03:49 ET
Table 'Alma II' 6-max Seat #4 is the button
Seat 4: VolkovDmitri ($120 in chips)
Seat 5: igorkabmw ($43.88 in chips)
VolkovDmitri: posts small blind $1
igorkabmw: posts big blind $3
*** HOLE CARDS ***
VolkovDmitri: raises $3 to $6
igorkabmw: calls $3
*** FLOP *** [4c Jh 5d]
igorkabmw: checks
VolkovDmitri: bets $3
igorkabmw: folds
Uncalled bet ($3) returned to VolkovDmitri
VolkovDmitri collected $11.76 from pot
VolkovDmitri: doesn't show hand
*** SUMMARY ***
Total pot $12 | Rake $0.24
Board [4c Jh 5d]
Seat 4: VolkovDmitri (button) (small blind) collected ($11.76)
Seat 5: igorkabmw (big blind) folded on the Flop


PokerStars Hand #175411765317:  Hold'em Limit ($3/$6 USD) - 2017/09/09 10:04:13 ET
Table 'Alma II' 6-max Seat #4 is the button
Seat 4: VolkovDmitri ($120 in chips)
Seat 5: igorkabmw ($43.64 in chips)
VolkovDmitri: posts small blind $1
igorkabmw: posts big blind $3
*** HOLE CARDS ***
VolkovDmitri: raises $3 to $6
igorkabmw: calls $3
*** FLOP *** [9s Qs Qh]
igorkabmw: checks
VolkovDmitri: bets $3
igorkabmw: raises $3 to $6
VolkovDmitri: calls $3
*** TURN *** [9s Qs Qh] [9d]
igorkabmw: checks
VolkovDmitri: bets $6
igorkabmw: calls $6
*** RIVER *** [9s Qs Qh 9d] [4h]
igorkabmw: checks
VolkovDmitri: checks
*** SHOW DOWN ***
igorkabmw: shows [Ts 7s] (two pair, Queens and Nines)
VolkovDmitri: shows [Ah 2d] (two pair, Queens and Nines - Ace kicker)
VolkovDmitri collected $35.50 from pot
*** SUMMARY ***
Total pot $36 | Rake $0.50
Board [9s Qs Qh 9d 4h]
Seat 4: VolkovDmitri (button) (small blind) showed [Ah 2d] and won ($35.50) with two pair, Queens and Nines
Seat 5: igorkabmw (big blind) showed [Ts 7s] and lost with two pair, Queens and Nines


PokerStars Hand #175411759161:  Hold'em Limit ($3/$6 USD) - 2017/09/09 10:04:03 ET
Table 'Alma II' 6-max Seat #5 is the button
Seat 4: VolkovDmitri ($125.76 in chips)
Seat 5: igorkabmw ($37.88 in chips)
igorkabmw: posts small blind $1
VolkovDmitri: posts big blind $3
*** HOLE CARDS ***
igorkabmw: raises $3 to $6
VolkovDmitri: calls $3
*** FLOP *** [Qs As 8d]
VolkovDmitri: checks
igorkabmw: bets $3
VolkovDmitri: folds
Uncalled bet ($3) returned to igorkabmw
igorkabmw collected $11.76 from pot
StakkAttakk joins the table at seat #6
*** SUMMARY ***
Total pot $12 | Rake $0.24
Board [Qs As 8d]
Seat 4: VolkovDmitri (big blind) folded on the Flop
Seat 5: igorkabmw (button) (small blind) collected ($11.76)


PokerStars Hand #175412813192:  Hold'em Limit ($3/$6 USD) - 2017/09/09 10:32:16 ET
Table 'Alma II' 6-max Seat #5 is the button
Seat 3: knas4 ($210.63 in chips)
Seat 5: Psynto ($161.44 in chips)
oldtimers XX will be allowed to play after the button
Psynto: posts small blind $1
Isenvaden: is sitting out
knas4: posts big blind $3
*** HOLE CARDS ***
Psynto: folds
Uncalled bet ($2) returned to knas4
knas4 collected $2 from pot
knas4: doesn't show hand
*** SUMMARY ***
Total pot $2 | Rake $0
Seat 3: knas4 (big blind) collected ($2)
Seat 5: Psynto (button) (small blind) folded before Flop


PokerStars Hand #175415050918:  Hold'em Limit ($3/$6 USD) - 2017/09/09 11:32:08 ET
Table 'Alma II' 6-max Seat #5 is the button
Seat 1: Scheubi88 ($248.07 in chips)
Seat 5: davyyyyyyy ($114.60 in chips)
Mempacher said, "reload moron"
Mempacher is disconnected
Mempacher has timed out while disconnected
Mempacher: is sitting out
davyyyyyyy: posts small blind $1
Scheubi88: posts big blind $3
*** HOLE CARDS ***
davyyyyyyy: folds
Uncalled bet ($2) returned to Scheubi88
Scheubi88 collected $2 from pot
Scheubi88: doesn't show hand
*** SUMMARY ***
Total pot $2 | Rake $0
Seat 1: Scheubi88 (big blind) collected ($2)
Seat 5: davyyyyyyy (button) (small blind) folded before Flop


PokerStars Hand #175415193554:  Hold'em Limit ($3/$6 USD) - 2017/09/09 11:35:53 ET
Table 'Alma II' 6-max Seat #2 is the button
Seat 1: Scheubi88 ($198.07 in chips)
Seat 2: StakkAttakk ($91.73 in chips)
StakkAttakk: posts small blind $1
zizonmusang was removed from the table for failing to post
Scheubi88: posts big blind $3
*** HOLE CARDS ***
StakkAttakk: raises $3 to $6
igorkabmw joins the table at seat #5
Scheubi88: calls $3
*** FLOP *** [Js 4h 3c]
Scheubi88: checks
StakkAttakk: checks
*** TURN *** [Js 4h 3c] [4d]
Scheubi88: checks
StakkAttakk: bets $6
Scheubi88: folds
Uncalled bet ($6) returned to StakkAttakk
StakkAttakk collected $11.76 from pot
*** SUMMARY ***
Total pot $12 | Rake $0.24
Board [Js 4h 3c 4d]
Seat 1: Scheubi88 (big blind) folded on the Turn
Seat 2: StakkAttakk (button) (small blind) collected ($11.76)


PokerStars Hand #175415212488:  Hold'em Limit ($3/$6 USD) - 2017/09/09 11:36:22 ET
Table 'Alma II' 6-max Seat #1 is the button
Seat 1: Scheubi88 ($192.07 in chips)
Seat 2: StakkAttakk ($97.49 in chips)
Scheubi88: posts small blind $1
StakkAttakk: posts big blind $3
*** HOLE CARDS ***
Scheubi88: raises $3 to $6
StakkAttakk: folds
Uncalled bet ($3) returned to Scheubi88
Scheubi88 collected $6 from pot
Scheubi88: doesn't show hand
*** SUMMARY ***
Total pot $6 | Rake $0
Seat 1: Scheubi88 (button) (small blind) collected ($6)
Seat 2: StakkAttakk (big blind) folded before Flop


PokerStars Hand #175415235434:  Hold'em Limit ($3/$6 USD) - 2017/09/09 11:36:58 ET
Table 'Alma II' 6-max Seat #1 is the button
Seat 1: Scheubi88 ($186.07 in chips)
Seat 5: igorkabmw ($49.28 in chips)
Scheubi88: posts small blind $1
igorkabmw: posts big blind $3
*** HOLE CARDS ***
Scheubi88: raises $3 to $6
igorkabmw: calls $3
*** FLOP *** [9h 2d 6s]
igorkabmw: bets $3
Scheubi88: folds
Uncalled bet ($3) returned to igorkabmw
igorkabmw collected $11.76 from pot
*** SUMMARY ***
Total pot $12 | Rake $0.24
Board [9h 2d 6s]
Seat 1: Scheubi88 (button) (small blind) folded on the Flop
Seat 5: igorkabmw (big blind) collected ($11.76)


PokerStars Hand #175415243024:  Hold'em Limit ($3/$6 USD) - 2017/09/09 11:37:10 ET
Table 'Alma II' 6-max Seat #5 is the button
Seat 1: Scheubi88 ($180.07 in chips)
Seat 5: igorkabmw ($55.04 in chips)
igorkabmw: posts small blind $1
Scheubi88: posts big blind $3
*** HOLE CARDS ***
igorkabmw: folds
Uncalled bet ($2) returned to Scheubi88
Scheubi88 collected $2 from pot
Scheubi88: doesn't show hand
StakkAttakk leaves the table
*** SUMMARY ***
Total pot $2 | Rake $0
Seat 1: Scheubi88 (big blind) collected ($2)
Seat 5: igorkabmw (button) (small blind) folded before Flop


PokerStars Hand #175415246342:  Hold'em Limit ($3/$6 USD) - 2017/09/09 11:37:15 ET
Table 'Alma II' 6-max Seat #1 is the button
Seat 1: Scheubi88 ($181.07 in chips)
Seat 5: igorkabmw ($54.04 in chips)
Scheubi88: posts small blind $1
igorkabmw: posts big blind $3
*** HOLE CARDS ***
Scheubi88: raises $3 to $6
igorkabmw: calls $3
*** FLOP *** [9d Th Jd]
igorkabmw: bets $3
Scheubi88: calls $3
*** TURN *** [9d Th Jd] [Jh]
igorkabmw: checks
Scheubi88: bets $6
igorkabmw: calls $6
*** RIVER *** [9d Th Jd Jh] [Ts]
igorkabmw: checks
Scheubi88: checks
*** SHOW DOWN ***
igorkabmw: shows [8d 9h] (two pair, Jacks and Tens)
Scheubi88: shows [Kc 9c] (two pair, Jacks and Tens - King kicker)
Scheubi88 collected $29.50 from pot
*** SUMMARY ***
Total pot $30 | Rake $0.50
Board [9d Th Jd Jh Ts]
Seat 1: Scheubi88 (button) (small blind) showed [Kc 9c] and won ($29.50) with two pair, Jacks and Tens
Seat 5: igorkabmw (big blind) showed [8d 9h] and lost with two pair, Jacks and Tens


PokerStars Hand #175415266466:  Hold'em Limit ($3/$6 USD) - 2017/09/09 11:37:47 ET
Table 'Alma II' 6-max Seat #1 is the button
Seat 1: Scheubi88 ($186.57 in chips)
Seat 5: igorkabmw ($47.68 in chips)
Scheubi88: posts small blind $1
igorkabmw: posts big blind $3
*** HOLE CARDS ***
Scheubi88: raises $3 to $6
igorkabmw: folds
Uncalled bet ($3) returned to Scheubi88
Scheubi88 collected $6 from pot
Scheubi88: doesn't show hand
*** SUMMARY ***
Total pot $6 | Rake $0
Seat 1: Scheubi88 (button) (small blind) collected ($6)
Seat 5: igorkabmw (big blind) folded before Flop


PokerStars Hand #175415255640:  Hold'em Limit ($3/$6 USD) - 2017/09/09 11:37:30 ET
Table 'Alma II' 6-max Seat #5 is the button
Seat 1: Scheubi88 ($195.57 in chips)
Seat 5: igorkabmw ($39.04 in chips)
igorkabmw: posts small blind $1
Scheubi88: posts big blind $3
*** HOLE CARDS ***
igorkabmw: raises $3 to $6
Scheubi88: raises $3 to $9
igorkabmw: calls $3
*** FLOP *** [Qd 8d 4s]
Scheubi88: checks
igorkabmw: bets $3
Scheubi88: folds
Uncalled bet ($3) returned to igorkabmw
igorkabmw collected $17.64 from pot
*** SUMMARY ***
Total pot $18 | Rake $0.36
Board [Qd 8d 4s]
Seat 1: Scheubi88 (big blind) folded on the Flop
Seat 5: igorkabmw (button) (small blind) collected ($17.64)


PokerStars Hand #175415269835:  Hold'em Limit ($3/$6 USD) - 2017/09/09 11:37:52 ET
Table 'Alma II' 6-max Seat #5 is the button
Seat 1: Scheubi88 ($189.57 in chips)
Seat 5: igorkabmw ($44.68 in chips)
igorkabmw: posts small blind $1
Scheubi88: posts big blind $3
*** HOLE CARDS ***
igorkabmw: raises $3 to $6
Scheubi88: folds
Uncalled bet ($3) returned to igorkabmw
igorkabmw collected $6 from pot
*** SUMMARY ***
Total pot $6 | Rake $0
Seat 1: Scheubi88 (big blind) folded before Flop
Seat 5: igorkabmw (button) (small blind) collected ($6)


PokerStars Hand #175415279735:  Hold'em Limit ($3/$6 USD) - 2017/09/09 11:38:07 ET
Table 'Alma II' 6-max Seat #5 is the button
Seat 1: Scheubi88 ($192.33 in chips)
Seat 5: igorkabmw ($41.68 in chips)
igorkabmw: posts small blind $1
Scheubi88: posts big blind $3
*** HOLE CARDS ***
igorkabmw: folds
Uncalled bet ($2) returned to Scheubi88
Scheubi88 collected $2 from pot
Scheubi88: doesn't show hand
*** SUMMARY ***
Total pot $2 | Rake $0
Seat 1: Scheubi88 (big blind) collected ($2)
Seat 5: igorkabmw (button) (small blind) folded before Flop


PokerStars Hand #175415273455:  Hold'em Limit ($3/$6 USD) - 2017/09/09 11:37:58 ET
Table 'Alma II' 6-max Seat #1 is the button
Seat 1: Scheubi88 ($186.57 in chips)
Seat 5: igorkabmw ($47.68 in chips)
Scheubi88: posts small blind $1
igorkabmw: posts big blind $3
*** HOLE CARDS ***
Scheubi88: raises $3 to $6
igorkabmw: calls $3
*** FLOP *** [Jh Qh 8c]
igorkabmw: checks
Scheubi88: bets $3
igorkabmw: folds
Uncalled bet ($3) returned to Scheubi88
Scheubi88 collected $11.76 from pot
Scheubi88: doesn't show hand
*** SUMMARY ***
Total pot $12 | Rake $0.24
Board [Jh Qh 8c]
Seat 1: Scheubi88 (button) (small blind) collected ($11.76)
Seat 5: igorkabmw (big blind) folded on the Flop


PokerStars Hand #175415283085:  Hold'em Limit ($3/$6 USD) - 2017/09/09 11:38:13 ET
Table 'Alma II' 6-max Seat #1 is the button
Seat 1: Scheubi88 ($193.33 in chips)
Seat 5: igorkabmw ($40.68 in chips)
Scheubi88: posts small blind $1
igorkabmw: posts big blind $3
*** HOLE CARDS ***
Scheubi88: raises $3 to $6
igorkabmw: folds
Uncalled bet ($3) returned to Scheubi88
Scheubi88 collected $6 from pot
Scheubi88: doesn't show hand
*** SUMMARY ***
Total pot $6 | Rake $0
Seat 1: Scheubi88 (button) (small blind) collected ($6)
Seat 5: igorkabmw (big blind) folded before Flop


PokerStars Hand #175415286810:  Hold'em Limit ($3/$6 USD) - 2017/09/09 11:38:18 ET
Table 'Alma II' 6-max Seat #5 is the button
Seat 1: Scheubi88 ($196.33 in chips)
Seat 5: igorkabmw ($37.68 in chips)
igorkabmw: posts small blind $1
Scheubi88: posts big blind $3
*** HOLE CARDS ***
igorkabmw: raises $3 to $6
Scheubi88: calls $3
*** FLOP *** [Ts Kh 3s]
Scheubi88: checks
igorkabmw: bets $3
Scheubi88: calls $3
*** TURN *** [Ts Kh 3s] [6c]
Scheubi88: checks
igorkabmw: bets $6
Scheubi88: folds
Uncalled bet ($6) returned to igorkabmw
igorkabmw collected $17.64 from pot
*** SUMMARY ***
Total pot $18 | Rake $0.36
Board [Ts Kh 3s 6c]
Seat 1: Scheubi88 (big blind) folded on the Turn
Seat 5: igorkabmw (button) (small blind) collected ($17.64)


PokerStars Hand #175415298874:  Hold'em Limit ($3/$6 USD) - 2017/09/09 11:38:37 ET
Table 'Alma II' 6-max Seat #1 is the button
Seat 1: Scheubi88 ($187.33 in chips)
Seat 5: igorkabmw ($46.32 in chips)
Scheubi88: posts small blind $1
igorkabmw: posts big blind $3
*** HOLE CARDS ***
Scheubi88: raises $3 to $6
igorkabmw: calls $3
*** FLOP *** [7d 5d 6c]
igorkabmw: checks
Scheubi88: bets $3
igorkabmw: calls $3
*** TURN *** [7d 5d 6c] [Ac]
igorkabmw: checks
Scheubi88: bets $6
igorkabmw: raises $6 to $12
Scheubi88: calls $6
*** RIVER *** [7d 5d 6c Ac] [3c]
igorkabmw: bets $6
Scheubi88: calls $6
*** SHOW DOWN ***
igorkabmw: shows [7h 5h] (two pair, Sevens and Fives)
Scheubi88: mucks hand
igorkabmw collected $53.50 from pot
*** SUMMARY ***
Total pot $54 | Rake $0.50
Board [7d 5d 6c Ac 3c]
Seat 1: Scheubi88 (button) (small blind) mucked
Seat 5: igorkabmw (big blind) showed [7h 5h] and won ($53.50) with two pair, Sevens and Fives


PokerStars Hand #175415322016:  Hold'em Limit ($3/$6 USD) - 2017/09/09 11:39:13 ET
Table 'Alma II' 6-max Seat #5 is the button
Seat 1: Scheubi88 ($160.33 in chips)
Seat 5: igorkabmw ($72.82 in chips)
igorkabmw: posts small blind $1
Scheubi88: posts big blind $3
*** HOLE CARDS ***
igorkabmw: calls $2
Scheubi88: raises $3 to $6
igorkabmw: calls $3
*** FLOP *** [8c 4d 3d]
Scheubi88: checks
igorkabmw: checks
*** TURN *** [8c 4d 3d] [8h]
Scheubi88: checks
igorkabmw: bets $6
Scheubi88: raises $6 to $12
igorkabmw: calls $6
*** RIVER *** [8c 4d 3d 8h] [Ks]
Scheubi88: bets $6
igorkabmw: calls $6
*** SHOW DOWN ***
Scheubi88: shows [8d 7h] (three of a kind, Eights)
igorkabmw: mucks hand
Scheubi88 collected $47.50 from pot
*** SUMMARY ***
Total pot $48 | Rake $0.50
Board [8c 4d 3d 8h Ks]
Seat 1: Scheubi88 (big blind) showed [8d 7h] and won ($47.50) with three of a kind, Eights
Seat 5: igorkabmw (button) (small blind) mucked


PokerStars Hand #175415337185:  Hold'em Limit ($3/$6 USD) - 2017/09/09 11:39:36 ET
Table 'Alma II' 6-max Seat #1 is the button
Seat 1: Scheubi88 ($183.83 in chips)
Seat 5: igorkabmw ($48.82 in chips)
Scheubi88: posts small blind $1
igorkabmw: posts big blind $3
*** HOLE CARDS ***
Scheubi88: raises $3 to $6
igorkabmw: raises $3 to $9
Scheubi88: calls $3
*** FLOP *** [Ah Jd Qd]
igorkabmw: bets $3
Scheubi88: folds
Uncalled bet ($3) returned to igorkabmw
igorkabmw collected $17.64 from pot
*** SUMMARY ***
Total pot $18 | Rake $0.36
Board [Ah Jd Qd]
Seat 1: Scheubi88 (button) (small blind) folded on the Flop
Seat 5: igorkabmw (big blind) collected ($17.64)


PokerStars Hand #175415347317:  Hold'em Limit ($3/$6 USD) - 2017/09/09 11:39:52 ET
Table 'Alma II' 6-max Seat #5 is the button
Seat 1: Scheubi88 ($174.83 in chips)
Seat 5: igorkabmw ($57.46 in chips)
igorkabmw: posts small blind $1
Scheubi88: posts big blind $3
*** HOLE CARDS ***
igorkabmw: folds
Uncalled bet ($2) returned to Scheubi88
Scheubi88 collected $2 from pot
Scheubi88: doesn't show hand
*** SUMMARY ***
Total pot $2 | Rake $0
Seat 1: Scheubi88 (big blind) collected ($2)
Seat 5: igorkabmw (button) (small blind) folded before Flop


PokerStars Hand #175415365542:  Hold'em Limit ($3/$6 USD) - 2017/09/09 11:40:20 ET
Table 'Alma II' 6-max Seat #1 is the button
Seat 1: Scheubi88 ($182.59 in chips)
Seat 5: igorkabmw ($49.46 in chips)
Scheubi88: posts small blind $1
igorkabmw: posts big blind $3
*** HOLE CARDS ***
Scheubi88: raises $3 to $6
igorkabmw: calls $3
*** FLOP *** [8h Ad 2d]
igorkabmw: bets $3
Scheubi88: raises $3 to $6
igorkabmw: calls $3
*** TURN *** [8h Ad 2d] [5d]
igorkabmw: checks
Scheubi88: bets $6
igorkabmw: folds
Uncalled bet ($6) returned to Scheubi88
Scheubi88 collected $23.52 from pot
Scheubi88: doesn't show hand
*** SUMMARY ***
Total pot $24 | Rake $0.48
Board [8h Ad 2d 5d]
Seat 1: Scheubi88 (button) (small blind) collected ($23.52)
Seat 5: igorkabmw (big blind) folded on the Turn


PokerStars Hand #175415362504:  Hold'em Limit ($3/$6 USD) - 2017/09/09 11:40:15 ET
Table 'Alma II' 6-max Seat #5 is the button
Seat 1: Scheubi88 ($181.59 in chips)
Seat 5: igorkabmw ($50.46 in chips)
igorkabmw: posts small blind $1
Scheubi88: posts big blind $3
*** HOLE CARDS ***
igorkabmw: folds
Uncalled bet ($2) returned to Scheubi88
Scheubi88 collected $2 from pot
Scheubi88: doesn't show hand
*** SUMMARY ***
Total pot $2 | Rake $0
Seat 1: Scheubi88 (big blind) collected ($2)
Seat 5: igorkabmw (button) (small blind) folded before Flop


PokerStars Hand #175415350337:  Hold'em Limit ($3/$6 USD) - 2017/09/09 11:39:56 ET
Table 'Alma II' 6-max Seat #1 is the button
Seat 1: Scheubi88 ($175.83 in chips)
Seat 5: igorkabmw ($56.46 in chips)
Scheubi88: posts small blind $1
igorkabmw: posts big blind $3
*** HOLE CARDS ***
Scheubi88: raises $3 to $6
igorkabmw: calls $3
*** FLOP *** [5c 9h 3c]
igorkabmw: checks
Scheubi88: checks
*** TURN *** [5c 9h 3c] [5h]
igorkabmw: checks
Scheubi88: bets $6
igorkabmw: folds
Uncalled bet ($6) returned to Scheubi88
Scheubi88 collected $11.76 from pot
Scheubi88: doesn't show hand
*** SUMMARY ***
Total pot $12 | Rake $0.24
Board [5c 9h 3c 5h]
Seat 1: Scheubi88 (button) (small blind) collected ($11.76)
Seat 5: igorkabmw (big blind) folded on the Turn


PokerStars Hand #175415393899:  Hold'em Limit ($3/$6 USD) - 2017/09/09 11:41:04 ET
Table 'Alma II' 6-max Seat #1 is the button
Seat 1: Scheubi88 ($217.61 in chips)
Seat 5: igorkabmw ($13.46 in chips)
Scheubi88: posts small blind $1
igorkabmw: posts big blind $3
*** HOLE CARDS ***
Scheubi88: raises $3 to $6
igorkabmw: raises $3 to $9
Scheubi88: calls $3
*** FLOP *** [Qc Qh As]
igorkabmw: bets $3
Scheubi88: raises $3 to $6
igorkabmw: calls $1.46 and is all-in
Uncalled bet ($1.54) returned to Scheubi88
*** TURN *** [Qc Qh As] [6h]
*** RIVER *** [Qc Qh As 6h] [Ac]
*** SHOW DOWN ***
igorkabmw: shows [Kh Kc] (two pair, Aces and Kings)
Scheubi88: shows [Ad 2s] (a full house, Aces full of Queens)
Scheubi88 collected $26.42 from pot
*** SUMMARY ***
Total pot $26.92 | Rake $0.50
Board [Qc Qh As 6h Ac]
Seat 1: Scheubi88 (button) (small blind) showed [Ad 2s] and won ($26.42) with a full house, Aces full of Queens
Seat 5: igorkabmw (big blind) showed [Kh Kc] and lost with two pair, Aces and Kings


PokerStars Hand #175415378644:  Hold'em Limit ($3/$6 USD) - 2017/09/09 11:40:40 ET
Table 'Alma II' 6-max Seat #5 is the button
Seat 1: Scheubi88 ($194.11 in chips)
Seat 5: igorkabmw ($37.46 in chips)
igorkabmw: posts small blind $1
Scheubi88: posts big blind $3
*** HOLE CARDS ***
igorkabmw: raises $3 to $6
Scheubi88: calls $3
*** FLOP *** [6s Qc Tc]
Scheubi88: bets $3
igorkabmw: raises $3 to $6
Scheubi88: calls $3
*** TURN *** [6s Qc Tc] [9c]
Scheubi88: checks
igorkabmw: checks
*** RIVER *** [6s Qc Tc 9c] [3d]
Scheubi88: bets $6
igorkabmw: raises $6 to $12
Scheubi88: calls $6
*** SHOW DOWN ***
igorkabmw: shows [3h 9h] (two pair, Nines and Threes)
Scheubi88: shows [Qd 6d] (two pair, Queens and Sixes)
Scheubi88 collected $47.50 from pot
*** SUMMARY ***
Total pot $48 | Rake $0.50
Board [6s Qc Tc 9c 3d]
Seat 1: Scheubi88 (big blind) showed [Qd 6d] and won ($47.50) with two pair, Queens and Sixes
Seat 5: igorkabmw (button) (small blind) showed [3h 9h] and lost with two pair, Nines and Threes


