PokerStars Hand #155918147077:  Hold'em Limit ($3/$6 USD) - 2016/07/13 10:20:13 ET
Table 'Alma' 6-max Seat #4 is the button
Seat 4: VolkovDmitri ($120 in chips)
Seat 6: zizonmusang ($73.37 in chips)
VolkovDmitri: posts small blind $1
zizonmusang: posts big blind $3
*** HOLE CARDS ***
VolkovDmitri: raises $3 to $6
zizonmusang: raises $3 to $9
Hi Im Alexey joins the table at seat #1
VolkovDmitri: calls $3
*** FLOP *** [Jh 7h 3h]
zizonmusang: bets $3
VolkovDmitri: folds
Uncalled bet ($3) returned to zizonmusang
zizonmusang collected $17.64 from pot
zizonmusang: doesn't show hand
*** SUMMARY ***
Total pot $18 | Rake $0.36
Board [Jh 7h 3h]
Seat 4: VolkovDmitri (button) (small blind) folded on the Flop
Seat 6: zizonmusang (big blind) collected ($17.64)


PokerStars Hand #155918277865:  Hold'em Limit ($3/$6 USD) - 2016/07/13 10:24:17 ET
Table 'Alma' 6-max Seat #1 is the button
Seat 1: Hi Im Alexey ($104.47 in chips)
Seat 6: zizonmusang ($28.57 in chips)
Hi Im Alexey: posts small blind $1
zizonmusang: posts big blind $3
*** HOLE CARDS ***
Hi Im Alexey: raises $3 to $6
zizonmusang: calls $3
*** FLOP *** [6s Qc 8s]
zizonmusang: checks
Hi Im Alexey: bets $3
zizonmusang: raises $3 to $6
Hi Im Alexey: calls $3
*** TURN *** [6s Qc 8s] [9c]
zizonmusang: bets $6
Hi Im Alexey: calls $6
*** RIVER *** [6s Qc 8s 9c] [9s]
zizonmusang: bets $6
Hi Im Alexey: calls $6
*** SHOW DOWN ***
zizonmusang: shows [8h Td] (two pair, Nines and Eights)
Hi Im Alexey: mucks hand
zizonmusang collected $47.50 from pot
*** SUMMARY ***
Total pot $48 | Rake $0.50
Board [6s Qc 8s 9c 9s]
Seat 1: Hi Im Alexey (button) (small blind) mucked
Seat 6: zizonmusang (big blind) showed [8h Td] and won ($47.50) with two pair, Nines and Eights


PokerStars Hand #155918275110:  Hold'em Limit ($3/$6 USD) - 2016/07/13 10:24:12 ET
Table 'Alma' 6-max Seat #6 is the button
Seat 1: Hi Im Alexey ($103.47 in chips)
Seat 6: zizonmusang ($29.57 in chips)
zizonmusang: posts small blind $1
Hi Im Alexey: posts big blind $3
*** HOLE CARDS ***
zizonmusang: folds
Uncalled bet ($2) returned to Hi Im Alexey
VolkovDmitri leaves the table
Hi Im Alexey collected $2 from pot
*** SUMMARY ***
Total pot $2 | Rake $0
Seat 1: Hi Im Alexey (big blind) collected ($2)
Seat 6: zizonmusang (button) (small blind) folded before Flop


PokerStars Hand #155918408588:  Hold'em Limit ($3/$6 USD) - 2016/07/13 10:28:20 ET
Table 'Alma' 6-max Seat #1 is the button
Seat 1: Hi Im Alexey ($77.46 in chips)
Seat 6: zizonmusang ($128.01 in chips)
Hi Im Alexey: posts small blind $1
Ale4o: is sitting out
zizonmusang: posts big blind $3
*** HOLE CARDS ***
Hi Im Alexey: raises $3 to $6
zizonmusang: folds
Uncalled bet ($3) returned to Hi Im Alexey
Hi Im Alexey collected $6 from pot
*** SUMMARY ***
Total pot $6 | Rake $0
Seat 1: Hi Im Alexey (button) (small blind) collected ($6)
Seat 6: zizonmusang (big blind) folded before Flop


PokerStars Hand #155918438379:  Hold'em Limit ($3/$6 USD) - 2016/07/13 10:29:15 ET
Table 'Alma' 6-max Seat #1 is the button
Seat 1: Hi Im Alexey ($72 in chips)
Seat 6: zizonmusang ($151.51 in chips)
Hi Im Alexey: posts small blind $1
zizonmusang: posts big blind $3
*** HOLE CARDS ***
Hi Im Alexey: raises $3 to $6
zizonmusang: folds
Uncalled bet ($3) returned to Hi Im Alexey
Hi Im Alexey collected $6 from pot
*** SUMMARY ***
Total pot $6 | Rake $0
Seat 1: Hi Im Alexey (button) (small blind) collected ($6)
Seat 6: zizonmusang (big blind) folded before Flop


PokerStars Hand #155918449704:  Hold'em Limit ($3/$6 USD) - 2016/07/13 10:29:36 ET
Table 'Alma' 6-max Seat #1 is the button
Seat 1: Hi Im Alexey ($76 in chips)
Seat 6: zizonmusang ($147.51 in chips)
Hi Im Alexey: posts small blind $1
zizonmusang: posts big blind $3
*** HOLE CARDS ***
Hi Im Alexey: raises $3 to $6
zizonmusang: raises $3 to $9
Hi Im Alexey: calls $3
*** FLOP *** [Kc 7h 5h]
zizonmusang: bets $3
Hi Im Alexey: raises $3 to $6
zizonmusang: folds
Uncalled bet ($3) returned to Hi Im Alexey
Hi Im Alexey collected $23.52 from pot
*** SUMMARY ***
Total pot $24 | Rake $0.48
Board [Kc 7h 5h]
Seat 1: Hi Im Alexey (button) (small blind) collected ($23.52)
Seat 6: zizonmusang (big blind) folded on the Flop


PokerStars Hand #155918416527:  Hold'em Limit ($3/$6 USD) - 2016/07/13 10:28:34 ET
Table 'Alma' 6-max Seat #6 is the button
Seat 1: Hi Im Alexey ($80.46 in chips)
Seat 6: zizonmusang ($125.01 in chips)
zizonmusang: posts small blind $1
Hi Im Alexey: posts big blind $3
*** HOLE CARDS ***
zizonmusang: raises $3 to $6
Hi Im Alexey: raises $3 to $9
zizonmusang: calls $3
*** FLOP *** [2c 6h 4h]
Hi Im Alexey: bets $3
zizonmusang: raises $3 to $6
Hi Im Alexey: raises $3 to $9
zizonmusang: raises $3 to $12
Betting is capped
Hi Im Alexey: calls $3
*** TURN *** [2c 6h 4h] [3h]
Ale4o leaves the table
Hi Im Alexey: checks
zizonmusang: bets $6
Hi Im Alexey: calls $6
*** RIVER *** [2c 6h 4h 3h] [9s]
Hi Im Alexey: checks
zizonmusang: checks
*** SHOW DOWN ***
Hi Im Alexey: shows [Jh Qd] (high card Queen)
zizonmusang: shows [6s 7c] (a pair of Sixes)
zizonmusang collected $53.50 from pot
*** SUMMARY ***
Total pot $54 | Rake $0.50
Board [2c 6h 4h 3h 9s]
Seat 1: Hi Im Alexey (big blind) showed [Jh Qd] and lost with high card Queen
Seat 6: zizonmusang (button) (small blind) showed [6s 7c] and won ($53.50) with a pair of Sixes


PokerStars Hand #155918446448:  Hold'em Limit ($3/$6 USD) - 2016/07/13 10:29:30 ET
Table 'Alma' 6-max Seat #6 is the button
Seat 1: Hi Im Alexey ($75 in chips)
Seat 6: zizonmusang ($148.51 in chips)
zizonmusang: posts small blind $1
Hi Im Alexey: posts big blind $3
*** HOLE CARDS ***
zizonmusang: folds
Uncalled bet ($2) returned to Hi Im Alexey
Hi Im Alexey collected $2 from pot
*** SUMMARY ***
Total pot $2 | Rake $0
Seat 1: Hi Im Alexey (big blind) collected ($2)
Seat 6: zizonmusang (button) (small blind) folded before Flop


PokerStars Hand #155918478544:  Hold'em Limit ($3/$6 USD) - 2016/07/13 10:30:29 ET
Table 'Alma' 6-max Seat #1 is the button
Seat 1: Hi Im Alexey ($123.02 in chips)
Seat 6: zizonmusang ($99.51 in chips)
Hi Im Alexey: posts small blind $1
zizonmusang: posts big blind $3
*** HOLE CARDS ***
Hi Im Alexey: raises $3 to $6
zizonmusang: calls $3
*** FLOP *** [Qd 5s 5d]
zizonmusang: checks
Hi Im Alexey: bets $3
zizonmusang: folds
Uncalled bet ($3) returned to Hi Im Alexey
Hi Im Alexey collected $11.76 from pot
*** SUMMARY ***
Total pot $12 | Rake $0.24
Board [Qd 5s 5d]
Seat 1: Hi Im Alexey (button) (small blind) collected ($11.76)
Seat 6: zizonmusang (big blind) folded on the Flop


PokerStars Hand #155918459122:  Hold'em Limit ($3/$6 USD) - 2016/07/13 10:29:53 ET
Table 'Alma' 6-max Seat #6 is the button
Seat 1: Hi Im Alexey ($87.52 in chips)
Seat 6: zizonmusang ($135.51 in chips)
zizonmusang: posts small blind $1
Hi Im Alexey: posts big blind $3
*** HOLE CARDS ***
zizonmusang: raises $3 to $6
Hi Im Alexey: calls $3
*** FLOP *** [4d 7s 6s]
Hi Im Alexey: checks
zizonmusang: bets $3
Hi Im Alexey: raises $3 to $6
zizonmusang: raises $3 to $9
Hi Im Alexey: raises $3 to $12
Betting is capped
zizonmusang: calls $3
*** TURN *** [4d 7s 6s] [Ac]
Hi Im Alexey: bets $6
zizonmusang: raises $6 to $12
Hi Im Alexey: raises $6 to $18
zizonmusang: calls $6
*** RIVER *** [4d 7s 6s Ac] [Kd]
Hi Im Alexey: bets $6
zizonmusang: folds
Uncalled bet ($6) returned to Hi Im Alexey
Hi Im Alexey collected $71.50 from pot
*** SUMMARY ***
Total pot $72 | Rake $0.50
Board [4d 7s 6s Ac Kd]
Seat 1: Hi Im Alexey (big blind) collected ($71.50)
Seat 6: zizonmusang (button) (small blind) folded on the River


PokerStars Hand #155918484082:  Hold'em Limit ($3/$6 USD) - 2016/07/13 10:30:40 ET
Table 'Alma' 6-max Seat #6 is the button
Seat 1: Hi Im Alexey ($128.78 in chips)
Seat 6: zizonmusang ($93.51 in chips)
zizonmusang: posts small blind $1
Hi Im Alexey: posts big blind $3
*** HOLE CARDS ***
zizonmusang: raises $3 to $6
Hi Im Alexey: calls $3
*** FLOP *** [4d Kc 6s]
Hi Im Alexey: checks
zizonmusang: bets $3
Hi Im Alexey: raises $3 to $6
zizonmusang: raises $3 to $9
Hi Im Alexey: raises $3 to $12
Betting is capped
zizonmusang: calls $3
*** TURN *** [4d Kc 6s] [5s]
Hi Im Alexey: bets $6
zizonmusang: raises $6 to $12
Hi Im Alexey: raises $6 to $18
zizonmusang: raises $6 to $24
Betting is capped
Hi Im Alexey: calls $6
*** RIVER *** [4d Kc 6s 5s] [5h]
Hi Im Alexey: checks
zizonmusang: bets $6
Hi Im Alexey: calls $6
*** SHOW DOWN ***
zizonmusang: shows [3h Kd] (two pair, Kings and Fives)
Hi Im Alexey: mucks hand
zizonmusang collected $95.50 from pot
*** SUMMARY ***
Total pot $96 | Rake $0.50
Board [4d Kc 6s 5s 5h]
Seat 1: Hi Im Alexey (big blind) mucked
Seat 6: zizonmusang (button) (small blind) showed [3h Kd] and won ($95.50) with two pair, Kings and Fives


PokerStars Hand #155918506559:  Hold'em Limit ($3/$6 USD) - 2016/07/13 10:31:21 ET
Table 'Alma' 6-max Seat #1 is the button
Seat 1: Hi Im Alexey ($84.78 in chips)
Seat 6: zizonmusang ($137.01 in chips)
Hi Im Alexey: posts small blind $1
zizonmusang: posts big blind $3
*** HOLE CARDS ***
Hi Im Alexey: raises $3 to $6
zizonmusang: raises $3 to $9
Hi Im Alexey: raises $3 to $12
Betting is capped
zizonmusang: calls $3
*** FLOP *** [8h Jh 2c]
zizonmusang: bets $3
Hi Im Alexey: raises $3 to $6
zizonmusang: raises $3 to $9
Hi Im Alexey: raises $3 to $12
Betting is capped
zizonmusang: calls $3
*** TURN *** [8h Jh 2c] [3d]
zizonmusang: bets $6
Hi Im Alexey: calls $6
*** RIVER *** [8h Jh 2c 3d] [Ad]
zizonmusang: bets $6
Hi Im Alexey: calls $6
*** SHOW DOWN ***
zizonmusang: shows [As Ac] (three of a kind, Aces)
Hi Im Alexey: mucks hand
zizonmusang collected $71.50 from pot
*** SUMMARY ***
Total pot $72 | Rake $0.50
Board [8h Jh 2c 3d Ad]
Seat 1: Hi Im Alexey (button) (small blind) mucked
Seat 6: zizonmusang (big blind) showed [As Ac] and won ($71.50) with three of a kind, Aces


PokerStars Hand #155918520236:  Hold'em Limit ($3/$6 USD) - 2016/07/13 10:31:46 ET
Table 'Alma' 6-max Seat #6 is the button
Seat 1: Hi Im Alexey ($72 in chips)
Seat 6: zizonmusang ($172.51 in chips)
zizonmusang: posts small blind $1
Hi Im Alexey: posts big blind $3
*** HOLE CARDS ***
zizonmusang: folds
Uncalled bet ($2) returned to Hi Im Alexey
Hi Im Alexey collected $2 from pot
*** SUMMARY ***
Total pot $2 | Rake $0
Seat 1: Hi Im Alexey (big blind) collected ($2)
Seat 6: zizonmusang (button) (small blind) folded before Flop


PokerStars Hand #155918499623:  Hold'em Limit ($3/$6 USD) - 2016/07/13 10:31:08 ET
Table 'Alma' 6-max Seat #1 is the button
Seat 1: Hi Im Alexey ($80.78 in chips)
Seat 6: zizonmusang ($141.01 in chips)
Hi Im Alexey: posts small blind $1
zizonmusang: posts big blind $3
*** HOLE CARDS ***
Hi Im Alexey: raises $3 to $6
zizonmusang: folds
Uncalled bet ($3) returned to Hi Im Alexey
Hi Im Alexey collected $6 from pot
*** SUMMARY ***
Total pot $6 | Rake $0
Seat 1: Hi Im Alexey (button) (small blind) collected ($6)
Seat 6: zizonmusang (big blind) folded before Flop


PokerStars Hand #155918526577:  Hold'em Limit ($3/$6 USD) - 2016/07/13 10:31:58 ET
Table 'Alma' 6-max Seat #1 is the button
Seat 1: Hi Im Alexey ($73 in chips)
Seat 6: zizonmusang ($171.51 in chips)
Hi Im Alexey: posts small blind $1
zizonmusang: posts big blind $3
*** HOLE CARDS ***
Hi Im Alexey: raises $3 to $6
zizonmusang: calls $3
*** FLOP *** [6d 9d Jc]
zizonmusang: checks
Hi Im Alexey: bets $3
zizonmusang: raises $3 to $6
Hi Im Alexey: raises $3 to $9
zizonmusang: raises $3 to $12
Betting is capped
Hi Im Alexey: calls $3
*** TURN *** [6d 9d Jc] [Js]
zizonmusang: bets $6
Hi Im Alexey: raises $6 to $12
zizonmusang: raises $6 to $18
Hi Im Alexey: calls $6
*** RIVER *** [6d 9d Jc Js] [Ts]
zizonmusang: bets $6
Hi Im Alexey: folds
Uncalled bet ($6) returned to zizonmusang
zizonmusang collected $71.50 from pot
zizonmusang: doesn't show hand
*** SUMMARY ***
Total pot $72 | Rake $0.50
Board [6d 9d Jc Js Ts]
Seat 1: Hi Im Alexey (button) (small blind) folded on the River
Seat 6: zizonmusang (big blind) collected ($71.50)


PokerStars Hand #155918552393:  Hold'em Limit ($3/$6 USD) - 2016/07/13 10:32:42 ET
Table 'Alma' 6-max Seat #6 is the button
Seat 1: Hi Im Alexey ($82.52 in chips)
Seat 6: zizonmusang ($196.01 in chips)
zizonmusang: posts small blind $1
Hi Im Alexey: posts big blind $3
*** HOLE CARDS ***
zizonmusang: raises $3 to $6
Hi Im Alexey: calls $3
*** FLOP *** [3c Ac Jd]
Hi Im Alexey: checks
zizonmusang: bets $3
Hi Im Alexey: calls $3
*** TURN *** [3c Ac Jd] [5h]
Hi Im Alexey: checks
zizonmusang: checks
*** RIVER *** [3c Ac Jd 5h] [Kd]
Hi Im Alexey: bets $6
zizonmusang: calls $6
*** SHOW DOWN ***
Hi Im Alexey: shows [7c Kh] (a pair of Kings)
zizonmusang: mucks hand
Hi Im Alexey collected $29.50 from pot
*** SUMMARY ***
Total pot $30 | Rake $0.50
Board [3c Ac Jd 5h Kd]
Seat 1: Hi Im Alexey (big blind) showed [7c Kh] and won ($29.50) with a pair of Kings
Seat 6: zizonmusang (button) (small blind) mucked


PokerStars Hand #155918540546:  Hold'em Limit ($3/$6 USD) - 2016/07/13 10:32:20 ET
Table 'Alma' 6-max Seat #6 is the button
Seat 1: Hi Im Alexey ($72 in chips)
Seat 6: zizonmusang ($207.01 in chips)
zizonmusang: posts small blind $1
Hi Im Alexey: posts big blind $3
*** HOLE CARDS ***
zizonmusang: raises $3 to $6
Hi Im Alexey: raises $3 to $9
zizonmusang: calls $3
*** FLOP *** [5h 7s 3d]
Hi Im Alexey: bets $3
zizonmusang: calls $3
*** TURN *** [5h 7s 3d] [3h]
Hi Im Alexey: bets $6
zizonmusang: folds
Uncalled bet ($6) returned to Hi Im Alexey
Hi Im Alexey collected $23.52 from pot
*** SUMMARY ***
Total pot $24 | Rake $0.48
Board [5h 7s 3d 3h]
Seat 1: Hi Im Alexey (big blind) collected ($23.52)
Seat 6: zizonmusang (button) (small blind) folded on the Turn


PokerStars Hand #155918547369:  Hold'em Limit ($3/$6 USD) - 2016/07/13 10:32:33 ET
Table 'Alma' 6-max Seat #1 is the button
Seat 1: Hi Im Alexey ($83.52 in chips)
Seat 6: zizonmusang ($195.01 in chips)
Hi Im Alexey: posts small blind $1
zizonmusang: posts big blind $3
*** HOLE CARDS ***
Hi Im Alexey: folds
Uncalled bet ($2) returned to zizonmusang
zizonmusang collected $2 from pot
zizonmusang: doesn't show hand
*** SUMMARY ***
Total pot $2 | Rake $0
Seat 1: Hi Im Alexey (button) (small blind) folded before Flop
Seat 6: zizonmusang (big blind) collected ($2)


PokerStars Hand #155918574027:  Hold'em Limit ($3/$6 USD) - 2016/07/13 10:33:22 ET
Table 'Alma' 6-max Seat #6 is the button
Seat 1: Hi Im Alexey ($108.54 in chips)
Seat 6: zizonmusang ($169.01 in chips)
zizonmusang: posts small blind $1
Hi Im Alexey: posts big blind $3
*** HOLE CARDS ***
zizonmusang: raises $3 to $6
Hi Im Alexey: raises $3 to $9
zizonmusang: raises $3 to $12
Betting is capped
Hi Im Alexey: calls $3
*** FLOP *** [6c 2d Jh]
Hi Im Alexey: bets $3
zizonmusang: raises $3 to $6
Hi Im Alexey: raises $3 to $9
zizonmusang: raises $3 to $12
Betting is capped
Hi Im Alexey: calls $3
*** TURN *** [6c 2d Jh] [2s]
Hi Im Alexey: bets $6
zizonmusang: raises $6 to $12
Hi Im Alexey: calls $6
*** RIVER *** [6c 2d Jh 2s] [8h]
Hi Im Alexey: checks
zizonmusang: bets $6
Hi Im Alexey: calls $6
*** SHOW DOWN ***
zizonmusang: shows [Ah 6s] (two pair, Sixes and Deuces)
Hi Im Alexey: shows [9h 9s] (two pair, Nines and Deuces)
Hi Im Alexey collected $83.50 from pot
*** SUMMARY ***
Total pot $84 | Rake $0.50
Board [6c 2d Jh 2s 8h]
Seat 1: Hi Im Alexey (big blind) showed [9h 9s] and won ($83.50) with two pair, Nines and Deuces
Seat 6: zizonmusang (button) (small blind) showed [Ah 6s] and lost with two pair, Sixes and Deuces


PokerStars Hand #155918565575:  Hold'em Limit ($3/$6 USD) - 2016/07/13 10:33:06 ET
Table 'Alma' 6-max Seat #1 is the button
Seat 1: Hi Im Alexey ($97.02 in chips)
Seat 6: zizonmusang ($181.01 in chips)
Hi Im Alexey: posts small blind $1
zizonmusang: posts big blind $3
*** HOLE CARDS ***
Hi Im Alexey: raises $3 to $6
zizonmusang: raises $3 to $9
Hi Im Alexey: calls $3
*** FLOP *** [9d Td 6c]
zizonmusang: bets $3
Hi Im Alexey: raises $3 to $6
zizonmusang: folds
Uncalled bet ($3) returned to Hi Im Alexey
Hi Im Alexey collected $23.52 from pot
*** SUMMARY ***
Total pot $24 | Rake $0.48
Board [9d Td 6c]
Seat 1: Hi Im Alexey (button) (small blind) collected ($23.52)
Seat 6: zizonmusang (big blind) folded on the Flop


PokerStars Hand #155918618506:  Hold'em Limit ($3/$6 USD) - 2016/07/13 10:34:44 ET
Table 'Alma' 6-max Seat #1 is the button
Seat 1: Hi Im Alexey ($123.04 in chips)
Seat 6: zizonmusang ($153.03 in chips)
Hi Im Alexey: posts small blind $1
zizonmusang: posts big blind $3
*** HOLE CARDS ***
Hi Im Alexey: folds
Uncalled bet ($2) returned to zizonmusang
zizonmusang collected $2 from pot
zizonmusang: doesn't show hand
*** SUMMARY ***
Total pot $2 | Rake $0
Seat 1: Hi Im Alexey (button) (small blind) folded before Flop
Seat 6: zizonmusang (big blind) collected ($2)


PokerStars Hand #155918602959:  Hold'em Limit ($3/$6 USD) - 2016/07/13 10:34:15 ET
Table 'Alma' 6-max Seat #6 is the button
Seat 1: Hi Im Alexey ($138.04 in chips)
Seat 6: zizonmusang ($138.53 in chips)
zizonmusang: posts small blind $1
Hi Im Alexey: posts big blind $3
*** HOLE CARDS ***
zizonmusang: calls $2
Hi Im Alexey: checks
*** FLOP *** [4c 7s 5h]
Hi Im Alexey: bets $3
zizonmusang: raises $3 to $6
Hi Im Alexey: calls $3
*** TURN *** [4c 7s 5h] [As]
Hi Im Alexey: checks
zizonmusang: bets $6
Hi Im Alexey: calls $6
*** RIVER *** [4c 7s 5h As] [Ah]
Hi Im Alexey: checks
zizonmusang: bets $6
Hi Im Alexey: folds
Uncalled bet ($6) returned to zizonmusang
zizonmusang collected $29.50 from pot
zizonmusang: doesn't show hand
*** SUMMARY ***
Total pot $30 | Rake $0.50
Board [4c 7s 5h As Ah]
Seat 1: Hi Im Alexey (big blind) folded on the River
Seat 6: zizonmusang (button) (small blind) collected ($29.50)


PokerStars Hand #155918587879:  Hold'em Limit ($3/$6 USD) - 2016/07/13 10:33:47 ET
Table 'Alma' 6-max Seat #1 is the button
Seat 1: Hi Im Alexey ($150.04 in chips)
Seat 6: zizonmusang ($127.01 in chips)
Hi Im Alexey: posts small blind $1
zizonmusang: posts big blind $3
*** HOLE CARDS ***
Hi Im Alexey: raises $3 to $6
zizonmusang: raises $3 to $9
Hi Im Alexey: calls $3
*** FLOP *** [Qc 5h 7s]
zizonmusang: bets $3
Hi Im Alexey: calls $3
*** TURN *** [Qc 5h 7s] [3c]
zizonmusang: bets $6
Hi Im Alexey: folds
Uncalled bet ($6) returned to zizonmusang
zizonmusang collected $23.52 from pot
zizonmusang: doesn't show hand
*** SUMMARY ***
Total pot $24 | Rake $0.48
Board [Qc 5h 7s 3c]
Seat 1: Hi Im Alexey (button) (small blind) folded on the Turn
Seat 6: zizonmusang (big blind) collected ($23.52)


PokerStars Hand #155918646044:  Hold'em Limit ($3/$6 USD) - 2016/07/13 10:35:34 ET
Table 'Alma' 6-max Seat #6 is the button
Seat 1: Hi Im Alexey ($92.04 in chips)
Seat 6: zizonmusang ($183.53 in chips)
zizonmusang: posts small blind $1
Hi Im Alexey: posts big blind $3
*** HOLE CARDS ***
zizonmusang: raises $3 to $6
Hi Im Alexey: calls $3
*** FLOP *** [Kd 3h 5d]
Hi Im Alexey: checks
zizonmusang: checks
*** TURN *** [Kd 3h 5d] [8s]
Hi Im Alexey: bets $6
zizonmusang: calls $6
*** RIVER *** [Kd 3h 5d 8s] [4s]
Hi Im Alexey: bets $6
zizonmusang: calls $6
*** SHOW DOWN ***
Hi Im Alexey: shows [7d 5c] (a pair of Fives)
zizonmusang: mucks hand
Hi Im Alexey collected $35.50 from pot
*** SUMMARY ***
Total pot $36 | Rake $0.50
Board [Kd 3h 5d 8s 4s]
Seat 1: Hi Im Alexey (big blind) showed [7d 5c] and won ($35.50) with a pair of Fives
Seat 6: zizonmusang (button) (small blind) mucked


PokerStars Hand #155918641594:  Hold'em Limit ($3/$6 USD) - 2016/07/13 10:35:26 ET
Table 'Alma' 6-max Seat #1 is the button
Seat 1: Hi Im Alexey ($89.04 in chips)
Seat 6: zizonmusang ($186.53 in chips)
Hi Im Alexey: posts small blind $1
zizonmusang: posts big blind $3
*** HOLE CARDS ***
Hi Im Alexey: raises $3 to $6
zizonmusang: folds
Uncalled bet ($3) returned to Hi Im Alexey
Hi Im Alexey collected $6 from pot
*** SUMMARY ***
Total pot $6 | Rake $0
Seat 1: Hi Im Alexey (button) (small blind) collected ($6)
Seat 6: zizonmusang (big blind) folded before Flop


PokerStars Hand #155918621547:  Hold'em Limit ($3/$6 USD) - 2016/07/13 10:34:49 ET
Table 'Alma' 6-max Seat #6 is the button
Seat 1: Hi Im Alexey ($122.04 in chips)
Seat 6: zizonmusang ($154.03 in chips)
zizonmusang: posts small blind $1
Hi Im Alexey: posts big blind $3
*** HOLE CARDS ***
zizonmusang: raises $3 to $6
Hi Im Alexey: raises $3 to $9
zizonmusang: calls $3
*** FLOP *** [7h Qh Qd]
Hi Im Alexey: bets $3
zizonmusang: raises $3 to $6
Hi Im Alexey: raises $3 to $9
zizonmusang: raises $3 to $12
Betting is capped
Hi Im Alexey: calls $3
*** TURN *** [7h Qh Qd] [5c]
Hi Im Alexey: checks
zizonmusang: bets $6
Hi Im Alexey: calls $6
*** RIVER *** [7h Qh Qd 5c] [4d]
Hi Im Alexey: checks
zizonmusang: bets $6
Hi Im Alexey: calls $6
*** SHOW DOWN ***
zizonmusang: shows [9c 7c] (two pair, Queens and Sevens)
Hi Im Alexey: mucks hand
zizonmusang collected $65.50 from pot
*** SUMMARY ***
Total pot $66 | Rake $0.50
Board [7h Qh Qd 5c 4d]
Seat 1: Hi Im Alexey (big blind) mucked
Seat 6: zizonmusang (button) (small blind) showed [9c 7c] and won ($65.50) with two pair, Queens and Sevens


PokerStars Hand #155918677135:  Hold'em Limit ($3/$6 USD) - 2016/07/13 10:36:31 ET
Table 'Alma' 6-max Seat #6 is the button
Seat 1: Hi Im Alexey ($75 in chips)
Seat 6: zizonmusang ($201.03 in chips)
zizonmusang: posts small blind $1
Hi Im Alexey: posts big blind $3
*** HOLE CARDS ***
zizonmusang: raises $3 to $6
Hi Im Alexey: calls $3
*** FLOP *** [Qs 8d 7h]
Hi Im Alexey: checks
zizonmusang: checks
*** TURN *** [Qs 8d 7h] [Qh]
Hi Im Alexey: bets $6
zizonmusang: calls $6
*** RIVER *** [Qs 8d 7h Qh] [Kc]
Hi Im Alexey: checks
zizonmusang: bets $6
Hi Im Alexey: folds
Uncalled bet ($6) returned to zizonmusang
zizonmusang collected $23.52 from pot
zizonmusang: doesn't show hand
*** SUMMARY ***
Total pot $24 | Rake $0.48
Board [Qs 8d 7h Qh Kc]
Seat 1: Hi Im Alexey (big blind) folded on the River
Seat 6: zizonmusang (button) (small blind) collected ($23.52)


PokerStars Hand #155918673683:  Hold'em Limit ($3/$6 USD) - 2016/07/13 10:36:25 ET
Table 'Alma' 6-max Seat #1 is the button
Seat 1: Hi Im Alexey ($72 in chips)
Seat 6: zizonmusang ($204.03 in chips)
Hi Im Alexey: posts small blind $1
zizonmusang: posts big blind $3
*** HOLE CARDS ***
Hi Im Alexey: raises $3 to $6
zizonmusang: folds
Uncalled bet ($3) returned to Hi Im Alexey
Hi Im Alexey collected $6 from pot
*** SUMMARY ***
Total pot $6 | Rake $0
Seat 1: Hi Im Alexey (button) (small blind) collected ($6)
Seat 6: zizonmusang (big blind) folded before Flop


PokerStars Hand #155918669540:  Hold'em Limit ($3/$6 USD) - 2016/07/13 10:36:17 ET
Table 'Alma' 6-max Seat #6 is the button
Seat 1: Hi Im Alexey ($73.54 in chips)
Seat 6: zizonmusang ($201.03 in chips)
zizonmusang: posts small blind $1
Hi Im Alexey: posts big blind $3
*** HOLE CARDS ***
zizonmusang: raises $3 to $6
Hi Im Alexey: folds
Uncalled bet ($3) returned to zizonmusang
zizonmusang collected $6 from pot
zizonmusang: doesn't show hand
*** SUMMARY ***
Total pot $6 | Rake $0
Seat 1: Hi Im Alexey (big blind) folded before Flop
Seat 6: zizonmusang (button) (small blind) collected ($6)


PokerStars Hand #155918659005:  Hold'em Limit ($3/$6 USD) - 2016/07/13 10:35:58 ET
Table 'Alma' 6-max Seat #1 is the button
Seat 1: Hi Im Alexey ($109.54 in chips)
Seat 6: zizonmusang ($165.53 in chips)
Hi Im Alexey: posts small blind $1
zizonmusang: posts big blind $3
*** HOLE CARDS ***
Hi Im Alexey: raises $3 to $6
zizonmusang: raises $3 to $9
Hi Im Alexey: calls $3
*** FLOP *** [Tc 9s 7c]
zizonmusang: bets $3
Hi Im Alexey: calls $3
*** TURN *** [Tc 9s 7c] [5c]
zizonmusang: bets $6
Hi Im Alexey: raises $6 to $12
zizonmusang: raises $6 to $18
Hi Im Alexey: calls $6
*** RIVER *** [Tc 9s 7c 5c] [3h]
zizonmusang: bets $6
Hi Im Alexey: calls $6
*** SHOW DOWN ***
zizonmusang: shows [Js Jh] (a pair of Jacks)
Hi Im Alexey: mucks hand
zizonmusang collected $71.50 from pot
*** SUMMARY ***
Total pot $72 | Rake $0.50
Board [Tc 9s 7c 5c 3h]
Seat 1: Hi Im Alexey (button) (small blind) mucked
Seat 6: zizonmusang (big blind) showed [Js Jh] and won ($71.50) with a pair of Jacks


PokerStars Hand #155918702679:  Hold'em Limit ($3/$6 USD) - 2016/07/13 10:37:18 ET
Table 'Alma' 6-max Seat #1 is the button
Seat 1: Hi Im Alexey ($76 in chips)
Seat 6: zizonmusang ($208.55 in chips)
Hi Im Alexey: posts small blind $1
zizonmusang: posts big blind $3
*** HOLE CARDS ***
Hi Im Alexey: folds
Uncalled bet ($2) returned to zizonmusang
zizonmusang collected $2 from pot
zizonmusang: doesn't show hand
*** SUMMARY ***
Total pot $2 | Rake $0
Seat 1: Hi Im Alexey (button) (small blind) folded before Flop
Seat 6: zizonmusang (big blind) collected ($2)


PokerStars Hand #155918714140:  Hold'em Limit ($3/$6 USD) - 2016/07/13 10:37:39 ET
Table 'Alma' 6-max Seat #1 is the button
Seat 1: Hi Im Alexey ($83.64 in chips)
Seat 6: zizonmusang ($200.55 in chips)
Hi Im Alexey: posts small blind $1
zizonmusang: posts big blind $3
*** HOLE CARDS ***
Hi Im Alexey: raises $3 to $6
zizonmusang: raises $3 to $9
Hi Im Alexey: raises $3 to $12
Betting is capped
zizonmusang: calls $3
*** FLOP *** [3s 2h 9h]
zizonmusang: bets $3
Hi Im Alexey: raises $3 to $6
zizonmusang: raises $3 to $9
Hi Im Alexey: raises $3 to $12
Betting is capped
zizonmusang: calls $3
*** TURN *** [3s 2h 9h] [Kd]
zizonmusang: checks
Hi Im Alexey: bets $6
zizonmusang: calls $6
*** RIVER *** [3s 2h 9h Kd] [Jc]
zizonmusang: checks
Hi Im Alexey: checks
*** SHOW DOWN ***
zizonmusang: shows [4s 4d] (a pair of Fours)
Hi Im Alexey: shows [6s 6c] (a pair of Sixes)
Hi Im Alexey collected $59.50 from pot
*** SUMMARY ***
Total pot $60 | Rake $0.50
Board [3s 2h 9h Kd Jc]
Seat 1: Hi Im Alexey (button) (small blind) showed [6s 6c] and won ($59.50) with a pair of Sixes
Seat 6: zizonmusang (big blind) showed [4s 4d] and lost with a pair of Fours


PokerStars Hand #155918699456:  Hold'em Limit ($3/$6 USD) - 2016/07/13 10:37:12 ET
Table 'Alma' 6-max Seat #6 is the button
Seat 1: Hi Im Alexey ($75 in chips)
Seat 6: zizonmusang ($209.55 in chips)
zizonmusang: posts small blind $1
Hi Im Alexey: posts big blind $3
*** HOLE CARDS ***
zizonmusang: folds
Uncalled bet ($2) returned to Hi Im Alexey
Hi Im Alexey collected $2 from pot
*** SUMMARY ***
Total pot $2 | Rake $0
Seat 1: Hi Im Alexey (big blind) collected ($2)
Seat 6: zizonmusang (button) (small blind) folded before Flop


PokerStars Hand #155918695203:  Hold'em Limit ($3/$6 USD) - 2016/07/13 10:37:04 ET
Table 'Alma' 6-max Seat #1 is the button
Seat 1: Hi Im Alexey ($72 in chips)
Seat 6: zizonmusang ($212.55 in chips)
Hi Im Alexey: posts small blind $1
zizonmusang: posts big blind $3
*** HOLE CARDS ***
Hi Im Alexey: raises $3 to $6
zizonmusang: folds
Uncalled bet ($3) returned to Hi Im Alexey
Hi Im Alexey collected $6 from pot
*** SUMMARY ***
Total pot $6 | Rake $0
Seat 1: Hi Im Alexey (button) (small blind) collected ($6)
Seat 6: zizonmusang (big blind) folded before Flop


PokerStars Hand #155918705302:  Hold'em Limit ($3/$6 USD) - 2016/07/13 10:37:23 ET
Table 'Alma' 6-max Seat #6 is the button
Seat 1: Hi Im Alexey ($75 in chips)
Seat 6: zizonmusang ($209.55 in chips)
zizonmusang: posts small blind $1
Hi Im Alexey: posts big blind $3
*** HOLE CARDS ***
zizonmusang: raises $3 to $6
Hi Im Alexey: raises $3 to $9
zizonmusang: calls $3
*** FLOP *** [Jh Ad 9c]
Hi Im Alexey: bets $3
zizonmusang: folds
Uncalled bet ($3) returned to Hi Im Alexey
Hi Im Alexey collected $17.64 from pot
*** SUMMARY ***
Total pot $18 | Rake $0.36
Board [Jh Ad 9c]
Seat 1: Hi Im Alexey (big blind) collected ($17.64)
Seat 6: zizonmusang (button) (small blind) folded on the Flop


PokerStars Hand #155918738020:  Hold'em Limit ($3/$6 USD) - 2016/07/13 10:38:23 ET
Table 'Alma' 6-max Seat #6 is the button
Seat 1: Hi Im Alexey ($123.66 in chips)
Seat 6: zizonmusang ($159.55 in chips)
zizonmusang: posts small blind $1
Hi Im Alexey: posts big blind $3
*** HOLE CARDS ***
zizonmusang: raises $3 to $6
Hi Im Alexey: calls $3
*** FLOP *** [Kd Jc 7c]
Hi Im Alexey: checks
zizonmusang: bets $3
Hi Im Alexey: folds
Uncalled bet ($3) returned to zizonmusang
zizonmusang collected $11.76 from pot
zizonmusang: doesn't show hand
*** SUMMARY ***
Total pot $12 | Rake $0.24
Board [Kd Jc 7c]
Seat 1: Hi Im Alexey (big blind) folded on the Flop
Seat 6: zizonmusang (button) (small blind) collected ($11.76)


PokerStars Hand #155918735368:  Hold'em Limit ($3/$6 USD) - 2016/07/13 10:38:18 ET
Table 'Alma' 6-max Seat #1 is the button
Seat 1: Hi Im Alexey ($124.66 in chips)
Seat 6: zizonmusang ($158.55 in chips)
Hi Im Alexey: posts small blind $1
zizonmusang: posts big blind $3
*** HOLE CARDS ***
Hi Im Alexey: folds
Uncalled bet ($2) returned to zizonmusang
zizonmusang collected $2 from pot
zizonmusang: doesn't show hand
*** SUMMARY ***
Total pot $2 | Rake $0
Seat 1: Hi Im Alexey (button) (small blind) folded before Flop
Seat 6: zizonmusang (big blind) collected ($2)


PokerStars Hand #155918727199:  Hold'em Limit ($3/$6 USD) - 2016/07/13 10:38:03 ET
Table 'Alma' 6-max Seat #6 is the button
Seat 1: Hi Im Alexey ($113.14 in chips)
Seat 6: zizonmusang ($170.55 in chips)
zizonmusang: posts small blind $1
Hi Im Alexey: posts big blind $3
*** HOLE CARDS ***
zizonmusang: raises $3 to $6
Hi Im Alexey: calls $3
*** FLOP *** [Ks Kh Jd]
Hi Im Alexey: bets $3
zizonmusang: raises $3 to $6
Hi Im Alexey: raises $3 to $9
zizonmusang: folds
Uncalled bet ($3) returned to Hi Im Alexey
Hi Im Alexey collected $23.52 from pot
*** SUMMARY ***
Total pot $24 | Rake $0.48
Board [Ks Kh Jd]
Seat 1: Hi Im Alexey (big blind) collected ($23.52)
Seat 6: zizonmusang (button) (small blind) folded on the Flop


PokerStars Hand #155918744597:  Hold'em Limit ($3/$6 USD) - 2016/07/13 10:38:35 ET
Table 'Alma' 6-max Seat #1 is the button
Seat 1: Hi Im Alexey ($117.66 in chips)
Seat 6: zizonmusang ($165.31 in chips)
Hi Im Alexey: posts small blind $1
zizonmusang: posts big blind $3
*** HOLE CARDS ***
Gungster56 joins the table at seat #3
Hi Im Alexey: raises $3 to $6
zizonmusang: raises $3 to $9
Hi Im Alexey: calls $3
*** FLOP *** [Kc 8d 4s]
zizonmusang: bets $3
Hi Im Alexey: calls $3
*** TURN *** [Kc 8d 4s] [Ks]
zizonmusang: bets $6
Hi Im Alexey: raises $6 to $12
zizonmusang: calls $6
*** RIVER *** [Kc 8d 4s Ks] [Kh]
zizonmusang: bets $6
Hi Im Alexey: raises $6 to $12
zizonmusang: calls $6
*** SHOW DOWN ***
Hi Im Alexey: shows [Kd 9s] (four of a kind, Kings)
zizonmusang: mucks hand
Hi Im Alexey collected $71.50 from pot
*** SUMMARY ***
Total pot $72 | Rake $0.50
Board [Kc 8d 4s Ks Kh]
Seat 1: Hi Im Alexey (button) (small blind) showed [Kd 9s] and won ($71.50) with four of a kind, Kings
Seat 6: zizonmusang (big blind) mucked


PokerStars Hand #155918775426:  Hold'em Limit ($3/$6 USD) - 2016/07/13 10:39:13 ET
Table 'Alma' 6-max Seat #6 is the button
Seat 1: Hi Im Alexey ($153.16 in chips)
Seat 6: zizonmusang ($129.31 in chips)
zizonmusang: posts small blind $1
Hi Im Alexey: posts big blind $3
*** HOLE CARDS ***
zizonmusang: raises $3 to $6
Hi Im Alexey: raises $3 to $9
B_loJkl joins the table at seat #4
zizonmusang: raises $3 to $12
Betting is capped
Hi Im Alexey: calls $3
*** FLOP *** [4h Js 7c]
Hi Im Alexey: checks
zizonmusang: bets $3
Hi Im Alexey: calls $3
*** TURN *** [4h Js 7c] [5s]
Hi Im Alexey: checks
zizonmusang: bets $6
Hi Im Alexey: calls $6
*** RIVER *** [4h Js 7c 5s] [Ah]
Hi Im Alexey: bets $6
zizonmusang: raises $6 to $12
Hi Im Alexey: calls $6
*** SHOW DOWN ***
zizonmusang: shows [Kd Ac] (a pair of Aces)
Hi Im Alexey: mucks hand
zizonmusang collected $65.50 from pot
*** SUMMARY ***
Total pot $66 | Rake $0.50
Board [4h Js 7c 5s Ah]
Seat 1: Hi Im Alexey (big blind) mucked
Seat 6: zizonmusang (button) (small blind) showed [Kd Ac] and won ($65.50) with a pair of Aces


PokerStars Hand #155919823141:  Hold'em Limit ($3/$6 USD) - 2016/07/13 11:11:37 ET
Table 'Alma' 6-max Seat #6 is the button
Seat 2: Tryptamean ($160.30 in chips)
Seat 6: zizonmusang ($46.56 in chips)
CRZEVN will be allowed to play after the button
Zubasa07 will be allowed to play after the button
zizonmusang: posts small blind $1
Hi Im Alexey: is sitting out
Tryptamean: posts big blind $3
*** HOLE CARDS ***
zizonmusang: raises $3 to $6
Tryptamean: calls $3
*** FLOP *** [8h 4h As]
Tryptamean: checks
zizonmusang: bets $3
Tryptamean: calls $3
*** TURN *** [8h 4h As] [4s]
Tryptamean: checks
zizonmusang: bets $6
Tryptamean: raises $6 to $12
zizonmusang: calls $6
*** RIVER *** [8h 4h As 4s] [Jh]
Tryptamean: bets $6
zizonmusang: calls $6
*** SHOW DOWN ***
Tryptamean: shows [4d Td] (three of a kind, Fours)
zizonmusang: mucks hand
Tryptamean collected $53.50 from pot
*** SUMMARY ***
Total pot $54 | Rake $0.50
Board [8h 4h As 4s Jh]
Seat 2: Tryptamean (big blind) showed [4d Td] and won ($53.50) with three of a kind, Fours
Seat 6: zizonmusang (button) (small blind) mucked


PokerStars Hand #155925063987:  Hold'em Limit ($3/$6 USD) - 2016/07/13 13:32:31 ET
Table 'Alma' 6-max Seat #3 is the button
Seat 1: jackRizzar ($213.34 in chips)
Seat 3: Fabulous108 ($263.26 in chips)
Fabulous108: posts small blind $1
skanQ: is sitting out
jackRizzar: posts big blind $3
*** HOLE CARDS ***
Fabulous108: raises $3 to $6
jackRizzar: folds
Uncalled bet ($3) returned to Fabulous108
Fabulous108 collected $6 from pot
Fabulous108: doesn't show hand
*** SUMMARY ***
Total pot $6 | Rake $0
Seat 1: jackRizzar (big blind) folded before Flop
Seat 3: Fabulous108 (button) (small blind) collected ($6)


