PokerStars Hand #173232994889:  Hold'em Limit ($3/$6 USD) - 2017/07/19 8:49:44 ET
Table 'Alnath II' 6-max Seat #3 is the button
Seat 3: Jr.Vitor10 ($80.37 in chips)
Seat 4: Anchig ($120 in chips)
Jr.Vitor10: posts small blind $1
Anchig: posts big blind $3
*** HOLE CARDS ***
Jr.Vitor10: raises $3 to $6
Anchig: folds
Uncalled bet ($3) returned to Jr.Vitor10
Jr.Vitor10 collected $6 from pot
Jr.Vitor10: doesn't show hand
*** SUMMARY ***
Total pot $6 | Rake $0
Seat 3: Jr.Vitor10 (button) (small blind) collected ($6)
Seat 4: Anchig (big blind) folded before Flop


PokerStars Hand #173233005057:  Hold'em Limit ($3/$6 USD) - 2017/07/19 8:50:05 ET
Table 'Alnath II' 6-max Seat #3 is the button
Seat 3: Jr.Vitor10 ($80.37 in chips)
Seat 4: Anchig ($120 in chips)
Jr.Vitor10: posts small blind $1
Anchig: posts big blind $3
*** HOLE CARDS ***
Jr.Vitor10: raises $3 to $6
Anchig: calls $3
*** FLOP *** [7c 5d Qh]
vlaprok joins the table at seat #1
Anchig: checks
Jr.Vitor10: bets $3
Anchig: raises $3 to $6
Jr.Vitor10: calls $3
*** TURN *** [7c 5d Qh] [6c]
Anchig: bets $6
Jr.Vitor10: calls $6
*** RIVER *** [7c 5d Qh 6c] [9c]
Anchig: bets $6
Jr.Vitor10: calls $6
*** SHOW DOWN ***
Anchig: shows [9h 7d] (two pair, Nines and Sevens)
Jr.Vitor10: mucks hand
Anchig collected $47.50 from pot
*** SUMMARY ***
Total pot $48 | Rake $0.50
Board [7c 5d Qh 6c 9c]
Seat 3: Jr.Vitor10 (button) (small blind) mucked
Seat 4: Anchig (big blind) showed [9h 7d] and won ($47.50) with two pair, Nines and Sevens


PokerStars Hand #173233000706:  Hold'em Limit ($3/$6 USD) - 2017/07/19 8:49:56 ET
Table 'Alnath II' 6-max Seat #4 is the button
Seat 3: Jr.Vitor10 ($83.37 in chips)
Seat 4: Anchig ($117 in chips)
Anchig: posts small blind $1
Jr.Vitor10: posts big blind $3
*** HOLE CARDS ***
Anchig: raises $3 to $6
Jr.Vitor10: folds
Uncalled bet ($3) returned to Anchig
Anchig collected $6 from pot
Anchig: doesn't show hand
*** SUMMARY ***
Total pot $6 | Rake $0
Seat 3: Jr.Vitor10 (big blind) folded before Flop
Seat 4: Anchig (button) (small blind) collected ($6)


PokerStars Hand #173233087540:  Hold'em Limit ($3/$6 USD) - 2017/07/19 8:52:56 ET
Table 'Alnath II' 6-max Seat #5 is the button
Seat 4: Anchig ($193.24 in chips)
Seat 5: Fetish73 ($62.36 in chips)
Fetish73: posts small blind $1
vlaprok: is sitting out
Anchig: posts big blind $3
*** HOLE CARDS ***
vlaprok leaves the table
Fetish73: raises $3 to $6
Anchig: calls $3
*** FLOP *** [Kh 3d 4s]
Anchig: checks
Fetish73: bets $3
Anchig: calls $3
*** TURN *** [Kh 3d 4s] [3c]
Anchig: checks
Fetish73: bets $6
Anchig: calls $6
*** RIVER *** [Kh 3d 4s 3c] [5c]
Anchig: checks
Fetish73: bets $6
Anchig: raises $6 to $12
Fetish73: calls $6
*** SHOW DOWN ***
Anchig: shows [Ah 2d] (a straight, Ace to Five)
Fetish73: mucks hand
Anchig collected $53.50 from pot
*** SUMMARY ***
Total pot $54 | Rake $0.50
Board [Kh 3d 4s 3c 5c]
Seat 4: Anchig (big blind) showed [Ah 2d] and won ($53.50) with a straight, Ace to Five
Seat 5: Fetish73 (button) (small blind) mucked


