PokerStars Hand #145740111386:  Hold'em Limit ($3/$6 USD) - 2015/12/22 10:22:30 ET
Table 'Alnath' 2-max Seat #1 is the button
Seat 1: nedo1414 ($187.64 in chips)
Seat 2: MTails ($51 in chips)
nedo1414: posts small blind $1
MTails: posts big blind $3
*** HOLE CARDS ***
nedo1414: folds
Uncalled bet ($2) returned to MTails
MTails collected $2 from pot
MTails: doesn't show hand
*** SUMMARY ***
Total pot $2 | Rake $0
Seat 1: nedo1414 (button) (small blind) folded before Flop
Seat 2: MTails (big blind) collected ($2)


PokerStars Hand #145740098854:  Hold'em Limit ($3/$6 USD) - 2015/12/22 10:22:14 ET
Table 'Alnath' 2-max Seat #2 is the button
Seat 1: nedo1414 ($164.14 in chips)
Seat 2: MTails ($75 in chips)
MTails: posts small blind $1
nedo1414: posts big blind $3
*** HOLE CARDS ***
MTails: raises $3 to $6
nedo1414: raises $3 to $9
MTails: calls $3
*** FLOP *** [6c Ts Kd]
nedo1414: bets $3
MTails: calls $3
*** TURN *** [6c Ts Kd] [2c]
nedo1414: bets $6
MTails: raises $6 to $12
nedo1414: calls $6
*** RIVER *** [6c Ts Kd 2c] [Tc]
nedo1414: checks
MTails: checks
*** SHOW DOWN ***
nedo1414: shows [Kc Qh] (two pair, Kings and Tens)
MTails: mucks hand
nedo1414 collected $47.50 from pot
*** SUMMARY ***
Total pot $48 | Rake $0.50
Board [6c Ts Kd 2c Tc]
Seat 1: nedo1414 (big blind) showed [Kc Qh] and won ($47.50) with two pair, Kings and Tens
Seat 2: MTails (button) (small blind) mucked


PokerStars Hand #145740116791:  Hold'em Limit ($3/$6 USD) - 2015/12/22 10:22:38 ET
Table 'Alnath' 2-max Seat #2 is the button
Seat 1: nedo1414 ($186.64 in chips)
Seat 2: MTails ($112 in chips)
MTails: posts small blind $1
nedo1414: posts big blind $3
*** HOLE CARDS ***
MTails: raises $3 to $6
nedo1414: calls $3
*** FLOP *** [3s Kh 5c]
nedo1414: checks
MTails: bets $3
nedo1414: calls $3
*** TURN *** [3s Kh 5c] [4s]
nedo1414: checks
MTails: bets $6
nedo1414: raises $6 to $12
MTails: calls $6
*** RIVER *** [3s Kh 5c 4s] [5s]
nedo1414: bets $6
MTails: calls $6
*** SHOW DOWN ***
nedo1414: shows [Js 8s] (a flush, Jack high)
MTails: mucks hand
nedo1414 collected $53.50 from pot
*** SUMMARY ***
Total pot $54 | Rake $0.50
Board [3s Kh 5c 4s 5s]
Seat 1: nedo1414 (big blind) showed [Js 8s] and won ($53.50) with a flush, Jack high
Seat 2: MTails (button) (small blind) mucked


PokerStars Hand #145740125316:  Hold'em Limit ($3/$6 USD) - 2015/12/22 10:22:49 ET
Table 'Alnath' 2-max Seat #1 is the button
Seat 1: nedo1414 ($213.14 in chips)
Seat 2: MTails ($85 in chips)
nedo1414: posts small blind $1
MTails: posts big blind $3
*** HOLE CARDS ***
nedo1414: folds
Uncalled bet ($2) returned to MTails
MTails collected $2 from pot
MTails: doesn't show hand
*** SUMMARY ***
Total pot $2 | Rake $0
Seat 1: nedo1414 (button) (small blind) folded before Flop
Seat 2: MTails (big blind) collected ($2)


PokerStars Hand #145740134956:  Hold'em Limit ($3/$6 USD) - 2015/12/22 10:23:02 ET
Table 'Alnath' 2-max Seat #1 is the button
Seat 1: nedo1414 ($209.14 in chips)
Seat 2: MTails ($89 in chips)
nedo1414: posts small blind $1
MTails: posts big blind $3
*** HOLE CARDS ***
nedo1414: folds
Uncalled bet ($2) returned to MTails
MTails collected $2 from pot
MTails: doesn't show hand
*** SUMMARY ***
Total pot $2 | Rake $0
Seat 1: nedo1414 (button) (small blind) folded before Flop
Seat 2: MTails (big blind) collected ($2)


PokerStars Hand #145740131563:  Hold'em Limit ($3/$6 USD) - 2015/12/22 10:22:58 ET
Table 'Alnath' 2-max Seat #2 is the button
Seat 1: nedo1414 ($212.14 in chips)
Seat 2: MTails ($86 in chips)
MTails: posts small blind $1
nedo1414: posts big blind $3
*** HOLE CARDS ***
MTails: raises $3 to $6
nedo1414: folds
Uncalled bet ($3) returned to MTails
MTails collected $6 from pot
MTails: doesn't show hand
*** SUMMARY ***
Total pot $6 | Rake $0
Seat 1: nedo1414 (big blind) folded before Flop
Seat 2: MTails (button) (small blind) collected ($6)


PokerStars Hand #145740152946:  Hold'em Limit ($3/$6 USD) - 2015/12/22 10:23:26 ET
Table 'Alnath' 2-max Seat #1 is the button
Seat 1: nedo1414 ($240.64 in chips)
Seat 2: MTails ($57 in chips)
nedo1414: posts small blind $1
MTails: posts big blind $3
*** HOLE CARDS ***
nedo1414: folds
Uncalled bet ($2) returned to MTails
MTails collected $2 from pot
*** SUMMARY ***
Total pot $2 | Rake $0
Seat 1: nedo1414 (button) (small blind) folded before Flop
Seat 2: MTails (big blind) collected ($2)


PokerStars Hand #145740138186:  Hold'em Limit ($3/$6 USD) - 2015/12/22 10:23:07 ET
Table 'Alnath' 2-max Seat #2 is the button
Seat 1: nedo1414 ($208.14 in chips)
Seat 2: MTails ($90 in chips)
MTails: posts small blind $1
nedo1414: posts big blind $3
*** HOLE CARDS ***
MTails: raises $3 to $6
nedo1414: calls $3
*** FLOP *** [Qs 7d 3h]
nedo1414: checks
MTails: bets $3
nedo1414: calls $3
*** TURN *** [Qs 7d 3h] [5s]
nedo1414: checks
MTails: bets $6
nedo1414: raises $6 to $12
MTails: raises $6 to $18
nedo1414: calls $6
*** RIVER *** [Qs 7d 3h 5s] [9c]
nedo1414: checks
MTails: bets $6
nedo1414: raises $6 to $12
MTails: folds
Uncalled bet ($6) returned to nedo1414
nedo1414 collected $65.50 from pot
nedo1414: doesn't show hand
*** SUMMARY ***
Total pot $66 | Rake $0.50
Board [Qs 7d 3h 5s 9c]
Seat 1: nedo1414 (big blind) collected ($65.50)
Seat 2: MTails (button) (small blind) folded on the River


PokerStars Hand #145740156354:  Hold'em Limit ($3/$6 USD) - 2015/12/22 10:23:31 ET
Table 'Alnath' 2-max Seat #2 is the button
Seat 1: nedo1414 ($239.64 in chips)
Seat 2: MTails ($58 in chips)
MTails: posts small blind $1
nedo1414: posts big blind $3
*** HOLE CARDS ***
MTails: raises $3 to $6
nedo1414: raises $3 to $9
MTails: calls $3
*** FLOP *** [2d Ac 5c]
nedo1414: bets $3
MTails: calls $3
*** TURN *** [2d Ac 5c] [6s]
nedo1414: bets $6
MTails: calls $6
*** RIVER *** [2d Ac 5c 6s] [2s]
nedo1414: bets $6
MTails: calls $6
*** SHOW DOWN ***
nedo1414: shows [Qs Ad] (two pair, Aces and Deuces)
MTails: mucks hand
nedo1414 collected $47.50 from pot
*** SUMMARY ***
Total pot $48 | Rake $0.50
Board [2d Ac 5c 6s 2s]
Seat 1: nedo1414 (big blind) showed [Qs Ad] and won ($47.50) with two pair, Aces and Deuces
Seat 2: MTails (button) (small blind) mucked


PokerStars Hand #145740165950:  Hold'em Limit ($3/$6 USD) - 2015/12/22 10:23:44 ET
Table 'Alnath' 2-max Seat #1 is the button
Seat 1: nedo1414 ($263.14 in chips)
Seat 2: MTails ($34 in chips)
nedo1414: posts small blind $1
MTails: posts big blind $3
*** HOLE CARDS ***
nedo1414: raises $3 to $6
MTails: calls $3
*** FLOP *** [9s Ad 3d]
MTails: checks
nedo1414: bets $3
MTails: calls $3
*** TURN *** [9s Ad 3d] [5c]
MTails: checks
nedo1414: bets $6
MTails: folds
Uncalled bet ($6) returned to nedo1414
nedo1414 collected $17.64 from pot
nedo1414: doesn't show hand
*** SUMMARY ***
Total pot $18 | Rake $0.36
Board [9s Ad 3d 5c]
Seat 1: nedo1414 (button) (small blind) collected ($17.64)
Seat 2: MTails (big blind) folded on the Turn


PokerStars Hand #145740174352:  Hold'em Limit ($3/$6 USD) - 2015/12/22 10:23:55 ET
Table 'Alnath' 2-max Seat #2 is the button
Seat 1: nedo1414 ($271.78 in chips)
Seat 2: MTails ($25 in chips)
MTails: posts small blind $1
nedo1414: posts big blind $3
*** HOLE CARDS ***
MTails: raises $3 to $6
nedo1414: calls $3
*** FLOP *** [9c 8c 2c]
nedo1414: checks
MTails: bets $3
nedo1414: calls $3
*** TURN *** [9c 8c 2c] [Jc]
nedo1414: checks
MTails: bets $6
nedo1414: calls $6
*** RIVER *** [9c 8c 2c Jc] [Td]
nedo1414: checks
MTails: checks
*** SHOW DOWN ***
nedo1414: shows [7h 5c] (a flush, Jack high)
MTails: mucks hand
nedo1414 collected $29.50 from pot
*** SUMMARY ***
Total pot $30 | Rake $0.50
Board [9c 8c 2c Jc Td]
Seat 1: nedo1414 (big blind) showed [7h 5c] and won ($29.50) with a flush, Jack high
Seat 2: MTails (button) (small blind) mucked


PokerStars Hand #145740188951:  Hold'em Limit ($3/$6 USD) - 2015/12/22 10:24:15 ET
Table 'Alnath' 2-max Seat #2 is the button
Seat 1: nedo1414 ($289.28 in chips)
Seat 2: MTails ($7 in chips)
MTails: posts small blind $1
nedo1414: posts big blind $3
*** HOLE CARDS ***
MTails: raises $3 to $6
nedo1414: raises $3 to $9
MTails: calls $1 and is all-in
Uncalled bet ($2) returned to nedo1414
*** FLOP *** [2h Qc 9c]
*** TURN *** [2h Qc 9c] [4s]
*** RIVER *** [2h Qc 9c 4s] [Th]
*** SHOW DOWN ***
nedo1414: shows [As 5h] (high card Ace)
MTails: shows [6d 8c] (high card Queen)
nedo1414 collected $13.72 from pot
*** SUMMARY ***
Total pot $14 | Rake $0.28
Board [2h Qc 9c 4s Th]
Seat 1: nedo1414 (big blind) showed [As 5h] and won ($13.72) with high card Ace
Seat 2: MTails (button) (small blind) showed [6d 8c] and lost with high card Queen


PokerStars Hand #145740206541:  Hold'em Limit ($3/$6 USD) - 2015/12/22 10:24:38 ET
Table 'Alnath' 2-max Seat #1 is the button
Seat 1: nedo1414 ($296 in chips)
Seat 2: MTails ($120 in chips)
nedo1414: posts small blind $1
MTails: posts big blind $3
*** HOLE CARDS ***
nedo1414: folds
Uncalled bet ($2) returned to MTails
nedo1414 leaves the table
MTails collected $2 from pot
*** SUMMARY ***
Total pot $2 | Rake $0
Seat 1: nedo1414 (button) (small blind) folded before Flop
Seat 2: MTails (big blind) collected ($2)


