PokerStars Hand #148343123750:  Hold'em Limit ($3/$6 USD) - 2016/02/06 13:01:03 ET
Table 'Alnath III' 10-max Seat #6 is the button
Seat 6: Kriksis66 ($32.26 in chips)
Seat 8: Ale4o ($69 in chips)
Kriksis66: posts small blind $1
Azrarn: is sitting out
Ale4o: posts big blind $3
*** HOLE CARDS ***
Kriksis66: calls $2
Ale4o: checks
*** FLOP *** [6h 6d Th]
Ale4o: checks
Kriksis66: checks
*** TURN *** [6h 6d Th] [As]
Ale4o: checks
Kriksis66: checks
*** RIVER *** [6h 6d Th As] [7c]
Ale4o: checks
Kriksis66: checks
*** SHOW DOWN ***
Ale4o: shows [8h Td] (two pair, Tens and Sixes)
Kriksis66: mucks hand
Ale4o collected $5.88 from pot
*** SUMMARY ***
Total pot $6 | Rake $0.12
Board [6h 6d Th As 7c]
Seat 6: Kriksis66 (button) (small blind) mucked
Seat 8: Ale4o (big blind) showed [8h Td] and won ($5.88) with two pair, Tens and Sixes


PokerStars Hand #148343136722:  Hold'em Limit ($3/$6 USD) - 2016/02/06 13:01:18 ET
Table 'Alnath III' 10-max Seat #8 is the button
Seat 6: Kriksis66 ($29.26 in chips)
Seat 8: Ale4o ($71.88 in chips)
Ale4o: posts small blind $1
Kriksis66: posts big blind $3
*** HOLE CARDS ***
Ale4o: raises $3 to $6
Kriksis66: calls $3
*** FLOP *** [Th 2h 7h]
Kriksis66: checks
Ale4o: bets $3
Kriksis66: calls $3
*** TURN *** [Th 2h 7h] [Ts]
Kriksis66: checks
Ale4o: bets $6
Kriksis66: calls $6
*** RIVER *** [Th 2h 7h Ts] [2s]
Kriksis66: checks
Ale4o: checks
*** SHOW DOWN ***
Kriksis66: shows [8s 9h] (two pair, Tens and Deuces)
Ale4o: shows [8h Ad] (two pair, Tens and Deuces - Ace kicker)
Ale4o collected $29.50 from pot
*** SUMMARY ***
Total pot $30 | Rake $0.50
Board [Th 2h 7h Ts 2s]
Seat 6: Kriksis66 (big blind) showed [8s 9h] and lost with two pair, Tens and Deuces
Seat 8: Ale4o (button) (small blind) showed [8h Ad] and won ($29.50) with two pair, Tens and Deuces


PokerStars Hand #148343216903:  Hold'em Limit ($3/$6 USD) - 2016/02/06 13:02:45 ET
Table 'Alnath III' 10-max Seat #8 is the button
Seat 7: Azrarn ($187.48 in chips)
Seat 8: Ale4o ($81.84 in chips)
Ale4o: posts small blind $1
Azrarn: posts big blind $3
*** HOLE CARDS ***
Ale4o: raises $3 to $6
Azrarn: folds
Uncalled bet ($3) returned to Ale4o
Ale4o collected $6 from pot
Ale4o: doesn't show hand
*** SUMMARY ***
Total pot $6 | Rake $0
Seat 7: Azrarn (big blind) folded before Flop
Seat 8: Ale4o (button) (small blind) collected ($6)


PokerStars Hand #148348828793:  Hold'em Limit ($3/$6 USD) - 2016/02/06 14:41:35 ET
Table 'Alnath III' 10-max Seat #6 is the button
Seat 6: Great_Kang ($121 in chips)
Seat 8: rubiconmb ($108.85 in chips)
Great_Kang: posts small blind $1
rubiconmb: posts big blind $3
*** HOLE CARDS ***
Great_Kang: raises $3 to $6
GoliafUa joins the table at seat #9
rubiconmb: folds
Uncalled bet ($3) returned to Great_Kang
Great_Kang collected $6 from pot
Great_Kang: doesn't show hand
*** SUMMARY ***
Total pot $6 | Rake $0
Seat 6: Great_Kang (button) (small blind) collected ($6)
Seat 8: rubiconmb (big blind) folded before Flop


PokerStars Hand #148348873229:  Hold'em Limit ($3/$6 USD) - 2016/02/06 14:42:21 ET
Table 'Alnath III' 10-max Seat #6 is the button
Seat 6: Great_Kang ($120 in chips)
Seat 8: rubiconmb ($117.37 in chips)
Great_Kang: posts small blind $1
rubiconmb: posts big blind $3
*** HOLE CARDS ***
Great_Kang: raises $3 to $6
rubiconmb: calls $3
*** FLOP *** [Qs 5d Kh]
rubiconmb: bets $3
Great_Kang: folds
Uncalled bet ($3) returned to rubiconmb
rubiconmb collected $11.76 from pot
rubiconmb: doesn't show hand
*** SUMMARY ***
Total pot $12 | Rake $0.24
Board [Qs 5d Kh]
Seat 6: Great_Kang (button) (small blind) folded on the Flop
Seat 8: rubiconmb (big blind) collected ($11.76)


PokerStars Hand #148348840830:  Hold'em Limit ($3/$6 USD) - 2016/02/06 14:41:48 ET
Table 'Alnath III' 10-max Seat #8 is the button
Seat 6: Great_Kang ($124 in chips)
Seat 8: rubiconmb ($105.85 in chips)
rubiconmb: posts small blind $1
Great_Kang: posts big blind $3
*** HOLE CARDS ***
rubiconmb: raises $3 to $6
Great_Kang: raises $3 to $9
rubiconmb: calls $3
*** FLOP *** [Kd Qd 4c]
Great_Kang: bets $3
rubiconmb: calls $3
*** TURN *** [Kd Qd 4c] [7s]
Great_Kang: checks
rubiconmb: checks
*** RIVER *** [Kd Qd 4c 7s] [8d]
Great_Kang: checks
rubiconmb: checks
*** SHOW DOWN ***
Great_Kang: shows [9c 5c] (high card King)
rubiconmb: shows [Ad 2s] (high card Ace)
rubiconmb collected $23.52 from pot
*** SUMMARY ***
Total pot $24 | Rake $0.48
Board [Kd Qd 4c 7s 8d]
Seat 6: Great_Kang (big blind) showed [9c 5c] and lost with high card King
Seat 8: rubiconmb (button) (small blind) showed [Ad 2s] and won ($23.52) with high card Ace


PokerStars Hand #148348915270:  Hold'em Limit ($3/$6 USD) - 2016/02/06 14:43:04 ET
Table 'Alnath III' 10-max Seat #6 is the button
Seat 6: Great_Kang ($120 in chips)
Seat 8: rubiconmb ($134.65 in chips)
Great_Kang: posts small blind $1
rubiconmb: posts big blind $3
*** HOLE CARDS ***
Great_Kang: raises $3 to $6
rubiconmb: calls $3
*** FLOP *** [5d 5s 6s]
rubiconmb: checks
Great_Kang: bets $3
rubiconmb: calls $3
*** TURN *** [5d 5s 6s] [7c]
rubiconmb: checks
Great_Kang: checks
*** RIVER *** [5d 5s 6s 7c] [2d]
rubiconmb: checks
Great_Kang: checks
*** SHOW DOWN ***
rubiconmb: shows [4c 8c] (a straight, Four to Eight)
Great_Kang: mucks hand
rubiconmb collected $17.64 from pot
*** SUMMARY ***
Total pot $18 | Rake $0.36
Board [5d 5s 6s 7c 2d]
Seat 6: Great_Kang (button) (small blind) mucked
Seat 8: rubiconmb (big blind) showed [4c 8c] and won ($17.64) with a straight, Four to Eight


PokerStars Hand #148348891368:  Hold'em Limit ($3/$6 USD) - 2016/02/06 14:42:40 ET
Table 'Alnath III' 10-max Seat #8 is the button
Seat 6: Great_Kang ($120 in chips)
Seat 8: rubiconmb ($123.13 in chips)
rubiconmb: posts small blind $1
Great_Kang: posts big blind $3
*** HOLE CARDS ***
rubiconmb: raises $3 to $6
Great_Kang: calls $3
*** FLOP *** [3c Jd 6h]
Great_Kang: checks
rubiconmb: checks
*** TURN *** [3c Jd 6h] [Ad]
Great_Kang: checks
rubiconmb: bets $6
Great_Kang: calls $6
*** RIVER *** [3c Jd 6h Ad] [Jc]
Great_Kang: checks
rubiconmb: checks
*** SHOW DOWN ***
Great_Kang: shows [2d 5d] (a pair of Jacks)
rubiconmb: shows [Qh 4c] (a pair of Jacks - Ace+Queen kicker)
rubiconmb collected $23.52 from pot
*** SUMMARY ***
Total pot $24 | Rake $0.48
Board [3c Jd 6h Ad Jc]
Seat 6: Great_Kang (big blind) showed [2d 5d] and lost with a pair of Jacks
Seat 8: rubiconmb (button) (small blind) showed [Qh 4c] and won ($23.52) with a pair of Jacks


PokerStars Hand #148348983491:  Hold'em Limit ($3/$6 USD) - 2016/02/06 14:44:14 ET
Table 'Alnath III' 10-max Seat #6 is the button
Seat 6: Great_Kang ($132.64 in chips)
Seat 8: rubiconmb ($130.29 in chips)
Great_Kang: posts small blind $1
rubiconmb: posts big blind $3
*** HOLE CARDS ***
Great_Kang: raises $3 to $6
rubiconmb: calls $3
*** FLOP *** [4h Qd 8c]
rubiconmb: bets $3
Great_Kang: calls $3
*** TURN *** [4h Qd 8c] [2s]
rubiconmb: bets $6
Great_Kang: calls $6
*** RIVER *** [4h Qd 8c 2s] [7c]
rubiconmb: bets $6
Great_Kang: calls $6
*** SHOW DOWN ***
rubiconmb: shows [6d Qh] (a pair of Queens)
Great_Kang: mucks hand
rubiconmb collected $41.50 from pot
*** SUMMARY ***
Total pot $42 | Rake $0.50
Board [4h Qd 8c 2s 7c]
Seat 6: Great_Kang (button) (small blind) mucked
Seat 8: rubiconmb (big blind) showed [6d Qh] and won ($41.50) with a pair of Queens


PokerStars Hand #148348977439:  Hold'em Limit ($3/$6 USD) - 2016/02/06 14:44:08 ET
Table 'Alnath III' 10-max Seat #8 is the button
Seat 6: Great_Kang ($131.64 in chips)
Seat 8: rubiconmb ($131.29 in chips)
rubiconmb: posts small blind $1
Great_Kang: posts big blind $3
*** HOLE CARDS ***
rubiconmb: folds
Uncalled bet ($2) returned to Great_Kang
Great_Kang collected $2 from pot
Great_Kang: doesn't show hand
*** SUMMARY ***
Total pot $2 | Rake $0
Seat 6: Great_Kang (big blind) collected ($2)
Seat 8: rubiconmb (button) (small blind) folded before Flop


PokerStars Hand #148348971442:  Hold'em Limit ($3/$6 USD) - 2016/02/06 14:44:02 ET
Table 'Alnath III' 10-max Seat #6 is the button
Seat 6: Great_Kang ($128.64 in chips)
Seat 8: rubiconmb ($134.29 in chips)
Great_Kang: posts small blind $1
rubiconmb: posts big blind $3
*** HOLE CARDS ***
Great_Kang: raises $3 to $6
rubiconmb: folds
Uncalled bet ($3) returned to Great_Kang
Great_Kang collected $6 from pot
Great_Kang: doesn't show hand
*** SUMMARY ***
Total pot $6 | Rake $0
Seat 6: Great_Kang (button) (small blind) collected ($6)
Seat 8: rubiconmb (big blind) folded before Flop


PokerStars Hand #148348944290:  Hold'em Limit ($3/$6 USD) - 2016/02/06 14:43:34 ET
Table 'Alnath III' 10-max Seat #8 is the button
Seat 6: Great_Kang ($120 in chips)
Seat 8: rubiconmb ($143.29 in chips)
rubiconmb: posts small blind $1
Great_Kang: posts big blind $3
*** HOLE CARDS ***
rubiconmb: calls $2
Great_Kang: raises $3 to $6
rubiconmb: calls $3
*** FLOP *** [5h 8c Jc]
Great_Kang: bets $3
rubiconmb: calls $3
*** TURN *** [5h 8c Jc] [8s]
Great_Kang: checks
rubiconmb: checks
*** RIVER *** [5h 8c Jc 8s] [3c]
Great_Kang: checks
rubiconmb: checks
*** SHOW DOWN ***
Great_Kang: shows [As 2h] (a pair of Eights)
rubiconmb: mucks hand
Great_Kang collected $17.64 from pot
*** SUMMARY ***
Total pot $18 | Rake $0.36
Board [5h 8c Jc 8s 3c]
Seat 6: Great_Kang (big blind) showed [As 2h] and won ($17.64) with a pair of Eights
Seat 8: rubiconmb (button) (small blind) mucked


PokerStars Hand #148349052493:  Hold'em Limit ($3/$6 USD) - 2016/02/06 14:45:25 ET
Table 'Alnath III' 10-max Seat #8 is the button
Seat 6: Great_Kang ($140.50 in chips)
Seat 8: rubiconmb ($129.79 in chips)
rubiconmb: posts small blind $1
Great_Kang: posts big blind $3
*** HOLE CARDS ***
rubiconmb: folds
Uncalled bet ($2) returned to Great_Kang
Great_Kang collected $2 from pot
Great_Kang: doesn't show hand
*** SUMMARY ***
Total pot $2 | Rake $0
Seat 6: Great_Kang (big blind) collected ($2)
Seat 8: rubiconmb (button) (small blind) folded before Flop


PokerStars Hand #148349041096:  Hold'em Limit ($3/$6 USD) - 2016/02/06 14:45:14 ET
Table 'Alnath III' 10-max Seat #6 is the button
Seat 6: Great_Kang ($137.50 in chips)
Seat 8: rubiconmb ($132.79 in chips)
Great_Kang: posts small blind $1
rubiconmb: posts big blind $3
*** HOLE CARDS ***
Great_Kang: raises $3 to $6
rubiconmb: folds
Uncalled bet ($3) returned to Great_Kang
Great_Kang collected $6 from pot
Great_Kang: doesn't show hand
*** SUMMARY ***
Total pot $6 | Rake $0
Seat 6: Great_Kang (button) (small blind) collected ($6)
Seat 8: rubiconmb (big blind) folded before Flop


PokerStars Hand #148349011012:  Hold'em Limit ($3/$6 USD) - 2016/02/06 14:44:43 ET
Table 'Alnath III' 10-max Seat #8 is the button
Seat 6: Great_Kang ($120 in chips)
Seat 8: rubiconmb ($150.79 in chips)
rubiconmb: posts small blind $1
Great_Kang: posts big blind $3
*** HOLE CARDS ***
rubiconmb: raises $3 to $6
Great_Kang: raises $3 to $9
rubiconmb: raises $3 to $12
Betting is capped
Great_Kang: calls $3
*** FLOP *** [Kd 8c 2d]
Great_Kang: checks
rubiconmb: checks
*** TURN *** [Kd 8c 2d] [Kc]
Great_Kang: checks
rubiconmb: checks
*** RIVER *** [Kd 8c 2d Kc] [4h]
Great_Kang: bets $6
rubiconmb: calls $6
*** SHOW DOWN ***
Great_Kang: shows [4s 4d] (a full house, Fours full of Kings)
rubiconmb: mucks hand
Great_Kang collected $35.50 from pot
*** SUMMARY ***
Total pot $36 | Rake $0.50
Board [Kd 8c 2d Kc 4h]
Seat 6: Great_Kang (big blind) showed [4s 4d] and won ($35.50) with a full house, Fours full of Kings
Seat 8: rubiconmb (button) (small blind) mucked


PokerStars Hand #148349108107:  Hold'em Limit ($3/$6 USD) - 2016/02/06 14:46:23 ET
Table 'Alnath III' 10-max Seat #6 is the button
Seat 6: Great_Kang ($127.50 in chips)
Seat 8: rubiconmb ($142.29 in chips)
Great_Kang: posts small blind $1
rubiconmb: posts big blind $3
*** HOLE CARDS ***
Great_Kang: raises $3 to $6
rubiconmb: calls $3
*** FLOP *** [2s 2h 6c]
rubiconmb: bets $3
Great_Kang: calls $3
*** TURN *** [2s 2h 6c] [Td]
rubiconmb: bets $6
Great_Kang: raises $6 to $12
rubiconmb: calls $6
*** RIVER *** [2s 2h 6c Td] [2c]
rubiconmb: bets $6
Great_Kang: folds
Uncalled bet ($6) returned to rubiconmb
rubiconmb collected $41.50 from pot
rubiconmb: doesn't show hand
*** SUMMARY ***
Total pot $42 | Rake $0.50
Board [2s 2h 6c Td 2c]
Seat 6: Great_Kang (button) (small blind) folded on the River
Seat 8: rubiconmb (big blind) collected ($41.50)


PokerStars Hand #148349098985:  Hold'em Limit ($3/$6 USD) - 2016/02/06 14:46:13 ET
Table 'Alnath III' 10-max Seat #8 is the button
Seat 6: Great_Kang ($126.50 in chips)
Seat 8: rubiconmb ($143.29 in chips)
rubiconmb: posts small blind $1
Great_Kang: posts big blind $3
*** HOLE CARDS ***
rubiconmb: folds
Uncalled bet ($2) returned to Great_Kang
Great_Kang collected $2 from pot
Great_Kang: doesn't show hand
*** SUMMARY ***
Total pot $2 | Rake $0
Seat 6: Great_Kang (big blind) collected ($2)
Seat 8: rubiconmb (button) (small blind) folded before Flop


PokerStars Hand #148349087388:  Hold'em Limit ($3/$6 USD) - 2016/02/06 14:46:01 ET
Table 'Alnath III' 10-max Seat #6 is the button
Seat 6: Great_Kang ($127.50 in chips)
Seat 8: rubiconmb ($142.29 in chips)
Great_Kang: posts small blind $1
rubiconmb: posts big blind $3
*** HOLE CARDS ***
Great_Kang: folds
Uncalled bet ($2) returned to rubiconmb
rubiconmb collected $2 from pot
rubiconmb: doesn't show hand
*** SUMMARY ***
Total pot $2 | Rake $0
Seat 6: Great_Kang (button) (small blind) folded before Flop
Seat 8: rubiconmb (big blind) collected ($2)


PokerStars Hand #148349081611:  Hold'em Limit ($3/$6 USD) - 2016/02/06 14:45:55 ET
Table 'Alnath III' 10-max Seat #8 is the button
Seat 6: Great_Kang ($126.50 in chips)
Seat 8: rubiconmb ($143.29 in chips)
rubiconmb: posts small blind $1
Great_Kang: posts big blind $3
*** HOLE CARDS ***
rubiconmb: folds
Uncalled bet ($2) returned to Great_Kang
Great_Kang collected $2 from pot
Great_Kang: doesn't show hand
*** SUMMARY ***
Total pot $2 | Rake $0
Seat 6: Great_Kang (big blind) collected ($2)
Seat 8: rubiconmb (button) (small blind) folded before Flop


PokerStars Hand #148349057100:  Hold'em Limit ($3/$6 USD) - 2016/02/06 14:45:30 ET
Table 'Alnath III' 10-max Seat #6 is the button
Seat 6: Great_Kang ($141.50 in chips)
Seat 8: rubiconmb ($128.79 in chips)
Great_Kang: posts small blind $1
rubiconmb: posts big blind $3
*** HOLE CARDS ***
Great_Kang: raises $3 to $6
rubiconmb: calls $3
*** FLOP *** [3d Jc 4s]
rubiconmb: checks
Great_Kang: bets $3
rubiconmb: calls $3
*** TURN *** [3d Jc 4s] [Jh]
rubiconmb: checks
Great_Kang: checks
*** RIVER *** [3d Jc 4s Jh] [7h]
rubiconmb: checks
Great_Kang: bets $6
rubiconmb: raises $6 to $12
Great_Kang: folds
Uncalled bet ($6) returned to rubiconmb
rubiconmb collected $29.50 from pot
rubiconmb: doesn't show hand
*** SUMMARY ***
Total pot $30 | Rake $0.50
Board [3d Jc 4s Jh 7h]
Seat 6: Great_Kang (button) (small blind) folded on the River
Seat 8: rubiconmb (big blind) collected ($29.50)


PokerStars Hand #148349185065:  Hold'em Limit ($3/$6 USD) - 2016/02/06 14:47:40 ET
Table 'Alnath III' 10-max Seat #6 is the button
Seat 6: Great_Kang ($120 in chips)
Seat 8: rubiconmb ($182.95 in chips)
Great_Kang: posts small blind $1
rubiconmb: posts big blind $3
*** HOLE CARDS ***
Great_Kang: raises $3 to $6
rubiconmb: folds
Uncalled bet ($3) returned to Great_Kang
Great_Kang collected $6 from pot
Great_Kang: doesn't show hand
*** SUMMARY ***
Total pot $6 | Rake $0
Seat 6: Great_Kang (button) (small blind) collected ($6)
Seat 8: rubiconmb (big blind) folded before Flop


PokerStars Hand #148349161299:  Hold'em Limit ($3/$6 USD) - 2016/02/06 14:47:16 ET
Table 'Alnath III' 10-max Seat #8 is the button
Seat 6: Great_Kang ($120 in chips)
Seat 8: rubiconmb ($180.07 in chips)
rubiconmb: posts small blind $1
Great_Kang: posts big blind $3
*** HOLE CARDS ***
rubiconmb: calls $2
Great_Kang: checks
*** FLOP *** [9h Ah 9s]
Great_Kang: checks
rubiconmb: checks
*** TURN *** [9h Ah 9s] [Ad]
Great_Kang: checks
rubiconmb: checks
*** RIVER *** [9h Ah 9s Ad] [5h]
Great_Kang: checks
rubiconmb: checks
*** SHOW DOWN ***
Great_Kang: shows [5d Jc] (two pair, Aces and Nines)
rubiconmb: shows [6s Qs] (two pair, Aces and Nines - Queen kicker)
rubiconmb collected $5.88 from pot
*** SUMMARY ***
Total pot $6 | Rake $0.12
Board [9h Ah 9s Ad 5h]
Seat 6: Great_Kang (big blind) showed [5d Jc] and lost with two pair, Aces and Nines
Seat 8: rubiconmb (button) (small blind) showed [6s Qs] and won ($5.88) with two pair, Aces and Nines


PokerStars Hand #148349148428:  Hold'em Limit ($3/$6 USD) - 2016/02/06 14:47:03 ET
Table 'Alnath III' 10-max Seat #6 is the button
Seat 6: Great_Kang ($120 in chips)
Seat 8: rubiconmb ($171.43 in chips)
Great_Kang: posts small blind $1
rubiconmb: posts big blind $3
*** HOLE CARDS ***
Great_Kang: raises $3 to $6
rubiconmb: calls $3
*** FLOP *** [5c 8c Jd]
rubiconmb: bets $3
Great_Kang: calls $3
*** TURN *** [5c 8c Jd] [Ks]
rubiconmb: bets $6
Great_Kang: folds
Uncalled bet ($6) returned to rubiconmb
rubiconmb collected $17.64 from pot
rubiconmb: doesn't show hand
*** SUMMARY ***
Total pot $18 | Rake $0.36
Board [5c 8c Jd Ks]
Seat 6: Great_Kang (button) (small blind) folded on the Turn
Seat 8: rubiconmb (big blind) collected ($17.64)


PokerStars Hand #148349130941:  Hold'em Limit ($3/$6 USD) - 2016/02/06 14:46:46 ET
Table 'Alnath III' 10-max Seat #8 is the button
Seat 6: Great_Kang ($120 in chips)
Seat 8: rubiconmb ($162.79 in chips)
rubiconmb: posts small blind $1
Great_Kang: posts big blind $3
*** HOLE CARDS ***
rubiconmb: calls $2
Great_Kang: raises $3 to $6
rubiconmb: calls $3
*** FLOP *** [4c As 5c]
Great_Kang: bets $3
rubiconmb: raises $3 to $6
Great_Kang: folds
Uncalled bet ($3) returned to rubiconmb
rubiconmb collected $17.64 from pot
rubiconmb: doesn't show hand
*** SUMMARY ***
Total pot $18 | Rake $0.36
Board [4c As 5c]
Seat 6: Great_Kang (big blind) folded on the Flop
Seat 8: rubiconmb (button) (small blind) collected ($17.64)


PokerStars Hand #148349198558:  Hold'em Limit ($3/$6 USD) - 2016/02/06 14:47:54 ET
Table 'Alnath III' 10-max Seat #6 is the button
Seat 6: Great_Kang ($124 in chips)
Seat 8: rubiconmb ($178.95 in chips)
Great_Kang: posts small blind $1
rubiconmb: posts big blind $3
*** HOLE CARDS ***
Great_Kang: folds
Uncalled bet ($2) returned to rubiconmb
rubiconmb collected $2 from pot
rubiconmb: doesn't show hand
*** SUMMARY ***
Total pot $2 | Rake $0
Seat 6: Great_Kang (button) (small blind) folded before Flop
Seat 8: rubiconmb (big blind) collected ($2)


PokerStars Hand #148349193264:  Hold'em Limit ($3/$6 USD) - 2016/02/06 14:47:49 ET
Table 'Alnath III' 10-max Seat #8 is the button
Seat 6: Great_Kang ($123 in chips)
Seat 8: rubiconmb ($179.95 in chips)
rubiconmb: posts small blind $1
Great_Kang: posts big blind $3
*** HOLE CARDS ***
rubiconmb: folds
Uncalled bet ($2) returned to Great_Kang
Great_Kang collected $2 from pot
Great_Kang: doesn't show hand
*** SUMMARY ***
Total pot $2 | Rake $0
Seat 6: Great_Kang (big blind) collected ($2)
Seat 8: rubiconmb (button) (small blind) folded before Flop


PokerStars Hand #148349295497:  Hold'em Limit ($3/$6 USD) - 2016/02/06 14:49:31 ET
Table 'Alnath III' 10-max Seat #8 is the button
Seat 6: Great_Kang ($128.64 in chips)
Seat 8: rubiconmb ($185.45 in chips)
rubiconmb: posts small blind $1
Great_Kang: posts big blind $3
*** HOLE CARDS ***
rubiconmb: calls $2
Great_Kang: checks
*** FLOP *** [Jd Kc Qh]
Great_Kang: checks
rubiconmb: bets $3
Great_Kang: folds
Uncalled bet ($3) returned to rubiconmb
rubiconmb collected $5.88 from pot
rubiconmb: doesn't show hand
*** SUMMARY ***
Total pot $6 | Rake $0.12
Board [Jd Kc Qh]
Seat 6: Great_Kang (big blind) folded on the Flop
Seat 8: rubiconmb (button) (small blind) collected ($5.88)


PokerStars Hand #148349274960:  Hold'em Limit ($3/$6 USD) - 2016/02/06 14:49:11 ET
Table 'Alnath III' 10-max Seat #6 is the button
Seat 6: Great_Kang ($120 in chips)
Seat 8: rubiconmb ($194.45 in chips)
Great_Kang: posts small blind $1
rubiconmb: posts big blind $3
*** HOLE CARDS ***
Great_Kang: raises $3 to $6
rubiconmb: calls $3
*** FLOP *** [6c 4h 9d]
rubiconmb: checks
Great_Kang: bets $3
rubiconmb: calls $3
*** TURN *** [6c 4h 9d] [Ac]
rubiconmb: checks
Great_Kang: bets $6
rubiconmb: folds
Uncalled bet ($6) returned to Great_Kang
Great_Kang collected $17.64 from pot
Great_Kang: doesn't show hand
*** SUMMARY ***
Total pot $18 | Rake $0.36
Board [6c 4h 9d Ac]
Seat 6: Great_Kang (button) (small blind) collected ($17.64)
Seat 8: rubiconmb (big blind) folded on the Turn


PokerStars Hand #148349203222:  Hold'em Limit ($3/$6 USD) - 2016/02/06 14:47:59 ET
Table 'Alnath III' 10-max Seat #8 is the button
Seat 6: Great_Kang ($123 in chips)
Seat 8: rubiconmb ($179.95 in chips)
rubiconmb: posts small blind $1
Great_Kang: posts big blind $3
*** HOLE CARDS ***
rubiconmb: calls $2
Great_Kang: raises $3 to $6
rubiconmb: calls $3
*** FLOP *** [Qh 6s 9d]
Great_Kang: bets $3
rubiconmb: calls $3
*** TURN *** [Qh 6s 9d] [Td]
Great_Kang: checks
rubiconmb: checks
*** RIVER *** [Qh 6s 9d Td] [4d]
Great_Kang: bets $6
rubiconmb: calls $6
*** SHOW DOWN ***
Great_Kang: shows [8c 8s] (a pair of Eights)
rubiconmb: shows [9h Jc] (a pair of Nines)
rubiconmb collected $29.50 from pot
*** SUMMARY ***
Total pot $30 | Rake $0.50
Board [Qh 6s 9d Td 4d]
Seat 6: Great_Kang (big blind) showed [8c 8s] and lost with a pair of Eights
Seat 8: rubiconmb (button) (small blind) showed [9h Jc] and won ($29.50) with a pair of Nines


PokerStars Hand #148349332499:  Hold'em Limit ($3/$6 USD) - 2016/02/06 14:50:09 ET
Table 'Alnath III' 10-max Seat #8 is the button
Seat 6: Great_Kang ($158.14 in chips)
Seat 8: rubiconmb ($155.33 in chips)
rubiconmb: posts small blind $1
Great_Kang: posts big blind $3
*** HOLE CARDS ***
rubiconmb: raises $3 to $6
Great_Kang: calls $3
*** FLOP *** [Ks Tc 2d]
Great_Kang: checks
rubiconmb: bets $3
Great_Kang: calls $3
*** TURN *** [Ks Tc 2d] [Jd]
Great_Kang: checks
rubiconmb: checks
*** RIVER *** [Ks Tc 2d Jd] [5s]
Great_Kang: checks
rubiconmb: bets $6
Great_Kang: folds
Uncalled bet ($6) returned to rubiconmb
rubiconmb collected $17.64 from pot
rubiconmb: doesn't show hand
*** SUMMARY ***
Total pot $18 | Rake $0.36
Board [Ks Tc 2d Jd 5s]
Seat 6: Great_Kang (big blind) folded on the River
Seat 8: rubiconmb (button) (small blind) collected ($17.64)


PokerStars Hand #148349307493:  Hold'em Limit ($3/$6 USD) - 2016/02/06 14:49:44 ET
Table 'Alnath III' 10-max Seat #6 is the button
Seat 6: Great_Kang ($125.64 in chips)
Seat 8: rubiconmb ($188.33 in chips)
Great_Kang: posts small blind $1
rubiconmb: posts big blind $3
*** HOLE CARDS ***
Great_Kang: raises $3 to $6
rubiconmb: calls $3
*** FLOP *** [Ks 4s Qh]
rubiconmb: bets $3
Great_Kang: raises $3 to $6
rubiconmb: raises $3 to $9
Great_Kang: calls $3
*** TURN *** [Ks 4s Qh] [3d]
rubiconmb: bets $6
Great_Kang: calls $6
*** RIVER *** [Ks 4s Qh 3d] [Td]
rubiconmb: bets $6
Great_Kang: raises $6 to $12
rubiconmb: calls $6
*** SHOW DOWN ***
Great_Kang: shows [Ah Js] (a straight, Ten to Ace)
rubiconmb: mucks hand
Great_Kang collected $65.50 from pot
*** SUMMARY ***
Total pot $66 | Rake $0.50
Board [Ks 4s Qh 3d Td]
Seat 6: Great_Kang (button) (small blind) showed [Ah Js] and won ($65.50) with a straight, Ten to Ace
Seat 8: rubiconmb (big blind) mucked


PokerStars Hand #148349373369:  Hold'em Limit ($3/$6 USD) - 2016/02/06 14:50:50 ET
Table 'Alnath III' 10-max Seat #6 is the button
Seat 6: Great_Kang ($149.14 in chips)
Seat 8: rubiconmb ($163.97 in chips)
Great_Kang: posts small blind $1
rubiconmb: posts big blind $3
*** HOLE CARDS ***
Great_Kang: raises $3 to $6
rubiconmb: calls $3
*** FLOP *** [4d 2h 4s]
rubiconmb: checks
DePokeraap joins the table at seat #10
Great_Kang: bets $3
rubiconmb: folds
Uncalled bet ($3) returned to Great_Kang
Great_Kang collected $11.76 from pot
Great_Kang: doesn't show hand
*** SUMMARY ***
Total pot $12 | Rake $0.24
Board [4d 2h 4s]
Seat 6: Great_Kang (button) (small blind) collected ($11.76)
Seat 8: rubiconmb (big blind) folded on the Flop


PokerStars Hand #148349539979:  Hold'em Limit ($3/$6 USD) - 2016/02/06 14:53:40 ET
Table 'Alnath III' 10-max Seat #10 is the button
Seat 8: rubiconmb ($146.16 in chips)
Seat 10: DePokeraap ($71.19 in chips)
DePokeraap: posts small blind $1
rubiconmb: posts big blind $3
*** HOLE CARDS ***
DePokeraap: folds
Uncalled bet ($2) returned to rubiconmb
rubiconmb collected $2 from pot
rubiconmb: doesn't show hand
*** SUMMARY ***
Total pot $2 | Rake $0
Seat 8: rubiconmb (big blind) collected ($2)
Seat 10: DePokeraap (button) (small blind) folded before Flop


PokerStars Hand #148349518819:  Hold'em Limit ($3/$6 USD) - 2016/02/06 14:53:18 ET
Table 'Alnath III' 10-max Seat #8 is the button
Seat 8: rubiconmb ($152.16 in chips)
Seat 10: DePokeraap ($65.43 in chips)
Great_Kang leaves the table
rubiconmb: posts small blind $1
DePokeraap: posts big blind $3
*** HOLE CARDS ***
rubiconmb: calls $2
DePokeraap: raises $3 to $6
rubiconmb: calls $3
*** FLOP *** [5h Js Td]
DePokeraap: bets $3
rubiconmb: folds
Uncalled bet ($3) returned to DePokeraap
DePokeraap collected $11.76 from pot
DePokeraap: doesn't show hand
*** SUMMARY ***
Total pot $12 | Rake $0.24
Board [5h Js Td]
Seat 8: rubiconmb (button) (small blind) folded on the Flop
Seat 10: DePokeraap (big blind) collected ($11.76)


PokerStars Hand #148349511347:  Hold'em Limit ($3/$6 USD) - 2016/02/06 14:53:11 ET
Table 'Alnath III' 10-max Seat #10 is the button
Seat 8: rubiconmb ($151.16 in chips)
Seat 10: DePokeraap ($66.43 in chips)
DePokeraap: posts small blind $1
Great_Kang: is sitting out
perten: is sitting out
rubiconmb: posts big blind $3
*** HOLE CARDS ***
DePokeraap: folds
Uncalled bet ($2) returned to rubiconmb
rubiconmb collected $2 from pot
perten leaves the table
rubiconmb: doesn't show hand
*** SUMMARY ***
Total pot $2 | Rake $0
Seat 8: rubiconmb (big blind) collected ($2)
Seat 10: DePokeraap (button) (small blind) folded before Flop


PokerStars Hand #148349586970:  Hold'em Limit ($3/$6 USD) - 2016/02/06 14:54:28 ET
Table 'Alnath III' 10-max Seat #8 is the button
Seat 8: rubiconmb ($132.16 in chips)
Seat 10: DePokeraap ($84.59 in chips)
rubiconmb: posts small blind $1
DePokeraap: posts big blind $3
*** HOLE CARDS ***
rubiconmb: raises $3 to $6
DePokeraap: folds
Uncalled bet ($3) returned to rubiconmb
rubiconmb collected $6 from pot
rubiconmb: doesn't show hand
*** SUMMARY ***
Total pot $6 | Rake $0
Seat 8: rubiconmb (button) (small blind) collected ($6)
Seat 10: DePokeraap (big blind) folded before Flop


PokerStars Hand #148349565876:  Hold'em Limit ($3/$6 USD) - 2016/02/06 14:54:06 ET
Table 'Alnath III' 10-max Seat #10 is the button
Seat 8: rubiconmb ($144.16 in chips)
Seat 10: DePokeraap ($73.07 in chips)
DePokeraap: posts small blind $1
rubiconmb: posts big blind $3
*** HOLE CARDS ***
DePokeraap: raises $3 to $6
rubiconmb: calls $3
*** FLOP *** [Jh Js 9d]
rubiconmb: checks
DePokeraap: checks
*** TURN *** [Jh Js 9d] [7h]
rubiconmb: bets $6
DePokeraap: raises $6 to $12
rubiconmb: folds
Uncalled bet ($6) returned to DePokeraap
DePokeraap collected $23.52 from pot
DePokeraap: doesn't show hand
*** SUMMARY ***
Total pot $24 | Rake $0.48
Board [Jh Js 9d 7h]
Seat 8: rubiconmb (big blind) folded on the Turn
Seat 10: DePokeraap (button) (small blind) collected ($23.52)


PokerStars Hand #148349546244:  Hold'em Limit ($3/$6 USD) - 2016/02/06 14:53:46 ET
Table 'Alnath III' 10-max Seat #8 is the button
Seat 8: rubiconmb ($147.16 in chips)
Seat 10: DePokeraap ($70.19 in chips)
rubiconmb: posts small blind $1
DePokeraap: posts big blind $3
*** HOLE CARDS ***
rubiconmb: calls $2
DePokeraap: checks
*** FLOP *** [4h 8d Ts]
DePokeraap: checks
rubiconmb: checks
*** TURN *** [4h 8d Ts] [Qs]
DePokeraap: bets $6
rubiconmb: folds
Uncalled bet ($6) returned to DePokeraap
DePokeraap collected $5.88 from pot
DePokeraap: doesn't show hand
*** SUMMARY ***
Total pot $6 | Rake $0.12
Board [4h 8d Ts Qs]
Seat 8: rubiconmb (button) (small blind) folded on the Turn
Seat 10: DePokeraap (big blind) collected ($5.88)


PokerStars Hand #148349621058:  Hold'em Limit ($3/$6 USD) - 2016/02/06 14:55:03 ET
Table 'Alnath III' 10-max Seat #8 is the button
Seat 8: rubiconmb ($143.80 in chips)
Seat 10: DePokeraap ($72.59 in chips)
rubiconmb: posts small blind $1
DePokeraap: posts big blind $3
*** HOLE CARDS ***
rubiconmb: raises $3 to $6
DePokeraap: raises $3 to $9
rubiconmb: calls $3
*** FLOP *** [6d 4s Jh]
DePokeraap: bets $3
rubiconmb: calls $3
*** TURN *** [6d 4s Jh] [4d]
DePokeraap: bets $6
rubiconmb: folds
Uncalled bet ($6) returned to DePokeraap
DePokeraap collected $23.52 from pot
DePokeraap: doesn't show hand
*** SUMMARY ***
Total pot $24 | Rake $0.48
Board [6d 4s Jh 4d]
Seat 8: rubiconmb (button) (small blind) folded on the Turn
Seat 10: DePokeraap (big blind) collected ($23.52)


PokerStars Hand #148349594920:  Hold'em Limit ($3/$6 USD) - 2016/02/06 14:54:36 ET
Table 'Alnath III' 10-max Seat #10 is the button
Seat 8: rubiconmb ($135.16 in chips)
Seat 10: DePokeraap ($81.59 in chips)
DePokeraap: posts small blind $1
rubiconmb: posts big blind $3
*** HOLE CARDS ***
DePokeraap: raises $3 to $6
rubiconmb: calls $3
*** FLOP *** [Tc 2d 6s]
rubiconmb: checks
DePokeraap: bets $3
rubiconmb: calls $3
*** TURN *** [Tc 2d 6s] [Js]
rubiconmb: checks
DePokeraap: checks
*** RIVER *** [Tc 2d 6s Js] [8h]
rubiconmb: bets $6
db49 joins the table at seat #5
DePokeraap: folds
Uncalled bet ($6) returned to rubiconmb
rubiconmb collected $17.64 from pot
rubiconmb: doesn't show hand
*** SUMMARY ***
Total pot $18 | Rake $0.36
Board [Tc 2d 6s Js 8h]
Seat 8: rubiconmb (big blind) collected ($17.64)
Seat 10: DePokeraap (button) (small blind) folded on the River


