PokerStars Hand #173082889655:  Hold'em Limit ($3/$6 USD) - 2017/07/15 19:05:08 ET
Table 'Alnasl' 6-max Seat #4 is the button
Seat 3: Warner13 ($94.70 in chips)
Seat 4: AzureCaper ($86.50 in chips)
AzureCaper: posts small blind $1
Warner13: posts big blind $3
*** HOLE CARDS ***
AzureCaper: folds
Uncalled bet ($2) returned to Warner13
Warner13 collected $2 from pot
Warner13: doesn't show hand
*** SUMMARY ***
Total pot $2 | Rake $0
Seat 3: Warner13 (big blind) collected ($2)
Seat 4: AzureCaper (button) (small blind) folded before Flop


PokerStars Hand #173082884528:  Hold'em Limit ($3/$6 USD) - 2017/07/15 19:04:59 ET
Table 'Alnasl' 6-max Seat #3 is the button
Seat 3: Warner13 ($91.70 in chips)
Seat 4: AzureCaper ($89.50 in chips)
Warner13: posts small blind $1
AzureCaper: posts big blind $3
*** HOLE CARDS ***
Warner13: raises $3 to $6
AzureCaper: folds
Uncalled bet ($3) returned to Warner13
Warner13 collected $6 from pot
Warner13: doesn't show hand
*** SUMMARY ***
Total pot $6 | Rake $0
Seat 3: Warner13 (button) (small blind) collected ($6)
Seat 4: AzureCaper (big blind) folded before Flop


PokerStars Hand #173082865735:  Hold'em Limit ($3/$6 USD) - 2017/07/15 19:04:27 ET
Table 'Alnasl' 6-max Seat #4 is the button
Seat 3: Warner13 ($109.70 in chips)
Seat 4: AzureCaper ($72 in chips)
AzureCaper: posts small blind $1
GoliafUa: is sitting out
Warner13: posts big blind $3
*** HOLE CARDS ***
AzureCaper: raises $3 to $6
Warner13: calls $3
*** FLOP *** [Ac 2d 4s]
Warner13: bets $3
AzureCaper: raises $3 to $6
Warner13: calls $3
*** TURN *** [Ac 2d 4s] [6c]
Warner13: checks
AzureCaper: checks
*** RIVER *** [Ac 2d 4s 6c] [3h]
Warner13: checks
AzureCaper: bets $6
Warner13: calls $6
*** SHOW DOWN ***
AzureCaper: shows [7c 5c] (a straight, Three to Seven)
Warner13: mucks hand
AzureCaper collected $35.50 from pot
*** SUMMARY ***
Total pot $36 | Rake $0.50
Board [Ac 2d 4s 6c 3h]
Seat 3: Warner13 (big blind) mucked
Seat 4: AzureCaper (button) (small blind) showed [7c 5c] and won ($35.50) with a straight, Three to Seven


PokerStars Hand #173082913993:  Hold'em Limit ($3/$6 USD) - 2017/07/15 19:05:49 ET
Table 'Alnasl' 6-max Seat #3 is the button
Seat 3: Warner13 ($116.20 in chips)
Seat 4: AzureCaper ($72 in chips)
Warner13: posts small blind $1
AzureCaper: posts big blind $3
*** HOLE CARDS ***
Warner13: calls $2
AzureCaper: checks
*** FLOP *** [2s 9c As]
AzureCaper: checks
Warner13: checks
*** TURN *** [2s 9c As] [3c]
AzureCaper: bets $6
Warner13: folds
Uncalled bet ($6) returned to AzureCaper
AzureCaper collected $5.88 from pot
AzureCaper: doesn't show hand
*** SUMMARY ***
Total pot $6 | Rake $0.12
Board [2s 9c As 3c]
Seat 3: Warner13 (button) (small blind) folded on the Turn
Seat 4: AzureCaper (big blind) collected ($5.88)


PokerStars Hand #173082902209:  Hold'em Limit ($3/$6 USD) - 2017/07/15 19:05:29 ET
Table 'Alnasl' 6-max Seat #4 is the button
Seat 3: Warner13 ($92.70 in chips)
Seat 4: AzureCaper ($88.38 in chips)
AzureCaper: posts small blind $1
Warner13: posts big blind $3
*** HOLE CARDS ***
AzureCaper: raises $3 to $6
Warner13: raises $3 to $9
AzureCaper: calls $3
*** FLOP *** [3c 2h 6c]
Warner13: bets $3
AzureCaper: calls $3
*** TURN *** [3c 2h 6c] [9c]
Warner13: bets $6
AzureCaper: raises $6 to $12
Warner13: calls $6
*** RIVER *** [3c 2h 6c 9c] [5d]
Warner13: bets $6
AzureCaper: folds
Uncalled bet ($6) returned to Warner13
Warner13 collected $47.50 from pot
Warner13: doesn't show hand
*** SUMMARY ***
Total pot $48 | Rake $0.50
Board [3c 2h 6c 9c 5d]
Seat 3: Warner13 (big blind) collected ($47.50)
Seat 4: AzureCaper (button) (small blind) folded on the River


PokerStars Hand #173082892652:  Hold'em Limit ($3/$6 USD) - 2017/07/15 19:05:13 ET
Table 'Alnasl' 6-max Seat #3 is the button
Seat 3: Warner13 ($95.70 in chips)
Seat 4: AzureCaper ($85.50 in chips)
Warner13: posts small blind $1
AzureCaper: posts big blind $3
*** HOLE CARDS ***
Warner13: calls $2
AzureCaper: checks
*** FLOP *** [7s 4c Ts]
AzureCaper: checks
Warner13: checks
*** TURN *** [7s 4c Ts] [9s]
AzureCaper: checks
Warner13: checks
*** RIVER *** [7s 4c Ts 9s] [Js]
AzureCaper: checks
Warner13: checks
*** SHOW DOWN ***
AzureCaper: shows [2d Jh] (a pair of Jacks)
Warner13: mucks hand
AzureCaper collected $5.88 from pot
*** SUMMARY ***
Total pot $6 | Rake $0.12
Board [7s 4c Ts 9s Js]
Seat 3: Warner13 (button) (small blind) mucked
Seat 4: AzureCaper (big blind) showed [2d Jh] and won ($5.88) with a pair of Jacks


