PokerStars Hand #164318423799:  Hold'em Limit ($3/$6 USD) - 2017/01/09 17:18:04 ET
Table 'Alnath' 6-max Seat #3 is the button
Seat 3: ElverGalinda ($77.89 in chips)
Seat 5: Great_Kang ($200.32 in chips)
ElverGalinda: posts small blind $1
Great_Kang: posts big blind $3
*** HOLE CARDS ***
ElverGalinda: raises $3 to $6
Great_Kang: calls $3
*** FLOP *** [7s 6h 4s]
Great_Kang: checks
ElverGalinda: bets $3
Great_Kang: raises $3 to $6
ElverGalinda: calls $3
*** TURN *** [7s 6h 4s] [Qs]
Great_Kang: bets $6
ElverGalinda: folds
Uncalled bet ($6) returned to Great_Kang
Great_Kang collected $23.52 from pot
Great_Kang: doesn't show hand
*** SUMMARY ***
Total pot $24 | Rake $0.48
Board [7s 6h 4s Qs]
Seat 3: ElverGalinda (button) (small blind) folded on the Turn
Seat 5: Great_Kang (big blind) collected ($23.52)


PokerStars Hand #164318405522:  Hold'em Limit ($3/$6 USD) - 2017/01/09 17:17:47 ET
Table 'Alnath' 6-max Seat #5 is the button
Seat 3: ElverGalinda ($76.89 in chips)
Seat 5: Great_Kang ($201.32 in chips)
Great_Kang: posts small blind $1
MellivoraSto: is sitting out
ElverGalinda: posts big blind $3
*** HOLE CARDS ***
Great_Kang: folds
Uncalled bet ($2) returned to ElverGalinda
ElverGalinda collected $2 from pot
*** SUMMARY ***
Total pot $2 | Rake $0
Seat 3: ElverGalinda (big blind) collected ($2)
Seat 5: Great_Kang (button) (small blind) folded before Flop


PokerStars Hand #164318447353:  Hold'em Limit ($3/$6 USD) - 2017/01/09 17:18:25 ET
Table 'Alnath' 6-max Seat #5 is the button
Seat 3: ElverGalinda ($67.06 in chips)
Seat 5: Great_Kang ($211.84 in chips)
Great_Kang: posts small blind $1
ElverGalinda: posts big blind $3
*** HOLE CARDS ***
Great_Kang: raises $3 to $6
ElverGalinda: calls $3
*** FLOP *** [2c Th Kd]
ElverGalinda: checks
Great_Kang: checks
*** TURN *** [2c Th Kd] [3s]
ElverGalinda: bets $6
Great_Kang: folds
Uncalled bet ($6) returned to ElverGalinda
ElverGalinda collected $11.76 from pot
*** SUMMARY ***
Total pot $12 | Rake $0.24
Board [2c Th Kd 3s]
Seat 3: ElverGalinda (big blind) collected ($11.76)
Seat 5: Great_Kang (button) (small blind) folded on the Turn


PokerStars Hand #164318474916:  Hold'em Limit ($3/$6 USD) - 2017/01/09 17:18:51 ET
Table 'Alnath' 6-max Seat #3 is the button
Seat 3: ElverGalinda ($72.82 in chips)
Seat 5: Great_Kang ($205.84 in chips)
ElverGalinda: posts small blind $1
Great_Kang: posts big blind $3
*** HOLE CARDS ***
ElverGalinda: raises $3 to $6
Great_Kang: folds
Uncalled bet ($3) returned to ElverGalinda
ElverGalinda collected $6 from pot
*** SUMMARY ***
Total pot $6 | Rake $0
Seat 3: ElverGalinda (button) (small blind) collected ($6)
Seat 5: Great_Kang (big blind) folded before Flop


PokerStars Hand #164318486253:  Hold'em Limit ($3/$6 USD) - 2017/01/09 17:19:01 ET
Table 'Alnath' 6-max Seat #5 is the button
Seat 3: ElverGalinda ($75.82 in chips)
Seat 5: Great_Kang ($202.84 in chips)
Great_Kang: posts small blind $1
ElverGalinda: posts big blind $3
*** HOLE CARDS ***
Great_Kang: raises $3 to $6
ElverGalinda: raises $3 to $9
Great_Kang: calls $3
*** FLOP *** [6h As Ks]
ElverGalinda: bets $3
Great_Kang: calls $3
*** TURN *** [6h As Ks] [4s]
ElverGalinda: bets $6
Great_Kang: calls $6
*** RIVER *** [6h As Ks 4s] [Kh]
ElverGalinda: bets $6
Great_Kang: raises $6 to $12
ElverGalinda: calls $6
*** SHOW DOWN ***
Great_Kang: shows [Kc 2s] (three of a kind, Kings)
ElverGalinda: mucks hand
Great_Kang collected $59.50 from pot
*** SUMMARY ***
Total pot $60 | Rake $0.50
Board [6h As Ks 4s Kh]
Seat 3: ElverGalinda (big blind) mucked
Seat 5: Great_Kang (button) (small blind) showed [Kc 2s] and won ($59.50) with three of a kind, Kings


PokerStars Hand #164318532513:  Hold'em Limit ($3/$6 USD) - 2017/01/09 17:19:44 ET
Table 'Alnath' 6-max Seat #3 is the button
Seat 3: ElverGalinda ($45.82 in chips)
Seat 5: Great_Kang ($232.34 in chips)
ElverGalinda: posts small blind $1
Great_Kang: posts big blind $3
*** HOLE CARDS ***
ElverGalinda said, "K2 of facking course"
ElverGalinda: calls $2
Great_Kang: raises $3 to $6
ElverGalinda: calls $3
*** FLOP *** [6d 4s 7h]
Great_Kang: checks
ElverGalinda: bets $3
Great_Kang: folds
Uncalled bet ($3) returned to ElverGalinda
ElverGalinda collected $11.76 from pot
*** SUMMARY ***
Total pot $12 | Rake $0.24
Board [6d 4s 7h]
Seat 3: ElverGalinda (button) (small blind) collected ($11.76)
Seat 5: Great_Kang (big blind) folded on the Flop


PokerStars Hand #164318584712:  Hold'em Limit ($3/$6 USD) - 2017/01/09 17:20:33 ET
Table 'Alnath' 6-max Seat #5 is the button
Seat 3: ElverGalinda ($51.58 in chips)
Seat 5: Great_Kang ($226.34 in chips)
Great_Kang: posts small blind $1
ElverGalinda: posts big blind $3
*** HOLE CARDS ***
Great_Kang: raises $3 to $6
ElverGalinda: folds
Uncalled bet ($3) returned to Great_Kang
Great_Kang collected $6 from pot
Great_Kang: doesn't show hand
*** SUMMARY ***
Total pot $6 | Rake $0
Seat 3: ElverGalinda (big blind) folded before Flop
Seat 5: Great_Kang (button) (small blind) collected ($6)


PokerStars Hand #164318650246:  Hold'em Limit ($3/$6 USD) - 2017/01/09 17:21:34 ET
Table 'Alnath' 6-max Seat #5 is the button
Seat 3: ElverGalinda ($51.46 in chips)
Seat 5: Great_Kang ($226.34 in chips)
Great_Kang: posts small blind $1
ElverGalinda: posts big blind $3
*** HOLE CARDS ***
Great_Kang: raises $3 to $6
ElverGalinda: calls $3
*** FLOP *** [Ah 6s Jc]
ElverGalinda: checks
Great_Kang: bets $3
ElverGalinda: raises $3 to $6
Great_Kang: folds
Uncalled bet ($3) returned to ElverGalinda
ElverGalinda collected $17.64 from pot
*** SUMMARY ***
Total pot $18 | Rake $0.36
Board [Ah 6s Jc]
Seat 3: ElverGalinda (big blind) collected ($17.64)
Seat 5: Great_Kang (button) (small blind) folded on the Flop


PokerStars Hand #164318602734:  Hold'em Limit ($3/$6 USD) - 2017/01/09 17:20:49 ET
Table 'Alnath' 6-max Seat #3 is the button
Seat 3: ElverGalinda ($48.58 in chips)
Seat 5: Great_Kang ($229.34 in chips)
ElverGalinda: posts small blind $1
Great_Kang: posts big blind $3
*** HOLE CARDS ***
ElverGalinda: calls $2
Great_Kang: checks
*** FLOP *** [Qs Ts 3s]
Great_Kang: checks
ElverGalinda: checks
*** TURN *** [Qs Ts 3s] [2s]
Great_Kang: checks
ElverGalinda: bets $6
Great_Kang: folds
Uncalled bet ($6) returned to ElverGalinda
ElverGalinda collected $5.88 from pot
*** SUMMARY ***
Total pot $6 | Rake $0.12
Board [Qs Ts 3s 2s]
Seat 3: ElverGalinda (button) (small blind) collected ($5.88)
Seat 5: Great_Kang (big blind) folded on the Turn


PokerStars Hand #164318698604:  Hold'em Limit ($3/$6 USD) - 2017/01/09 17:22:20 ET
Table 'Alnath' 6-max Seat #3 is the button
Seat 3: ElverGalinda ($60.10 in chips)
Seat 5: Great_Kang ($217.34 in chips)
ElverGalinda: posts small blind $1
Great_Kang: posts big blind $3
*** HOLE CARDS ***
ElverGalinda: folds
Uncalled bet ($2) returned to Great_Kang
Great_Kang collected $2 from pot
Great_Kang: doesn't show hand
*** SUMMARY ***
Total pot $2 | Rake $0
Seat 3: ElverGalinda (button) (small blind) folded before Flop
Seat 5: Great_Kang (big blind) collected ($2)


PokerStars Hand #164318704584:  Hold'em Limit ($3/$6 USD) - 2017/01/09 17:22:27 ET
Table 'Alnath' 6-max Seat #5 is the button
Seat 3: ElverGalinda ($59.10 in chips)
Seat 5: Great_Kang ($218.34 in chips)
Great_Kang: posts small blind $1
ElverGalinda: posts big blind $3
*** HOLE CARDS ***
Great_Kang: raises $3 to $6
ElverGalinda: calls $3
*** FLOP *** [Js 8c 6d]
ElverGalinda: checks
Great_Kang: checks
*** TURN *** [Js 8c 6d] [2s]
ElverGalinda: bets $6
Great_Kang: calls $6
*** RIVER *** [Js 8c 6d 2s] [9d]
ElverGalinda: bets $6
Great_Kang: calls $6
*** SHOW DOWN ***
ElverGalinda: shows [Ac 9h] (a pair of Nines)
Great_Kang: mucks hand
ElverGalinda collected $35.50 from pot
*** SUMMARY ***
Total pot $36 | Rake $0.50
Board [Js 8c 6d 2s 9d]
Seat 3: ElverGalinda (big blind) showed [Ac 9h] and won ($35.50) with a pair of Nines
Seat 5: Great_Kang (button) (small blind) mucked


PokerStars Hand #164318734501:  Hold'em Limit ($3/$6 USD) - 2017/01/09 17:22:56 ET
Table 'Alnath' 6-max Seat #3 is the button
Seat 3: ElverGalinda ($76.60 in chips)
Seat 5: Great_Kang ($200.34 in chips)
ElverGalinda: posts small blind $1
Great_Kang: posts big blind $3
*** HOLE CARDS ***
ElverGalinda: calls $2
Great_Kang: checks
*** FLOP *** [Th 8d 7c]
Great_Kang: checks
ElverGalinda: bets $3
Great_Kang: calls $3
*** TURN *** [Th 8d 7c] [Qc]
Great_Kang: checks
ElverGalinda: bets $6
Great_Kang: calls $6
*** RIVER *** [Th 8d 7c Qc] [9s]
Great_Kang: checks
ElverGalinda: checks
*** SHOW DOWN ***
Great_Kang: shows [7h 4c] (a pair of Sevens)
ElverGalinda: shows [9h 8c] (two pair, Nines and Eights)
ElverGalinda collected $23.52 from pot
*** SUMMARY ***
Total pot $24 | Rake $0.48
Board [Th 8d 7c Qc 9s]
Seat 3: ElverGalinda (button) (small blind) showed [9h 8c] and won ($23.52) with two pair, Nines and Eights
Seat 5: Great_Kang (big blind) showed [7h 4c] and lost with a pair of Sevens


PokerStars Hand #164318784746:  Hold'em Limit ($3/$6 USD) - 2017/01/09 17:23:46 ET
Table 'Alnath' 6-max Seat #3 is the button
Seat 3: ElverGalinda ($85.12 in chips)
Seat 5: Great_Kang ($191.34 in chips)
ElverGalinda: posts small blind $1
Great_Kang: posts big blind $3
*** HOLE CARDS ***
ElverGalinda: raises $3 to $6
Great_Kang: folds
Uncalled bet ($3) returned to ElverGalinda
ElverGalinda collected $6 from pot
*** SUMMARY ***
Total pot $6 | Rake $0
Seat 3: ElverGalinda (button) (small blind) collected ($6)
Seat 5: Great_Kang (big blind) folded before Flop


PokerStars Hand #164318778849:  Hold'em Limit ($3/$6 USD) - 2017/01/09 17:23:40 ET
Table 'Alnath' 6-max Seat #5 is the button
Seat 3: ElverGalinda ($88.12 in chips)
Seat 5: Great_Kang ($188.34 in chips)
Great_Kang: posts small blind $1
ElverGalinda: posts big blind $3
*** HOLE CARDS ***
Great_Kang: raises $3 to $6
ElverGalinda: folds
Uncalled bet ($3) returned to Great_Kang
Great_Kang collected $6 from pot
Great_Kang: doesn't show hand
*** SUMMARY ***
Total pot $6 | Rake $0
Seat 3: ElverGalinda (big blind) folded before Flop
Seat 5: Great_Kang (button) (small blind) collected ($6)


PokerStars Hand #164318825820:  Hold'em Limit ($3/$6 USD) - 2017/01/09 17:24:27 ET
Table 'Alnath' 6-max Seat #3 is the button
Seat 3: ElverGalinda ($113.62 in chips)
Seat 5: Great_Kang ($162.34 in chips)
ElverGalinda: posts small blind $1
Great_Kang: posts big blind $3
*** HOLE CARDS ***
ElverGalinda: folds
Uncalled bet ($2) returned to Great_Kang
Great_Kang collected $2 from pot
Great_Kang: doesn't show hand
*** SUMMARY ***
Total pot $2 | Rake $0
Seat 3: ElverGalinda (button) (small blind) folded before Flop
Seat 5: Great_Kang (big blind) collected ($2)


PokerStars Hand #164318818317:  Hold'em Limit ($3/$6 USD) - 2017/01/09 17:24:20 ET
Table 'Alnath' 6-max Seat #5 is the button
Seat 3: ElverGalinda ($116.62 in chips)
Seat 5: Great_Kang ($159.34 in chips)
Great_Kang: posts small blind $1
ElverGalinda: posts big blind $3
*** HOLE CARDS ***
Great_Kang: raises $3 to $6
ElverGalinda: folds
Uncalled bet ($3) returned to Great_Kang
Great_Kang collected $6 from pot
Great_Kang: doesn't show hand
*** SUMMARY ***
Total pot $6 | Rake $0
Seat 3: ElverGalinda (big blind) folded before Flop
Seat 5: Great_Kang (button) (small blind) collected ($6)


PokerStars Hand #164318813816:  Hold'em Limit ($3/$6 USD) - 2017/01/09 17:24:15 ET
Table 'Alnath' 6-max Seat #3 is the button
Seat 3: ElverGalinda ($117.62 in chips)
Seat 5: Great_Kang ($158.34 in chips)
ElverGalinda: posts small blind $1
Great_Kang: posts big blind $3
*** HOLE CARDS ***
ElverGalinda: folds
Uncalled bet ($2) returned to Great_Kang
Great_Kang collected $2 from pot
Great_Kang: doesn't show hand
*** SUMMARY ***
Total pot $2 | Rake $0
Seat 3: ElverGalinda (button) (small blind) folded before Flop
Seat 5: Great_Kang (big blind) collected ($2)


PokerStars Hand #164318791156:  Hold'em Limit ($3/$6 USD) - 2017/01/09 17:23:52 ET
Table 'Alnath' 6-max Seat #5 is the button
Seat 3: ElverGalinda ($88.12 in chips)
Seat 5: Great_Kang ($188.34 in chips)
Great_Kang: posts small blind $1
ElverGalinda: posts big blind $3
*** HOLE CARDS ***
Great_Kang: raises $3 to $6
ElverGalinda: calls $3
*** FLOP *** [4c 6d 7d]
ElverGalinda: checks
Great_Kang: bets $3
ElverGalinda: raises $3 to $6
Great_Kang: calls $3
*** TURN *** [4c 6d 7d] [Jd]
ElverGalinda: bets $6
Great_Kang: raises $6 to $12
ElverGalinda: calls $6
*** RIVER *** [4c 6d 7d Jd] [5d]
ElverGalinda: bets $6
Great_Kang: calls $6
*** SHOW DOWN ***
ElverGalinda: shows [9d 8s] (a flush, Jack high)
Great_Kang: mucks hand
ElverGalinda collected $59.50 from pot
*** SUMMARY ***
Total pot $60 | Rake $0.50
Board [4c 6d 7d Jd 5d]
Seat 3: ElverGalinda (big blind) showed [9d 8s] and won ($59.50) with a flush, Jack high
Seat 5: Great_Kang (button) (small blind) mucked


PokerStars Hand #164318861344:  Hold'em Limit ($3/$6 USD) - 2017/01/09 17:25:03 ET
Table 'Alnath' 6-max Seat #3 is the button
Seat 3: ElverGalinda ($121.26 in chips)
Seat 5: Great_Kang ($154.34 in chips)
ElverGalinda: posts small blind $1
Great_Kang: posts big blind $3
*** HOLE CARDS ***
ElverGalinda: folds
Uncalled bet ($2) returned to Great_Kang
Great_Kang collected $2 from pot
Great_Kang: doesn't show hand
*** SUMMARY ***
Total pot $2 | Rake $0
Seat 3: ElverGalinda (button) (small blind) folded before Flop
Seat 5: Great_Kang (big blind) collected ($2)


PokerStars Hand #164318831094:  Hold'em Limit ($3/$6 USD) - 2017/01/09 17:24:32 ET
Table 'Alnath' 6-max Seat #5 is the button
Seat 3: ElverGalinda ($112.62 in chips)
Seat 5: Great_Kang ($163.34 in chips)
Great_Kang: posts small blind $1
ElverGalinda: posts big blind $3
*** HOLE CARDS ***
Great_Kang: raises $3 to $6
ElverGalinda: calls $3
*** FLOP *** [6d Ks 4s]
ElverGalinda: checks
Great_Kang: bets $3
ElverGalinda: raises $3 to $6
Great_Kang: folds
Uncalled bet ($3) returned to ElverGalinda
ElverGalinda collected $17.64 from pot
*** SUMMARY ***
Total pot $18 | Rake $0.36
Board [6d Ks 4s]
Seat 3: ElverGalinda (big blind) collected ($17.64)
Seat 5: Great_Kang (button) (small blind) folded on the Flop


PokerStars Hand #164318866136:  Hold'em Limit ($3/$6 USD) - 2017/01/09 17:25:08 ET
Table 'Alnath' 6-max Seat #5 is the button
Seat 3: ElverGalinda ($120.26 in chips)
Seat 5: Great_Kang ($155.34 in chips)
Great_Kang: posts small blind $1
ElverGalinda: posts big blind $3
*** HOLE CARDS ***
Great_Kang: raises $3 to $6
ElverGalinda: folds
Uncalled bet ($3) returned to Great_Kang
Great_Kang collected $6 from pot
Great_Kang: doesn't show hand
*** SUMMARY ***
Total pot $6 | Rake $0
Seat 3: ElverGalinda (big blind) folded before Flop
Seat 5: Great_Kang (button) (small blind) collected ($6)


PokerStars Hand #164318880656:  Hold'em Limit ($3/$6 USD) - 2017/01/09 17:25:23 ET
Table 'Alnath' 6-max Seat #3 is the button
Seat 3: ElverGalinda ($117.26 in chips)
Seat 5: Great_Kang ($158.34 in chips)
ElverGalinda: posts small blind $1
Great_Kang: posts big blind $3
*** HOLE CARDS ***
ElverGalinda: raises $3 to $6
Great_Kang: raises $3 to $9
ElverGalinda: calls $3
*** FLOP *** [Kh 3s 6h]
Great_Kang: bets $3
ElverGalinda: raises $3 to $6
RaisemyNut$ joins the table at seat #4
Great_Kang: calls $3
*** TURN *** [Kh 3s 6h] [Td]
Great_Kang: checks
ElverGalinda: bets $6
Great_Kang: calls $6
*** RIVER *** [Kh 3s 6h Td] [Qs]
Great_Kang: checks
ElverGalinda: checks
*** SHOW DOWN ***
Great_Kang: shows [5h 5d] (a pair of Fives)
ElverGalinda: shows [9c 6c] (a pair of Sixes)
ElverGalinda collected $41.50 from pot
*** SUMMARY ***
Total pot $42 | Rake $0.50
Board [Kh 3s 6h Td Qs]
Seat 3: ElverGalinda (button) (small blind) showed [9c 6c] and won ($41.50) with a pair of Sixes
Seat 5: Great_Kang (big blind) showed [5h 5d] and lost with a pair of Fives


PokerStars Hand #164318918778:  Hold'em Limit ($3/$6 USD) - 2017/01/09 17:26:02 ET
Table 'Alnath' 6-max Seat #5 is the button
Seat 3: ElverGalinda ($137.76 in chips)
Seat 5: Great_Kang ($137.34 in chips)
Great_Kang: posts small blind $1
ElverGalinda: posts big blind $3
*** HOLE CARDS ***
Great_Kang: raises $3 to $6
ElverGalinda: folds
Uncalled bet ($3) returned to Great_Kang
Great_Kang collected $6 from pot
Great_Kang: doesn't show hand
*** SUMMARY ***
Total pot $6 | Rake $0
Seat 3: ElverGalinda (big blind) folded before Flop
Seat 5: Great_Kang (button) (small blind) collected ($6)


PokerStars Hand #164319532711:  Hold'em Limit ($3/$6 USD) - 2017/01/09 17:36:37 ET
Table 'Alnath' 6-max Seat #5 is the button
Seat 4: RaisemyNut$ ($60 in chips)
Seat 5: Great_Kang ($199.60 in chips)
Great_Kang: posts small blind $1
ElverGalinda: is sitting out
RaisemyNut$: posts big blind $3
*** HOLE CARDS ***
ElverGalinda said, "or like this"
Great_Kang: raises $3 to $6
RaisemyNut$: calls $3
*** FLOP *** [Qs 3d 4s]
RaisemyNut$: checks
Great_Kang: checks
*** TURN *** [Qs 3d 4s] [Qh]
RaisemyNut$: checks
ElverGalinda leaves the table
Great_Kang: checks
*** RIVER *** [Qs 3d 4s Qh] [7c]
ElverGalinda joins the table at seat #6
RaisemyNut$: checks
Great_Kang: checks
*** SHOW DOWN ***
RaisemyNut$: shows [9h Kc] (a pair of Queens)
Great_Kang: shows [8s Ad] (a pair of Queens - Ace kicker)
Great_Kang collected $11.76 from pot
*** SUMMARY ***
Total pot $12 | Rake $0.24
Board [Qs 3d 4s Qh 7c]
Seat 4: RaisemyNut$ (big blind) showed [9h Kc] and lost with a pair of Queens
Seat 5: Great_Kang (button) (small blind) showed [8s Ad] and won ($11.76) with a pair of Queens


PokerStars Hand #164319586567:  Hold'em Limit ($3/$6 USD) - 2017/01/09 17:37:34 ET
Table 'Alnath' 6-max Seat #4 is the button
Seat 4: RaisemyNut$ ($60 in chips)
Seat 6: ElverGalinda ($72 in chips)
RaisemyNut$: posts small blind $1
ElverGalinda: posts big blind $3
*** HOLE CARDS ***
RaisemyNut$: raises $3 to $6
ElverGalinda: calls $3
*** FLOP *** [Kh Qs Ts]
ElverGalinda: checks
RaisemyNut$: bets $3
ElverGalinda: folds
Uncalled bet ($3) returned to RaisemyNut$
RaisemyNut$ collected $11.76 from pot
RaisemyNut$: doesn't show hand
*** SUMMARY ***
Total pot $12 | Rake $0.24
Board [Kh Qs Ts]
Seat 4: RaisemyNut$ (button) (small blind) collected ($11.76)
Seat 6: ElverGalinda (big blind) folded on the Flop


PokerStars Hand #164319602901:  Hold'em Limit ($3/$6 USD) - 2017/01/09 17:37:52 ET
Table 'Alnath' 6-max Seat #6 is the button
Seat 4: RaisemyNut$ ($65.76 in chips)
Seat 6: ElverGalinda ($66 in chips)
ElverGalinda: posts small blind $1
RaisemyNut$: posts big blind $3
*** HOLE CARDS ***
ElverGalinda: raises $3 to $6
RaisemyNut$: calls $3
*** FLOP *** [Th Kh 2c]
RaisemyNut$: checks
ElverGalinda: bets $3
RaisemyNut$: raises $3 to $6
ElverGalinda: raises $3 to $9
RaisemyNut$: calls $3
*** TURN *** [Th Kh 2c] [Js]
RaisemyNut$: checks
ElverGalinda: bets $6
RaisemyNut$: calls $6
*** RIVER *** [Th Kh 2c Js] [2h]
RaisemyNut$: checks
ElverGalinda: bets $6
RaisemyNut$: raises $6 to $12
ElverGalinda: raises $6 to $18
RaisemyNut$: calls $6
*** SHOW DOWN ***
ElverGalinda: shows [9h Qh] (a flush, King high)
RaisemyNut$: mucks hand
ElverGalinda collected $77.50 from pot
*** SUMMARY ***
Total pot $78 | Rake $0.50
Board [Th Kh 2c Js 2h]
Seat 4: RaisemyNut$ (big blind) mucked
Seat 6: ElverGalinda (button) (small blind) showed [9h Qh] and won ($77.50) with a flush, King high


PokerStars Hand #164319842761:  Hold'em Limit ($3/$6 USD) - 2017/01/09 17:42:04 ET
Table 'Alnath' 6-max Seat #5 is the button
Seat 4: RaisemyNut$ ($112.04 in chips)
Seat 5: Great_Kang ($154.36 in chips)
Great_Kang: posts small blind $1
ElverGalinda: is sitting out
RaisemyNut$: posts big blind $3
*** HOLE CARDS ***
Great_Kang: raises $3 to $6
RaisemyNut$: raises $3 to $9
Great_Kang: calls $3
*** FLOP *** [5d 2h 6c]
RaisemyNut$: bets $3
Great_Kang: calls $3
*** TURN *** [5d 2h 6c] [Jd]
RaisemyNut$: checks
Great_Kang: bets $6
RaisemyNut$: raises $6 to $12
Great_Kang: calls $6
*** RIVER *** [5d 2h 6c Jd] [6s]
RaisemyNut$: bets $6
Great_Kang: folds
Uncalled bet ($6) returned to RaisemyNut$
RaisemyNut$ collected $47.50 from pot
RaisemyNut$: doesn't show hand
*** SUMMARY ***
Total pot $48 | Rake $0.50
Board [5d 2h 6c Jd 6s]
Seat 4: RaisemyNut$ (big blind) collected ($47.50)
Seat 5: Great_Kang (button) (small blind) folded on the River


