PokerStars Hand #156091586546:  Hold'em Limit ($3/$6 USD) - 2016/07/17 14:00:55 ET
Table 'Alnasl II' 6-max Seat #4 is the button
Seat 1: Acidstorm200 ($42.42 in chips)
Seat 4: Koraseg ($134.50 in chips)
Koraseg: posts small blind $1
Acidstorm200: posts big blind $3
*** HOLE CARDS ***
Koraseg: raises $3 to $6
Acidstorm200: calls $3
*** FLOP *** [2s 3d 3s]
Acidstorm200: checks
Günni1959 joins the table at seat #3
Koraseg: bets $3
Acidstorm200: calls $3
*** TURN *** [2s 3d 3s] [5c]
Acidstorm200: checks
Koraseg: bets $6
Acidstorm200: calls $6
*** RIVER *** [2s 3d 3s 5c] [9c]
Acidstorm200: checks
Koraseg: checks
*** SHOW DOWN ***
Acidstorm200: shows [8c 6d] (a pair of Threes)
Koraseg: shows [Kc Ah] (a pair of Threes - Ace kicker)
Koraseg collected $29.50 from pot
*** SUMMARY ***
Total pot $30 | Rake $0.50
Board [2s 3d 3s 5c 9c]
Seat 1: Acidstorm200 (big blind) showed [8c 6d] and lost with a pair of Threes
Seat 4: Koraseg (button) (small blind) showed [Kc Ah] and won ($29.50) with a pair of Threes


PokerStars Hand #156091583038:  Hold'em Limit ($3/$6 USD) - 2016/07/17 14:00:51 ET
Table 'Alnasl II' 6-max Seat #1 is the button
Seat 1: Acidstorm200 ($43.42 in chips)
Seat 4: Koraseg ($133.50 in chips)
Acidstorm200: posts small blind $1
Koraseg: posts big blind $3
*** HOLE CARDS ***
Acidstorm200: folds
Uncalled bet ($2) returned to Koraseg
Koraseg collected $2 from pot
Koraseg: doesn't show hand
*** SUMMARY ***
Total pot $2 | Rake $0
Seat 1: Acidstorm200 (button) (small blind) folded before Flop
Seat 4: Koraseg (big blind) collected ($2)


PokerStars Hand #156091569006:  Hold'em Limit ($3/$6 USD) - 2016/07/17 14:00:30 ET
Table 'Alnasl II' 6-max Seat #4 is the button
Seat 1: Acidstorm200 ($64.42 in chips)
Seat 4: Koraseg ($113 in chips)
Koraseg: posts small blind $1
Acidstorm200: posts big blind $3
*** HOLE CARDS ***
Koraseg: raises $3 to $6
Acidstorm200: calls $3
*** FLOP *** [Kd As 6c]
Acidstorm200: checks
Koraseg: bets $3
Acidstorm200: calls $3
*** TURN *** [Kd As 6c] [2s]
Acidstorm200: checks
Koraseg: bets $6
Acidstorm200: calls $6
*** RIVER *** [Kd As 6c 2s] [3d]
Acidstorm200: checks
Koraseg: bets $6
Acidstorm200: calls $6
*** SHOW DOWN ***
Koraseg: shows [Ac 7c] (a pair of Aces)
Acidstorm200: mucks hand
Koraseg collected $41.50 from pot
*** SUMMARY ***
Total pot $42 | Rake $0.50
Board [Kd As 6c 2s 3d]
Seat 1: Acidstorm200 (big blind) mucked
Seat 4: Koraseg (button) (small blind) showed [Ac 7c] and won ($41.50) with a pair of Aces


PokerStars Hand #156091565170:  Hold'em Limit ($3/$6 USD) - 2016/07/17 14:00:25 ET
Table 'Alnasl II' 6-max Seat #1 is the button
Seat 1: Acidstorm200 ($65.42 in chips)
Seat 4: Koraseg ($112 in chips)
Acidstorm200: posts small blind $1
Koraseg: posts big blind $3
*** HOLE CARDS ***
Acidstorm200: folds
Uncalled bet ($2) returned to Koraseg
Koraseg collected $2 from pot
Koraseg: doesn't show hand
*** SUMMARY ***
Total pot $2 | Rake $0
Seat 1: Acidstorm200 (button) (small blind) folded before Flop
Seat 4: Koraseg (big blind) collected ($2)


PokerStars Hand #156091554537:  Hold'em Limit ($3/$6 USD) - 2016/07/17 14:00:07 ET
Table 'Alnasl II' 6-max Seat #4 is the button
Seat 1: Acidstorm200 ($56.78 in chips)
Seat 4: Koraseg ($121 in chips)
Koraseg: posts small blind $1
Acidstorm200: posts big blind $3
*** HOLE CARDS ***
Koraseg: raises $3 to $6
Acidstorm200: calls $3
*** FLOP *** [6s 3d Qh]
Acidstorm200: checks
Koraseg: bets $3
Acidstorm200: raises $3 to $6
Koraseg: folds
Uncalled bet ($3) returned to Acidstorm200
Acidstorm200 collected $17.64 from pot
Acidstorm200: doesn't show hand
*** SUMMARY ***
Total pot $18 | Rake $0.36
Board [6s 3d Qh]
Seat 1: Acidstorm200 (big blind) collected ($17.64)
Seat 4: Koraseg (button) (small blind) folded on the Flop


PokerStars Hand #156093398423:  Hold'em Limit ($3/$6 USD) - 2016/07/17 14:32:37 ET
Table 'Alnasl II' 6-max Seat #2 is the button
Seat 1: LolDnkaments ($72 in chips)
Seat 2: Jigorek1989 ($279.12 in chips)
Jigorek1989: posts small blind $1
Fabulous108: is sitting out
LolDnkaments: posts big blind $3
*** HOLE CARDS ***
Fabulous108 leaves the table
Jigorek1989: raises $3 to $6
LolDnkaments: folds
Uncalled bet ($3) returned to Jigorek1989
Jigorek1989 collected $6 from pot
*** SUMMARY ***
Total pot $6 | Rake $0
Seat 1: LolDnkaments (big blind) folded before Flop
Seat 2: Jigorek1989 (button) (small blind) collected ($6)


