PokerStars Hand #167397277300:  Hold'em Limit ($3/$6 USD) - 2017/03/10 15:21:05 ET
Table 'Alnath' 6-max Seat #4 is the button
Seat 3: lexishake ($576.26 in chips)
Seat 4: Actionni13 ($151 in chips)
Actionni13: posts small blind $1
lexishake: posts big blind $3
*** HOLE CARDS ***
Actionni13: raises $3 to $6
lexishake: folds
Uncalled bet ($3) returned to Actionni13
Actionni13 collected $6 from pot
Actionni13: doesn't show hand
*** SUMMARY ***
Total pot $6 | Rake $0
Seat 3: lexishake (big blind) folded before Flop
Seat 4: Actionni13 (button) (small blind) collected ($6)


PokerStars Hand #167397333864:  Hold'em Limit ($3/$6 USD) - 2017/03/10 15:22:10 ET
Table 'Alnath' 6-max Seat #3 is the button
Seat 3: lexishake ($543.14 in chips)
Seat 4: Actionni13 ($183.14 in chips)
lexishake: posts small blind $1
Actionni13: posts big blind $3
*** HOLE CARDS ***
lexishake: folds
Uncalled bet ($2) returned to Actionni13
Actionni13 collected $2 from pot
Actionni13: doesn't show hand
*** SUMMARY ***
Total pot $2 | Rake $0
Seat 3: lexishake (button) (small blind) folded before Flop
Seat 4: Actionni13 (big blind) collected ($2)


PokerStars Hand #167397326817:  Hold'em Limit ($3/$6 USD) - 2017/03/10 15:22:02 ET
Table 'Alnath' 6-max Seat #4 is the button
Seat 3: lexishake ($546.14 in chips)
Seat 4: Actionni13 ($180.14 in chips)
Actionni13: posts small blind $1
lexishake: posts big blind $3
*** HOLE CARDS ***
Actionni13: raises $3 to $6
lexishake: folds
Uncalled bet ($3) returned to Actionni13
Actionni13 collected $6 from pot
Actionni13: doesn't show hand
*** SUMMARY ***
Total pot $6 | Rake $0
Seat 3: lexishake (big blind) folded before Flop
Seat 4: Actionni13 (button) (small blind) collected ($6)


PokerStars Hand #167397315415:  Hold'em Limit ($3/$6 USD) - 2017/03/10 15:21:49 ET
Table 'Alnath' 6-max Seat #3 is the button
Seat 3: lexishake ($543.26 in chips)
Seat 4: Actionni13 ($183.14 in chips)
lexishake: posts small blind $1
Actionni13: posts big blind $3
*** HOLE CARDS ***
lexishake: calls $2
Actionni13: checks
*** FLOP *** [Ts Ac Th]
Actionni13: checks
lexishake: checks
*** TURN *** [Ts Ac Th] [4h]
Actionni13: checks
lexishake: bets $6
Actionni13: folds
Uncalled bet ($6) returned to lexishake
lexishake collected $5.88 from pot
*** SUMMARY ***
Total pot $6 | Rake $0.12
Board [Ts Ac Th 4h]
Seat 3: lexishake (button) (small blind) collected ($5.88)
Seat 4: Actionni13 (big blind) folded on the Turn


PokerStars Hand #167397298536:  Hold'em Limit ($3/$6 USD) - 2017/03/10 15:21:29 ET
Table 'Alnath' 6-max Seat #4 is the button
Seat 3: lexishake ($564.26 in chips)
Seat 4: Actionni13 ($162.64 in chips)
Actionni13: posts small blind $1
lexishake: posts big blind $3
*** HOLE CARDS ***
Actionni13: raises $3 to $6
lexishake: calls $3
*** FLOP *** [Js 5d 7d]
lexishake: checks
Actionni13: bets $3
lexishake: calls $3
*** TURN *** [Js 5d 7d] [Jd]
lexishake: checks
Actionni13: bets $6
lexishake: calls $6
*** RIVER *** [Js 5d 7d Jd] [Ks]
lexishake: checks
Actionni13: bets $6
lexishake: calls $6
*** SHOW DOWN ***
Actionni13: shows [Ad 4d] (a flush, Ace high)
lexishake: mucks hand
Actionni13 collected $41.50 from pot
*** SUMMARY ***
Total pot $42 | Rake $0.50
Board [Js 5d 7d Jd Ks]
Seat 3: lexishake (big blind) mucked
Seat 4: Actionni13 (button) (small blind) showed [Ad 4d] and won ($41.50) with a flush, Ace high


PokerStars Hand #167397284018:  Hold'em Limit ($3/$6 USD) - 2017/03/10 15:21:13 ET
Table 'Alnath' 6-max Seat #3 is the button
Seat 3: lexishake ($573.26 in chips)
Seat 4: Actionni13 ($154 in chips)
lexishake: posts small blind $1
Actionni13: posts big blind $3
*** HOLE CARDS ***
lexishake: calls $2
Actionni13: raises $3 to $6
lexishake: calls $3
*** FLOP *** [2h Tc 2d]
Actionni13: bets $3
lexishake: calls $3
*** TURN *** [2h Tc 2d] [7c]
Actionni13: bets $6
lexishake: folds
Uncalled bet ($6) returned to Actionni13
Actionni13 collected $17.64 from pot
Actionni13: doesn't show hand
*** SUMMARY ***
Total pot $18 | Rake $0.36
Board [2h Tc 2d 7c]
Seat 3: lexishake (button) (small blind) folded on the Turn
Seat 4: Actionni13 (big blind) collected ($17.64)


PokerStars Hand #167397365349:  Hold'em Limit ($3/$6 USD) - 2017/03/10 15:22:47 ET
Table 'Alnath' 6-max Seat #3 is the button
Seat 3: lexishake ($545.78 in chips)
Seat 4: Actionni13 ($179.90 in chips)
lexishake: posts small blind $1
Actionni13: posts big blind $3
*** HOLE CARDS ***
lexishake: calls $2
Actionni13: raises $3 to $6
lexishake: calls $3
*** FLOP *** [Kh 5c 6s]
Actionni13: bets $3
lexishake: calls $3
*** TURN *** [Kh 5c 6s] [8h]
Actionni13: bets $6
lexishake: folds
Uncalled bet ($6) returned to Actionni13
Actionni13 collected $17.64 from pot
Actionni13: doesn't show hand
*** SUMMARY ***
Total pot $18 | Rake $0.36
Board [Kh 5c 6s 8h]
Seat 3: lexishake (button) (small blind) folded on the Turn
Seat 4: Actionni13 (big blind) collected ($17.64)


PokerStars Hand #167397361510:  Hold'em Limit ($3/$6 USD) - 2017/03/10 15:22:42 ET
Table 'Alnath' 6-max Seat #4 is the button
Seat 3: lexishake ($544.78 in chips)
Seat 4: Actionni13 ($180.90 in chips)
Actionni13: posts small blind $1
lexishake: posts big blind $3
*** HOLE CARDS ***
Actionni13: folds
Uncalled bet ($2) returned to lexishake
lexishake collected $2 from pot
*** SUMMARY ***
Total pot $2 | Rake $0
Seat 3: lexishake (big blind) collected ($2)
Seat 4: Actionni13 (button) (small blind) folded before Flop


PokerStars Hand #167397351914:  Hold'em Limit ($3/$6 USD) - 2017/03/10 15:22:31 ET
Table 'Alnath' 6-max Seat #3 is the button
Seat 3: lexishake ($550.78 in chips)
Seat 4: Actionni13 ($175.14 in chips)
lexishake: posts small blind $1
Actionni13: posts big blind $3
*** HOLE CARDS ***
lexishake: calls $2
Actionni13: checks
*** FLOP *** [Ah 8d Ad]
Actionni13: checks
lexishake: bets $3
Actionni13: raises $3 to $6
lexishake: folds
Uncalled bet ($3) returned to Actionni13
Actionni13 collected $11.76 from pot
Actionni13: doesn't show hand
*** SUMMARY ***
Total pot $12 | Rake $0.24
Board [Ah 8d Ad]
Seat 3: lexishake (button) (small blind) folded on the Flop
Seat 4: Actionni13 (big blind) collected ($11.76)


PokerStars Hand #167397337804:  Hold'em Limit ($3/$6 USD) - 2017/03/10 15:22:14 ET
Table 'Alnath' 6-max Seat #4 is the button
Seat 3: lexishake ($542.14 in chips)
Seat 4: Actionni13 ($184.14 in chips)
Actionni13: posts small blind $1
lexishake: posts big blind $3
*** HOLE CARDS ***
Actionni13: raises $3 to $6
lexishake: calls $3
*** FLOP *** [2s 4c Ts]
lexishake: bets $3
Actionni13: calls $3
*** TURN *** [2s 4c Ts] [6c]
lexishake: bets $6
Actionni13: folds
Uncalled bet ($6) returned to lexishake
lexishake collected $17.64 from pot
*** SUMMARY ***
Total pot $18 | Rake $0.36
Board [2s 4c Ts 6c]
Seat 3: lexishake (big blind) collected ($17.64)
Seat 4: Actionni13 (button) (small blind) folded on the Turn


PokerStars Hand #167397437213:  Hold'em Limit ($3/$6 USD) - 2017/03/10 15:24:09 ET
Table 'Alnath' 6-max Seat #4 is the button
Seat 3: lexishake ($539.28 in chips)
Seat 4: Actionni13 ($185.04 in chips)
Actionni13: posts small blind $1
lexishake: posts big blind $3
*** HOLE CARDS ***
Actionni13: folds
Uncalled bet ($2) returned to lexishake
lelala joins the table at seat #5
lexishake collected $2 from pot
*** SUMMARY ***
Total pot $2 | Rake $0
Seat 3: lexishake (big blind) collected ($2)
Seat 4: Actionni13 (button) (small blind) folded before Flop


PokerStars Hand #167397416968:  Hold'em Limit ($3/$6 USD) - 2017/03/10 15:23:46 ET
Table 'Alnath' 6-max Seat #3 is the button
Seat 3: lexishake ($557.28 in chips)
Seat 4: Actionni13 ($167.54 in chips)
lexishake: posts small blind $1
Actionni13: posts big blind $3
*** HOLE CARDS ***
lexishake: calls $2
Actionni13: raises $3 to $6
lexishake: raises $3 to $9
Actionni13: calls $3
*** FLOP *** [Jh 5d 6c]
Actionni13: checks
lexishake: bets $3
Actionni13: calls $3
*** TURN *** [Jh 5d 6c] [4h]
Actionni13: checks
lexishake: bets $6
Actionni13: calls $6
*** RIVER *** [Jh 5d 6c 4h] [7d]
Actionni13: checks
lexishake: checks
*** SHOW DOWN ***
Actionni13: shows [Jc Qh] (a pair of Jacks)
lexishake: mucks hand
Actionni13 collected $35.50 from pot
*** SUMMARY ***
Total pot $36 | Rake $0.50
Board [Jh 5d 6c 4h 7d]
Seat 3: lexishake (button) (small blind) mucked
Seat 4: Actionni13 (big blind) showed [Jc Qh] and won ($35.50) with a pair of Jacks


PokerStars Hand #167397412086:  Hold'em Limit ($3/$6 USD) - 2017/03/10 15:23:40 ET
Table 'Alnath' 6-max Seat #4 is the button
Seat 3: lexishake ($560.28 in chips)
Seat 4: Actionni13 ($164.54 in chips)
Actionni13: posts small blind $1
lexishake: posts big blind $3
*** HOLE CARDS ***
Actionni13: raises $3 to $6
lexishake: folds
Uncalled bet ($3) returned to Actionni13
Actionni13 collected $6 from pot
Actionni13: doesn't show hand
*** SUMMARY ***
Total pot $6 | Rake $0
Seat 3: lexishake (big blind) folded before Flop
Seat 4: Actionni13 (button) (small blind) collected ($6)


PokerStars Hand #167397407102:  Hold'em Limit ($3/$6 USD) - 2017/03/10 15:23:35 ET
Table 'Alnath' 6-max Seat #3 is the button
Seat 3: lexishake ($557.28 in chips)
Seat 4: Actionni13 ($167.54 in chips)
lexishake: posts small blind $1
Actionni13: posts big blind $3
*** HOLE CARDS ***
lexishake: raises $3 to $6
Actionni13: folds
Uncalled bet ($3) returned to lexishake
lexishake collected $6 from pot
*** SUMMARY ***
Total pot $6 | Rake $0
Seat 3: lexishake (button) (small blind) collected ($6)
Seat 4: Actionni13 (big blind) folded before Flop


PokerStars Hand #167397401606:  Hold'em Limit ($3/$6 USD) - 2017/03/10 15:23:28 ET
Table 'Alnath' 6-max Seat #4 is the button
Seat 3: lexishake ($560.28 in chips)
Seat 4: Actionni13 ($164.54 in chips)
Actionni13: posts small blind $1
lexishake: posts big blind $3
*** HOLE CARDS ***
Actionni13: raises $3 to $6
lexishake: folds
Uncalled bet ($3) returned to Actionni13
Actionni13 collected $6 from pot
Actionni13: doesn't show hand
*** SUMMARY ***
Total pot $6 | Rake $0
Seat 3: lexishake (big blind) folded before Flop
Seat 4: Actionni13 (button) (small blind) collected ($6)


PokerStars Hand #167397396923:  Hold'em Limit ($3/$6 USD) - 2017/03/10 15:23:23 ET
Table 'Alnath' 6-max Seat #3 is the button
Seat 3: lexishake ($557.28 in chips)
Seat 4: Actionni13 ($167.54 in chips)
lexishake: posts small blind $1
Actionni13: posts big blind $3
*** HOLE CARDS ***
lexishake: raises $3 to $6
Actionni13: folds
Uncalled bet ($3) returned to lexishake
lexishake collected $6 from pot
*** SUMMARY ***
Total pot $6 | Rake $0
Seat 3: lexishake (button) (small blind) collected ($6)
Seat 4: Actionni13 (big blind) folded before Flop


PokerStars Hand #167397376187:  Hold'em Limit ($3/$6 USD) - 2017/03/10 15:22:59 ET
Table 'Alnath' 6-max Seat #4 is the button
Seat 3: lexishake ($536.78 in chips)
Seat 4: Actionni13 ($188.54 in chips)
Actionni13: posts small blind $1
lexishake: posts big blind $3
*** HOLE CARDS ***
Actionni13: raises $3 to $6
lexishake: raises $3 to $9
Actionni13: calls $3
*** FLOP *** [9s 2d 8d]
lexishake: bets $3
Actionni13: raises $3 to $6
lexishake: calls $3
*** TURN *** [9s 2d 8d] [6s]
lexishake: checks
Actionni13: bets $6
lexishake: calls $6
*** RIVER *** [9s 2d 8d 6s] [Ks]
lexishake: bets $6
Actionni13: folds
Uncalled bet ($6) returned to lexishake
lexishake collected $41.50 from pot
*** SUMMARY ***
Total pot $42 | Rake $0.50
Board [9s 2d 8d 6s Ks]
Seat 3: lexishake (big blind) collected ($41.50)
Seat 4: Actionni13 (button) (small blind) folded on the River


PokerStars Hand #167397441213:  Hold'em Limit ($3/$6 USD) - 2017/03/10 15:24:14 ET
Table 'Alnath' 6-max Seat #3 is the button
Seat 3: lexishake ($540.28 in chips)
Seat 4: Actionni13 ($184.04 in chips)
lexishake: posts small blind $1
Actionni13: posts big blind $3
*** HOLE CARDS ***
lexishake: raises $3 to $6
Actionni13: folds
Uncalled bet ($3) returned to lexishake
zxkz joins the table at seat #6
lexishake collected $6 from pot
*** SUMMARY ***
Total pot $6 | Rake $0
Seat 3: lexishake (button) (small blind) collected ($6)
Seat 4: Actionni13 (big blind) folded before Flop


PokerStars Hand #167397707215:  Hold'em Limit ($3/$6 USD) - 2017/03/10 15:29:13 ET
Table 'Alnath' 6-max Seat #4 is the button
Seat 3: lexishake ($492.54 in chips)
Seat 4: Actionni13 ($167.50 in chips)
Actionni13: posts small blind $1
lexishake: posts big blind $3
*** HOLE CARDS ***
Actionni13: raises $3 to $6
lexishake: calls $3
*** FLOP *** [Jd 8s 9c]
lexishake: checks
Actionni13: checks
*** TURN *** [Jd 8s 9c] [8c]
lexishake: bets $6
Actionni13: raises $6 to $12
lexishake: folds
Uncalled bet ($6) returned to Actionni13
Actionni13 collected $23.52 from pot
Actionni13: doesn't show hand
lexishake leaves the table
*** SUMMARY ***
Total pot $24 | Rake $0.48
Board [Jd 8s 9c 8c]
Seat 3: lexishake (big blind) folded on the Turn
Seat 4: Actionni13 (button) (small blind) collected ($23.52)


PokerStars Hand #167397692519:  Hold'em Limit ($3/$6 USD) - 2017/03/10 15:28:56 ET
Table 'Alnath' 6-max Seat #3 is the button
Seat 3: lexishake ($510.54 in chips)
Seat 4: Actionni13 ($150 in chips)
lexishake: posts small blind $1
Actionni13: posts big blind $3
*** HOLE CARDS ***
lexishake: calls $2
Actionni13: checks
*** FLOP *** [9s Qh 3c]
Actionni13: bets $3
lexishake: calls $3
*** TURN *** [9s Qh 3c] [5s]
Actionni13: checks
lexishake: bets $6
Actionni13: calls $6
*** RIVER *** [9s Qh 3c 5s] [4d]
Actionni13: checks
lexishake: bets $6
Actionni13: calls $6
*** SHOW DOWN ***
lexishake: shows [6s As] (high card Ace)
Actionni13: shows [7d 9h] (a pair of Nines)
Actionni13 collected $35.50 from pot
*** SUMMARY ***
Total pot $36 | Rake $0.50
Board [9s Qh 3c 5s 4d]
Seat 3: lexishake (button) (small blind) showed [6s As] and lost with high card Ace
Seat 4: Actionni13 (big blind) showed [7d 9h] and won ($35.50) with a pair of Nines


PokerStars Hand #167397680905:  Hold'em Limit ($3/$6 USD) - 2017/03/10 15:28:43 ET
Table 'Alnath' 6-max Seat #4 is the button
Seat 3: lexishake ($501.90 in chips)
Seat 4: Actionni13 ($151 in chips)
Actionni13: posts small blind $1
lexishake: posts big blind $3
*** HOLE CARDS ***
Actionni13: raises $3 to $6
lexishake: calls $3
*** FLOP *** [Qc 8s 7h]
lexishake: checks
Actionni13: bets $3
lexishake: calls $3
*** TURN *** [Qc 8s 7h] [Th]
lexishake: bets $6
Actionni13: folds
Uncalled bet ($6) returned to lexishake
lexishake collected $17.64 from pot
*** SUMMARY ***
Total pot $18 | Rake $0.36
Board [Qc 8s 7h Th]
Seat 3: lexishake (big blind) collected ($17.64)
Seat 4: Actionni13 (button) (small blind) folded on the Turn


PokerStars Hand #167397676927:  Hold'em Limit ($3/$6 USD) - 2017/03/10 15:28:39 ET
Table 'Alnath' 6-max Seat #3 is the button
Seat 3: lexishake ($502.90 in chips)
Seat 4: Actionni13 ($150 in chips)
lexishake: posts small blind $1
Actionni13: posts big blind $3
*** HOLE CARDS ***
lexishake: folds
Uncalled bet ($2) returned to Actionni13
Actionni13 collected $2 from pot
Actionni13: doesn't show hand
*** SUMMARY ***
Total pot $2 | Rake $0
Seat 3: lexishake (button) (small blind) folded before Flop
Seat 4: Actionni13 (big blind) collected ($2)


PokerStars Hand #167397672871:  Hold'em Limit ($3/$6 USD) - 2017/03/10 15:28:34 ET
Table 'Alnath' 6-max Seat #4 is the button
Seat 3: lexishake ($501.90 in chips)
Seat 4: Actionni13 ($151 in chips)
Actionni13: posts small blind $1
zxkz: is sitting out
lexishake: posts big blind $3
*** HOLE CARDS ***
Actionni13: folds
Uncalled bet ($2) returned to lexishake
zxkz leaves the table
lexishake collected $2 from pot
*** SUMMARY ***
Total pot $2 | Rake $0
Seat 3: lexishake (big blind) collected ($2)
Seat 4: Actionni13 (button) (small blind) folded before Flop


