PokerStars Hand #172481010867:  Hold'em Limit ($3/$6 USD) - 2017/07/01 16:07:44 ET
Table 'Alnitak' 10-max Seat #5 is the button
Seat 5: simper11 ($90 in chips)
Seat 6: anebodil ($127.53 in chips)
simper11: posts small blind $1
anebodil: posts big blind $3
*** HOLE CARDS ***
simper11: raises $3 to $6
anebodil: folds
Uncalled bet ($3) returned to simper11
simper11 collected $6 from pot
simper11: doesn't show hand
*** SUMMARY ***
Total pot $6 | Rake $0
Seat 5: simper11 (button) (small blind) collected ($6)
Seat 6: anebodil (big blind) folded before Flop


PokerStars Hand #172481030274:  Hold'em Limit ($3/$6 USD) - 2017/07/01 16:08:11 ET
Table 'Alnitak' 10-max Seat #6 is the button
Seat 5: simper11 ($93 in chips)
Seat 6: anebodil ($133.05 in chips)
anebodil: posts small blind $1
simper11: posts big blind $3
*** HOLE CARDS ***
anebodil: folds
Uncalled bet ($2) returned to simper11
simper11 collected $2 from pot
simper11: doesn't show hand
*** SUMMARY ***
Total pot $2 | Rake $0
Seat 5: simper11 (big blind) collected ($2)
Seat 6: anebodil (button) (small blind) folded before Flop


PokerStars Hand #172481034791:  Hold'em Limit ($3/$6 USD) - 2017/07/01 16:08:17 ET
Table 'Alnitak' 10-max Seat #5 is the button
Seat 5: simper11 ($94 in chips)
Seat 6: anebodil ($132.05 in chips)
simper11: posts small blind $1
anebodil: posts big blind $3
*** HOLE CARDS ***
simper11: raises $3 to $6
anebodil: calls $3
*** FLOP *** [Qh 9c 9s]
anebodil: bets $3
simper11: folds
Uncalled bet ($3) returned to anebodil
anebodil collected $11.76 from pot
*** SUMMARY ***
Total pot $12 | Rake $0.24
Board [Qh 9c 9s]
Seat 5: simper11 (button) (small blind) folded on the Flop
Seat 6: anebodil (big blind) collected ($11.76)


PokerStars Hand #172481054175:  Hold'em Limit ($3/$6 USD) - 2017/07/01 16:08:43 ET
Table 'Alnitak' 10-max Seat #5 is the button
Seat 5: simper11 ($85 in chips)
Seat 6: anebodil ($140.69 in chips)
simper11: posts small blind $1
anebodil: posts big blind $3
*** HOLE CARDS ***
simper11: folds
Uncalled bet ($2) returned to anebodil
anebodil collected $2 from pot
*** SUMMARY ***
Total pot $2 | Rake $0
Seat 5: simper11 (button) (small blind) folded before Flop
Seat 6: anebodil (big blind) collected ($2)


PokerStars Hand #172481042489:  Hold'em Limit ($3/$6 USD) - 2017/07/01 16:08:27 ET
Table 'Alnitak' 10-max Seat #6 is the button
Seat 5: simper11 ($88 in chips)
Seat 6: anebodil ($137.81 in chips)
anebodil: posts small blind $1
simper11: posts big blind $3
*** HOLE CARDS ***
anebodil: calls $2
simper11: checks
*** FLOP *** [Ac Td Kc]
simper11: checks
anebodil: checks
*** TURN *** [Ac Td Kc] [Qc]
simper11: checks
anebodil: checks
*** RIVER *** [Ac Td Kc Qc] [2s]
simper11: checks
anebodil: bets $6
simper11: folds
Uncalled bet ($6) returned to anebodil
anebodil collected $5.88 from pot
*** SUMMARY ***
Total pot $6 | Rake $0.12
Board [Ac Td Kc Qc 2s]
Seat 5: simper11 (big blind) folded on the River
Seat 6: anebodil (button) (small blind) collected ($5.88)


PokerStars Hand #172481025772:  Hold'em Limit ($3/$6 USD) - 2017/07/01 16:08:04 ET
Table 'Alnitak' 10-max Seat #5 is the button
Seat 5: simper11 ($90 in chips)
Seat 6: anebodil ($136.05 in chips)
simper11: posts small blind $1
anebodil: posts big blind $3
*** HOLE CARDS ***
simper11: raises $3 to $6
anebodil: folds
Uncalled bet ($3) returned to simper11
simper11 collected $6 from pot
simper11: doesn't show hand
*** SUMMARY ***
Total pot $6 | Rake $0
Seat 5: simper11 (button) (small blind) collected ($6)
Seat 6: anebodil (big blind) folded before Flop


PokerStars Hand #172481016266:  Hold'em Limit ($3/$6 USD) - 2017/07/01 16:07:52 ET
Table 'Alnitak' 10-max Seat #6 is the button
Seat 5: simper11 ($93 in chips)
Seat 6: anebodil ($124.53 in chips)
anebodil: posts small blind $1
simper11: posts big blind $3
*** HOLE CARDS ***
anebodil: raises $3 to $6
simper11: calls $3
*** FLOP *** [Ks Qd 3c]
simper11: checks
anebodil: checks
*** TURN *** [Ks Qd 3c] [6d]
simper11: checks
anebodil: checks
*** RIVER *** [Ks Qd 3c 6d] [9h]
simper11: bets $6
anebodil: calls $6
*** SHOW DOWN ***
simper11: shows [4d 5c] (high card King)
anebodil: shows [Ac 8d] (high card Ace)
anebodil collected $23.52 from pot
*** SUMMARY ***
Total pot $24 | Rake $0.48
Board [Ks Qd 3c 6d 9h]
Seat 5: simper11 (big blind) showed [4d 5c] and lost with high card King
Seat 6: anebodil (button) (small blind) showed [Ac 8d] and won ($23.52) with high card Ace


PokerStars Hand #172481069151:  Hold'em Limit ($3/$6 USD) - 2017/07/01 16:09:04 ET
Table 'Alnitak' 10-max Seat #5 is the button
Seat 5: simper11 ($81 in chips)
Seat 6: anebodil ($144.57 in chips)
simper11: posts small blind $1
anebodil: posts big blind $3
*** HOLE CARDS ***
simper11: folds
Uncalled bet ($2) returned to anebodil
anebodil collected $2 from pot
*** SUMMARY ***
Total pot $2 | Rake $0
Seat 5: simper11 (button) (small blind) folded before Flop
Seat 6: anebodil (big blind) collected ($2)


PokerStars Hand #172481057841:  Hold'em Limit ($3/$6 USD) - 2017/07/01 16:08:48 ET
Table 'Alnitak' 10-max Seat #6 is the button
Seat 5: simper11 ($84 in chips)
Seat 6: anebodil ($141.69 in chips)
anebodil: posts small blind $1
simper11: posts big blind $3
*** HOLE CARDS ***
anebodil: calls $2
simper11: checks
*** FLOP *** [Qc 8h Qd]
simper11: checks
anebodil: checks
*** TURN *** [Qc 8h Qd] [6c]
simper11: checks
anebodil: checks
*** RIVER *** [Qc 8h Qd 6c] [5d]
simper11: checks
anebodil: bets $6
simper11: folds
Uncalled bet ($6) returned to anebodil
anebodil collected $5.88 from pot
*** SUMMARY ***
Total pot $6 | Rake $0.12
Board [Qc 8h Qd 6c 5d]
Seat 5: simper11 (big blind) folded on the River
Seat 6: anebodil (button) (small blind) collected ($5.88)


PokerStars Hand #172481072422:  Hold'em Limit ($3/$6 USD) - 2017/07/01 16:09:08 ET
Table 'Alnitak' 10-max Seat #6 is the button
Seat 5: simper11 ($80 in chips)
Seat 6: anebodil ($145.57 in chips)
anebodil: posts small blind $1
simper11: posts big blind $3
*** HOLE CARDS ***
anebodil: folds
Uncalled bet ($2) returned to simper11
simper11 collected $2 from pot
simper11: doesn't show hand
*** SUMMARY ***
Total pot $2 | Rake $0
Seat 5: simper11 (big blind) collected ($2)
Seat 6: anebodil (button) (small blind) folded before Flop


PokerStars Hand #172481092881:  Hold'em Limit ($3/$6 USD) - 2017/07/01 16:09:36 ET
Table 'Alnitak' 10-max Seat #5 is the button
Seat 5: simper11 ($80.76 in chips)
Seat 6: anebodil ($144.33 in chips)
simper11: posts small blind $1
anebodil: posts big blind $3
*** HOLE CARDS ***
simper11: raises $3 to $6
anebodil: calls $3
*** FLOP *** [8d 8s Td]
anebodil: checks
simper11: bets $3
anebodil: calls $3
*** TURN *** [8d 8s Td] [Ah]
anebodil: bets $6
simper11: calls $6
*** RIVER *** [8d 8s Td Ah] [Kc]
anebodil: bets $6
simper11: calls $6
*** SHOW DOWN ***
anebodil: shows [5s Ac] (two pair, Aces and Eights)
simper11: mucks hand
anebodil collected $41.50 from pot
*** SUMMARY ***
Total pot $42 | Rake $0.50
Board [8d 8s Td Ah Kc]
Seat 5: simper11 (button) (small blind) mucked
Seat 6: anebodil (big blind) showed [5s Ac] and won ($41.50) with two pair, Aces and Eights


PokerStars Hand #172481076274:  Hold'em Limit ($3/$6 USD) - 2017/07/01 16:09:13 ET
Table 'Alnitak' 10-max Seat #5 is the button
Seat 5: simper11 ($81 in chips)
Seat 6: anebodil ($144.57 in chips)
simper11: posts small blind $1
anebodil: posts big blind $3
*** HOLE CARDS ***
simper11: raises $3 to $6
anebodil: calls $3
*** FLOP *** [Ah 2s 5c]
anebodil: checks
simper11: bets $3
anebodil: folds
Uncalled bet ($3) returned to simper11
simper11 collected $11.76 from pot
simper11: doesn't show hand
*** SUMMARY ***
Total pot $12 | Rake $0.24
Board [Ah 2s 5c]
Seat 5: simper11 (button) (small blind) collected ($11.76)
Seat 6: anebodil (big blind) folded on the Flop


PokerStars Hand #172481085163:  Hold'em Limit ($3/$6 USD) - 2017/07/01 16:09:26 ET
Table 'Alnitak' 10-max Seat #6 is the button
Seat 5: simper11 ($86.76 in chips)
Seat 6: anebodil ($138.57 in chips)
anebodil: posts small blind $1
simper11: posts big blind $3
*** HOLE CARDS ***
anebodil: raises $3 to $6
simper11: calls $3
*** FLOP *** [As 4c Ad]
simper11: checks
anebodil: bets $3
simper11: folds
Uncalled bet ($3) returned to anebodil
anebodil collected $11.76 from pot
*** SUMMARY ***
Total pot $12 | Rake $0.24
Board [As 4c Ad]
Seat 5: simper11 (big blind) folded on the Flop
Seat 6: anebodil (button) (small blind) collected ($11.76)


PokerStars Hand #172481115913:  Hold'em Limit ($3/$6 USD) - 2017/07/01 16:10:08 ET
Table 'Alnitak' 10-max Seat #5 is the button
Seat 5: simper11 ($60.76 in chips)
Seat 6: anebodil ($163.83 in chips)
simper11: posts small blind $1
anebodil: posts big blind $3
*** HOLE CARDS ***
simper11: raises $3 to $6
anebodil: calls $3
*** FLOP *** [Kd 8s 9c]
anebodil: checks
simper11: bets $3
anebodil: calls $3
*** TURN *** [Kd 8s 9c] [Qh]
anebodil: checks
simper11: bets $6
anebodil: calls $6
*** RIVER *** [Kd 8s 9c Qh] [4s]
anebodil: checks
simper11: bets $6
anebodil: folds
Uncalled bet ($6) returned to simper11
simper11 collected $29.50 from pot
simper11: doesn't show hand
*** SUMMARY ***
Total pot $30 | Rake $0.50
Board [Kd 8s 9c Qh 4s]
Seat 5: simper11 (button) (small blind) collected ($29.50)
Seat 6: anebodil (big blind) folded on the River


PokerStars Hand #172481139180:  Hold'em Limit ($3/$6 USD) - 2017/07/01 16:10:40 ET
Table 'Alnitak' 10-max Seat #6 is the button
Seat 5: simper11 ($75.26 in chips)
Seat 6: anebodil ($148.83 in chips)
anebodil: posts small blind $1
simper11: posts big blind $3
*** HOLE CARDS ***
anebodil: folds
Uncalled bet ($2) returned to simper11
simper11 collected $2 from pot
simper11: doesn't show hand
*** SUMMARY ***
Total pot $2 | Rake $0
Seat 5: simper11 (big blind) collected ($2)
Seat 6: anebodil (button) (small blind) folded before Flop


PokerStars Hand #172481134787:  Hold'em Limit ($3/$6 USD) - 2017/07/01 16:10:34 ET
Table 'Alnitak' 10-max Seat #5 is the button
Seat 5: simper11 ($72.26 in chips)
Seat 6: anebodil ($151.83 in chips)
simper11: posts small blind $1
anebodil: posts big blind $3
*** HOLE CARDS ***
simper11: raises $3 to $6
anebodil: folds
Uncalled bet ($3) returned to simper11
simper11 collected $6 from pot
simper11: doesn't show hand
*** SUMMARY ***
Total pot $6 | Rake $0
Seat 5: simper11 (button) (small blind) collected ($6)
Seat 6: anebodil (big blind) folded before Flop


PokerStars Hand #172481129709:  Hold'em Limit ($3/$6 USD) - 2017/07/01 16:10:27 ET
Table 'Alnitak' 10-max Seat #6 is the button
Seat 5: simper11 ($75.26 in chips)
Seat 6: anebodil ($148.83 in chips)
anebodil: posts small blind $1
simper11: posts big blind $3
*** HOLE CARDS ***
anebodil: raises $3 to $6
simper11: folds
Uncalled bet ($3) returned to anebodil
anebodil collected $6 from pot
*** SUMMARY ***
Total pot $6 | Rake $0
Seat 5: simper11 (big blind) folded before Flop
Seat 6: anebodil (button) (small blind) collected ($6)


PokerStars Hand #172481112070:  Hold'em Limit ($3/$6 USD) - 2017/07/01 16:10:02 ET
Table 'Alnitak' 10-max Seat #6 is the button
Seat 5: simper11 ($59.76 in chips)
Seat 6: anebodil ($164.83 in chips)
anebodil: posts small blind $1
simper11: posts big blind $3
*** HOLE CARDS ***
anebodil: folds
Uncalled bet ($2) returned to simper11
simper11 collected $2 from pot
simper11: doesn't show hand
*** SUMMARY ***
Total pot $2 | Rake $0
Seat 5: simper11 (big blind) collected ($2)
Seat 6: anebodil (button) (small blind) folded before Flop


PokerStars Hand #172481108454:  Hold'em Limit ($3/$6 USD) - 2017/07/01 16:09:58 ET
Table 'Alnitak' 10-max Seat #5 is the button
Seat 5: simper11 ($60.76 in chips)
Seat 6: anebodil ($163.83 in chips)
simper11: posts small blind $1
anebodil: posts big blind $3
*** HOLE CARDS ***
simper11: folds
Uncalled bet ($2) returned to anebodil
anebodil collected $2 from pot
*** SUMMARY ***
Total pot $2 | Rake $0
Seat 5: simper11 (button) (small blind) folded before Flop
Seat 6: anebodil (big blind) collected ($2)


PokerStars Hand #172481142702:  Hold'em Limit ($3/$6 USD) - 2017/07/01 16:10:45 ET
Table 'Alnitak' 10-max Seat #5 is the button
Seat 5: simper11 ($76.26 in chips)
Seat 6: anebodil ($147.83 in chips)
simper11: posts small blind $1
anebodil: posts big blind $3
*** HOLE CARDS ***
simper11: raises $3 to $6
anebodil: calls $3
*** FLOP *** [Jd 5d 2d]
Krazy90 joins the table at seat #7
anebodil: checks
simper11: bets $3
anebodil: folds
Uncalled bet ($3) returned to simper11
simper11 collected $11.76 from pot
simper11: doesn't show hand
*** SUMMARY ***
Total pot $12 | Rake $0.24
Board [Jd 5d 2d]
Seat 5: simper11 (button) (small blind) collected ($11.76)
Seat 6: anebodil (big blind) folded on the Flop


PokerStars Hand #172481422852:  Hold'em Limit ($3/$6 USD) - 2017/07/01 16:17:00 ET
Table 'Alnitak' 10-max Seat #7 is the button
Seat 5: simper11 ($85.42 in chips)
Seat 7: Krazy90 ($157 in chips)
Krazy90: posts small blind $1
simper11: posts big blind $3
*** HOLE CARDS ***
Krazy90: raises $3 to $6
simper11: folds
Uncalled bet ($3) returned to Krazy90
Krazy90 collected $6 from pot
Krazy90: doesn't show hand
*** SUMMARY ***
Total pot $6 | Rake $0
Seat 5: simper11 (big blind) folded before Flop
Seat 7: Krazy90 (button) (small blind) collected ($6)


PokerStars Hand #172483022324:  Hold'em Limit ($3/$6 USD) - 2017/07/01 16:53:14 ET
Table 'Alnitak' 10-max Seat #7 is the button
Seat 2: vivavsmtv ($135.42 in chips)
Seat 7: Krazy90 ($137.74 in chips)
Krazy90: posts small blind $1
A-L!ce21: is sitting out
vivavsmtv: posts big blind $3
*** HOLE CARDS ***
A-L!ce21 leaves the table
Krazy90 has timed out
Krazy90: folds
Uncalled bet ($2) returned to vivavsmtv
vivavsmtv collected $2 from pot
vivavsmtv: doesn't show hand
*** SUMMARY ***
Total pot $2 | Rake $0
Seat 2: vivavsmtv (big blind) collected ($2)
Seat 7: Krazy90 (button) (small blind) folded before Flop


