PokerStars Hand #150717635610:  Hold'em Limit ($3/$6 USD) - 2016/03/21 15:16:59 ET
Table 'Alniyat' 6-max Seat #4 is the button
Seat 2: PinchMaster ($108.25 in chips)
Seat 4: MTails ($102 in chips)
MTails: posts small blind $1
PinchMaster: posts big blind $3
*** HOLE CARDS ***
MTails: raises $3 to $6
PinchMaster: raises $3 to $9
MTails: calls $3
*** FLOP *** [5c 9h 2h]
PinchMaster: bets $3
MTails: calls $3
*** TURN *** [5c 9h 2h] [6d]
PinchMaster: checks
MTails: bets $6
PinchMaster: calls $6
*** RIVER *** [5c 9h 2h 6d] [5h]
PinchMaster: checks
MTails: checks
*** SHOW DOWN ***
PinchMaster: shows [As Kh] (a pair of Fives)
MTails: mucks hand
PinchMaster collected $35.50 from pot
*** SUMMARY ***
Total pot $36 | Rake $0.50
Board [5c 9h 2h 6d 5h]
Seat 2: PinchMaster (big blind) showed [As Kh] and won ($35.50) with a pair of Fives
Seat 4: MTails (button) (small blind) mucked


PokerStars Hand #150717703825:  Hold'em Limit ($3/$6 USD) - 2016/03/21 15:18:08 ET
Table 'Alniyat' 6-max Seat #2 is the button
Seat 2: PinchMaster ($129.79 in chips)
Seat 4: MTails ($78.40 in chips)
PinchMaster: posts small blind $1
MTails: posts big blind $3
*** HOLE CARDS ***
PinchMaster: raises $3 to $6
MTails: calls $3
*** FLOP *** [Qd 8h 5d]
MTails: checks
PinchMaster: checks
*** TURN *** [Qd 8h 5d] [Qc]
MTails: bets $6
PinchMaster: calls $6
*** RIVER *** [Qd 8h 5d Qc] [6c]
MTails: checks
PinchMaster: checks
*** SHOW DOWN ***
MTails: shows [Kh 9c] (a pair of Queens)
PinchMaster: shows [Td Ac] (a pair of Queens - Ace kicker)
PinchMaster collected $23.52 from pot
*** SUMMARY ***
Total pot $24 | Rake $0.48
Board [Qd 8h 5d Qc 6c]
Seat 2: PinchMaster (button) (small blind) showed [Td Ac] and won ($23.52) with a pair of Queens
Seat 4: MTails (big blind) showed [Kh 9c] and lost with a pair of Queens


PokerStars Hand #150717695793:  Hold'em Limit ($3/$6 USD) - 2016/03/21 15:18:00 ET
Table 'Alniyat' 6-max Seat #4 is the button
Seat 2: PinchMaster ($135.79 in chips)
Seat 4: MTails ($72.64 in chips)
MTails: posts small blind $1
PinchMaster: posts big blind $3
*** HOLE CARDS ***
MTails: raises $3 to $6
PinchMaster: calls $3
*** FLOP *** [5s Jd Qc]
PinchMaster: checks
MTails: bets $3
PinchMaster: folds
Uncalled bet ($3) returned to MTails
MTails collected $11.76 from pot
*** SUMMARY ***
Total pot $12 | Rake $0.24
Board [5s Jd Qc]
Seat 2: PinchMaster (big blind) folded on the Flop
Seat 4: MTails (button) (small blind) collected ($11.76)


PokerStars Hand #150717681141:  Hold'em Limit ($3/$6 USD) - 2016/03/21 15:17:45 ET
Table 'Alniyat' 6-max Seat #2 is the button
Seat 2: PinchMaster ($124.27 in chips)
Seat 4: MTails ($84.64 in chips)
PinchMaster: posts small blind $1
MTails: posts big blind $3
*** HOLE CARDS ***
PinchMaster: raises $3 to $6
MTails: calls $3
*** FLOP *** [3c Jc Qc]
MTails: checks
PinchMaster: checks
*** TURN *** [3c Jc Qc] [8s]
MTails: bets $6
PinchMaster: calls $6
*** RIVER *** [3c Jc Qc 8s] [Kd]
MTails: checks
PinchMaster: bets $6
MTails: folds
Uncalled bet ($6) returned to PinchMaster
PinchMaster collected $23.52 from pot
PinchMaster: doesn't show hand
*** SUMMARY ***
Total pot $24 | Rake $0.48
Board [3c Jc Qc 8s Kd]
Seat 2: PinchMaster (button) (small blind) collected ($23.52)
Seat 4: MTails (big blind) folded on the River


PokerStars Hand #150717668390:  Hold'em Limit ($3/$6 USD) - 2016/03/21 15:17:32 ET
Table 'Alniyat' 6-max Seat #4 is the button
Seat 2: PinchMaster ($112.75 in chips)
Seat 4: MTails ($96.64 in chips)
MTails: posts small blind $1
PinchMaster: posts big blind $3
*** HOLE CARDS ***
MTails: raises $3 to $6
PinchMaster: calls $3
*** FLOP *** [Tc 2s Qd]
PinchMaster: checks
MTails: bets $3
PinchMaster: raises $3 to $6
MTails: calls $3
*** TURN *** [Tc 2s Qd] [9h]
PinchMaster: bets $6
MTails: folds
Uncalled bet ($6) returned to PinchMaster
PinchMaster collected $23.52 from pot
PinchMaster: doesn't show hand
*** SUMMARY ***
Total pot $24 | Rake $0.48
Board [Tc 2s Qd 9h]
Seat 2: PinchMaster (big blind) collected ($23.52)
Seat 4: MTails (button) (small blind) folded on the Turn


PokerStars Hand #150717664077:  Hold'em Limit ($3/$6 USD) - 2016/03/21 15:17:28 ET
Table 'Alniyat' 6-max Seat #2 is the button
Seat 2: PinchMaster ($113.75 in chips)
Seat 4: MTails ($95.64 in chips)
PinchMaster: posts small blind $1
MTails: posts big blind $3
*** HOLE CARDS ***
PinchMaster: folds
Uncalled bet ($2) returned to MTails
MTails collected $2 from pot
MTails: doesn't show hand
*** SUMMARY ***
Total pot $2 | Rake $0
Seat 2: PinchMaster (button) (small blind) folded before Flop
Seat 4: MTails (big blind) collected ($2)


PokerStars Hand #150717659373:  Hold'em Limit ($3/$6 USD) - 2016/03/21 15:17:23 ET
Table 'Alniyat' 6-max Seat #4 is the button
Seat 2: PinchMaster ($116.75 in chips)
Seat 4: MTails ($92.64 in chips)
MTails: posts small blind $1
PinchMaster: posts big blind $3
*** HOLE CARDS ***
MTails: raises $3 to $6
PinchMaster: folds
Uncalled bet ($3) returned to MTails
MTails collected $6 from pot
MTails: doesn't show hand
*** SUMMARY ***
Total pot $6 | Rake $0
Seat 2: PinchMaster (big blind) folded before Flop
Seat 4: MTails (button) (small blind) collected ($6)


PokerStars Hand #150717650566:  Hold'em Limit ($3/$6 USD) - 2016/03/21 15:17:14 ET
Table 'Alniyat' 6-max Seat #2 is the button
Seat 2: PinchMaster ($125.75 in chips)
Seat 4: MTails ($84 in chips)
PinchMaster: posts small blind $1
MTails: posts big blind $3
*** HOLE CARDS ***
PinchMaster: raises $3 to $6
MTails: raises $3 to $9
PinchMaster: calls $3
*** FLOP *** [Kd Qd 4s]
MTails: bets $3
PinchMaster: folds
Uncalled bet ($3) returned to MTails
MTails collected $17.64 from pot
MTails: doesn't show hand
*** SUMMARY ***
Total pot $18 | Rake $0.36
Board [Kd Qd 4s]
Seat 2: PinchMaster (button) (small blind) folded on the Flop
Seat 4: MTails (big blind) collected ($17.64)


PokerStars Hand #150717752691:  Hold'em Limit ($3/$6 USD) - 2016/03/21 15:18:58 ET
Table 'Alniyat' 6-max Seat #4 is the button
Seat 2: PinchMaster ($113.81 in chips)
Seat 4: MTails ($152.90 in chips)
MTails: posts small blind $1
PinchMaster: posts big blind $3
*** HOLE CARDS ***
MTails: raises $3 to $6
PinchMaster: calls $3
*** FLOP *** [Th 3s 4h]
PinchMaster: checks
MTails: bets $3
PinchMaster: calls $3
*** TURN *** [Th 3s 4h] [3d]
PinchMaster: checks
MTails: bets $6
PinchMaster: calls $6
*** RIVER *** [Th 3s 4h 3d] [Kd]
PinchMaster: checks
MTails: bets $6
PinchMaster: calls $6
*** SHOW DOWN ***
MTails: shows [3c Jd] (three of a kind, Threes)
PinchMaster: mucks hand
MTails collected $41.50 from pot
*** SUMMARY ***
Total pot $42 | Rake $0.50
Board [Th 3s 4h 3d Kd]
Seat 2: PinchMaster (big blind) mucked
Seat 4: MTails (button) (small blind) showed [3c Jd] and won ($41.50) with three of a kind, Threes


PokerStars Hand #150717736740:  Hold'em Limit ($3/$6 USD) - 2016/03/21 15:18:42 ET
Table 'Alniyat' 6-max Seat #2 is the button
Seat 2: PinchMaster ($155.81 in chips)
Seat 4: MTails ($111.40 in chips)
PinchMaster: posts small blind $1
MTails: posts big blind $3
*** HOLE CARDS ***
PinchMaster: raises $3 to $6
MTails: raises $3 to $9
PinchMaster: calls $3
*** FLOP *** [9d Jc Qd]
MTails: bets $3
PinchMaster: calls $3
*** TURN *** [9d Jc Qd] [6d]
MTails: bets $6
PinchMaster: raises $6 to $12
MTails: raises $6 to $18
PinchMaster: calls $6
*** RIVER *** [9d Jc Qd 6d] [5c]
MTails: bets $6
PinchMaster: raises $6 to $12
MTails: calls $6
*** SHOW DOWN ***
PinchMaster: shows [Qh Qs] (three of a kind, Queens)
MTails: shows [Tc 8d] (a straight, Eight to Queen)
MTails collected $83.50 from pot
*** SUMMARY ***
Total pot $84 | Rake $0.50
Board [9d Jc Qd 6d 5c]
Seat 2: PinchMaster (button) (small blind) showed [Qh Qs] and lost with three of a kind, Queens
Seat 4: MTails (big blind) showed [Tc 8d] and won ($83.50) with a straight, Eight to Queen


PokerStars Hand #150717732252:  Hold'em Limit ($3/$6 USD) - 2016/03/21 15:18:37 ET
Table 'Alniyat' 6-max Seat #4 is the button
Seat 2: PinchMaster ($154.81 in chips)
Seat 4: MTails ($112.40 in chips)
MTails: posts small blind $1
PinchMaster: posts big blind $3
*** HOLE CARDS ***
MTails: folds
Uncalled bet ($2) returned to PinchMaster
PinchMaster collected $2 from pot
PinchMaster: doesn't show hand
*** SUMMARY ***
Total pot $2 | Rake $0
Seat 2: PinchMaster (big blind) collected ($2)
Seat 4: MTails (button) (small blind) folded before Flop


PokerStars Hand #150717727844:  Hold'em Limit ($3/$6 USD) - 2016/03/21 15:18:33 ET
Table 'Alniyat' 6-max Seat #2 is the button
Seat 2: PinchMaster ($155.81 in chips)
Seat 4: MTails ($111.40 in chips)
PinchMaster: posts small blind $1
MTails: posts big blind $3
*** HOLE CARDS ***
PinchMaster: folds
Uncalled bet ($2) returned to MTails
MTails collected $2 from pot
MTails: doesn't show hand
*** SUMMARY ***
Total pot $2 | Rake $0
Seat 2: PinchMaster (button) (small blind) folded before Flop
Seat 4: MTails (big blind) collected ($2)


PokerStars Hand #150717715700:  Hold'em Limit ($3/$6 USD) - 2016/03/21 15:18:20 ET
Table 'Alniyat' 6-max Seat #4 is the button
Seat 2: PinchMaster ($141.31 in chips)
Seat 4: MTails ($66.40 in chips)
MTails: posts small blind $1
PinchMaster: posts big blind $3
*** HOLE CARDS ***
MTails: raises $3 to $6
PinchMaster: calls $3
*** FLOP *** [4s 7s 7h]
PinchMaster: checks
MTails: bets $3
PinchMaster: calls $3
*** TURN *** [4s 7s 7h] [Ts]
PinchMaster: checks
MTails: bets $6
PinchMaster: raises $6 to $12
MTails: folds
Uncalled bet ($6) returned to PinchMaster
PinchMaster collected $29.50 from pot
PinchMaster: doesn't show hand
*** SUMMARY ***
Total pot $30 | Rake $0.50
Board [4s 7s 7h Ts]
Seat 2: PinchMaster (big blind) collected ($29.50)
Seat 4: MTails (button) (small blind) folded on the Turn


PokerStars Hand #150717776346:  Hold'em Limit ($3/$6 USD) - 2016/03/21 15:19:22 ET
Table 'Alniyat' 6-max Seat #4 is the button
Seat 2: PinchMaster ($83.81 in chips)
Seat 4: MTails ($182.04 in chips)
MTails: posts small blind $1
PinchMaster: posts big blind $3
*** HOLE CARDS ***
MTails: raises $3 to $6
PinchMaster: calls $3
*** FLOP *** [Td 7h 5d]
PinchMaster: checks
MTails: bets $3
PinchMaster: calls $3
*** TURN *** [Td 7h 5d] [9c]
PinchMaster: checks
MTails: bets $6
PinchMaster: calls $6
*** RIVER *** [Td 7h 5d 9c] [7d]
PinchMaster: checks
MTails: bets $6
PinchMaster: calls $6
*** SHOW DOWN ***
MTails: shows [9d Kd] (a flush, King high)
PinchMaster: mucks hand
MTails collected $41.50 from pot
william5656 joins the table at seat #3
*** SUMMARY ***
Total pot $42 | Rake $0.50
Board [Td 7h 5d 9c 7d]
Seat 2: PinchMaster (big blind) mucked
Seat 4: MTails (button) (small blind) showed [9d Kd] and won ($41.50) with a flush, King high


PokerStars Hand #150717767236:  Hold'em Limit ($3/$6 USD) - 2016/03/21 15:19:13 ET
Table 'Alniyat' 6-max Seat #2 is the button
Seat 2: PinchMaster ($92.81 in chips)
Seat 4: MTails ($173.40 in chips)
PinchMaster: posts small blind $1
MTails: posts big blind $3
*** HOLE CARDS ***
PinchMaster: raises $3 to $6
MTails: raises $3 to $9
PinchMaster: calls $3
*** FLOP *** [5d Kd 4d]
MTails: bets $3
PinchMaster: folds
Uncalled bet ($3) returned to MTails
MTails collected $17.64 from pot
*** SUMMARY ***
Total pot $18 | Rake $0.36
Board [5d Kd 4d]
Seat 2: PinchMaster (button) (small blind) folded on the Flop
Seat 4: MTails (big blind) collected ($17.64)


PokerStars Hand #150721506801:  Hold'em Limit ($3/$6 USD) - 2016/03/21 16:22:03 ET
Table 'Alniyat' 6-max Seat #2 is the button
Seat 1: livenuncut ($97.22 in chips)
Seat 2: alexfer999 ($169.44 in chips)
alexfer999: posts small blind $1
livenuncut: posts big blind $3
*** HOLE CARDS ***
alexfer999: folds
Uncalled bet ($2) returned to livenuncut
livenuncut collected $2 from pot
livenuncut: doesn't show hand
*** SUMMARY ***
Total pot $2 | Rake $0
Seat 1: livenuncut (big blind) collected ($2)
Seat 2: alexfer999 (button) (small blind) folded before Flop


PokerStars Hand #150721485055:  Hold'em Limit ($3/$6 USD) - 2016/03/21 16:21:41 ET
Table 'Alniyat' 6-max Seat #1 is the button
Seat 1: livenuncut ($79.72 in chips)
Seat 2: alexfer999 ($187.44 in chips)
livenuncut: posts small blind $1
alexfer999: posts big blind $3
*** HOLE CARDS ***
livenuncut: raises $3 to $6
alexfer999: raises $3 to $9
livenuncut: calls $3
*** FLOP *** [Ks 4d Jd]
alexfer999: bets $3
livenuncut: calls $3
*** TURN *** [Ks 4d Jd] [Js]
alexfer999: checks
livenuncut: checks
*** RIVER *** [Ks 4d Jd Js] [3d]
alexfer999: checks
livenuncut: bets $6
alexfer999: calls $6
*** SHOW DOWN ***
livenuncut: shows [Qd 8d] (a flush, Queen high)
alexfer999: mucks hand
livenuncut collected $35.50 from pot
*** SUMMARY ***
Total pot $36 | Rake $0.50
Board [Ks 4d Jd Js 3d]
Seat 1: livenuncut (button) (small blind) showed [Qd 8d] and won ($35.50) with a flush, Queen high
Seat 2: alexfer999 (big blind) mucked


PokerStars Hand #150721479667:  Hold'em Limit ($3/$6 USD) - 2016/03/21 16:21:36 ET
Table 'Alniyat' 6-max Seat #2 is the button
Seat 1: livenuncut ($78.72 in chips)
Seat 2: alexfer999 ($188.44 in chips)
alexfer999: posts small blind $1
livenuncut: posts big blind $3
*** HOLE CARDS ***
alexfer999: folds
Uncalled bet ($2) returned to livenuncut
livenuncut collected $2 from pot
livenuncut: doesn't show hand
*** SUMMARY ***
Total pot $2 | Rake $0
Seat 1: livenuncut (big blind) collected ($2)
Seat 2: alexfer999 (button) (small blind) folded before Flop


PokerStars Hand #150721475076:  Hold'em Limit ($3/$6 USD) - 2016/03/21 16:21:32 ET
Table 'Alniyat' 6-max Seat #1 is the button
Seat 1: livenuncut ($79.72 in chips)
Seat 2: alexfer999 ($187.44 in chips)
livenuncut: posts small blind $1
alexfer999: posts big blind $3
*** HOLE CARDS ***
livenuncut: folds
Uncalled bet ($2) returned to alexfer999
alexfer999 collected $2 from pot
alexfer999: doesn't show hand
*** SUMMARY ***
Total pot $2 | Rake $0
Seat 1: livenuncut (button) (small blind) folded before Flop
Seat 2: alexfer999 (big blind) collected ($2)


PokerStars Hand #150721470270:  Hold'em Limit ($3/$6 USD) - 2016/03/21 16:21:27 ET
Table 'Alniyat' 6-max Seat #2 is the button
Seat 1: livenuncut ($78.72 in chips)
Seat 2: alexfer999 ($188.44 in chips)
alexfer999: posts small blind $1
pdsnr: is sitting out
livenuncut: posts big blind $3
*** HOLE CARDS ***
alexfer999: folds
Uncalled bet ($2) returned to livenuncut
livenuncut collected $2 from pot
livenuncut: doesn't show hand
*** SUMMARY ***
Total pot $2 | Rake $0
Seat 1: livenuncut (big blind) collected ($2)
Seat 2: alexfer999 (button) (small blind) folded before Flop


PokerStars Hand #150721555527:  Hold'em Limit ($3/$6 USD) - 2016/03/21 16:22:50 ET
Table 'Alniyat' 6-max Seat #2 is the button
Seat 1: livenuncut ($110.86 in chips)
Seat 2: alexfer999 ($155.44 in chips)
alexfer999: posts small blind $1
livenuncut: posts big blind $3
*** HOLE CARDS ***
alexfer999: folds
Uncalled bet ($2) returned to livenuncut
livenuncut collected $2 from pot
livenuncut: doesn't show hand
*** SUMMARY ***
Total pot $2 | Rake $0
Seat 1: livenuncut (big blind) collected ($2)
Seat 2: alexfer999 (button) (small blind) folded before Flop


PokerStars Hand #150721550322:  Hold'em Limit ($3/$6 USD) - 2016/03/21 16:22:45 ET
Table 'Alniyat' 6-max Seat #1 is the button
Seat 1: livenuncut ($111.86 in chips)
Seat 2: alexfer999 ($154.44 in chips)
livenuncut: posts small blind $1
alexfer999: posts big blind $3
*** HOLE CARDS ***
livenuncut: folds
Uncalled bet ($2) returned to alexfer999
alexfer999 collected $2 from pot
alexfer999: doesn't show hand
*** SUMMARY ***
Total pot $2 | Rake $0
Seat 1: livenuncut (button) (small blind) folded before Flop
Seat 2: alexfer999 (big blind) collected ($2)


PokerStars Hand #150721545676:  Hold'em Limit ($3/$6 USD) - 2016/03/21 16:22:40 ET
Table 'Alniyat' 6-max Seat #2 is the button
Seat 1: livenuncut ($110.86 in chips)
Seat 2: alexfer999 ($155.44 in chips)
alexfer999: posts small blind $1
livenuncut: posts big blind $3
*** HOLE CARDS ***
alexfer999: folds
Uncalled bet ($2) returned to livenuncut
livenuncut collected $2 from pot
livenuncut: doesn't show hand
*** SUMMARY ***
Total pot $2 | Rake $0
Seat 1: livenuncut (big blind) collected ($2)
Seat 2: alexfer999 (button) (small blind) folded before Flop


PokerStars Hand #150721539463:  Hold'em Limit ($3/$6 USD) - 2016/03/21 16:22:34 ET
Table 'Alniyat' 6-max Seat #1 is the button
Seat 1: livenuncut ($107.86 in chips)
Seat 2: alexfer999 ($158.44 in chips)
livenuncut: posts small blind $1
alexfer999: posts big blind $3
*** HOLE CARDS ***
livenuncut: raises $3 to $6
alexfer999: folds
Uncalled bet ($3) returned to livenuncut
livenuncut collected $6 from pot
livenuncut: doesn't show hand
*** SUMMARY ***
Total pot $6 | Rake $0
Seat 1: livenuncut (button) (small blind) collected ($6)
Seat 2: alexfer999 (big blind) folded before Flop


PokerStars Hand #150721534422:  Hold'em Limit ($3/$6 USD) - 2016/03/21 16:22:29 ET
Table 'Alniyat' 6-max Seat #2 is the button
Seat 1: livenuncut ($106.86 in chips)
Seat 2: alexfer999 ($159.44 in chips)
alexfer999: posts small blind $1
Hi Im Alexey was removed from the table for failing to post
livenuncut: posts big blind $3
*** HOLE CARDS ***
alexfer999: folds
Uncalled bet ($2) returned to livenuncut
livenuncut collected $2 from pot
livenuncut: doesn't show hand
*** SUMMARY ***
Total pot $2 | Rake $0
Seat 1: livenuncut (big blind) collected ($2)
Seat 2: alexfer999 (button) (small blind) folded before Flop


PokerStars Hand #150721512494:  Hold'em Limit ($3/$6 USD) - 2016/03/21 16:22:08 ET
Table 'Alniyat' 6-max Seat #1 is the button
Seat 1: livenuncut ($98.22 in chips)
Seat 2: alexfer999 ($168.44 in chips)
livenuncut: posts small blind $1
alexfer999: posts big blind $3
*** HOLE CARDS ***
livenuncut: raises $3 to $6
alexfer999: calls $3
*** FLOP *** [Ts Qd 2c]
alexfer999: checks
livenuncut: bets $3
alexfer999: calls $3
*** TURN *** [Ts Qd 2c] [8c]
alexfer999: checks
livenuncut: checks
*** RIVER *** [Ts Qd 2c 8c] [As]
alexfer999: checks
livenuncut: checks
*** SHOW DOWN ***
alexfer999: shows [9h Ks] (high card Ace)
livenuncut: shows [8d 7d] (a pair of Eights)
livenuncut collected $17.64 from pot
*** SUMMARY ***
Total pot $18 | Rake $0.36
Board [Ts Qd 2c 8c As]
Seat 1: livenuncut (button) (small blind) showed [8d 7d] and won ($17.64) with a pair of Eights
Seat 2: alexfer999 (big blind) showed [9h Ks] and lost with high card Ace


PokerStars Hand #150721616962:  Hold'em Limit ($3/$6 USD) - 2016/03/21 16:23:50 ET
Table 'Alniyat' 6-max Seat #2 is the button
Seat 1: livenuncut ($138.12 in chips)
Seat 2: alexfer999 ($127.44 in chips)
alexfer999: posts small blind $1
livenuncut: posts big blind $3
*** HOLE CARDS ***
alexfer999: raises $3 to $6
livenuncut: calls $3
*** FLOP *** [9s 6s 5h]
livenuncut: checks
alexfer999: bets $3
livenuncut: folds
Uncalled bet ($3) returned to alexfer999
alexfer999 collected $11.76 from pot
alexfer999: doesn't show hand
*** SUMMARY ***
Total pot $12 | Rake $0.24
Board [9s 6s 5h]
Seat 1: livenuncut (big blind) folded on the Flop
Seat 2: alexfer999 (button) (small blind) collected ($11.76)


PokerStars Hand #150721611042:  Hold'em Limit ($3/$6 USD) - 2016/03/21 16:23:44 ET
Table 'Alniyat' 6-max Seat #1 is the button
Seat 1: livenuncut ($139.12 in chips)
Seat 2: alexfer999 ($126.44 in chips)
livenuncut: posts small blind $1
alexfer999: posts big blind $3
*** HOLE CARDS ***
livenuncut: folds
Uncalled bet ($2) returned to alexfer999
alexfer999 collected $2 from pot
alexfer999: doesn't show hand
*** SUMMARY ***
Total pot $2 | Rake $0
Seat 1: livenuncut (button) (small blind) folded before Flop
Seat 2: alexfer999 (big blind) collected ($2)


PokerStars Hand #150721597001:  Hold'em Limit ($3/$6 USD) - 2016/03/21 16:23:30 ET
Table 'Alniyat' 6-max Seat #2 is the button
Seat 1: livenuncut ($133.36 in chips)
Seat 2: alexfer999 ($132.44 in chips)
alexfer999: posts small blind $1
livenuncut: posts big blind $3
*** HOLE CARDS ***
alexfer999: raises $3 to $6
livenuncut: calls $3
*** FLOP *** [8h 7d Qs]
livenuncut: checks
alexfer999: checks
*** TURN *** [8h 7d Qs] [Qc]
livenuncut: bets $6
alexfer999: folds
Uncalled bet ($6) returned to livenuncut
livenuncut collected $11.76 from pot
livenuncut: doesn't show hand
*** SUMMARY ***
Total pot $12 | Rake $0.24
Board [8h 7d Qs Qc]
Seat 1: livenuncut (big blind) collected ($11.76)
Seat 2: alexfer999 (button) (small blind) folded on the Turn


PokerStars Hand #150721590223:  Hold'em Limit ($3/$6 USD) - 2016/03/21 16:23:24 ET
Table 'Alniyat' 6-max Seat #1 is the button
Seat 1: livenuncut ($130.36 in chips)
Seat 2: alexfer999 ($135.44 in chips)
livenuncut: posts small blind $1
alexfer999: posts big blind $3
*** HOLE CARDS ***
livenuncut: raises $3 to $6
alexfer999: folds
Uncalled bet ($3) returned to livenuncut
livenuncut collected $6 from pot
livenuncut: doesn't show hand
*** SUMMARY ***
Total pot $6 | Rake $0
Seat 1: livenuncut (button) (small blind) collected ($6)
Seat 2: alexfer999 (big blind) folded before Flop


PokerStars Hand #150721585398:  Hold'em Limit ($3/$6 USD) - 2016/03/21 16:23:19 ET
Table 'Alniyat' 6-max Seat #2 is the button
Seat 1: livenuncut ($129.36 in chips)
Seat 2: alexfer999 ($136.44 in chips)
alexfer999: posts small blind $1
livenuncut: posts big blind $3
*** HOLE CARDS ***
alexfer999: folds
Uncalled bet ($2) returned to livenuncut
livenuncut collected $2 from pot
livenuncut: doesn't show hand
*** SUMMARY ***
Total pot $2 | Rake $0
Seat 1: livenuncut (big blind) collected ($2)
Seat 2: alexfer999 (button) (small blind) folded before Flop


PokerStars Hand #150721560538:  Hold'em Limit ($3/$6 USD) - 2016/03/21 16:22:55 ET
Table 'Alniyat' 6-max Seat #1 is the button
Seat 1: livenuncut ($111.86 in chips)
Seat 2: alexfer999 ($154.44 in chips)
livenuncut: posts small blind $1
alexfer999: posts big blind $3
*** HOLE CARDS ***
livenuncut: raises $3 to $6
alexfer999: raises $3 to $9
livenuncut: calls $3
*** FLOP *** [Ah 6h Kc]
alexfer999: bets $3
livenuncut: calls $3
*** TURN *** [Ah 6h Kc] [4c]
alexfer999: bets $6
livenuncut: calls $6
*** RIVER *** [Ah 6h Kc 4c] [Ks]
alexfer999: checks
livenuncut: bets $6
alexfer999: folds
Uncalled bet ($6) returned to livenuncut
livenuncut collected $35.50 from pot
livenuncut: doesn't show hand
*** SUMMARY ***
Total pot $36 | Rake $0.50
Board [Ah 6h Kc 4c Ks]
Seat 1: livenuncut (button) (small blind) collected ($35.50)
Seat 2: alexfer999 (big blind) folded on the River


PokerStars Hand #150721688687:  Hold'em Limit ($3/$6 USD) - 2016/03/21 16:25:00 ET
Table 'Alniyat' 6-max Seat #1 is the button
Seat 1: livenuncut ($90.12 in chips)
Seat 2: alexfer999 ($174.70 in chips)
livenuncut: posts small blind $1
alexfer999: posts big blind $3
*** HOLE CARDS ***
livenuncut: folds
Uncalled bet ($2) returned to alexfer999
alexfer999 collected $2 from pot
alexfer999: doesn't show hand
*** SUMMARY ***
Total pot $2 | Rake $0
Seat 1: livenuncut (button) (small blind) folded before Flop
Seat 2: alexfer999 (big blind) collected ($2)


PokerStars Hand #150721682829:  Hold'em Limit ($3/$6 USD) - 2016/03/21 16:24:54 ET
Table 'Alniyat' 6-max Seat #2 is the button
Seat 1: livenuncut ($89.12 in chips)
Seat 2: alexfer999 ($175.70 in chips)
alexfer999: posts small blind $1
livenuncut: posts big blind $3
*** HOLE CARDS ***
alexfer999: folds
Uncalled bet ($2) returned to livenuncut
livenuncut collected $2 from pot
pdsnr leaves the table
livenuncut: doesn't show hand
*** SUMMARY ***
Total pot $2 | Rake $0
Seat 1: livenuncut (big blind) collected ($2)
Seat 2: alexfer999 (button) (small blind) folded before Flop


PokerStars Hand #150721677765:  Hold'em Limit ($3/$6 USD) - 2016/03/21 16:24:49 ET
Table 'Alniyat' 6-max Seat #1 is the button
Seat 1: livenuncut ($90.12 in chips)
Seat 2: alexfer999 ($174.70 in chips)
livenuncut: posts small blind $1
alexfer999: posts big blind $3
*** HOLE CARDS ***
livenuncut: folds
Uncalled bet ($2) returned to alexfer999
alexfer999 collected $2 from pot
alexfer999: doesn't show hand
*** SUMMARY ***
Total pot $2 | Rake $0
Seat 1: livenuncut (button) (small blind) folded before Flop
Seat 2: alexfer999 (big blind) collected ($2)


PokerStars Hand #150721673200:  Hold'em Limit ($3/$6 USD) - 2016/03/21 16:24:45 ET
Table 'Alniyat' 6-max Seat #2 is the button
Seat 1: livenuncut ($89.12 in chips)
Seat 2: alexfer999 ($175.70 in chips)
alexfer999: posts small blind $1
livenuncut: posts big blind $3
*** HOLE CARDS ***
alexfer999: folds
Uncalled bet ($2) returned to livenuncut
livenuncut collected $2 from pot
livenuncut: doesn't show hand
*** SUMMARY ***
Total pot $2 | Rake $0
Seat 1: livenuncut (big blind) collected ($2)
Seat 2: alexfer999 (button) (small blind) folded before Flop


PokerStars Hand #150721667185:  Hold'em Limit ($3/$6 USD) - 2016/03/21 16:24:39 ET
Table 'Alniyat' 6-max Seat #1 is the button
Seat 1: livenuncut ($90.12 in chips)
Seat 2: alexfer999 ($174.70 in chips)
livenuncut: posts small blind $1
alexfer999: posts big blind $3
*** HOLE CARDS ***
livenuncut: folds
Uncalled bet ($2) returned to alexfer999
alexfer999 collected $2 from pot
alexfer999: doesn't show hand
*** SUMMARY ***
Total pot $2 | Rake $0
Seat 1: livenuncut (button) (small blind) folded before Flop
Seat 2: alexfer999 (big blind) collected ($2)


PokerStars Hand #150721658899:  Hold'em Limit ($3/$6 USD) - 2016/03/21 16:24:31 ET
Table 'Alniyat' 6-max Seat #2 is the button
Seat 1: livenuncut ($93.12 in chips)
Seat 2: alexfer999 ($171.70 in chips)
alexfer999: posts small blind $1
livenuncut: posts big blind $3
*** HOLE CARDS ***
alexfer999: raises $3 to $6
livenuncut: folds
Uncalled bet ($3) returned to alexfer999
alexfer999 collected $6 from pot
alexfer999: doesn't show hand
*** SUMMARY ***
Total pot $6 | Rake $0
Seat 1: livenuncut (big blind) folded before Flop
Seat 2: alexfer999 (button) (small blind) collected ($6)


PokerStars Hand #150721628776:  Hold'em Limit ($3/$6 USD) - 2016/03/21 16:24:01 ET
Table 'Alniyat' 6-max Seat #1 is the button
Seat 1: livenuncut ($132.12 in chips)
Seat 2: alexfer999 ($133.20 in chips)
livenuncut: posts small blind $1
alexfer999: posts big blind $3
*** HOLE CARDS ***
livenuncut: raises $3 to $6
alexfer999: calls $3
*** FLOP *** [Ad 4s 6c]
alexfer999: checks
livenuncut: bets $3
alexfer999: calls $3
*** TURN *** [Ad 4s 6c] [3c]
alexfer999: checks
livenuncut: bets $6
alexfer999: raises $6 to $12
livenuncut: calls $6
*** RIVER *** [Ad 4s 6c 3c] [8d]
alexfer999: bets $6
livenuncut: raises $6 to $12
alexfer999: raises $6 to $18
livenuncut: calls $6
*** SHOW DOWN ***
alexfer999: shows [2s 5s] (a straight, Deuce to Six)
livenuncut: mucks hand
alexfer999 collected $77.50 from pot
*** SUMMARY ***
Total pot $78 | Rake $0.50
Board [Ad 4s 6c 3c 8d]
Seat 1: livenuncut (button) (small blind) mucked
Seat 2: alexfer999 (big blind) showed [2s 5s] and won ($77.50) with a straight, Deuce to Six


PokerStars Hand #150721693683:  Hold'em Limit ($3/$6 USD) - 2016/03/21 16:25:05 ET
Table 'Alniyat' 6-max Seat #2 is the button
Seat 1: livenuncut ($89.12 in chips)
Seat 2: alexfer999 ($175.70 in chips)
alexfer999: posts small blind $1
livenuncut: posts big blind $3
*** HOLE CARDS ***
alexfer999: raises $3 to $6
livenuncut: calls $3
*** FLOP *** [Qc Ts 3d]
livenuncut: checks
alexfer999: bets $3
livenuncut: folds
Uncalled bet ($3) returned to alexfer999
alexfer999 collected $11.76 from pot
alexfer999: doesn't show hand
*** SUMMARY ***
Total pot $12 | Rake $0.24
Board [Qc Ts 3d]
Seat 1: livenuncut (big blind) folded on the Flop
Seat 2: alexfer999 (button) (small blind) collected ($11.76)


PokerStars Hand #150721746583:  Hold'em Limit ($3/$6 USD) - 2016/03/21 16:25:57 ET
Table 'Alniyat' 6-max Seat #2 is the button
Seat 1: livenuncut ($81.88 in chips)
Seat 2: alexfer999 ($182.22 in chips)
alexfer999: posts small blind $1
livenuncut: posts big blind $3
*** HOLE CARDS ***
alexfer999: raises $3 to $6
livenuncut: calls $3
*** FLOP *** [5s Jh 7s]
livenuncut: checks
alexfer999: bets $3
livenuncut: calls $3
*** TURN *** [5s Jh 7s] [3h]
livenuncut: checks
alexfer999: checks
*** RIVER *** [5s Jh 7s 3h] [4h]
livenuncut: checks
alexfer999: checks
*** SHOW DOWN ***
livenuncut: shows [5c Qc] (a pair of Fives)
alexfer999: mucks hand
livenuncut collected $17.64 from pot
*** SUMMARY ***
Total pot $18 | Rake $0.36
Board [5s Jh 7s 3h 4h]
Seat 1: livenuncut (big blind) showed [5c Qc] and won ($17.64) with a pair of Fives
Seat 2: alexfer999 (button) (small blind) mucked


PokerStars Hand #150721740005:  Hold'em Limit ($3/$6 USD) - 2016/03/21 16:25:50 ET
Table 'Alniyat' 6-max Seat #1 is the button
Seat 1: livenuncut ($78.88 in chips)
Seat 2: alexfer999 ($185.22 in chips)
livenuncut: posts small blind $1
alexfer999: posts big blind $3
*** HOLE CARDS ***
livenuncut: raises $3 to $6
alexfer999: folds
Uncalled bet ($3) returned to livenuncut
livenuncut collected $6 from pot
livenuncut: doesn't show hand
*** SUMMARY ***
Total pot $6 | Rake $0
Seat 1: livenuncut (button) (small blind) collected ($6)
Seat 2: alexfer999 (big blind) folded before Flop


PokerStars Hand #150721727563:  Hold'em Limit ($3/$6 USD) - 2016/03/21 16:25:38 ET
Table 'Alniyat' 6-max Seat #2 is the button
Seat 1: livenuncut ($84.88 in chips)
Seat 2: alexfer999 ($179.46 in chips)
alexfer999: posts small blind $1
livenuncut: posts big blind $3
*** HOLE CARDS ***
alexfer999: raises $3 to $6
livenuncut: calls $3
*** FLOP *** [3h 5c 9s]
livenuncut: checks
alexfer999: bets $3
livenuncut: folds
Uncalled bet ($3) returned to alexfer999
alexfer999 collected $11.76 from pot
alexfer999: doesn't show hand
*** SUMMARY ***
Total pot $12 | Rake $0.24
Board [3h 5c 9s]
Seat 1: livenuncut (big blind) folded on the Flop
Seat 2: alexfer999 (button) (small blind) collected ($11.76)


PokerStars Hand #150721722659:  Hold'em Limit ($3/$6 USD) - 2016/03/21 16:25:33 ET
Table 'Alniyat' 6-max Seat #1 is the button
Seat 1: livenuncut ($85.88 in chips)
Seat 2: alexfer999 ($178.46 in chips)
livenuncut: posts small blind $1
alexfer999: posts big blind $3
*** HOLE CARDS ***
livenuncut: folds
Uncalled bet ($2) returned to alexfer999
alexfer999 collected $2 from pot
alexfer999: doesn't show hand
*** SUMMARY ***
Total pot $2 | Rake $0
Seat 1: livenuncut (button) (small blind) folded before Flop
Seat 2: alexfer999 (big blind) collected ($2)


PokerStars Hand #150721716745:  Hold'em Limit ($3/$6 USD) - 2016/03/21 16:25:27 ET
Table 'Alniyat' 6-max Seat #2 is the button
Seat 1: livenuncut ($88.88 in chips)
Seat 2: alexfer999 ($175.46 in chips)
alexfer999: posts small blind $1
livenuncut: posts big blind $3
*** HOLE CARDS ***
alexfer999: raises $3 to $6
livenuncut: folds
Uncalled bet ($3) returned to alexfer999
alexfer999 collected $6 from pot
alexfer999: doesn't show hand
*** SUMMARY ***
Total pot $6 | Rake $0
Seat 1: livenuncut (big blind) folded before Flop
Seat 2: alexfer999 (button) (small blind) collected ($6)


PokerStars Hand #150721704474:  Hold'em Limit ($3/$6 USD) - 2016/03/21 16:25:15 ET
Table 'Alniyat' 6-max Seat #1 is the button
Seat 1: livenuncut ($83.12 in chips)
Seat 2: alexfer999 ($181.46 in chips)
livenuncut: posts small blind $1
alexfer999: posts big blind $3
*** HOLE CARDS ***
livenuncut: raises $3 to $6
alexfer999: calls $3
*** FLOP *** [9d Ad 8s]
alexfer999: checks
livenuncut: bets $3
alexfer999: folds
Uncalled bet ($3) returned to livenuncut
livenuncut collected $11.76 from pot
livenuncut: doesn't show hand
*** SUMMARY ***
Total pot $12 | Rake $0.24
Board [9d Ad 8s]
Seat 1: livenuncut (button) (small blind) collected ($11.76)
Seat 2: alexfer999 (big blind) folded on the Flop


PokerStars Hand #150721767914:  Hold'em Limit ($3/$6 USD) - 2016/03/21 16:26:18 ET
Table 'Alniyat' 6-max Seat #1 is the button
Seat 1: livenuncut ($90.52 in chips)
Seat 2: alexfer999 ($173.22 in chips)
livenuncut: posts small blind $1
alexfer999: posts big blind $3
*** HOLE CARDS ***
livenuncut: raises $3 to $6
alexfer999: calls $3
*** FLOP *** [3c 7h 7d]
alexfer999: checks
livenuncut: bets $3
alexfer999: folds
Uncalled bet ($3) returned to livenuncut
livenuncut collected $11.76 from pot
livenuncut: doesn't show hand
*** SUMMARY ***
Total pot $12 | Rake $0.24
Board [3c 7h 7d]
Seat 1: livenuncut (button) (small blind) collected ($11.76)
Seat 2: alexfer999 (big blind) folded on the Flop


PokerStars Hand #150721826599:  Hold'em Limit ($3/$6 USD) - 2016/03/21 16:27:15 ET
Table 'Alniyat' 6-max Seat #1 is the button
Seat 1: livenuncut ($90.28 in chips)
Seat 2: alexfer999 ($172.98 in chips)
livenuncut: posts small blind $1
alexfer999: posts big blind $3
*** HOLE CARDS ***
livenuncut: folds
Uncalled bet ($2) returned to alexfer999
alexfer999 collected $2 from pot
alexfer999: doesn't show hand
*** SUMMARY ***
Total pot $2 | Rake $0
Seat 1: livenuncut (button) (small blind) folded before Flop
Seat 2: alexfer999 (big blind) collected ($2)


PokerStars Hand #150721821051:  Hold'em Limit ($3/$6 USD) - 2016/03/21 16:27:10 ET
Table 'Alniyat' 6-max Seat #2 is the button
Seat 1: livenuncut ($89.28 in chips)
Seat 2: alexfer999 ($173.98 in chips)
alexfer999: posts small blind $1
livenuncut: posts big blind $3
*** HOLE CARDS ***
alexfer999: folds
Uncalled bet ($2) returned to livenuncut
livenuncut collected $2 from pot
livenuncut: doesn't show hand
*** SUMMARY ***
Total pot $2 | Rake $0
Seat 1: livenuncut (big blind) collected ($2)
Seat 2: alexfer999 (button) (small blind) folded before Flop


PokerStars Hand #150721815741:  Hold'em Limit ($3/$6 USD) - 2016/03/21 16:27:04 ET
Table 'Alniyat' 6-max Seat #1 is the button
Seat 1: livenuncut ($90.28 in chips)
Seat 2: alexfer999 ($172.98 in chips)
livenuncut: posts small blind $1
alexfer999: posts big blind $3
*** HOLE CARDS ***
livenuncut: folds
Uncalled bet ($2) returned to alexfer999
alexfer999 collected $2 from pot
alexfer999: doesn't show hand
*** SUMMARY ***
Total pot $2 | Rake $0
Seat 1: livenuncut (button) (small blind) folded before Flop
Seat 2: alexfer999 (big blind) collected ($2)


PokerStars Hand #150721810302:  Hold'em Limit ($3/$6 USD) - 2016/03/21 16:26:59 ET
Table 'Alniyat' 6-max Seat #2 is the button
Seat 1: livenuncut ($89.28 in chips)
Seat 2: alexfer999 ($173.98 in chips)
alexfer999: posts small blind $1
livenuncut: posts big blind $3
*** HOLE CARDS ***
alexfer999: folds
Uncalled bet ($2) returned to livenuncut
livenuncut collected $2 from pot
livenuncut: doesn't show hand
*** SUMMARY ***
Total pot $2 | Rake $0
Seat 1: livenuncut (big blind) collected ($2)
Seat 2: alexfer999 (button) (small blind) folded before Flop


PokerStars Hand #150721797561:  Hold'em Limit ($3/$6 USD) - 2016/03/21 16:26:46 ET
Table 'Alniyat' 6-max Seat #1 is the button
Seat 1: livenuncut ($90.28 in chips)
Seat 2: alexfer999 ($172.98 in chips)
livenuncut: posts small blind $1
alexfer999: posts big blind $3
*** HOLE CARDS ***
livenuncut: folds
Uncalled bet ($2) returned to alexfer999
alexfer999 collected $2 from pot
alexfer999: doesn't show hand
*** SUMMARY ***
Total pot $2 | Rake $0
Seat 1: livenuncut (button) (small blind) folded before Flop
Seat 2: alexfer999 (big blind) collected ($2)


PokerStars Hand #150721780071:  Hold'em Limit ($3/$6 USD) - 2016/03/21 16:26:29 ET
Table 'Alniyat' 6-max Seat #2 is the button
Seat 1: livenuncut ($96.28 in chips)
Seat 2: alexfer999 ($167.22 in chips)
alexfer999: posts small blind $1
livenuncut: posts big blind $3
*** HOLE CARDS ***
alexfer999: raises $3 to $6
livenuncut: calls $3
*** FLOP *** [Kh Qs 6d]
livenuncut: checks
alexfer999: bets $3
livenuncut: folds
Uncalled bet ($3) returned to alexfer999
alexfer999 collected $11.76 from pot
alexfer999: doesn't show hand
*** SUMMARY ***
Total pot $12 | Rake $0.24
Board [Kh Qs 6d]
Seat 1: livenuncut (big blind) folded on the Flop
Seat 2: alexfer999 (button) (small blind) collected ($11.76)


PokerStars Hand #150721860061:  Hold'em Limit ($3/$6 USD) - 2016/03/21 16:27:48 ET
Table 'Alniyat' 6-max Seat #2 is the button
Seat 1: livenuncut ($86.04 in chips)
Seat 2: alexfer999 ($176.62 in chips)
alexfer999: posts small blind $1
livenuncut: posts big blind $3
*** HOLE CARDS ***
alexfer999: raises $3 to $6
livenuncut: calls $3
*** FLOP *** [4c 4s 5d]
livenuncut: checks
alexfer999: bets $3
livenuncut: calls $3
*** TURN *** [4c 4s 5d] [6h]
livenuncut: checks
alexfer999: checks
*** RIVER *** [4c 4s 5d 6h] [5s]
livenuncut: checks
alexfer999: bets $6
livenuncut: calls $6
*** SHOW DOWN ***
alexfer999: shows [5c 8c] (a full house, Fives full of Fours)
livenuncut: mucks hand
alexfer999 collected $29.50 from pot
*** SUMMARY ***
Total pot $30 | Rake $0.50
Board [4c 4s 5d 6h 5s]
Seat 1: livenuncut (big blind) mucked
Seat 2: alexfer999 (button) (small blind) showed [5c 8c] and won ($29.50) with a full house, Fives full of Fours


PokerStars Hand #150721847850:  Hold'em Limit ($3/$6 USD) - 2016/03/21 16:27:36 ET
Table 'Alniyat' 6-max Seat #1 is the button
Seat 1: livenuncut ($80.28 in chips)
Seat 2: alexfer999 ($182.62 in chips)
livenuncut: posts small blind $1
alexfer999: posts big blind $3
*** HOLE CARDS ***
livenuncut: raises $3 to $6
alexfer999: calls $3
*** FLOP *** [9d Qh Jh]
alexfer999: checks
livenuncut: bets $3
alexfer999: folds
Uncalled bet ($3) returned to livenuncut
livenuncut collected $11.76 from pot
livenuncut: doesn't show hand
*** SUMMARY ***
Total pot $12 | Rake $0.24
Board [9d Qh Jh]
Seat 1: livenuncut (button) (small blind) collected ($11.76)
Seat 2: alexfer999 (big blind) folded on the Flop


PokerStars Hand #150721831567:  Hold'em Limit ($3/$6 USD) - 2016/03/21 16:27:20 ET
Table 'Alniyat' 6-max Seat #2 is the button
Seat 1: livenuncut ($89.28 in chips)
Seat 2: alexfer999 ($173.98 in chips)
alexfer999: posts small blind $1
livenuncut: posts big blind $3
*** HOLE CARDS ***
alexfer999: raises $3 to $6
livenuncut: calls $3
*** FLOP *** [Js 6h 4d]
livenuncut: checks
alexfer999: bets $3
livenuncut: calls $3
*** TURN *** [Js 6h 4d] [8s]
livenuncut: checks
alexfer999: bets $6
livenuncut: folds
Uncalled bet ($6) returned to alexfer999
alexfer999 collected $17.64 from pot
alexfer999: doesn't show hand
*** SUMMARY ***
Total pot $18 | Rake $0.36
Board [Js 6h 4d 8s]
Seat 1: livenuncut (big blind) folded on the Turn
Seat 2: alexfer999 (button) (small blind) collected ($17.64)


PokerStars Hand #150721900776:  Hold'em Limit ($3/$6 USD) - 2016/03/21 16:28:27 ET
Table 'Alniyat' 6-max Seat #2 is the button
Seat 1: livenuncut ($74.04 in chips)
Seat 2: alexfer999 ($188.12 in chips)
alexfer999: posts small blind $1
livenuncut: posts big blind $3
*** HOLE CARDS ***
alexfer999: raises $3 to $6
livenuncut: calls $3
*** FLOP *** [5h 2c 7c]
livenuncut: checks
alexfer999: bets $3
livenuncut: calls $3
*** TURN *** [5h 2c 7c] [3c]
livenuncut: checks
alexfer999: bets $6
livenuncut: calls $6
*** RIVER *** [5h 2c 7c 3c] [6h]
livenuncut: checks
alexfer999: bets $6
livenuncut: calls $6
*** SHOW DOWN ***
alexfer999: shows [2s Ts] (a pair of Deuces)
livenuncut: shows [Kd 6c] (a pair of Sixes)
livenuncut collected $41.50 from pot
*** SUMMARY ***
Total pot $42 | Rake $0.50
Board [5h 2c 7c 3c 6h]
Seat 1: livenuncut (big blind) showed [Kd 6c] and won ($41.50) with a pair of Sixes
Seat 2: alexfer999 (button) (small blind) showed [2s Ts] and lost with a pair of Deuces


PokerStars Hand #150721951786:  Hold'em Limit ($3/$6 USD) - 2016/03/21 16:29:17 ET
Table 'Alniyat' 6-max Seat #2 is the button
Seat 1: livenuncut ($103.18 in chips)
Seat 2: alexfer999 ($158.12 in chips)
alexfer999: posts small blind $1
livenuncut: posts big blind $3
*** HOLE CARDS ***
alexfer999: raises $3 to $6
livenuncut: folds
Uncalled bet ($3) returned to alexfer999
alexfer999 collected $6 from pot
alexfer999: doesn't show hand
*** SUMMARY ***
Total pot $6 | Rake $0
Seat 1: livenuncut (big blind) folded before Flop
Seat 2: alexfer999 (button) (small blind) collected ($6)


PokerStars Hand #150721927693:  Hold'em Limit ($3/$6 USD) - 2016/03/21 16:28:54 ET
Table 'Alniyat' 6-max Seat #1 is the button
Seat 1: livenuncut ($94.54 in chips)
Seat 2: alexfer999 ($167.12 in chips)
livenuncut: posts small blind $1
alexfer999: posts big blind $3
*** HOLE CARDS ***
livenuncut: raises $3 to $6
alexfer999: calls $3
*** FLOP *** [Kh 8h 6h]
alexfer999: checks
livenuncut: bets $3
alexfer999: calls $3
*** TURN *** [Kh 8h 6h] [3d]
alexfer999: checks
livenuncut: checks
*** RIVER *** [Kh 8h 6h 3d] [Ts]
alexfer999: checks
livenuncut: checks
*** SHOW DOWN ***
alexfer999: shows [Ah 5d] (high card Ace)
livenuncut: shows [Ac 9s] (high card Ace - King+Ten+Nine kicker)
livenuncut collected $17.64 from pot
*** SUMMARY ***
Total pot $18 | Rake $0.36
Board [Kh 8h 6h 3d Ts]
Seat 1: livenuncut (button) (small blind) showed [Ac 9s] and won ($17.64) with high card Ace
Seat 2: alexfer999 (big blind) showed [Ah 5d] and lost with high card Ace


PokerStars Hand #150721891010:  Hold'em Limit ($3/$6 USD) - 2016/03/21 16:28:18 ET
Table 'Alniyat' 6-max Seat #1 is the button
Seat 1: livenuncut ($71.04 in chips)
Seat 2: alexfer999 ($191.12 in chips)
livenuncut: posts small blind $1
alexfer999: posts big blind $3
*** HOLE CARDS ***
livenuncut: raises $3 to $6
alexfer999: folds
Uncalled bet ($3) returned to livenuncut
livenuncut collected $6 from pot
livenuncut: doesn't show hand
*** SUMMARY ***
Total pot $6 | Rake $0
Seat 1: livenuncut (button) (small blind) collected ($6)
Seat 2: alexfer999 (big blind) folded before Flop


PokerStars Hand #150721974008:  Hold'em Limit ($3/$6 USD) - 2016/03/21 16:29:39 ET
Table 'Alniyat' 6-max Seat #1 is the button
Seat 1: livenuncut ($100.18 in chips)
Seat 2: alexfer999 ($161.12 in chips)
livenuncut: posts small blind $1
alexfer999: posts big blind $3
*** HOLE CARDS ***
livenuncut: raises $3 to $6
alexfer999: raises $3 to $9
livenuncut: calls $3
*** FLOP *** [5d 8d Kh]
alexfer999: bets $3
livenuncut: calls $3
*** TURN *** [5d 8d Kh] [Kc]
alexfer999: bets $6
livenuncut: calls $6
*** RIVER *** [5d 8d Kh Kc] [Qc]
alexfer999: bets $6
livenuncut: calls $6
*** SHOW DOWN ***
alexfer999: shows [9c 9d] (two pair, Kings and Nines)
livenuncut: shows [As Ah] (two pair, Aces and Kings)
livenuncut collected $47.50 from pot
*** SUMMARY ***
Total pot $48 | Rake $0.50
Board [5d 8d Kh Kc Qc]
Seat 1: livenuncut (button) (small blind) showed [As Ah] and won ($47.50) with two pair, Aces and Kings
Seat 2: alexfer999 (big blind) showed [9c 9d] and lost with two pair, Kings and Nines


PokerStars Hand #150721992460:  Hold'em Limit ($3/$6 USD) - 2016/03/21 16:29:57 ET
Table 'Alniyat' 6-max Seat #2 is the button
Seat 1: livenuncut ($123.68 in chips)
Seat 2: alexfer999 ($137.12 in chips)
alexfer999: posts small blind $1
livenuncut: posts big blind $3
*** HOLE CARDS ***
alexfer999: raises $3 to $6
livenuncut: calls $3
*** FLOP *** [Kh 5c Ac]
livenuncut: checks
alexfer999: bets $3
livenuncut: calls $3
*** TURN *** [Kh 5c Ac] [Ah]
livenuncut: checks
alexfer999: checks
*** RIVER *** [Kh 5c Ac Ah] [4s]
livenuncut: bets $6
alexfer999: folds
Uncalled bet ($6) returned to livenuncut
livenuncut collected $17.64 from pot
livenuncut: doesn't show hand
*** SUMMARY ***
Total pot $18 | Rake $0.36
Board [Kh 5c Ac Ah 4s]
Seat 1: livenuncut (big blind) collected ($17.64)
Seat 2: alexfer999 (button) (small blind) folded on the River


PokerStars Hand #150721958733:  Hold'em Limit ($3/$6 USD) - 2016/03/21 16:29:24 ET
Table 'Alniyat' 6-max Seat #1 is the button
Seat 1: livenuncut ($100.18 in chips)
Seat 2: alexfer999 ($161.12 in chips)
livenuncut: posts small blind $1
alexfer999: posts big blind $3
*** HOLE CARDS ***
livenuncut: raises $3 to $6
alexfer999: folds
Uncalled bet ($3) returned to livenuncut
livenuncut collected $6 from pot
livenuncut: doesn't show hand
*** SUMMARY ***
Total pot $6 | Rake $0
Seat 1: livenuncut (button) (small blind) collected ($6)
Seat 2: alexfer999 (big blind) folded before Flop


PokerStars Hand #150722011176:  Hold'em Limit ($3/$6 USD) - 2016/03/21 16:30:15 ET
Table 'Alniyat' 6-max Seat #1 is the button
Seat 1: livenuncut ($132.32 in chips)
Seat 2: alexfer999 ($128.12 in chips)
livenuncut: posts small blind $1
alexfer999: posts big blind $3
*** HOLE CARDS ***
livenuncut: folds
Uncalled bet ($2) returned to alexfer999
alexfer999 collected $2 from pot
alexfer999: doesn't show hand
*** SUMMARY ***
Total pot $2 | Rake $0
Seat 1: livenuncut (button) (small blind) folded before Flop
Seat 2: alexfer999 (big blind) collected ($2)


PokerStars Hand #150721966930:  Hold'em Limit ($3/$6 USD) - 2016/03/21 16:29:32 ET
Table 'Alniyat' 6-max Seat #2 is the button
Seat 1: livenuncut ($103.18 in chips)
Seat 2: alexfer999 ($158.12 in chips)
alexfer999: posts small blind $1
livenuncut: posts big blind $3
*** HOLE CARDS ***
alexfer999: raises $3 to $6
livenuncut: folds
Uncalled bet ($3) returned to alexfer999
alexfer999 collected $6 from pot
alexfer999: doesn't show hand
*** SUMMARY ***
Total pot $6 | Rake $0
Seat 1: livenuncut (big blind) folded before Flop
Seat 2: alexfer999 (button) (small blind) collected ($6)


PokerStars Hand #150722027412:  Hold'em Limit ($3/$6 USD) - 2016/03/21 16:30:31 ET
Table 'Alniyat' 6-max Seat #1 is the button
Seat 1: livenuncut ($125.32 in chips)
Seat 2: alexfer999 ($134.88 in chips)
livenuncut: posts small blind $1
alexfer999: posts big blind $3
*** HOLE CARDS ***
livenuncut: calls $2
alexfer999: checks
*** FLOP *** [4h 2h Ac]
alexfer999: checks
livenuncut: bets $3
alexfer999: raises $3 to $6
livenuncut: folds
Uncalled bet ($3) returned to alexfer999
alexfer999 collected $11.76 from pot
alexfer999: doesn't show hand
*** SUMMARY ***
Total pot $12 | Rake $0.24
Board [4h 2h Ac]
Seat 1: livenuncut (button) (small blind) folded on the Flop
Seat 2: alexfer999 (big blind) collected ($11.76)


PokerStars Hand #150722053712:  Hold'em Limit ($3/$6 USD) - 2016/03/21 16:30:57 ET
Table 'Alniyat' 6-max Seat #1 is the button
Seat 1: livenuncut ($116.32 in chips)
Seat 2: alexfer999 ($143.64 in chips)
livenuncut: posts small blind $1
alexfer999: posts big blind $3
*** HOLE CARDS ***
livenuncut: folds
Uncalled bet ($2) returned to alexfer999
alexfer999 collected $2 from pot
alexfer999: doesn't show hand
*** SUMMARY ***
Total pot $2 | Rake $0
Seat 1: livenuncut (button) (small blind) folded before Flop
Seat 2: alexfer999 (big blind) collected ($2)


PokerStars Hand #150722047928:  Hold'em Limit ($3/$6 USD) - 2016/03/21 16:30:51 ET
Table 'Alniyat' 6-max Seat #2 is the button
Seat 1: livenuncut ($119.32 in chips)
Seat 2: alexfer999 ($140.64 in chips)
alexfer999: posts small blind $1
livenuncut: posts big blind $3
*** HOLE CARDS ***
alexfer999: raises $3 to $6
livenuncut: folds
Uncalled bet ($3) returned to alexfer999
alexfer999 collected $6 from pot
alexfer999: doesn't show hand
*** SUMMARY ***
Total pot $6 | Rake $0
Seat 1: livenuncut (big blind) folded before Flop
Seat 2: alexfer999 (button) (small blind) collected ($6)


PokerStars Hand #150722065521:  Hold'em Limit ($3/$6 USD) - 2016/03/21 16:31:08 ET
Table 'Alniyat' 6-max Seat #1 is the button
Seat 1: livenuncut ($112.32 in chips)
Seat 2: alexfer999 ($147.64 in chips)
livenuncut: posts small blind $1
alexfer999: posts big blind $3
*** HOLE CARDS ***
livenuncut: raises $3 to $6
alexfer999: folds
Uncalled bet ($3) returned to livenuncut
livenuncut collected $6 from pot
livenuncut: doesn't show hand
*** SUMMARY ***
Total pot $6 | Rake $0
Seat 1: livenuncut (button) (small blind) collected ($6)
Seat 2: alexfer999 (big blind) folded before Flop


PokerStars Hand #150722059390:  Hold'em Limit ($3/$6 USD) - 2016/03/21 16:31:02 ET
Table 'Alniyat' 6-max Seat #2 is the button
Seat 1: livenuncut ($115.32 in chips)
Seat 2: alexfer999 ($144.64 in chips)
alexfer999: posts small blind $1
livenuncut: posts big blind $3
*** HOLE CARDS ***
alexfer999: raises $3 to $6
livenuncut: folds
Uncalled bet ($3) returned to alexfer999
alexfer999 collected $6 from pot
alexfer999: doesn't show hand
*** SUMMARY ***
Total pot $6 | Rake $0
Seat 1: livenuncut (big blind) folded before Flop
Seat 2: alexfer999 (button) (small blind) collected ($6)


PokerStars Hand #150722016171:  Hold'em Limit ($3/$6 USD) - 2016/03/21 16:30:20 ET
Table 'Alniyat' 6-max Seat #2 is the button
Seat 1: livenuncut ($131.32 in chips)
Seat 2: alexfer999 ($129.12 in chips)
alexfer999: posts small blind $1
livenuncut: posts big blind $3
*** HOLE CARDS ***
alexfer999: raises $3 to $6
livenuncut: calls $3
*** FLOP *** [Kh Ad 5h]
livenuncut: checks
alexfer999: bets $3
livenuncut: folds
Uncalled bet ($3) returned to alexfer999
alexfer999 collected $11.76 from pot
alexfer999: doesn't show hand
*** SUMMARY ***
Total pot $12 | Rake $0.24
Board [Kh Ad 5h]
Seat 1: livenuncut (big blind) folded on the Flop
Seat 2: alexfer999 (button) (small blind) collected ($11.76)


PokerStars Hand #150722072051:  Hold'em Limit ($3/$6 USD) - 2016/03/21 16:31:15 ET
Table 'Alniyat' 6-max Seat #2 is the button
Seat 1: livenuncut ($115.32 in chips)
Seat 2: alexfer999 ($144.64 in chips)
alexfer999: posts small blind $1
livenuncut: posts big blind $3
*** HOLE CARDS ***
alexfer999: raises $3 to $6
livenuncut: raises $3 to $9
alexfer999: calls $3
*** FLOP *** [Qd Tc 8h]
livenuncut: bets $3
alexfer999: calls $3
*** TURN *** [Qd Tc 8h] [8c]
livenuncut: bets $6
alexfer999: raises $6 to $12
livenuncut: calls $6
*** RIVER *** [Qd Tc 8h 8c] [7d]
livenuncut: checks
alexfer999: bets $6
livenuncut: folds
Uncalled bet ($6) returned to alexfer999
alexfer999 collected $47.50 from pot
alexfer999: doesn't show hand
*** SUMMARY ***
Total pot $48 | Rake $0.50
Board [Qd Tc 8h 8c 7d]
Seat 1: livenuncut (big blind) folded on the River
Seat 2: alexfer999 (button) (small blind) collected ($47.50)


PokerStars Hand #150722096821:  Hold'em Limit ($3/$6 USD) - 2016/03/21 16:31:39 ET
Table 'Alniyat' 6-max Seat #1 is the button
Seat 1: livenuncut ($91.32 in chips)
Seat 2: alexfer999 ($168.14 in chips)
livenuncut: posts small blind $1
alexfer999: posts big blind $3
*** HOLE CARDS ***
livenuncut: raises $3 to $6
alexfer999: folds
Uncalled bet ($3) returned to livenuncut
livenuncut collected $6 from pot
livenuncut: doesn't show hand
*** SUMMARY ***
Total pot $6 | Rake $0
Seat 1: livenuncut (button) (small blind) collected ($6)
Seat 2: alexfer999 (big blind) folded before Flop


PokerStars Hand #150722118845:  Hold'em Limit ($3/$6 USD) - 2016/03/21 16:32:01 ET
Table 'Alniyat' 6-max Seat #1 is the button
Seat 1: livenuncut ($105.84 in chips)
Seat 2: alexfer999 ($153.14 in chips)
livenuncut: posts small blind $1
alexfer999: posts big blind $3
*** HOLE CARDS ***
livenuncut: folds
Uncalled bet ($2) returned to alexfer999
alexfer999 collected $2 from pot
alexfer999: doesn't show hand
*** SUMMARY ***
Total pot $2 | Rake $0
Seat 1: livenuncut (button) (small blind) folded before Flop
Seat 2: alexfer999 (big blind) collected ($2)


PokerStars Hand #150722103338:  Hold'em Limit ($3/$6 USD) - 2016/03/21 16:31:45 ET
Table 'Alniyat' 6-max Seat #2 is the button
Seat 1: livenuncut ($94.32 in chips)
Seat 2: alexfer999 ($165.14 in chips)
alexfer999: posts small blind $1
livenuncut: posts big blind $3
*** HOLE CARDS ***
alexfer999: raises $3 to $6
livenuncut: calls $3
*** FLOP *** [5d 3d 2s]
livenuncut: checks
alexfer999: bets $3
livenuncut: raises $3 to $6
alexfer999: calls $3
*** TURN *** [5d 3d 2s] [Qh]
livenuncut: bets $6
alexfer999: folds
Uncalled bet ($6) returned to livenuncut
livenuncut collected $23.52 from pot
livenuncut: doesn't show hand
*** SUMMARY ***
Total pot $24 | Rake $0.48
Board [5d 3d 2s Qh]
Seat 1: livenuncut (big blind) collected ($23.52)
Seat 2: alexfer999 (button) (small blind) folded on the Turn


PokerStars Hand #150722123748:  Hold'em Limit ($3/$6 USD) - 2016/03/21 16:32:06 ET
Table 'Alniyat' 6-max Seat #2 is the button
Seat 1: livenuncut ($104.84 in chips)
Seat 2: alexfer999 ($154.14 in chips)
alexfer999: posts small blind $1
livenuncut: posts big blind $3
*** HOLE CARDS ***
alexfer999: raises $3 to $6
livenuncut: folds
Uncalled bet ($3) returned to alexfer999
alexfer999 collected $6 from pot
alexfer999: doesn't show hand
*** SUMMARY ***
Total pot $6 | Rake $0
Seat 1: livenuncut (big blind) folded before Flop
Seat 2: alexfer999 (button) (small blind) collected ($6)


