PokerStars Hand #156825325873:  Hold'em Limit ($3/$6 USD) - 2016/08/03 16:22:24 ET
Table 'Alpheratz' 6-max Seat #6 is the button
Seat 1: hairy1961 ($60 in chips)
Seat 6: Kasinojunge* ($54 in chips)
Kasinojunge*: posts small blind $1
hairy1961: posts big blind $3
*** HOLE CARDS ***
Kasinojunge*: raises $3 to $6
hairy1961: calls $3
*** FLOP *** [8d Ac Js]
ValeryRon joins the table at seat #2
hairy1961: checks
Kasinojunge*: bets $3
hairy1961: raises $3 to $6
Kasinojunge*: calls $3
*** TURN *** [8d Ac Js] [6c]
hairy1961: bets $6
Kasinojunge*: calls $6
*** RIVER *** [8d Ac Js 6c] [Ks]
vestimokrec joins the table at seat #3
hairy1961: bets $6
Kasinojunge*: calls $6
*** SHOW DOWN ***
hairy1961: shows [4h 3c] (high card Ace)
Kasinojunge*: shows [Qs 8s] (a pair of Eights)
Kasinojunge* collected $47.50 from pot
*** SUMMARY ***
Total pot $48 | Rake $0.50
Board [8d Ac Js 6c Ks]
Seat 1: hairy1961 (big blind) showed [4h 3c] and lost with high card Ace
Seat 6: Kasinojunge* (button) (small blind) showed [Qs 8s] and won ($47.50) with a pair of Eights


PokerStars Hand #156829257715:  Hold'em Limit ($3/$6 USD) - 2016/08/03 17:44:30 ET
Table 'Alpheratz' 6-max Seat #3 is the button
Seat 1: Hannibal2211 ($130.69 in chips)
Seat 3: krytalex ($72 in chips)
krytalex: posts small blind $1
Chessnok: is sitting out
Hannibal2211: posts big blind $3
*** HOLE CARDS ***
krytalex: raises $3 to $6
Hannibal2211: calls $3
*** FLOP *** [4h 6c Qc]
Hannibal2211: checks
krytalex: bets $3
Hannibal2211: calls $3
*** TURN *** [4h 6c Qc] [4d]
Hannibal2211: checks
krytalex: checks
*** RIVER *** [4h 6c Qc 4d] [3d]
Hannibal2211: checks
krytalex: checks
*** SHOW DOWN ***
Hannibal2211: shows [Ks 9c] (a pair of Fours)
krytalex: shows [8h Ac] (a pair of Fours - Ace kicker)
krytalex collected $17.64 from pot
*** SUMMARY ***
Total pot $18 | Rake $0.36
Board [4h 6c Qc 4d 3d]
Seat 1: Hannibal2211 (big blind) showed [Ks 9c] and lost with a pair of Fours
Seat 3: krytalex (button) (small blind) showed [8h Ac] and won ($17.64) with a pair of Fours


PokerStars Hand #156829307563:  Hold'em Limit ($3/$6 USD) - 2016/08/03 17:45:38 ET
Table 'Alpheratz' 6-max Seat #3 is the button
Seat 1: Hannibal2211 ($97.69 in chips)
Seat 3: krytalex ($104.14 in chips)
krytalex: posts small blind $1
Hannibal2211: posts big blind $3
*** HOLE CARDS ***
krytalex: raises $3 to $6
Hannibal2211: calls $3
*** FLOP *** [6c 2h Ks]
Hannibal2211: checks
krytalex: bets $3
Hannibal2211: folds
Uncalled bet ($3) returned to krytalex
krytalex collected $11.76 from pot
*** SUMMARY ***
Total pot $12 | Rake $0.24
Board [6c 2h Ks]
Seat 1: Hannibal2211 (big blind) folded on the Flop
Seat 3: krytalex (button) (small blind) collected ($11.76)


PokerStars Hand #156829285708:  Hold'em Limit ($3/$6 USD) - 2016/08/03 17:45:08 ET
Table 'Alpheratz' 6-max Seat #1 is the button
Seat 1: Hannibal2211 ($121.69 in chips)
Seat 3: krytalex ($80.64 in chips)
Hannibal2211: posts small blind $1
krytalex: posts big blind $3
*** HOLE CARDS ***
Hannibal2211: raises $3 to $6
krytalex: raises $3 to $9
Hannibal2211: calls $3
*** FLOP *** [3h 3c Th]
krytalex: bets $3
Hannibal2211: calls $3
*** TURN *** [3h 3c Th] [8d]
krytalex: bets $6
Hannibal2211: raises $6 to $12
krytalex: calls $6
*** RIVER *** [3h 3c Th 8d] [8c]
krytalex: checks
Hannibal2211: checks
*** SHOW DOWN ***
krytalex: shows [Ad Qh] (two pair, Eights and Threes)
Hannibal2211: mucks hand
krytalex collected $47.50 from pot
*** SUMMARY ***
Total pot $48 | Rake $0.50
Board [3h 3c Th 8d 8c]
Seat 1: Hannibal2211 (button) (small blind) mucked
Seat 3: krytalex (big blind) showed [Ad Qh] and won ($47.50) with two pair, Eights and Threes


PokerStars Hand #156830951505:  Hold'em Limit ($3/$6 USD) - 2016/08/03 18:24:50 ET
Table 'Alpheratz' 6-max Seat #3 is the button
Seat 2: Hannibal2211 ($72 in chips)
Seat 3: GRA312 ($121 in chips)
GRA312: posts small blind $1
ValeryRon: is sitting out
vestimokrec: is sitting out
Hannibal2211: posts big blind $3
*** HOLE CARDS ***
ValeryRon leaves the table
GRA312: calls $2
Hannibal2211: raises $3 to $6
GRA312: calls $3
*** FLOP *** [3h 9h 9s]
Hannibal2211: bets $3
GRA312: calls $3
*** TURN *** [3h 9h 9s] [Jc]
Hannibal2211: bets $6
GRA312: calls $6
*** RIVER *** [3h 9h 9s Jc] [Jh]
Hannibal2211: bets $6
vestimokrec leaves the table
GRA312: calls $6
*** SHOW DOWN ***
Hannibal2211: shows [5c As] (two pair, Jacks and Nines)
GRA312: shows [Ad 8c] (two pair, Jacks and Nines)
Hannibal2211 collected $20.75 from pot
GRA312 collected $20.75 from pot
*** SUMMARY ***
Total pot $42 | Rake $0.50
Board [3h 9h 9s Jc Jh]
Seat 2: Hannibal2211 (big blind) showed [5c As] and won ($20.75) with two pair, Jacks and Nines
Seat 3: GRA312 (button) (small blind) showed [Ad 8c] and won ($20.75) with two pair, Jacks and Nines


PokerStars Hand #156830962730:  Hold'em Limit ($3/$6 USD) - 2016/08/03 18:25:06 ET
Table 'Alpheratz' 6-max Seat #2 is the button
Seat 2: Hannibal2211 ($72 in chips)
Seat 3: GRA312 ($120.75 in chips)
Hannibal2211: posts small blind $1
GRA312: posts big blind $3
*** HOLE CARDS ***
Hannibal2211: raises $3 to $6
GRA312: calls $3
*** FLOP *** [Qs 7h 3s]
GRA312: checks
Hannibal2211: bets $3
GRA312: folds
Uncalled bet ($3) returned to Hannibal2211
Hannibal2211 collected $11.76 from pot
*** SUMMARY ***
Total pot $12 | Rake $0.24
Board [Qs 7h 3s]
Seat 2: Hannibal2211 (button) (small blind) collected ($11.76)
Seat 3: GRA312 (big blind) folded on the Flop


PokerStars Hand #156830975947:  Hold'em Limit ($3/$6 USD) - 2016/08/03 18:25:26 ET
Table 'Alpheratz' 6-max Seat #3 is the button
Seat 2: Hannibal2211 ($77.76 in chips)
Seat 3: GRA312 ($114.75 in chips)
GRA312: posts small blind $1
Hannibal2211: posts big blind $3
*** HOLE CARDS ***
GRA312: folds
Uncalled bet ($2) returned to Hannibal2211
Hannibal2211 collected $2 from pot
*** SUMMARY ***
Total pot $2 | Rake $0
Seat 2: Hannibal2211 (big blind) collected ($2)
Seat 3: GRA312 (button) (small blind) folded before Flop


PokerStars Hand #156830979430:  Hold'em Limit ($3/$6 USD) - 2016/08/03 18:25:31 ET
Table 'Alpheratz' 6-max Seat #2 is the button
Seat 2: Hannibal2211 ($78.76 in chips)
Seat 3: GRA312 ($113.75 in chips)
Hannibal2211: posts small blind $1
GRA312: posts big blind $3
*** HOLE CARDS ***
Hannibal2211: raises $3 to $6
GRA312: calls $3
*** FLOP *** [5s 4h Qh]
GRA312: checks
Hannibal2211: bets $3
GRA312: calls $3
*** TURN *** [5s 4h Qh] [9c]
GRA312: checks
Hannibal2211: bets $6
GRA312: calls $6
*** RIVER *** [5s 4h Qh 9c] [3h]
GRA312: checks
Hannibal2211: bets $6
GRA312: calls $6
*** SHOW DOWN ***
Hannibal2211: shows [7s Qd] (a pair of Queens)
GRA312: mucks hand
Hannibal2211 collected $41.50 from pot
*** SUMMARY ***
Total pot $42 | Rake $0.50
Board [5s 4h Qh 9c 3h]
Seat 2: Hannibal2211 (button) (small blind) showed [7s Qd] and won ($41.50) with a pair of Queens
Seat 3: GRA312 (big blind) mucked


PokerStars Hand #156830994218:  Hold'em Limit ($3/$6 USD) - 2016/08/03 18:25:53 ET
Table 'Alpheratz' 6-max Seat #3 is the button
Seat 2: Hannibal2211 ($99.26 in chips)
Seat 3: GRA312 ($92.75 in chips)
GRA312: posts small blind $1
Chessnok was removed from the table for failing to post
Hannibal2211: posts big blind $3
*** HOLE CARDS ***
GRA312: raises $3 to $6
Hannibal2211: calls $3
*** FLOP *** [6s Ks Ts]
Hannibal2211: checks
GRA312: bets $3
Chessnok joins the table at seat #1
Hannibal2211: calls $3
*** TURN *** [6s Ks Ts] [6d]
Hannibal2211: checks
GRA312: bets $6
Hannibal2211: calls $6
*** RIVER *** [6s Ks Ts 6d] [As]
Tessman06 joins the table at seat #4
Hannibal2211: bets $6
GRA312: calls $6
*** SHOW DOWN ***
Hannibal2211: shows [Qc 8s] (a flush, Ace high)
GRA312: mucks hand
Hannibal2211 collected $41.50 from pot
*** SUMMARY ***
Total pot $42 | Rake $0.50
Board [6s Ks Ts 6d As]
Seat 2: Hannibal2211 (big blind) showed [Qc 8s] and won ($41.50) with a flush, Ace high
Seat 3: GRA312 (button) (small blind) mucked


PokerStars Hand #156831008211:  Hold'em Limit ($3/$6 USD) - 2016/08/03 18:26:14 ET
Table 'Alpheratz' 6-max Seat #2 is the button
Seat 2: Hannibal2211 ($119.76 in chips)
Seat 3: GRA312 ($71.75 in chips)
Hannibal2211: posts small blind $1
GRA312: posts big blind $3
*** HOLE CARDS ***
Hannibal2211: raises $3 to $6
GRA312: folds
Uncalled bet ($3) returned to Hannibal2211
Hannibal2211 collected $6 from pot
*** SUMMARY ***
Total pot $6 | Rake $0
Seat 2: Hannibal2211 (button) (small blind) collected ($6)
Seat 3: GRA312 (big blind) folded before Flop


PokerStars Hand #156832609345:  Hold'em Limit ($3/$6 USD) - 2016/08/03 19:08:58 ET
Table 'Alpheratz' 6-max Seat #2 is the button
Seat 2: Hannibal2211 ($153.63 in chips)
Seat 3: GRA312 ($317.58 in chips)
Hannibal2211: posts small blind $1
GRA312: posts big blind $3
*** HOLE CARDS ***
Hannibal2211: raises $3 to $6
GRA312: calls $3
*** FLOP *** [9d Qh Qc]
GRA312: checks
Hannibal2211: bets $3
GRA312: calls $3
*** TURN *** [9d Qh Qc] [8h]
GRA312: checks
Hannibal2211: checks
*** RIVER *** [9d Qh Qc 8h] [Qs]
GRA312: bets $6
Hannibal2211: folds
Uncalled bet ($6) returned to GRA312
GRA312 collected $17.64 from pot
*** SUMMARY ***
Total pot $18 | Rake $0.36
Board [9d Qh Qc 8h Qs]
Seat 2: Hannibal2211 (button) (small blind) folded on the River
Seat 3: GRA312 (big blind) collected ($17.64)


PokerStars Hand #156832606329:  Hold'em Limit ($3/$6 USD) - 2016/08/03 19:08:53 ET
Table 'Alpheratz' 6-max Seat #3 is the button
Seat 2: Hannibal2211 ($152.63 in chips)
Seat 3: GRA312 ($318.58 in chips)
GRA312: posts small blind $1
Hannibal2211: posts big blind $3
*** HOLE CARDS ***
GRA312: folds
Uncalled bet ($2) returned to Hannibal2211
Hannibal2211 collected $2 from pot
*** SUMMARY ***
Total pot $2 | Rake $0
Seat 2: Hannibal2211 (big blind) collected ($2)
Seat 3: GRA312 (button) (small blind) folded before Flop


PokerStars Hand #156832594929:  Hold'em Limit ($3/$6 USD) - 2016/08/03 19:08:34 ET
Table 'Alpheratz' 6-max Seat #2 is the button
Seat 2: Hannibal2211 ($161.63 in chips)
Seat 3: GRA312 ($309.94 in chips)
Hannibal2211: posts small blind $1
GRA312: posts big blind $3
*** HOLE CARDS ***
Hannibal2211: raises $3 to $6
GRA312: calls $3
*** FLOP *** [Kh Th 5h]
GRA312: checks
Hannibal2211: bets $3
GRA312: calls $3
*** TURN *** [Kh Th 5h] [4c]
GRA312: checks
Hannibal2211: checks
*** RIVER *** [Kh Th 5h 4c] [2h]
GRA312: checks
Hannibal2211: checks
*** SHOW DOWN ***
GRA312: shows [7h 3h] (a flush, King high)
Hannibal2211: mucks hand
GRA312 collected $17.64 from pot
*** SUMMARY ***
Total pot $18 | Rake $0.36
Board [Kh Th 5h 4c 2h]
Seat 2: Hannibal2211 (button) (small blind) mucked
Seat 3: GRA312 (big blind) showed [7h 3h] and won ($17.64) with a flush, King high


PokerStars Hand #156832592218:  Hold'em Limit ($3/$6 USD) - 2016/08/03 19:08:29 ET
Table 'Alpheratz' 6-max Seat #3 is the button
Seat 2: Hannibal2211 ($160.63 in chips)
Seat 3: GRA312 ($310.94 in chips)
GRA312: posts small blind $1
Hannibal2211: posts big blind $3
*** HOLE CARDS ***
GRA312: folds
Uncalled bet ($2) returned to Hannibal2211
Hannibal2211 collected $2 from pot
*** SUMMARY ***
Total pot $2 | Rake $0
Seat 2: Hannibal2211 (big blind) collected ($2)
Seat 3: GRA312 (button) (small blind) folded before Flop


PokerStars Hand #156832631607:  Hold'em Limit ($3/$6 USD) - 2016/08/03 19:09:37 ET
Table 'Alpheratz' 6-max Seat #3 is the button
Seat 2: Hannibal2211 ($144.63 in chips)
Seat 3: GRA312 ($326.22 in chips)
GRA312: posts small blind $1
Hannibal2211: posts big blind $3
*** HOLE CARDS ***
GRA312: raises $3 to $6
Hannibal2211: calls $3
*** FLOP *** [2c Jh 6c]
Hannibal2211: checks
GRA312: checks
*** TURN *** [2c Jh 6c] [Qc]
Hannibal2211: checks
GRA312: checks
*** RIVER *** [2c Jh 6c Qc] [4d]
Hannibal2211: checks
GRA312: checks
*** SHOW DOWN ***
Hannibal2211: shows [8s Ts] (high card Queen)
GRA312: shows [5c 4h] (a pair of Fours)
GRA312 collected $11.76 from pot
*** SUMMARY ***
Total pot $12 | Rake $0.24
Board [2c Jh 6c Qc 4d]
Seat 2: Hannibal2211 (big blind) showed [8s Ts] and lost with high card Queen
Seat 3: GRA312 (button) (small blind) showed [5c 4h] and won ($11.76) with a pair of Fours


PokerStars Hand #156832626224:  Hold'em Limit ($3/$6 USD) - 2016/08/03 19:09:28 ET
Table 'Alpheratz' 6-max Seat #2 is the button
Seat 2: Hannibal2211 ($145.63 in chips)
Seat 3: GRA312 ($325.22 in chips)
Hannibal2211: posts small blind $1
GRA312: posts big blind $3
*** HOLE CARDS ***
Hannibal2211: folds
Uncalled bet ($2) returned to GRA312
GRA312 collected $2 from pot
*** SUMMARY ***
Total pot $2 | Rake $0
Seat 2: Hannibal2211 (button) (small blind) folded before Flop
Seat 3: GRA312 (big blind) collected ($2)


PokerStars Hand #156832623418:  Hold'em Limit ($3/$6 USD) - 2016/08/03 19:09:23 ET
Table 'Alpheratz' 6-max Seat #3 is the button
Seat 2: Hannibal2211 ($144.63 in chips)
Seat 3: GRA312 ($326.22 in chips)
GRA312: posts small blind $1
Hannibal2211: posts big blind $3
*** HOLE CARDS ***
GRA312: folds
Uncalled bet ($2) returned to Hannibal2211
Hannibal2211 collected $2 from pot
*** SUMMARY ***
Total pot $2 | Rake $0
Seat 2: Hannibal2211 (big blind) collected ($2)
Seat 3: GRA312 (button) (small blind) folded before Flop


PokerStars Hand #156832690652:  Hold'em Limit ($3/$6 USD) - 2016/08/03 19:11:19 ET
Table 'Alpheratz' 6-max Seat #3 is the button
Seat 2: Hannibal2211 ($122.63 in chips)
Seat 3: GRA312 ($347.26 in chips)
GRA312: posts small blind $1
Hannibal2211: posts big blind $3
*** HOLE CARDS ***
GRA312: folds
Uncalled bet ($2) returned to Hannibal2211
Hannibal2211 collected $2 from pot
*** SUMMARY ***
Total pot $2 | Rake $0
Seat 2: Hannibal2211 (big blind) collected ($2)
Seat 3: GRA312 (button) (small blind) folded before Flop


PokerStars Hand #156832686759:  Hold'em Limit ($3/$6 USD) - 2016/08/03 19:11:13 ET
Table 'Alpheratz' 6-max Seat #2 is the button
Seat 2: Hannibal2211 ($119.63 in chips)
Seat 3: GRA312 ($350.26 in chips)
Hannibal2211: posts small blind $1
GRA312: posts big blind $3
*** HOLE CARDS ***
Hannibal2211: raises $3 to $6
GRA312: folds
Uncalled bet ($3) returned to Hannibal2211
Hannibal2211 collected $6 from pot
*** SUMMARY ***
Total pot $6 | Rake $0
Seat 2: Hannibal2211 (button) (small blind) collected ($6)
Seat 3: GRA312 (big blind) folded before Flop


PokerStars Hand #156832684087:  Hold'em Limit ($3/$6 USD) - 2016/08/03 19:11:08 ET
Table 'Alpheratz' 6-max Seat #3 is the button
Seat 2: Hannibal2211 ($118.63 in chips)
Seat 3: GRA312 ($351.26 in chips)
GRA312: posts small blind $1
Hannibal2211: posts big blind $3
*** HOLE CARDS ***
GRA312: folds
Uncalled bet ($2) returned to Hannibal2211
Hannibal2211 collected $2 from pot
*** SUMMARY ***
Total pot $2 | Rake $0
Seat 2: Hannibal2211 (big blind) collected ($2)
Seat 3: GRA312 (button) (small blind) folded before Flop


PokerStars Hand #156832681382:  Hold'em Limit ($3/$6 USD) - 2016/08/03 19:11:03 ET
Table 'Alpheratz' 6-max Seat #2 is the button
Seat 2: Hannibal2211 ($119.63 in chips)
Seat 3: GRA312 ($350.26 in chips)
Hannibal2211: posts small blind $1
GRA312: posts big blind $3
*** HOLE CARDS ***
Hannibal2211: folds
Uncalled bet ($2) returned to GRA312
GRA312 collected $2 from pot
*** SUMMARY ***
Total pot $2 | Rake $0
Seat 2: Hannibal2211 (button) (small blind) folded before Flop
Seat 3: GRA312 (big blind) collected ($2)


PokerStars Hand #156832674384:  Hold'em Limit ($3/$6 USD) - 2016/08/03 19:10:51 ET
Table 'Alpheratz' 6-max Seat #3 is the button
Seat 2: Hannibal2211 ($125.63 in chips)
Seat 3: GRA312 ($344.50 in chips)
GRA312: posts small blind $1
Hannibal2211: posts big blind $3
*** HOLE CARDS ***
GRA312: raises $3 to $6
Hannibal2211: calls $3
*** FLOP *** [Jc 5d 8s]
Hannibal2211: checks
GRA312: bets $3
Hannibal2211: folds
Uncalled bet ($3) returned to GRA312
GRA312 collected $11.76 from pot
*** SUMMARY ***
Total pot $12 | Rake $0.24
Board [Jc 5d 8s]
Seat 2: Hannibal2211 (big blind) folded on the Flop
Seat 3: GRA312 (button) (small blind) collected ($11.76)


PokerStars Hand #156832671406:  Hold'em Limit ($3/$6 USD) - 2016/08/03 19:10:46 ET
Table 'Alpheratz' 6-max Seat #2 is the button
Seat 2: Hannibal2211 ($126.63 in chips)
Seat 3: GRA312 ($343.50 in chips)
Hannibal2211: posts small blind $1
GRA312: posts big blind $3
*** HOLE CARDS ***
Hannibal2211: folds
Uncalled bet ($2) returned to GRA312
GRA312 collected $2 from pot
*** SUMMARY ***
Total pot $2 | Rake $0
Seat 2: Hannibal2211 (button) (small blind) folded before Flop
Seat 3: GRA312 (big blind) collected ($2)


PokerStars Hand #156832663613:  Hold'em Limit ($3/$6 USD) - 2016/08/03 19:10:33 ET
Table 'Alpheratz' 6-max Seat #3 is the button
Seat 2: Hannibal2211 ($132.63 in chips)
Seat 3: GRA312 ($337.74 in chips)
GRA312: posts small blind $1
Hannibal2211: posts big blind $3
*** HOLE CARDS ***
GRA312: raises $3 to $6
Hannibal2211: calls $3
*** FLOP *** [7d Jd 2c]
Hannibal2211: checks
GRA312: checks
*** TURN *** [7d Jd 2c] [3d]
Hannibal2211: checks
GRA312: checks
*** RIVER *** [7d Jd 2c 3d] [Kd]
Hannibal2211: checks
GRA312: checks
*** SHOW DOWN ***
Hannibal2211: shows [5s Ah] (high card Ace)
GRA312: shows [Kc Qc] (a pair of Kings)
GRA312 collected $11.76 from pot
*** SUMMARY ***
Total pot $12 | Rake $0.24
Board [7d Jd 2c 3d Kd]
Seat 2: Hannibal2211 (big blind) showed [5s Ah] and lost with high card Ace
Seat 3: GRA312 (button) (small blind) showed [Kc Qc] and won ($11.76) with a pair of Kings


PokerStars Hand #156832642164:  Hold'em Limit ($3/$6 USD) - 2016/08/03 19:09:56 ET
Table 'Alpheratz' 6-max Seat #2 is the button
Seat 2: Hannibal2211 ($138.63 in chips)
Seat 3: GRA312 ($331.98 in chips)
Hannibal2211: posts small blind $1
GRA312: posts big blind $3
*** HOLE CARDS ***
Hannibal2211: raises $3 to $6
GRA312: calls $3
*** FLOP *** [7s 3d Jh]
GRA312: checks
Hannibal2211: checks
*** TURN *** [7s 3d Jh] [Ks]
GRA312: checks
Hannibal2211: checks
*** RIVER *** [7s 3d Jh Ks] [5d]
GRA312: bets $6
Hannibal2211: folds
Uncalled bet ($6) returned to GRA312
GRA312 collected $11.76 from pot
*** SUMMARY ***
Total pot $12 | Rake $0.24
Board [7s 3d Jh Ks 5d]
Seat 2: Hannibal2211 (button) (small blind) folded on the River
Seat 3: GRA312 (big blind) collected ($11.76)


PokerStars Hand #156832725310:  Hold'em Limit ($3/$6 USD) - 2016/08/03 19:12:20 ET
Table 'Alpheratz' 6-max Seat #2 is the button
Seat 2: Hannibal2211 ($114.27 in chips)
Seat 3: GRA312 ($354.66 in chips)
Hannibal2211: posts small blind $1
GRA312: posts big blind $3
*** HOLE CARDS ***
Basi_001 joins the table at seat #4
Hannibal2211: folds
Uncalled bet ($2) returned to GRA312
GRA312 collected $2 from pot
*** SUMMARY ***
Total pot $2 | Rake $0
Seat 2: Hannibal2211 (button) (small blind) folded before Flop
Seat 3: GRA312 (big blind) collected ($2)


PokerStars Hand #156832719685:  Hold'em Limit ($3/$6 USD) - 2016/08/03 19:12:10 ET
Table 'Alpheratz' 6-max Seat #3 is the button
Seat 2: Hannibal2211 ($120.27 in chips)
Seat 3: GRA312 ($348.90 in chips)
GRA312: posts small blind $1
Hannibal2211: posts big blind $3
*** HOLE CARDS ***
GRA312: raises $3 to $6
Hannibal2211: calls $3
*** FLOP *** [5h 2c Th]
Hannibal2211: checks
GRA312: bets $3
Hannibal2211: folds
Uncalled bet ($3) returned to GRA312
GRA312 collected $11.76 from pot
*** SUMMARY ***
Total pot $12 | Rake $0.24
Board [5h 2c Th]
Seat 2: Hannibal2211 (big blind) folded on the Flop
Seat 3: GRA312 (button) (small blind) collected ($11.76)


PokerStars Hand #156832716966:  Hold'em Limit ($3/$6 USD) - 2016/08/03 19:12:05 ET
Table 'Alpheratz' 6-max Seat #2 is the button
Seat 2: Hannibal2211 ($121.27 in chips)
Seat 3: GRA312 ($347.90 in chips)
Hannibal2211: posts small blind $1
GRA312: posts big blind $3
*** HOLE CARDS ***
Hannibal2211: folds
Uncalled bet ($2) returned to GRA312
GRA312 collected $2 from pot
*** SUMMARY ***
Total pot $2 | Rake $0
Seat 2: Hannibal2211 (button) (small blind) folded before Flop
Seat 3: GRA312 (big blind) collected ($2)


PokerStars Hand #156832713517:  Hold'em Limit ($3/$6 USD) - 2016/08/03 19:11:59 ET
Table 'Alpheratz' 6-max Seat #3 is the button
Seat 2: Hannibal2211 ($124.27 in chips)
Seat 3: GRA312 ($344.90 in chips)
GRA312: posts small blind $1
Hannibal2211: posts big blind $3
*** HOLE CARDS ***
GRA312: raises $3 to $6
Hannibal2211: folds
Uncalled bet ($3) returned to GRA312
GRA312 collected $6 from pot
*** SUMMARY ***
Total pot $6 | Rake $0
Seat 2: Hannibal2211 (big blind) folded before Flop
Seat 3: GRA312 (button) (small blind) collected ($6)


PokerStars Hand #156832705210:  Hold'em Limit ($3/$6 USD) - 2016/08/03 19:11:44 ET
Table 'Alpheratz' 6-max Seat #2 is the button
Seat 2: Hannibal2211 ($133.27 in chips)
Seat 3: GRA312 ($336.26 in chips)
Hannibal2211: posts small blind $1
GRA312: posts big blind $3
*** HOLE CARDS ***
Hannibal2211: raises $3 to $6
GRA312: calls $3
*** FLOP *** [Kh Jd 8c]
GRA312: checks
Hannibal2211: bets $3
GRA312: calls $3
*** TURN *** [Kh Jd 8c] [2d]
GRA312: checks
Hannibal2211: checks
*** RIVER *** [Kh Jd 8c 2d] [6h]
GRA312: bets $6
Hannibal2211: folds
Uncalled bet ($6) returned to GRA312
GRA312 collected $17.64 from pot
*** SUMMARY ***
Total pot $18 | Rake $0.36
Board [Kh Jd 8c 2d 6h]
Seat 2: Hannibal2211 (button) (small blind) folded on the River
Seat 3: GRA312 (big blind) collected ($17.64)


PokerStars Hand #156832702283:  Hold'em Limit ($3/$6 USD) - 2016/08/03 19:11:40 ET
Table 'Alpheratz' 6-max Seat #3 is the button
Seat 2: Hannibal2211 ($132.27 in chips)
Seat 3: GRA312 ($337.26 in chips)
GRA312: posts small blind $1
Hannibal2211: posts big blind $3
*** HOLE CARDS ***
GRA312: folds
Uncalled bet ($2) returned to Hannibal2211
Hannibal2211 collected $2 from pot
*** SUMMARY ***
Total pot $2 | Rake $0
Seat 2: Hannibal2211 (big blind) collected ($2)
Seat 3: GRA312 (button) (small blind) folded before Flop


PokerStars Hand #156832693346:  Hold'em Limit ($3/$6 USD) - 2016/08/03 19:11:24 ET
Table 'Alpheratz' 6-max Seat #2 is the button
Seat 2: Hannibal2211 ($123.63 in chips)
Seat 3: GRA312 ($346.26 in chips)
Hannibal2211: posts small blind $1
GRA312: posts big blind $3
*** HOLE CARDS ***
Hannibal2211: raises $3 to $6
GRA312: calls $3
*** FLOP *** [3d 6d Ks]
GRA312: checks
Hannibal2211: bets $3
GRA312: calls $3
*** TURN *** [3d 6d Ks] [Jd]
GRA312: checks
Hannibal2211: bets $6
GRA312: folds
Uncalled bet ($6) returned to Hannibal2211
Hannibal2211 collected $17.64 from pot
*** SUMMARY ***
Total pot $18 | Rake $0.36
Board [3d 6d Ks Jd]
Seat 2: Hannibal2211 (button) (small blind) collected ($17.64)
Seat 3: GRA312 (big blind) folded on the Turn


PokerStars Hand #156832792945:  Hold'em Limit ($3/$6 USD) - 2016/08/03 19:14:15 ET
Table 'Alpheratz' 6-max Seat #2 is the button
Seat 2: Hannibal2211 ($90.27 in chips)
Seat 3: GRA312 ($412.27 in chips)
Hannibal2211: posts small blind $1
GRA312: posts big blind $3
*** HOLE CARDS ***
Hannibal2211: raises $3 to $6
GRA312: folds
Uncalled bet ($3) returned to Hannibal2211
Hannibal2211 collected $6 from pot
*** SUMMARY ***
Total pot $6 | Rake $0
Seat 2: Hannibal2211 (button) (small blind) collected ($6)
Seat 3: GRA312 (big blind) folded before Flop


PokerStars Hand #156832790269:  Hold'em Limit ($3/$6 USD) - 2016/08/03 19:14:10 ET
Table 'Alpheratz' 6-max Seat #3 is the button
Seat 2: Hannibal2211 ($89.27 in chips)
Seat 3: GRA312 ($413.27 in chips)
GRA312: posts small blind $1
Hannibal2211: posts big blind $3
*** HOLE CARDS ***
GRA312: folds
Uncalled bet ($2) returned to Hannibal2211
Hannibal2211 collected $2 from pot
*** SUMMARY ***
Total pot $2 | Rake $0
Seat 2: Hannibal2211 (big blind) collected ($2)
Seat 3: GRA312 (button) (small blind) folded before Flop


PokerStars Hand #156832787434:  Hold'em Limit ($3/$6 USD) - 2016/08/03 19:14:05 ET
Table 'Alpheratz' 6-max Seat #2 is the button
Seat 2: Hannibal2211 ($90.27 in chips)
Seat 3: GRA312 ($412.27 in chips)
Hannibal2211: posts small blind $1
GRA312: posts big blind $3
*** HOLE CARDS ***
Hannibal2211: folds
Uncalled bet ($2) returned to GRA312
GRA312 collected $2 from pot
*** SUMMARY ***
Total pot $2 | Rake $0
Seat 2: Hannibal2211 (button) (small blind) folded before Flop
Seat 3: GRA312 (big blind) collected ($2)


PokerStars Hand #156832784032:  Hold'em Limit ($3/$6 USD) - 2016/08/03 19:14:00 ET
Table 'Alpheratz' 6-max Seat #3 is the button
Seat 2: Hannibal2211 ($93.27 in chips)
Seat 3: GRA312 ($409.27 in chips)
GRA312: posts small blind $1
Hannibal2211: posts big blind $3
*** HOLE CARDS ***
GRA312: raises $3 to $6
Hannibal2211: folds
Uncalled bet ($3) returned to GRA312
GRA312 collected $6 from pot
*** SUMMARY ***
Total pot $6 | Rake $0
Seat 2: Hannibal2211 (big blind) folded before Flop
Seat 3: GRA312 (button) (small blind) collected ($6)


PokerStars Hand #156832780508:  Hold'em Limit ($3/$6 USD) - 2016/08/03 19:13:54 ET
Table 'Alpheratz' 6-max Seat #2 is the button
Seat 2: Hannibal2211 ($90.27 in chips)
Seat 3: GRA312 ($412.27 in chips)
Hannibal2211: posts small blind $1
GRA312: posts big blind $3
*** HOLE CARDS ***
Hannibal2211: raises $3 to $6
GRA312: folds
Uncalled bet ($3) returned to Hannibal2211
Hannibal2211 collected $6 from pot
*** SUMMARY ***
Total pot $6 | Rake $0
Seat 2: Hannibal2211 (button) (small blind) collected ($6)
Seat 3: GRA312 (big blind) folded before Flop


PokerStars Hand #156832765428:  Hold'em Limit ($3/$6 USD) - 2016/08/03 19:13:28 ET
Table 'Alpheratz' 6-max Seat #3 is the button
Seat 2: Hannibal2211 ($105.27 in chips)
Seat 3: GRA312 ($397.77 in chips)
GRA312: posts small blind $1
Hannibal2211: posts big blind $3
*** HOLE CARDS ***
GRA312: raises $3 to $6
Basi_001 leaves the table
Hannibal2211: calls $3
*** FLOP *** [7h 6d Qc]
Hannibal2211: checks
GRA312: bets $3
Hannibal2211: calls $3
*** TURN *** [7h 6d Qc] [Ks]
Hannibal2211: checks
GRA312: checks
*** RIVER *** [7h 6d Qc Ks] [6s]
Hannibal2211: checks
GRA312: bets $6
Hannibal2211: calls $6
*** SHOW DOWN ***
GRA312: shows [6c 8c] (three of a kind, Sixes)
Hannibal2211: mucks hand
GRA312 collected $29.50 from pot
*** SUMMARY ***
Total pot $30 | Rake $0.50
Board [7h 6d Qc Ks 6s]
Seat 2: Hannibal2211 (big blind) mucked
Seat 3: GRA312 (button) (small blind) showed [6c 8c] and won ($29.50) with three of a kind, Sixes


PokerStars Hand #156832807513:  Hold'em Limit ($3/$6 USD) - 2016/08/03 19:14:39 ET
Table 'Alpheratz' 6-max Seat #2 is the button
Seat 2: Hannibal2211 ($110.77 in chips)
Seat 3: GRA312 ($391.27 in chips)
Hannibal2211: posts small blind $1
GRA312: posts big blind $3
*** HOLE CARDS ***
Hannibal2211: raises $3 to $6
GRA312: folds
Uncalled bet ($3) returned to Hannibal2211
Hannibal2211 collected $6 from pot
*** SUMMARY ***
Total pot $6 | Rake $0
Seat 2: Hannibal2211 (button) (small blind) collected ($6)
Seat 3: GRA312 (big blind) folded before Flop


PokerStars Hand #156832796259:  Hold'em Limit ($3/$6 USD) - 2016/08/03 19:14:20 ET
Table 'Alpheratz' 6-max Seat #3 is the button
Seat 2: Hannibal2211 ($93.27 in chips)
Seat 3: GRA312 ($409.27 in chips)
GRA312: posts small blind $1
Hannibal2211: posts big blind $3
*** HOLE CARDS ***
GRA312: raises $3 to $6
Hannibal2211: calls $3
*** FLOP *** [6d 8s Qs]
Hannibal2211: checks
AAAA_FULL_72 joins the table at seat #4
GRA312: bets $3
Hannibal2211: raises $3 to $6
GRA312: calls $3
*** TURN *** [6d 8s Qs] [9d]
Hannibal2211: bets $6
GRA312: calls $6
*** RIVER *** [6d 8s Qs 9d] [4c]
Hannibal2211: bets $6
GRA312: folds
Uncalled bet ($6) returned to Hannibal2211
Hannibal2211 collected $35.50 from pot
*** SUMMARY ***
Total pot $36 | Rake $0.50
Board [6d 8s Qs 9d 4c]
Seat 2: Hannibal2211 (big blind) collected ($35.50)
Seat 3: GRA312 (button) (small blind) folded on the River


PokerStars Hand #156832822657:  Hold'em Limit ($3/$6 USD) - 2016/08/03 19:15:06 ET
Table 'Alpheratz' 6-max Seat #2 is the button
Seat 2: Hannibal2211 ($142.94 in chips)
Seat 3: GRA312 ($387.27 in chips)
Necromadx will be allowed to play after the button
dmonr will be allowed to play after the button
Hannibal2211: posts small blind $1
GRA312: posts big blind $3
*** HOLE CARDS ***
Hannibal2211: raises $3 to $6
GRA312: calls $3
*** FLOP *** [Qd 6s 9h]
GRA312: checks
Hannibal2211: bets $3
GRA312: calls $3
*** TURN *** [Qd 6s 9h] [5s]
GRA312: checks
Hannibal2211: checks
*** RIVER *** [Qd 6s 9h 5s] [2h]
GRA312: checks
Hannibal2211: checks
*** SHOW DOWN ***
GRA312: shows [Ad Tc] (high card Ace)
Hannibal2211: mucks hand
GRA312 collected $17.64 from pot
*** SUMMARY ***
Total pot $18 | Rake $0.36
Board [Qd 6s 9h 5s 2h]
Seat 2: Hannibal2211 (button) (small blind) mucked
Seat 3: GRA312 (big blind) showed [Ad Tc] and won ($17.64) with high card Ace


