PokerStars Hand #147912788355:  Hold'em Limit ($3/$6 USD) - 2016/01/29 22:39:02 ET
Table 'Alphard' 6-max Seat #1 is the button
Seat 1: gurkenbaum ($77.87 in chips)
Seat 4: Masqb ($80 in chips)
gurkenbaum: posts small blind $1
Masqb: posts big blind $3
*** HOLE CARDS ***
gurkenbaum: raises $3 to $6
Masqb: calls $3
*** FLOP *** [Kh Th 2c]
Masqb: checks
gurkenbaum: bets $3
Masqb: folds
Uncalled bet ($3) returned to gurkenbaum
gurkenbaum collected $11.76 from pot
gurkenbaum: doesn't show hand
*** SUMMARY ***
Total pot $12 | Rake $0.24
Board [Kh Th 2c]
Seat 1: gurkenbaum (button) (small blind) collected ($11.76)
Seat 4: Masqb (big blind) folded on the Flop


PokerStars Hand #147912806658:  Hold'em Limit ($3/$6 USD) - 2016/01/29 22:39:46 ET
Table 'Alphard' 6-max Seat #1 is the button
Seat 1: gurkenbaum ($59.63 in chips)
Seat 4: Masqb ($97.50 in chips)
gurkenbaum: posts small blind $1
Masqb: posts big blind $3
*** HOLE CARDS ***
gurkenbaum: calls $2
Masqb: checks
*** FLOP *** [7d 8h Qd]
Masqb: checks
gurkenbaum: checks
*** TURN *** [7d 8h Qd] [Th]
Masqb: bets $6
gurkenbaum: raises $6 to $12
Masqb: calls $6
*** RIVER *** [7d 8h Qd Th] [2s]
Masqb: checks
gurkenbaum: checks
*** SHOW DOWN ***
Masqb: shows [5c Td] (a pair of Tens)
gurkenbaum: mucks hand
Masqb collected $29.50 from pot
*** SUMMARY ***
Total pot $30 | Rake $0.50
Board [7d 8h Qd Th 2s]
Seat 1: gurkenbaum (button) (small blind) mucked
Seat 4: Masqb (big blind) showed [5c Td] and won ($29.50) with a pair of Tens


PokerStars Hand #147912793753:  Hold'em Limit ($3/$6 USD) - 2016/01/29 22:39:15 ET
Table 'Alphard' 6-max Seat #4 is the button
Seat 1: gurkenbaum ($83.63 in chips)
Seat 4: Masqb ($74 in chips)
Masqb: posts small blind $1
gurkenbaum: posts big blind $3
*** HOLE CARDS ***
Masqb: raises $3 to $6
gurkenbaum: calls $3
*** FLOP *** [6c 2s 3h]
gurkenbaum: checks
Masqb: bets $3
gurkenbaum: raises $3 to $6
Masqb: calls $3
*** TURN *** [6c 2s 3h] [Kh]
gurkenbaum: checks
Masqb: bets $6
gurkenbaum: calls $6
*** RIVER *** [6c 2s 3h Kh] [4s]
gurkenbaum: checks
Masqb: bets $6
gurkenbaum: calls $6
*** SHOW DOWN ***
Masqb: shows [4d 2d] (two pair, Fours and Deuces)
gurkenbaum: mucks hand
Masqb collected $47.50 from pot
*** SUMMARY ***
Total pot $48 | Rake $0.50
Board [6c 2s 3h Kh 4s]
Seat 1: gurkenbaum (big blind) mucked
Seat 4: Masqb (button) (small blind) showed [4d 2d] and won ($47.50) with two pair, Fours and Deuces


PokerStars Hand #147912817919:  Hold'em Limit ($3/$6 USD) - 2016/01/29 22:40:14 ET
Table 'Alphard' 6-max Seat #4 is the button
Seat 1: gurkenbaum ($44.63 in chips)
Seat 4: Masqb ($112 in chips)
Masqb: posts small blind $1
gurkenbaum: posts big blind $3
*** HOLE CARDS ***
Masqb: raises $3 to $6
gurkenbaum: calls $3
*** FLOP *** [6d 4c Kh]
gurkenbaum: checks
Masqb: bets $3
gurkenbaum: calls $3
*** TURN *** [6d 4c Kh] [7d]
gurkenbaum: checks
Masqb: checks
*** RIVER *** [6d 4c Kh 7d] [3c]
gurkenbaum: bets $6
REZOLUTION84 joins the table at seat #2
Masqb: calls $6
*** SHOW DOWN ***
gurkenbaum: shows [6c 6h] (three of a kind, Sixes)
Masqb: mucks hand
gurkenbaum collected $29.50 from pot
*** SUMMARY ***
Total pot $30 | Rake $0.50
Board [6d 4c Kh 7d 3c]
Seat 1: gurkenbaum (big blind) showed [6c 6h] and won ($29.50) with three of a kind, Sixes
Seat 4: Masqb (button) (small blind) mucked


PokerStars Hand #147913304850:  Hold'em Limit ($3/$6 USD) - 2016/01/29 23:01:11 ET
Table 'Alphard' 6-max Seat #4 is the button
Seat 3: elvirto ($131.62 in chips)
Seat 4: Masqb ($129.38 in chips)
Masqb: posts small blind $1
elvirto: posts big blind $3
*** HOLE CARDS ***
DirtyDouble2 leaves the table
Masqb: raises $3 to $6
elvirto: folds
Uncalled bet ($3) returned to Masqb
Masqb collected $6 from pot
Masqb: doesn't show hand
*** SUMMARY ***
Total pot $6 | Rake $0
Seat 3: elvirto (big blind) folded before Flop
Seat 4: Masqb (button) (small blind) collected ($6)


PokerStars Hand #147913308873:  Hold'em Limit ($3/$6 USD) - 2016/01/29 23:01:22 ET
Table 'Alphard' 6-max Seat #3 is the button
Seat 3: elvirto ($128.62 in chips)
Seat 4: Masqb ($132.38 in chips)
elvirto: posts small blind $1
Masqb: posts big blind $3
*** HOLE CARDS ***
elvirto: folds
Uncalled bet ($2) returned to Masqb
Masqb collected $2 from pot
Masqb: doesn't show hand
*** SUMMARY ***
Total pot $2 | Rake $0
Seat 3: elvirto (button) (small blind) folded before Flop
Seat 4: Masqb (big blind) collected ($2)


PokerStars Hand #147913310673:  Hold'em Limit ($3/$6 USD) - 2016/01/29 23:01:27 ET
Table 'Alphard' 6-max Seat #4 is the button
Seat 3: elvirto ($127.62 in chips)
Seat 4: Masqb ($133.38 in chips)
Masqb: posts small blind $1
elvirto: posts big blind $3
*** HOLE CARDS ***
Masqb: raises $3 to $6
elvirto: raises $3 to $9
Masqb: calls $3
*** FLOP *** [9d 7c 4s]
elvirto: bets $3
Masqb: folds
Uncalled bet ($3) returned to elvirto
elvirto collected $17.64 from pot
elvirto: doesn't show hand
*** SUMMARY ***
Total pot $18 | Rake $0.36
Board [9d 7c 4s]
Seat 3: elvirto (big blind) collected ($17.64)
Seat 4: Masqb (button) (small blind) folded on the Flop


PokerStars Hand #147913318138:  Hold'em Limit ($3/$6 USD) - 2016/01/29 23:01:46 ET
Table 'Alphard' 6-max Seat #3 is the button
Seat 3: elvirto ($136.26 in chips)
Seat 4: Masqb ($124.38 in chips)
elvirto: posts small blind $1
Masqb: posts big blind $3
*** HOLE CARDS ***
elvirto: raises $3 to $6
Masqb: calls $3
*** FLOP *** [Kc Qd 3c]
Masqb: checks
elvirto: bets $3
Masqb: calls $3
*** TURN *** [Kc Qd 3c] [9d]
Masqb: checks
elvirto: checks
*** RIVER *** [Kc Qd 3c 9d] [8h]
Masqb: checks
elvirto: bets $6
Masqb: calls $6
*** SHOW DOWN ***
elvirto: shows [Qs 5c] (a pair of Queens)
Masqb: mucks hand
elvirto collected $29.50 from pot
*** SUMMARY ***
Total pot $30 | Rake $0.50
Board [Kc Qd 3c 9d 8h]
Seat 3: elvirto (button) (small blind) showed [Qs 5c] and won ($29.50) with a pair of Queens
Seat 4: Masqb (big blind) mucked


PokerStars Hand #147913344950:  Hold'em Limit ($3/$6 USD) - 2016/01/29 23:02:57 ET
Table 'Alphard' 6-max Seat #4 is the button
Seat 3: elvirto ($138.76 in chips)
Seat 4: Masqb ($121.02 in chips)
Masqb: posts small blind $1
elvirto: posts big blind $3
*** HOLE CARDS ***
Masqb: raises $3 to $6
elvirto: folds
Uncalled bet ($3) returned to Masqb
Masqb collected $6 from pot
Masqb: doesn't show hand
*** SUMMARY ***
Total pot $6 | Rake $0
Seat 3: elvirto (big blind) folded before Flop
Seat 4: Masqb (button) (small blind) collected ($6)


PokerStars Hand #147913343189:  Hold'em Limit ($3/$6 USD) - 2016/01/29 23:02:53 ET
Table 'Alphard' 6-max Seat #3 is the button
Seat 3: elvirto ($139.76 in chips)
Seat 4: Masqb ($120.02 in chips)
elvirto: posts small blind $1
Masqb: posts big blind $3
*** HOLE CARDS ***
elvirto: folds
Uncalled bet ($2) returned to Masqb
Masqb collected $2 from pot
Masqb: doesn't show hand
*** SUMMARY ***
Total pot $2 | Rake $0
Seat 3: elvirto (button) (small blind) folded before Flop
Seat 4: Masqb (big blind) collected ($2)


PokerStars Hand #147913341413:  Hold'em Limit ($3/$6 USD) - 2016/01/29 23:02:48 ET
Table 'Alphard' 6-max Seat #4 is the button
Seat 3: elvirto ($138.76 in chips)
Seat 4: Masqb ($121.02 in chips)
Masqb: posts small blind $1
elvirto: posts big blind $3
*** HOLE CARDS ***
Masqb: folds
Uncalled bet ($2) returned to elvirto
elvirto collected $2 from pot
elvirto: doesn't show hand
*** SUMMARY ***
Total pot $2 | Rake $0
Seat 3: elvirto (big blind) collected ($2)
Seat 4: Masqb (button) (small blind) folded before Flop


PokerStars Hand #147913336239:  Hold'em Limit ($3/$6 USD) - 2016/01/29 23:02:34 ET
Table 'Alphard' 6-max Seat #3 is the button
Seat 3: elvirto ($147.76 in chips)
Seat 4: Masqb ($112.38 in chips)
elvirto: posts small blind $1
Masqb: posts big blind $3
*** HOLE CARDS ***
elvirto: raises $3 to $6
Masqb: raises $3 to $9
elvirto: calls $3
*** FLOP *** [7h Ah 2c]
Masqb: bets $3
elvirto: folds
Uncalled bet ($3) returned to Masqb
Masqb collected $17.64 from pot
Masqb: doesn't show hand
*** SUMMARY ***
Total pot $18 | Rake $0.36
Board [7h Ah 2c]
Seat 3: elvirto (button) (small blind) folded on the Flop
Seat 4: Masqb (big blind) collected ($17.64)


PokerStars Hand #147913347461:  Hold'em Limit ($3/$6 USD) - 2016/01/29 23:03:04 ET
Table 'Alphard' 6-max Seat #3 is the button
Seat 3: elvirto ($135.76 in chips)
Seat 4: Masqb ($124.02 in chips)
elvirto: posts small blind $1
Masqb: posts big blind $3
*** HOLE CARDS ***
elvirto: raises $3 to $6
Masqb: calls $3
*** FLOP *** [3s Tc 5s]
Masqb: checks
elvirto: bets $3
Masqb: raises $3 to $6
elvirto: calls $3
*** TURN *** [3s Tc 5s] [5d]
Masqb: checks
elvirto: checks
*** RIVER *** [3s Tc 5s 5d] [Kh]
Masqb: checks
elvirto: bets $6
Masqb: folds
Uncalled bet ($6) returned to elvirto
elvirto collected $23.52 from pot
elvirto: doesn't show hand
*** SUMMARY ***
Total pot $24 | Rake $0.48
Board [3s Tc 5s 5d Kh]
Seat 3: elvirto (button) (small blind) collected ($23.52)
Seat 4: Masqb (big blind) folded on the River


PokerStars Hand #147913369371:  Hold'em Limit ($3/$6 USD) - 2016/01/29 23:04:02 ET
Table 'Alphard' 6-max Seat #3 is the button
Seat 3: elvirto ($158.80 in chips)
Seat 4: Masqb ($100.02 in chips)
elvirto: posts small blind $1
Masqb: posts big blind $3
*** HOLE CARDS ***
elvirto: raises $3 to $6
Masqb: raises $3 to $9
elvirto: calls $3
*** FLOP *** [9h Qh Ac]
Masqb: bets $3
elvirto: calls $3
*** TURN *** [9h Qh Ac] [2c]
Masqb: checks
elvirto: checks
*** RIVER *** [9h Qh Ac 2c] [2d]
Masqb: checks
elvirto: bets $6
Masqb: folds
Uncalled bet ($6) returned to elvirto
elvirto collected $23.52 from pot
elvirto: doesn't show hand
*** SUMMARY ***
Total pot $24 | Rake $0.48
Board [9h Qh Ac 2c 2d]
Seat 3: elvirto (button) (small blind) collected ($23.52)
Seat 4: Masqb (big blind) folded on the River


PokerStars Hand #147913361311:  Hold'em Limit ($3/$6 USD) - 2016/01/29 23:03:41 ET
Table 'Alphard' 6-max Seat #4 is the button
Seat 3: elvirto ($147.28 in chips)
Seat 4: Masqb ($112.02 in chips)
Masqb: posts small blind $1
elvirto: posts big blind $3
*** HOLE CARDS ***
Masqb: raises $3 to $6
elvirto: raises $3 to $9
Masqb: calls $3
*** FLOP *** [Qh 5c Kd]
elvirto: bets $3
Masqb: calls $3
*** TURN *** [Qh 5c Kd] [4h]
elvirto: bets $6
Masqb: folds
Uncalled bet ($6) returned to elvirto
elvirto collected $23.52 from pot
elvirto: doesn't show hand
*** SUMMARY ***
Total pot $24 | Rake $0.48
Board [Qh 5c Kd 4h]
Seat 3: elvirto (big blind) collected ($23.52)
Seat 4: Masqb (button) (small blind) folded on the Turn


PokerStars Hand #147913390084:  Hold'em Limit ($3/$6 USD) - 2016/01/29 23:04:56 ET
Table 'Alphard' 6-max Seat #4 is the button
Seat 3: elvirto ($162.32 in chips)
Seat 4: Masqb ($95.66 in chips)
Masqb: posts small blind $1
elvirto: posts big blind $3
*** HOLE CARDS ***
Masqb: raises $3 to $6
elvirto: calls $3
*** FLOP *** [3c 9c Tc]
elvirto: checks
Masqb: bets $3
elvirto: calls $3
*** TURN *** [3c 9c Tc] [Jc]
elvirto: checks
Masqb: checks
*** RIVER *** [3c 9c Tc Jc] [Ts]
elvirto: bets $6
Masqb: folds
Uncalled bet ($6) returned to elvirto
elvirto collected $17.64 from pot
elvirto: doesn't show hand
*** SUMMARY ***
Total pot $18 | Rake $0.36
Board [3c 9c Tc Jc Ts]
Seat 3: elvirto (big blind) collected ($17.64)
Seat 4: Masqb (button) (small blind) folded on the River


PokerStars Hand #147913383541:  Hold'em Limit ($3/$6 USD) - 2016/01/29 23:04:39 ET
Table 'Alphard' 6-max Seat #3 is the button
Seat 3: elvirto ($171.32 in chips)
Seat 4: Masqb ($87.02 in chips)
elvirto: posts small blind $1
Masqb: posts big blind $3
*** HOLE CARDS ***
elvirto: raises $3 to $6
Masqb: calls $3
*** FLOP *** [7d Ah 2c]
Masqb: checks
elvirto: bets $3
Masqb: raises $3 to $6
elvirto: folds
Uncalled bet ($3) returned to Masqb
Masqb collected $17.64 from pot
Masqb: doesn't show hand
*** SUMMARY ***
Total pot $18 | Rake $0.36
Board [7d Ah 2c]
Seat 3: elvirto (button) (small blind) folded on the Flop
Seat 4: Masqb (big blind) collected ($17.64)


PokerStars Hand #147913381546:  Hold'em Limit ($3/$6 USD) - 2016/01/29 23:04:34 ET
Table 'Alphard' 6-max Seat #4 is the button
Seat 3: elvirto ($170.32 in chips)
Seat 4: Masqb ($88.02 in chips)
Masqb: posts small blind $1
elvirto: posts big blind $3
*** HOLE CARDS ***
Masqb: folds
Uncalled bet ($2) returned to elvirto
elvirto collected $2 from pot
elvirto: doesn't show hand
*** SUMMARY ***
Total pot $2 | Rake $0
Seat 3: elvirto (big blind) collected ($2)
Seat 4: Masqb (button) (small blind) folded before Flop


PokerStars Hand #147913422494:  Hold'em Limit ($3/$6 USD) - 2016/01/29 23:06:22 ET
Table 'Alphard' 6-max Seat #4 is the button
Seat 3: elvirto ($182.48 in chips)
Seat 4: Masqb ($74.66 in chips)
Masqb: posts small blind $1
elvirto: posts big blind $3
*** HOLE CARDS ***
Masqb: raises $3 to $6
elvirto: folds
Uncalled bet ($3) returned to Masqb
Masqb collected $6 from pot
Masqb: doesn't show hand
*** SUMMARY ***
Total pot $6 | Rake $0
Seat 3: elvirto (big blind) folded before Flop
Seat 4: Masqb (button) (small blind) collected ($6)


PokerStars Hand #147913415796:  Hold'em Limit ($3/$6 USD) - 2016/01/29 23:06:04 ET
Table 'Alphard' 6-max Seat #3 is the button
Seat 3: elvirto ($170.96 in chips)
Seat 4: Masqb ($86.66 in chips)
elvirto: posts small blind $1
Masqb: posts big blind $3
*** HOLE CARDS ***
elvirto: raises $3 to $6
Masqb: raises $3 to $9
elvirto: raises $3 to $12
Betting is capped
Masqb: calls $3
*** FLOP *** [4h Qs 9h]
Masqb: checks
elvirto: bets $3
Masqb: folds
Uncalled bet ($3) returned to elvirto
elvirto collected $23.52 from pot
elvirto: doesn't show hand
*** SUMMARY ***
Total pot $24 | Rake $0.48
Board [4h Qs 9h]
Seat 3: elvirto (button) (small blind) collected ($23.52)
Seat 4: Masqb (big blind) folded on the Flop


PokerStars Hand #147913414022:  Hold'em Limit ($3/$6 USD) - 2016/01/29 23:05:59 ET
Table 'Alphard' 6-max Seat #4 is the button
Seat 3: elvirto ($169.96 in chips)
Seat 4: Masqb ($87.66 in chips)
Masqb: posts small blind $1
elvirto: posts big blind $3
*** HOLE CARDS ***
Masqb: folds
Uncalled bet ($2) returned to elvirto
elvirto collected $2 from pot
elvirto: doesn't show hand
*** SUMMARY ***
Total pot $2 | Rake $0
Seat 3: elvirto (big blind) collected ($2)
Seat 4: Masqb (button) (small blind) folded before Flop


PokerStars Hand #147913412339:  Hold'em Limit ($3/$6 USD) - 2016/01/29 23:05:55 ET
Table 'Alphard' 6-max Seat #3 is the button
Seat 3: elvirto ($170.96 in chips)
Seat 4: Masqb ($86.66 in chips)
elvirto: posts small blind $1
Masqb: posts big blind $3
*** HOLE CARDS ***
elvirto: folds
Uncalled bet ($2) returned to Masqb
Masqb collected $2 from pot
Masqb: doesn't show hand
*** SUMMARY ***
Total pot $2 | Rake $0
Seat 3: elvirto (button) (small blind) folded before Flop
Seat 4: Masqb (big blind) collected ($2)


PokerStars Hand #147913410664:  Hold'em Limit ($3/$6 USD) - 2016/01/29 23:05:51 ET
Table 'Alphard' 6-max Seat #4 is the button
Seat 3: elvirto ($169.96 in chips)
Seat 4: Masqb ($87.66 in chips)
Masqb: posts small blind $1
elvirto: posts big blind $3
*** HOLE CARDS ***
Masqb: folds
Uncalled bet ($2) returned to elvirto
elvirto collected $2 from pot
elvirto: doesn't show hand
*** SUMMARY ***
Total pot $2 | Rake $0
Seat 3: elvirto (big blind) collected ($2)
Seat 4: Masqb (button) (small blind) folded before Flop


PokerStars Hand #147913408768:  Hold'em Limit ($3/$6 USD) - 2016/01/29 23:05:46 ET
Table 'Alphard' 6-max Seat #3 is the button
Seat 3: elvirto ($170.96 in chips)
Seat 4: Masqb ($86.66 in chips)
elvirto: posts small blind $1
Masqb: posts big blind $3
*** HOLE CARDS ***
elvirto: folds
Uncalled bet ($2) returned to Masqb
Masqb collected $2 from pot
Masqb: doesn't show hand
*** SUMMARY ***
Total pot $2 | Rake $0
Seat 3: elvirto (button) (small blind) folded before Flop
Seat 4: Masqb (big blind) collected ($2)


PokerStars Hand #147913406121:  Hold'em Limit ($3/$6 USD) - 2016/01/29 23:05:39 ET
Table 'Alphard' 6-max Seat #4 is the button
Seat 3: elvirto ($173.96 in chips)
Seat 4: Masqb ($83.66 in chips)
Masqb: posts small blind $1
elvirto: posts big blind $3
*** HOLE CARDS ***
Masqb: raises $3 to $6
elvirto: folds
Uncalled bet ($3) returned to Masqb
Masqb collected $6 from pot
Masqb: doesn't show hand
*** SUMMARY ***
Total pot $6 | Rake $0
Seat 3: elvirto (big blind) folded before Flop
Seat 4: Masqb (button) (small blind) collected ($6)


PokerStars Hand #147913403358:  Hold'em Limit ($3/$6 USD) - 2016/01/29 23:05:31 ET
Table 'Alphard' 6-max Seat #3 is the button
Seat 3: elvirto ($170.96 in chips)
Seat 4: Masqb ($86.66 in chips)
elvirto: posts small blind $1
Masqb: posts big blind $3
*** HOLE CARDS ***
elvirto: raises $3 to $6
Masqb: folds
Uncalled bet ($3) returned to elvirto
elvirto collected $6 from pot
elvirto: doesn't show hand
*** SUMMARY ***
Total pot $6 | Rake $0
Seat 3: elvirto (button) (small blind) collected ($6)
Seat 4: Masqb (big blind) folded before Flop


PokerStars Hand #147913438087:  Hold'em Limit ($3/$6 USD) - 2016/01/29 23:07:04 ET
Table 'Alphard' 6-max Seat #4 is the button
Seat 3: elvirto ($185.24 in chips)
Seat 4: Masqb ($71.66 in chips)
Masqb: posts small blind $1
elvirto: posts big blind $3
*** HOLE CARDS ***
Masqb: raises $3 to $6
elvirto: calls $3
*** FLOP *** [4s 3s 7c]
elvirto: checks
Masqb: bets $3
elvirto: calls $3
*** TURN *** [4s 3s 7c] [9d]
elvirto: checks
Masqb: bets $6
elvirto: folds
Uncalled bet ($6) returned to Masqb
Masqb collected $17.64 from pot
Masqb: doesn't show hand
*** SUMMARY ***
Total pot $18 | Rake $0.36
Board [4s 3s 7c 9d]
Seat 3: elvirto (big blind) folded on the Turn
Seat 4: Masqb (button) (small blind) collected ($17.64)


PokerStars Hand #147913436237:  Hold'em Limit ($3/$6 USD) - 2016/01/29 23:06:59 ET
Table 'Alphard' 6-max Seat #3 is the button
Seat 3: elvirto ($186.24 in chips)
Seat 4: Masqb ($70.66 in chips)
elvirto: posts small blind $1
Masqb: posts big blind $3
*** HOLE CARDS ***
elvirto: folds
Uncalled bet ($2) returned to Masqb
Masqb collected $2 from pot
Masqb: doesn't show hand
*** SUMMARY ***
Total pot $2 | Rake $0
Seat 3: elvirto (button) (small blind) folded before Flop
Seat 4: Masqb (big blind) collected ($2)


PokerStars Hand #147913434201:  Hold'em Limit ($3/$6 USD) - 2016/01/29 23:06:53 ET
Table 'Alphard' 6-max Seat #4 is the button
Seat 3: elvirto ($185.24 in chips)
Seat 4: Masqb ($71.66 in chips)
Masqb: posts small blind $1
elvirto: posts big blind $3
*** HOLE CARDS ***
Masqb: folds
Uncalled bet ($2) returned to elvirto
elvirto collected $2 from pot
elvirto: doesn't show hand
*** SUMMARY ***
Total pot $2 | Rake $0
Seat 3: elvirto (big blind) collected ($2)
Seat 4: Masqb (button) (small blind) folded before Flop


PokerStars Hand #147913429085:  Hold'em Limit ($3/$6 USD) - 2016/01/29 23:06:40 ET
Table 'Alphard' 6-max Seat #3 is the button
Seat 3: elvirto ($179.48 in chips)
Seat 4: Masqb ($77.66 in chips)
elvirto: posts small blind $1
Masqb: posts big blind $3
*** HOLE CARDS ***
elvirto: raises $3 to $6
Masqb: calls $3
*** FLOP *** [4d Ah Jd]
Masqb: checks
elvirto: bets $3
Masqb: folds
Uncalled bet ($3) returned to elvirto
elvirto collected $11.76 from pot
elvirto: doesn't show hand
*** SUMMARY ***
Total pot $12 | Rake $0.24
Board [4d Ah Jd]
Seat 3: elvirto (button) (small blind) collected ($11.76)
Seat 4: Masqb (big blind) folded on the Flop


PokerStars Hand #147913427431:  Hold'em Limit ($3/$6 USD) - 2016/01/29 23:06:35 ET
Table 'Alphard' 6-max Seat #4 is the button
Seat 3: elvirto ($178.48 in chips)
Seat 4: Masqb ($78.66 in chips)
Masqb: posts small blind $1
elvirto: posts big blind $3
*** HOLE CARDS ***
Masqb: folds
Uncalled bet ($2) returned to elvirto
elvirto collected $2 from pot
elvirto: doesn't show hand
*** SUMMARY ***
Total pot $2 | Rake $0
Seat 3: elvirto (big blind) collected ($2)
Seat 4: Masqb (button) (small blind) folded before Flop


PokerStars Hand #147913425491:  Hold'em Limit ($3/$6 USD) - 2016/01/29 23:06:30 ET
Table 'Alphard' 6-max Seat #3 is the button
Seat 3: elvirto ($179.48 in chips)
Seat 4: Masqb ($77.66 in chips)
elvirto: posts small blind $1
Masqb: posts big blind $3
*** HOLE CARDS ***
elvirto: folds
Uncalled bet ($2) returned to Masqb
Masqb collected $2 from pot
Masqb: doesn't show hand
*** SUMMARY ***
Total pot $2 | Rake $0
Seat 3: elvirto (button) (small blind) folded before Flop
Seat 4: Masqb (big blind) collected ($2)


PokerStars Hand #147913448150:  Hold'em Limit ($3/$6 USD) - 2016/01/29 23:07:30 ET
Table 'Alphard' 6-max Seat #3 is the button
Seat 3: elvirto ($176.24 in chips)
Seat 4: Masqb ($80.30 in chips)
elvirto: posts small blind $1
Masqb: posts big blind $3
*** HOLE CARDS ***
elvirto: raises $3 to $6
Masqb: raises $3 to $9
elvirto: raises $3 to $12
Betting is capped
Masqb: calls $3
*** FLOP *** [Qd 5s Kh]
Masqb: checks
elvirto: bets $3
Masqb: raises $3 to $6
elvirto: calls $3
*** TURN *** [Qd 5s Kh] [Kc]
Masqb: bets $6
elvirto: calls $6
*** RIVER *** [Qd 5s Kh Kc] [4h]
Masqb: bets $6
elvirto: calls $6
*** SHOW DOWN ***
Masqb: shows [Qc Ah] (two pair, Kings and Queens)
elvirto: shows [As Qs] (two pair, Kings and Queens)
Masqb collected $29.75 from pot
elvirto collected $29.75 from pot
*** SUMMARY ***
Total pot $60 | Rake $0.50
Board [Qd 5s Kh Kc 4h]
Seat 3: elvirto (button) (small blind) showed [As Qs] and won ($29.75) with two pair, Kings and Queens
Seat 4: Masqb (big blind) showed [Qc Ah] and won ($29.75) with two pair, Kings and Queens


PokerStars Hand #147913482730:  Hold'em Limit ($3/$6 USD) - 2016/01/29 23:09:03 ET
Table 'Alphard' 6-max Seat #4 is the button
Seat 3: elvirto ($146.99 in chips)
Seat 4: Masqb ($108.55 in chips)
Masqb: posts small blind $1
elvirto: posts big blind $3
*** HOLE CARDS ***
Masqb: raises $3 to $6
elvirto: folds
Uncalled bet ($3) returned to Masqb
Masqb collected $6 from pot
Masqb: doesn't show hand
*** SUMMARY ***
Total pot $6 | Rake $0
Seat 3: elvirto (big blind) folded before Flop
Seat 4: Masqb (button) (small blind) collected ($6)


PokerStars Hand #147913481032:  Hold'em Limit ($3/$6 USD) - 2016/01/29 23:08:58 ET
Table 'Alphard' 6-max Seat #3 is the button
Seat 3: elvirto ($147.99 in chips)
Seat 4: Masqb ($107.55 in chips)
elvirto: posts small blind $1
Masqb: posts big blind $3
*** HOLE CARDS ***
elvirto: folds
Uncalled bet ($2) returned to Masqb
Masqb collected $2 from pot
Masqb: doesn't show hand
*** SUMMARY ***
Total pot $2 | Rake $0
Seat 3: elvirto (button) (small blind) folded before Flop
Seat 4: Masqb (big blind) collected ($2)


PokerStars Hand #147913478717:  Hold'em Limit ($3/$6 USD) - 2016/01/29 23:08:52 ET
Table 'Alphard' 6-max Seat #4 is the button
Seat 3: elvirto ($150.99 in chips)
Seat 4: Masqb ($104.55 in chips)
Masqb: posts small blind $1
elvirto: posts big blind $3
*** HOLE CARDS ***
Masqb: raises $3 to $6
elvirto: folds
Uncalled bet ($3) returned to Masqb
Masqb collected $6 from pot
Masqb: doesn't show hand
*** SUMMARY ***
Total pot $6 | Rake $0
Seat 3: elvirto (big blind) folded before Flop
Seat 4: Masqb (button) (small blind) collected ($6)


PokerStars Hand #147913477086:  Hold'em Limit ($3/$6 USD) - 2016/01/29 23:08:48 ET
Table 'Alphard' 6-max Seat #3 is the button
Seat 3: elvirto ($151.99 in chips)
Seat 4: Masqb ($103.55 in chips)
elvirto: posts small blind $1
Masqb: posts big blind $3
*** HOLE CARDS ***
elvirto: folds
Uncalled bet ($2) returned to Masqb
Masqb collected $2 from pot
Masqb: doesn't show hand
*** SUMMARY ***
Total pot $2 | Rake $0
Seat 3: elvirto (button) (small blind) folded before Flop
Seat 4: Masqb (big blind) collected ($2)


PokerStars Hand #147913463320:  Hold'em Limit ($3/$6 USD) - 2016/01/29 23:08:11 ET
Table 'Alphard' 6-max Seat #4 is the button
Seat 3: elvirto ($175.99 in chips)
Seat 4: Masqb ($80.05 in chips)
Masqb: posts small blind $1
elvirto: posts big blind $3
*** HOLE CARDS ***
Masqb: raises $3 to $6
elvirto: raises $3 to $9
Masqb: calls $3
*** FLOP *** [8s Th 4h]
elvirto: bets $3
Masqb: calls $3
*** TURN *** [8s Th 4h] [As]
elvirto: bets $6
Masqb: calls $6
*** RIVER *** [8s Th 4h As] [6d]
elvirto: bets $6
Masqb: calls $6
*** SHOW DOWN ***
elvirto: shows [Js Kd] (high card Ace)
Masqb: shows [8h 3h] (a pair of Eights)
Masqb collected $47.50 from pot
*** SUMMARY ***
Total pot $48 | Rake $0.50
Board [8s Th 4h As 6d]
Seat 3: elvirto (big blind) showed [Js Kd] and lost with high card Ace
Seat 4: Masqb (button) (small blind) showed [8h 3h] and won ($47.50) with a pair of Eights


PokerStars Hand #147913498207:  Hold'em Limit ($3/$6 USD) - 2016/01/29 23:09:44 ET
Table 'Alphard' 6-max Seat #4 is the button
Seat 3: elvirto ($152.63 in chips)
Seat 4: Masqb ($102.55 in chips)
Masqb: posts small blind $1
elvirto: posts big blind $3
*** HOLE CARDS ***
Masqb: raises $3 to $6
elvirto: calls $3
*** FLOP *** [Jd 5d Kd]
elvirto: checks
Masqb: bets $3
elvirto: calls $3
*** TURN *** [Jd 5d Kd] [9s]
elvirto: bets $6
Masqb: folds
Uncalled bet ($6) returned to elvirto
elvirto collected $17.64 from pot
elvirto: doesn't show hand
*** SUMMARY ***
Total pot $18 | Rake $0.36
Board [Jd 5d Kd 9s]
Seat 3: elvirto (big blind) collected ($17.64)
Seat 4: Masqb (button) (small blind) folded on the Turn


PokerStars Hand #147913485480:  Hold'em Limit ($3/$6 USD) - 2016/01/29 23:09:10 ET
Table 'Alphard' 6-max Seat #3 is the button
Seat 3: elvirto ($143.99 in chips)
Seat 4: Masqb ($111.55 in chips)
elvirto: posts small blind $1
Masqb: posts big blind $3
*** HOLE CARDS ***
elvirto: raises $3 to $6
Masqb: calls $3
*** FLOP *** [6s 5s 4c]
Masqb: checks
elvirto: bets $3
Masqb: calls $3
*** TURN *** [6s 5s 4c] [Th]
Masqb: checks
elvirto: checks
*** RIVER *** [6s 5s 4c Th] [Kc]
Masqb: checks
elvirto: bets $6
Masqb: folds
Uncalled bet ($6) returned to elvirto
elvirto collected $17.64 from pot
elvirto: doesn't show hand
*** SUMMARY ***
Total pot $18 | Rake $0.36
Board [6s 5s 4c Th Kc]
Seat 3: elvirto (button) (small blind) collected ($17.64)
Seat 4: Masqb (big blind) folded on the River


PokerStars Hand #147913530141:  Hold'em Limit ($3/$6 USD) - 2016/01/29 23:11:10 ET
Table 'Alphard' 6-max Seat #4 is the button
Seat 3: elvirto ($184.77 in chips)
Seat 4: Masqb ($69.55 in chips)
Masqb: posts small blind $1
elvirto: posts big blind $3
*** HOLE CARDS ***
Masqb: raises $3 to $6
elvirto: folds
Uncalled bet ($3) returned to Masqb
Masqb collected $6 from pot
Masqb: doesn't show hand
*** SUMMARY ***
Total pot $6 | Rake $0
Seat 3: elvirto (big blind) folded before Flop
Seat 4: Masqb (button) (small blind) collected ($6)


PokerStars Hand #147913510981:  Hold'em Limit ($3/$6 USD) - 2016/01/29 23:10:18 ET
Table 'Alphard' 6-max Seat #3 is the button
Seat 3: elvirto ($161.27 in chips)
Seat 4: Masqb ($93.55 in chips)
elvirto: posts small blind $1
Masqb: posts big blind $3
*** HOLE CARDS ***
elvirto: raises $3 to $6
Masqb: raises $3 to $9
elvirto: calls $3
*** FLOP *** [Jc 2c 8c]
Masqb: bets $3
elvirto: calls $3
*** TURN *** [Jc 2c 8c] [9d]
Masqb: bets $6
elvirto: calls $6
*** RIVER *** [Jc 2c 8c 9d] [Js]
Masqb: checks
elvirto: bets $6
Masqb: calls $6
*** SHOW DOWN ***
elvirto: shows [Qh Jd] (three of a kind, Jacks)
Masqb: mucks hand
elvirto collected $47.50 from pot
*** SUMMARY ***
Total pot $48 | Rake $0.50
Board [Jc 2c 8c 9d Js]
Seat 3: elvirto (button) (small blind) showed [Qh Jd] and won ($47.50) with three of a kind, Jacks
Seat 4: Masqb (big blind) mucked


PokerStars Hand #147913548087:  Hold'em Limit ($3/$6 USD) - 2016/01/29 23:11:58 ET
Table 'Alphard' 6-max Seat #4 is the button
Seat 3: elvirto ($196.27 in chips)
Seat 4: Masqb ($80 in chips)
Masqb: posts small blind $1
elvirto: posts big blind $3
*** HOLE CARDS ***
Masqb: raises $3 to $6
elvirto: folds
Uncalled bet ($3) returned to Masqb
Masqb collected $6 from pot
Masqb: doesn't show hand
*** SUMMARY ***
Total pot $6 | Rake $0
Seat 3: elvirto (big blind) folded before Flop
Seat 4: Masqb (button) (small blind) collected ($6)


PokerStars Hand #147913534207:  Hold'em Limit ($3/$6 USD) - 2016/01/29 23:11:21 ET
Table 'Alphard' 6-max Seat #3 is the button
Seat 3: elvirto ($181.77 in chips)
Seat 4: Masqb ($72.55 in chips)
elvirto: posts small blind $1
Masqb: posts big blind $3
*** HOLE CARDS ***
elvirto: raises $3 to $6
Masqb: calls $3
*** FLOP *** [2h Qh Th]
Masqb: checks
elvirto: bets $3
Masqb: calls $3
*** TURN *** [2h Qh Th] [9c]
Masqb: checks
elvirto: checks
*** RIVER *** [2h Qh Th 9c] [Kc]
Masqb: checks
elvirto: bets $6
Masqb: calls $6
*** SHOW DOWN ***
elvirto: shows [9s Jc] (a straight, Nine to King)
Masqb: mucks hand
elvirto collected $29.50 from pot
*** SUMMARY ***
Total pot $30 | Rake $0.50
Board [2h Qh Th 9c Kc]
Seat 3: elvirto (button) (small blind) showed [9s Jc] and won ($29.50) with a straight, Nine to King
Seat 4: Masqb (big blind) mucked


PokerStars Hand #147913550291:  Hold'em Limit ($3/$6 USD) - 2016/01/29 23:12:04 ET
Table 'Alphard' 6-max Seat #3 is the button
Seat 3: elvirto ($193.27 in chips)
Seat 4: Masqb ($83 in chips)
elvirto: posts small blind $1
Masqb: posts big blind $3
*** HOLE CARDS ***
elvirto: raises $3 to $6
Masqb: calls $3
*** FLOP *** [9d 3h 7d]
Masqb: checks
elvirto: bets $3
Masqb: folds
Uncalled bet ($3) returned to elvirto
elvirto collected $11.76 from pot
elvirto: doesn't show hand
*** SUMMARY ***
Total pot $12 | Rake $0.24
Board [9d 3h 7d]
Seat 3: elvirto (button) (small blind) collected ($11.76)
Seat 4: Masqb (big blind) folded on the Flop


PokerStars Hand #147913571612:  Hold'em Limit ($3/$6 USD) - 2016/01/29 23:13:02 ET
Table 'Alphard' 6-max Seat #4 is the button
Seat 3: elvirto ($197.78 in chips)
Seat 4: Masqb ($77.75 in chips)
Masqb: posts small blind $1
elvirto: posts big blind $3
*** HOLE CARDS ***
Masqb: raises $3 to $6
elvirto: calls $3
*** FLOP *** [Jd Ah 6h]
elvirto: checks
Masqb: bets $3
elvirto: folds
Uncalled bet ($3) returned to Masqb
Masqb collected $11.76 from pot
Masqb: doesn't show hand
*** SUMMARY ***
Total pot $12 | Rake $0.24
Board [Jd Ah 6h]
Seat 3: elvirto (big blind) folded on the Flop
Seat 4: Masqb (button) (small blind) collected ($11.76)


PokerStars Hand #147913569932:  Hold'em Limit ($3/$6 USD) - 2016/01/29 23:12:58 ET
Table 'Alphard' 6-max Seat #3 is the button
Seat 3: elvirto ($198.78 in chips)
Seat 4: Masqb ($76.75 in chips)
elvirto: posts small blind $1
Masqb: posts big blind $3
*** HOLE CARDS ***
elvirto: folds
Uncalled bet ($2) returned to Masqb
Masqb collected $2 from pot
Masqb: doesn't show hand
*** SUMMARY ***
Total pot $2 | Rake $0
Seat 3: elvirto (button) (small blind) folded before Flop
Seat 4: Masqb (big blind) collected ($2)


PokerStars Hand #147913557482:  Hold'em Limit ($3/$6 USD) - 2016/01/29 23:12:24 ET
Table 'Alphard' 6-max Seat #4 is the button
Seat 3: elvirto ($199.03 in chips)
Seat 4: Masqb ($77 in chips)
Masqb: posts small blind $1
elvirto: posts big blind $3
*** HOLE CARDS ***
Masqb: raises $3 to $6
elvirto: calls $3
*** FLOP *** [6d 3h 3c]
elvirto: bets $3
Masqb: raises $3 to $6
elvirto: calls $3
*** TURN *** [6d 3h 3c] [Td]
elvirto: checks
Masqb: bets $6
elvirto: calls $6
*** RIVER *** [6d 3h 3c Td] [Qh]
elvirto: checks
Masqb: checks
*** SHOW DOWN ***
elvirto: shows [8c 6c] (two pair, Sixes and Threes)
Masqb: shows [6h 9d] (two pair, Sixes and Threes)
elvirto collected $17.75 from pot
Masqb collected $17.75 from pot
*** SUMMARY ***
Total pot $36 | Rake $0.50
Board [6d 3h 3c Td Qh]
Seat 3: elvirto (big blind) showed [8c 6c] and won ($17.75) with two pair, Sixes and Threes
Seat 4: Masqb (button) (small blind) showed [6h 9d] and won ($17.75) with two pair, Sixes and Threes


PokerStars Hand #147913596813:  Hold'em Limit ($3/$6 USD) - 2016/01/29 23:14:11 ET
Table 'Alphard' 6-max Seat #3 is the button
Seat 3: elvirto ($170.78 in chips)
Seat 4: Masqb ($103.77 in chips)
elvirto: posts small blind $1
Masqb: posts big blind $3
*** HOLE CARDS ***
elvirto: folds
Uncalled bet ($2) returned to Masqb
Masqb collected $2 from pot
Masqb: doesn't show hand
*** SUMMARY ***
Total pot $2 | Rake $0
Seat 3: elvirto (button) (small blind) folded before Flop
Seat 4: Masqb (big blind) collected ($2)


PokerStars Hand #147913591752:  Hold'em Limit ($3/$6 USD) - 2016/01/29 23:13:57 ET
Table 'Alphard' 6-max Seat #4 is the button
Seat 3: elvirto ($176.78 in chips)
Seat 4: Masqb ($98.01 in chips)
Masqb: posts small blind $1
elvirto: posts big blind $3
*** HOLE CARDS ***
Masqb: raises $3 to $6
elvirto: calls $3
*** FLOP *** [4h 9h Ad]
elvirto: checks
Masqb: bets $3
elvirto: folds
Uncalled bet ($3) returned to Masqb
Masqb collected $11.76 from pot
Masqb: doesn't show hand
*** SUMMARY ***
Total pot $12 | Rake $0.24
Board [4h 9h Ad]
Seat 3: elvirto (big blind) folded on the Flop
Seat 4: Masqb (button) (small blind) collected ($11.76)


PokerStars Hand #147913577757:  Hold'em Limit ($3/$6 USD) - 2016/01/29 23:13:19 ET
Table 'Alphard' 6-max Seat #3 is the button
Seat 3: elvirto ($191.78 in chips)
Seat 4: Masqb ($83.51 in chips)
elvirto: posts small blind $1
Masqb: posts big blind $3
*** HOLE CARDS ***
elvirto: raises $3 to $6
Masqb: raises $3 to $9
elvirto: raises $3 to $12
Betting is capped
Masqb: calls $3
*** FLOP *** [Qh Jc 4s]
Masqb: bets $3
elvirto: calls $3
*** TURN *** [Qh Jc 4s] [Kh]
Masqb: bets $6
elvirto: folds
Uncalled bet ($6) returned to Masqb
Masqb collected $29.50 from pot
Masqb: doesn't show hand
*** SUMMARY ***
Total pot $30 | Rake $0.50
Board [Qh Jc 4s Kh]
Seat 3: elvirto (button) (small blind) folded on the Turn
Seat 4: Masqb (big blind) collected ($29.50)


PokerStars Hand #147913619078:  Hold'em Limit ($3/$6 USD) - 2016/01/29 23:15:11 ET
Table 'Alphard' 6-max Seat #3 is the button
Seat 3: elvirto ($141.78 in chips)
Seat 4: Masqb ($132.03 in chips)
elvirto: posts small blind $1
Masqb: posts big blind $3
*** HOLE CARDS ***
elvirto: raises $3 to $6
Masqb: calls $3
*** FLOP *** [2d Jh 9d]
Masqb: checks
elvirto: bets $3
Masqb: calls $3
*** TURN *** [2d Jh 9d] [6d]
Masqb: checks
elvirto: bets $6
Masqb: folds
Uncalled bet ($6) returned to elvirto
elvirto collected $17.64 from pot
elvirto: doesn't show hand
*** SUMMARY ***
Total pot $18 | Rake $0.36
Board [2d Jh 9d 6d]
Seat 3: elvirto (button) (small blind) collected ($17.64)
Seat 4: Masqb (big blind) folded on the Turn


PokerStars Hand #147913612893:  Hold'em Limit ($3/$6 USD) - 2016/01/29 23:14:54 ET
Table 'Alphard' 6-max Seat #4 is the button
Seat 3: elvirto ($147.78 in chips)
Seat 4: Masqb ($126.27 in chips)
Masqb: posts small blind $1
elvirto: posts big blind $3
*** HOLE CARDS ***
Masqb: raises $3 to $6
elvirto: calls $3
*** FLOP *** [Qh 8h 2h]
elvirto: checks
Masqb: bets $3
elvirto: folds
Uncalled bet ($3) returned to Masqb
Masqb collected $11.76 from pot
Masqb: doesn't show hand
*** SUMMARY ***
Total pot $12 | Rake $0.24
Board [Qh 8h 2h]
Seat 3: elvirto (big blind) folded on the Flop
Seat 4: Masqb (button) (small blind) collected ($11.76)


PokerStars Hand #147913611189:  Hold'em Limit ($3/$6 USD) - 2016/01/29 23:14:50 ET
Table 'Alphard' 6-max Seat #3 is the button
Seat 3: elvirto ($148.78 in chips)
Seat 4: Masqb ($125.27 in chips)
elvirto: posts small blind $1
Masqb: posts big blind $3
*** HOLE CARDS ***
elvirto: folds
Uncalled bet ($2) returned to Masqb
Masqb collected $2 from pot
Masqb: doesn't show hand
*** SUMMARY ***
Total pot $2 | Rake $0
Seat 3: elvirto (button) (small blind) folded before Flop
Seat 4: Masqb (big blind) collected ($2)


PokerStars Hand #147913598460:  Hold'em Limit ($3/$6 USD) - 2016/01/29 23:14:15 ET
Table 'Alphard' 6-max Seat #4 is the button
Seat 3: elvirto ($169.78 in chips)
Seat 4: Masqb ($104.77 in chips)
Masqb: posts small blind $1
elvirto: posts big blind $3
*** HOLE CARDS ***
Masqb: raises $3 to $6
elvirto: calls $3
*** FLOP *** [3c 7c Qd]
elvirto: bets $3
Masqb: calls $3
*** TURN *** [3c 7c Qd] [Th]
elvirto: bets $6
Masqb: calls $6
*** RIVER *** [3c 7c Qd Th] [Jh]
elvirto: bets $6
Masqb: raises $6 to $12
elvirto: folds
Uncalled bet ($6) returned to Masqb
Masqb collected $41.50 from pot
Masqb: doesn't show hand
*** SUMMARY ***
Total pot $42 | Rake $0.50
Board [3c 7c Qd Th Jh]
Seat 3: elvirto (big blind) folded on the River
Seat 4: Masqb (button) (small blind) collected ($41.50)


PokerStars Hand #147913641756:  Hold'em Limit ($3/$6 USD) - 2016/01/29 23:16:13 ET
Table 'Alphard' 6-max Seat #4 is the button
Seat 3: elvirto ($150.18 in chips)
Seat 4: Masqb ($122.79 in chips)
Masqb: posts small blind $1
elvirto: posts big blind $3
*** HOLE CARDS ***
Masqb: raises $3 to $6
elvirto: folds
Uncalled bet ($3) returned to Masqb
Masqb collected $6 from pot
Masqb: doesn't show hand
*** SUMMARY ***
Total pot $6 | Rake $0
Seat 3: elvirto (big blind) folded before Flop
Seat 4: Masqb (button) (small blind) collected ($6)


PokerStars Hand #147913631759:  Hold'em Limit ($3/$6 USD) - 2016/01/29 23:15:46 ET
Table 'Alphard' 6-max Seat #3 is the button
Seat 3: elvirto ($144.42 in chips)
Seat 4: Masqb ($128.79 in chips)
elvirto: posts small blind $1
Masqb: posts big blind $3
*** HOLE CARDS ***
elvirto: raises $3 to $6
Masqb: calls $3
*** FLOP *** [3d Tc Ks]
Masqb: checks
elvirto: checks
*** TURN *** [3d Tc Ks] [Qh]
Masqb: checks
elvirto: checks
*** RIVER *** [3d Tc Ks Qh] [Js]
Masqb: checks
elvirto: bets $6
Masqb: folds
Uncalled bet ($6) returned to elvirto
elvirto collected $11.76 from pot
elvirto: doesn't show hand
*** SUMMARY ***
Total pot $12 | Rake $0.24
Board [3d Tc Ks Qh Js]
Seat 3: elvirto (button) (small blind) collected ($11.76)
Seat 4: Masqb (big blind) folded on the River


PokerStars Hand #147913626994:  Hold'em Limit ($3/$6 USD) - 2016/01/29 23:15:33 ET
Table 'Alphard' 6-max Seat #4 is the button
Seat 3: elvirto ($150.42 in chips)
Seat 4: Masqb ($123.03 in chips)
Masqb: posts small blind $1
elvirto: posts big blind $3
*** HOLE CARDS ***
Masqb: raises $3 to $6
elvirto: calls $3
*** FLOP *** [2c Jh 3h]
elvirto: checks
Masqb: bets $3
elvirto: folds
Uncalled bet ($3) returned to Masqb
Masqb collected $11.76 from pot
Masqb: doesn't show hand
*** SUMMARY ***
Total pot $12 | Rake $0.24
Board [2c Jh 3h]
Seat 3: elvirto (big blind) folded on the Flop
Seat 4: Masqb (button) (small blind) collected ($11.76)


PokerStars Hand #147913661723:  Hold'em Limit ($3/$6 USD) - 2016/01/29 23:17:07 ET
Table 'Alphard' 6-max Seat #4 is the button
Seat 3: elvirto ($155.70 in chips)
Seat 4: Masqb ($116.79 in chips)
Masqb: posts small blind $1
elvirto: posts big blind $3
*** HOLE CARDS ***
Masqb: raises $3 to $6
elvirto: raises $3 to $9
Masqb: calls $3
*** FLOP *** [Jd 8s 6d]
elvirto: bets $3
Masqb: calls $3
*** TURN *** [Jd 8s 6d] [9s]
elvirto: bets $6
Masqb: raises $6 to $12
elvirto: calls $6
*** RIVER *** [Jd 8s 6d 9s] [7s]
elvirto: checks
Masqb: bets $6
elvirto: calls $6
*** SHOW DOWN ***
Masqb: shows [5d Kd] (a straight, Five to Nine)
elvirto: mucks hand
Masqb collected $59.50 from pot
*** SUMMARY ***
Total pot $60 | Rake $0.50
Board [Jd 8s 6d 9s 7s]
Seat 3: elvirto (big blind) mucked
Seat 4: Masqb (button) (small blind) showed [5d Kd] and won ($59.50) with a straight, Five to Nine


PokerStars Hand #147913655195:  Hold'em Limit ($3/$6 USD) - 2016/01/29 23:16:50 ET
Table 'Alphard' 6-max Seat #3 is the button
Seat 3: elvirto ($149.94 in chips)
Seat 4: Masqb ($122.79 in chips)
elvirto: posts small blind $1
Masqb: posts big blind $3
*** HOLE CARDS ***
elvirto: raises $3 to $6
Masqb: calls $3
*** FLOP *** [8d Kd 6c]
Masqb: checks
elvirto: bets $3
Masqb: folds
Uncalled bet ($3) returned to elvirto
elvirto collected $11.76 from pot
elvirto: doesn't show hand
*** SUMMARY ***
Total pot $12 | Rake $0.24
Board [8d Kd 6c]
Seat 3: elvirto (button) (small blind) collected ($11.76)
Seat 4: Masqb (big blind) folded on the Flop


PokerStars Hand #147913644159:  Hold'em Limit ($3/$6 USD) - 2016/01/29 23:16:19 ET
Table 'Alphard' 6-max Seat #3 is the button
Seat 3: elvirto ($147.18 in chips)
Seat 4: Masqb ($125.79 in chips)
elvirto: posts small blind $1
Masqb: posts big blind $3
*** HOLE CARDS ***
elvirto: raises $3 to $6
Masqb: calls $3
*** FLOP *** [Kd 6s 6h]
Masqb: checks
elvirto: bets $3
Masqb: folds
Uncalled bet ($3) returned to elvirto
elvirto collected $11.76 from pot
elvirto: doesn't show hand
*** SUMMARY ***
Total pot $12 | Rake $0.24
Board [Kd 6s 6h]
Seat 3: elvirto (button) (small blind) collected ($11.76)
Seat 4: Masqb (big blind) folded on the Flop


PokerStars Hand #147913672425:  Hold'em Limit ($3/$6 USD) - 2016/01/29 23:17:37 ET
Table 'Alphard' 6-max Seat #3 is the button
Seat 3: elvirto ($125.70 in chips)
Seat 4: Masqb ($146.29 in chips)
elvirto: posts small blind $1
Masqb: posts big blind $3
*** HOLE CARDS ***
elvirto: folds
Uncalled bet ($2) returned to Masqb
Masqb collected $2 from pot
Masqb: doesn't show hand
*** SUMMARY ***
Total pot $2 | Rake $0
Seat 3: elvirto (button) (small blind) folded before Flop
Seat 4: Masqb (big blind) collected ($2)


PokerStars Hand #147913685782:  Hold'em Limit ($3/$6 USD) - 2016/01/29 23:18:13 ET
Table 'Alphard' 6-max Seat #3 is the button
Seat 3: elvirto ($130.46 in chips)
Seat 4: Masqb ($141.29 in chips)
elvirto: posts small blind $1
Masqb: posts big blind $3
*** HOLE CARDS ***
elvirto: folds
Uncalled bet ($2) returned to Masqb
Masqb collected $2 from pot
Masqb: doesn't show hand
*** SUMMARY ***
Total pot $2 | Rake $0
Seat 3: elvirto (button) (small blind) folded before Flop
Seat 4: Masqb (big blind) collected ($2)


PokerStars Hand #147913674278:  Hold'em Limit ($3/$6 USD) - 2016/01/29 23:17:42 ET
Table 'Alphard' 6-max Seat #4 is the button
Seat 3: elvirto ($124.70 in chips)
Seat 4: Masqb ($147.29 in chips)
Masqb: posts small blind $1
elvirto: posts big blind $3
*** HOLE CARDS ***
Masqb: raises $3 to $6
elvirto: calls $3
*** FLOP *** [Ah Th Ad]
elvirto: checks
Masqb: checks
*** TURN *** [Ah Th Ad] [Qh]
elvirto: checks
Masqb: checks
*** RIVER *** [Ah Th Ad Qh] [Kc]
elvirto: checks
Masqb: checks
*** SHOW DOWN ***
elvirto: shows [8h Kd] (two pair, Aces and Kings)
Masqb: mucks hand
elvirto collected $11.76 from pot
*** SUMMARY ***
Total pot $12 | Rake $0.24
Board [Ah Th Ad Qh Kc]
Seat 3: elvirto (big blind) showed [8h Kd] and won ($11.76) with two pair, Aces and Kings
Seat 4: Masqb (button) (small blind) mucked


PokerStars Hand #147913687495:  Hold'em Limit ($3/$6 USD) - 2016/01/29 23:18:18 ET
Table 'Alphard' 6-max Seat #4 is the button
Seat 3: elvirto ($129.46 in chips)
Seat 4: Masqb ($142.29 in chips)
Masqb: posts small blind $1
elvirto: posts big blind $3
*** HOLE CARDS ***
Masqb: raises $3 to $6
elvirto: folds
Uncalled bet ($3) returned to Masqb
Masqb collected $6 from pot
Masqb: doesn't show hand
*** SUMMARY ***
Total pot $6 | Rake $0
Seat 3: elvirto (big blind) folded before Flop
Seat 4: Masqb (button) (small blind) collected ($6)


PokerStars Hand #147913689837:  Hold'em Limit ($3/$6 USD) - 2016/01/29 23:18:25 ET
Table 'Alphard' 6-max Seat #3 is the button
Seat 3: elvirto ($126.46 in chips)
Seat 4: Masqb ($145.29 in chips)
elvirto: posts small blind $1
Masqb: posts big blind $3
*** HOLE CARDS ***
elvirto: folds
Uncalled bet ($2) returned to Masqb
Masqb collected $2 from pot
Masqb: doesn't show hand
*** SUMMARY ***
Total pot $2 | Rake $0
Seat 3: elvirto (button) (small blind) folded before Flop
Seat 4: Masqb (big blind) collected ($2)


PokerStars Hand #147913691478:  Hold'em Limit ($3/$6 USD) - 2016/01/29 23:18:29 ET
Table 'Alphard' 6-max Seat #4 is the button
Seat 3: elvirto ($125.46 in chips)
Seat 4: Masqb ($146.29 in chips)
Masqb: posts small blind $1
elvirto: posts big blind $3
*** HOLE CARDS ***
Masqb: raises $3 to $6
elvirto: calls $3
*** FLOP *** [Td 9h 7c]
elvirto: checks
Masqb: bets $3
elvirto: raises $3 to $6
Masqb: calls $3
*** TURN *** [Td 9h 7c] [Qc]
elvirto: bets $6
Masqb: calls $6
*** RIVER *** [Td 9h 7c Qc] [5h]
elvirto: bets $6
Masqb: raises $6 to $12
elvirto: folds
Uncalled bet ($6) returned to Masqb
Masqb collected $47.50 from pot
Masqb: doesn't show hand
*** SUMMARY ***
Total pot $48 | Rake $0.50
Board [Td 9h 7c Qc 5h]
Seat 3: elvirto (big blind) folded on the River
Seat 4: Masqb (button) (small blind) collected ($47.50)


PokerStars Hand #147913704571:  Hold'em Limit ($3/$6 USD) - 2016/01/29 23:19:05 ET
Table 'Alphard' 6-max Seat #3 is the button
Seat 3: elvirto ($101.46 in chips)
Seat 4: Masqb ($169.79 in chips)
elvirto: posts small blind $1
Masqb: posts big blind $3
*** HOLE CARDS ***
elvirto: folds
Uncalled bet ($2) returned to Masqb
Masqb collected $2 from pot
Masqb: doesn't show hand
*** SUMMARY ***
Total pot $2 | Rake $0
Seat 3: elvirto (button) (small blind) folded before Flop
Seat 4: Masqb (big blind) collected ($2)


PokerStars Hand #147913706306:  Hold'em Limit ($3/$6 USD) - 2016/01/29 23:19:10 ET
Table 'Alphard' 6-max Seat #4 is the button
Seat 3: elvirto ($100.46 in chips)
Seat 4: Masqb ($170.79 in chips)
Masqb: posts small blind $1
elvirto: posts big blind $3
*** HOLE CARDS ***
Masqb: raises $3 to $6
elvirto: raises $3 to $9
Masqb: calls $3
*** FLOP *** [Kc 2c Td]
elvirto: bets $3
Masqb: calls $3
*** TURN *** [Kc 2c Td] [7s]
elvirto: checks
Masqb: bets $6
elvirto: calls $6
*** RIVER *** [Kc 2c Td 7s] [Js]
elvirto: checks
Masqb: bets $6
elvirto: folds
Uncalled bet ($6) returned to Masqb
Masqb collected $35.50 from pot
Masqb: doesn't show hand
*** SUMMARY ***
Total pot $36 | Rake $0.50
Board [Kc 2c Td 7s Js]
Seat 3: elvirto (big blind) folded on the River
Seat 4: Masqb (button) (small blind) collected ($35.50)


PokerStars Hand #147913731035:  Hold'em Limit ($3/$6 USD) - 2016/01/29 23:20:19 ET
Table 'Alphard' 6-max Seat #4 is the button
Seat 3: elvirto ($55.46 in chips)
Seat 4: Masqb ($214.79 in chips)
Masqb: posts small blind $1
elvirto: posts big blind $3
*** HOLE CARDS ***
Masqb: raises $3 to $6
elvirto: folds
Uncalled bet ($3) returned to Masqb
Masqb collected $6 from pot
Masqb: doesn't show hand
*** SUMMARY ***
Total pot $6 | Rake $0
Seat 3: elvirto (big blind) folded before Flop
Seat 4: Masqb (button) (small blind) collected ($6)


PokerStars Hand #147913717119:  Hold'em Limit ($3/$6 USD) - 2016/01/29 23:19:40 ET
Table 'Alphard' 6-max Seat #3 is the button
Seat 3: elvirto ($82.46 in chips)
Seat 4: Masqb ($188.29 in chips)
elvirto: posts small blind $1
Masqb: posts big blind $3
*** HOLE CARDS ***
elvirto: raises $3 to $6
Masqb: calls $3
*** FLOP *** [3d Jc 8s]
Masqb: checks
elvirto: bets $3
Masqb: calls $3
*** TURN *** [3d Jc 8s] [8c]
Masqb: checks
elvirto: bets $6
Masqb: calls $6
*** RIVER *** [3d Jc 8s 8c] [7c]
Masqb: checks
elvirto: bets $6
Masqb: raises $6 to $12
elvirto: calls $6
*** SHOW DOWN ***
Masqb: shows [9h Tc] (a straight, Seven to Jack)
elvirto: mucks hand
Masqb collected $53.50 from pot
*** SUMMARY ***
Total pot $54 | Rake $0.50
Board [3d Jc 8s 8c 7c]
Seat 3: elvirto (button) (small blind) mucked
Seat 4: Masqb (big blind) showed [9h Tc] and won ($53.50) with a straight, Seven to Jack


PokerStars Hand #147913734478:  Hold'em Limit ($3/$6 USD) - 2016/01/29 23:20:28 ET
Table 'Alphard' 6-max Seat #3 is the button
Seat 3: elvirto ($52.46 in chips)
Seat 4: Masqb ($217.79 in chips)
elvirto: posts small blind $1
Masqb: posts big blind $3
*** HOLE CARDS ***
elvirto: folds
Uncalled bet ($2) returned to Masqb
Masqb collected $2 from pot
Masqb: doesn't show hand
*** SUMMARY ***
Total pot $2 | Rake $0
Seat 3: elvirto (button) (small blind) folded before Flop
Seat 4: Masqb (big blind) collected ($2)


PokerStars Hand #147913746757:  Hold'em Limit ($3/$6 USD) - 2016/01/29 23:21:03 ET
Table 'Alphard' 6-max Seat #3 is the button
Seat 3: elvirto ($30.46 in chips)
Seat 4: Masqb ($239.29 in chips)
elvirto: posts small blind $1
Masqb: posts big blind $3
*** HOLE CARDS ***
elvirto: folds
Uncalled bet ($2) returned to Masqb
Masqb collected $2 from pot
Masqb: doesn't show hand
*** SUMMARY ***
Total pot $2 | Rake $0
Seat 3: elvirto (button) (small blind) folded before Flop
Seat 4: Masqb (big blind) collected ($2)


PokerStars Hand #147913736004:  Hold'em Limit ($3/$6 USD) - 2016/01/29 23:20:33 ET
Table 'Alphard' 6-max Seat #4 is the button
Seat 3: elvirto ($51.46 in chips)
Seat 4: Masqb ($218.79 in chips)
Masqb: posts small blind $1
elvirto: posts big blind $3
*** HOLE CARDS ***
Masqb: raises $3 to $6
elvirto: calls $3
*** FLOP *** [6h Jc 8c]
elvirto: checks
Masqb: bets $3
elvirto: calls $3
*** TURN *** [6h Jc 8c] [9s]
elvirto: checks
Masqb: bets $6
elvirto: calls $6
*** RIVER *** [6h Jc 8c 9s] [Jh]
elvirto: checks
Masqb: bets $6
elvirto: calls $6
*** SHOW DOWN ***
Masqb: shows [9d 7h] (two pair, Jacks and Nines)
elvirto: mucks hand
Masqb collected $41.50 from pot
*** SUMMARY ***
Total pot $42 | Rake $0.50
Board [6h Jc 8c 9s Jh]
Seat 3: elvirto (big blind) mucked
Seat 4: Masqb (button) (small blind) showed [9d 7h] and won ($41.50) with two pair, Jacks and Nines


PokerStars Hand #147913753393:  Hold'em Limit ($3/$6 USD) - 2016/01/29 23:21:21 ET
Table 'Alphard' 6-max Seat #3 is the button
Seat 3: elvirto ($83.46 in chips)
Seat 4: Masqb ($246.05 in chips)
elvirto: posts small blind $1
Masqb: posts big blind $3
*** HOLE CARDS ***
elvirto: folds
Uncalled bet ($2) returned to Masqb
Masqb collected $2 from pot
Masqb: doesn't show hand
*** SUMMARY ***
Total pot $2 | Rake $0
Seat 3: elvirto (button) (small blind) folded before Flop
Seat 4: Masqb (big blind) collected ($2)


PokerStars Hand #147913748316:  Hold'em Limit ($3/$6 USD) - 2016/01/29 23:21:07 ET
Table 'Alphard' 6-max Seat #4 is the button
Seat 3: elvirto ($89.46 in chips)
Seat 4: Masqb ($240.29 in chips)
Masqb: posts small blind $1
elvirto: posts big blind $3
*** HOLE CARDS ***
Masqb: raises $3 to $6
elvirto: calls $3
*** FLOP *** [6s 9h 2c]
elvirto: checks
Masqb: bets $3
elvirto: folds
Uncalled bet ($3) returned to Masqb
Masqb collected $11.76 from pot
Masqb: doesn't show hand
*** SUMMARY ***
Total pot $12 | Rake $0.24
Board [6s 9h 2c]
Seat 3: elvirto (big blind) folded on the Flop
Seat 4: Masqb (button) (small blind) collected ($11.76)


PokerStars Hand #147913757338:  Hold'em Limit ($3/$6 USD) - 2016/01/29 23:21:32 ET
Table 'Alphard' 6-max Seat #3 is the button
Seat 3: elvirto ($83.46 in chips)
Seat 4: Masqb ($246.05 in chips)
elvirto: posts small blind $1
Masqb: posts big blind $3
*** HOLE CARDS ***
elvirto: folds
Uncalled bet ($2) returned to Masqb
Masqb collected $2 from pot
Masqb: doesn't show hand
*** SUMMARY ***
Total pot $2 | Rake $0
Seat 3: elvirto (button) (small blind) folded before Flop
Seat 4: Masqb (big blind) collected ($2)


PokerStars Hand #147913755178:  Hold'em Limit ($3/$6 USD) - 2016/01/29 23:21:26 ET
Table 'Alphard' 6-max Seat #4 is the button
Seat 3: elvirto ($82.46 in chips)
Seat 4: Masqb ($247.05 in chips)
Masqb: posts small blind $1
elvirto: posts big blind $3
*** HOLE CARDS ***
Masqb: folds
Uncalled bet ($2) returned to elvirto
elvirto collected $2 from pot
elvirto: doesn't show hand
*** SUMMARY ***
Total pot $2 | Rake $0
Seat 3: elvirto (big blind) collected ($2)
Seat 4: Masqb (button) (small blind) folded before Flop


PokerStars Hand #147913759070:  Hold'em Limit ($3/$6 USD) - 2016/01/29 23:21:37 ET
Table 'Alphard' 6-max Seat #4 is the button
Seat 3: elvirto ($82.46 in chips)
Seat 4: Masqb ($247.05 in chips)
Masqb: posts small blind $1
elvirto: posts big blind $3
*** HOLE CARDS ***
Masqb: folds
Uncalled bet ($2) returned to elvirto
elvirto collected $2 from pot
elvirto: doesn't show hand
*** SUMMARY ***
Total pot $2 | Rake $0
Seat 3: elvirto (big blind) collected ($2)
Seat 4: Masqb (button) (small blind) folded before Flop


PokerStars Hand #147913761638:  Hold'em Limit ($3/$6 USD) - 2016/01/29 23:21:45 ET
Table 'Alphard' 6-max Seat #3 is the button
Seat 3: elvirto ($83.46 in chips)
Seat 4: Masqb ($246.05 in chips)
elvirto: posts small blind $1
Masqb: posts big blind $3
*** HOLE CARDS ***
elvirto: raises $3 to $6
Masqb: calls $3
*** FLOP *** [Ad 4d 8c]
Masqb: checks
elvirto: bets $3
Masqb: calls $3
*** TURN *** [Ad 4d 8c] [Js]
Masqb: checks
elvirto: bets $6
Masqb: calls $6
*** RIVER *** [Ad 4d 8c Js] [5s]
Masqb: checks
elvirto: checks
*** SHOW DOWN ***
Masqb: shows [Ks 8h] (a pair of Eights)
elvirto: shows [Kc Jd] (a pair of Jacks)
elvirto collected $29.50 from pot
*** SUMMARY ***
Total pot $30 | Rake $0.50
Board [Ad 4d 8c Js 5s]
Seat 3: elvirto (button) (small blind) showed [Kc Jd] and won ($29.50) with a pair of Jacks
Seat 4: Masqb (big blind) showed [Ks 8h] and lost with a pair of Eights


PokerStars Hand #147913772303:  Hold'em Limit ($3/$6 USD) - 2016/01/29 23:22:14 ET
Table 'Alphard' 6-max Seat #4 is the button
Seat 3: elvirto ($97.96 in chips)
Seat 4: Masqb ($231.05 in chips)
Masqb: posts small blind $1
elvirto: posts big blind $3
*** HOLE CARDS ***
Masqb: raises $3 to $6
elvirto: calls $3
*** FLOP *** [As 8s 2s]
elvirto: checks
Masqb: bets $3
elvirto: folds
Uncalled bet ($3) returned to Masqb
Masqb collected $11.76 from pot
Masqb: doesn't show hand
*** SUMMARY ***
Total pot $12 | Rake $0.24
Board [As 8s 2s]
Seat 3: elvirto (big blind) folded on the Flop
Seat 4: Masqb (button) (small blind) collected ($11.76)


PokerStars Hand #147913792374:  Hold'em Limit ($3/$6 USD) - 2016/01/29 23:23:11 ET
Table 'Alphard' 6-max Seat #4 is the button
Seat 3: elvirto ($115.46 in chips)
Seat 4: Masqb ($212.81 in chips)
Masqb: posts small blind $1
elvirto: posts big blind $3
*** HOLE CARDS ***
Masqb: raises $3 to $6
elvirto: folds
Uncalled bet ($3) returned to Masqb
Masqb collected $6 from pot
Masqb: doesn't show hand
*** SUMMARY ***
Total pot $6 | Rake $0
Seat 3: elvirto (big blind) folded before Flop
Seat 4: Masqb (button) (small blind) collected ($6)


PokerStars Hand #147913794403:  Hold'em Limit ($3/$6 USD) - 2016/01/29 23:23:16 ET
Table 'Alphard' 6-max Seat #3 is the button
Seat 3: elvirto ($112.46 in chips)
Seat 4: Masqb ($215.81 in chips)
elvirto: posts small blind $1
Masqb: posts big blind $3
*** HOLE CARDS ***
elvirto: raises $3 to $6
Masqb: calls $3
*** FLOP *** [Ts Ah 6c]
Masqb: checks
elvirto: bets $3
Masqb: raises $3 to $6
elvirto: folds
Uncalled bet ($3) returned to Masqb
Masqb collected $17.64 from pot
Masqb: doesn't show hand
*** SUMMARY ***
Total pot $18 | Rake $0.36
Board [Ts Ah 6c]
Seat 3: elvirto (button) (small blind) folded on the Flop
Seat 4: Masqb (big blind) collected ($17.64)


PokerStars Hand #147913800300:  Hold'em Limit ($3/$6 USD) - 2016/01/29 23:23:33 ET
Table 'Alphard' 6-max Seat #4 is the button
Seat 3: elvirto ($103.46 in chips)
Seat 4: Masqb ($224.45 in chips)
Masqb: posts small blind $1
elvirto: posts big blind $3
*** HOLE CARDS ***
Masqb: raises $3 to $6
elvirto: calls $3
*** FLOP *** [3c Jh Ac]
elvirto: checks
Masqb: checks
*** TURN *** [3c Jh Ac] [Th]
elvirto: bets $6
Masqb: calls $6
*** RIVER *** [3c Jh Ac Th] [2c]
elvirto: bets $6
Masqb: calls $6
*** SHOW DOWN ***
elvirto: shows [Td Kd] (a pair of Tens)
Masqb: shows [Ah 4s] (a pair of Aces)
Masqb collected $35.50 from pot
*** SUMMARY ***
Total pot $36 | Rake $0.50
Board [3c Jh Ac Th 2c]
Seat 3: elvirto (big blind) showed [Td Kd] and lost with a pair of Tens
Seat 4: Masqb (button) (small blind) showed [Ah 4s] and won ($35.50) with a pair of Aces


PokerStars Hand #147913809017:  Hold'em Limit ($3/$6 USD) - 2016/01/29 23:23:58 ET
Table 'Alphard' 6-max Seat #3 is the button
Seat 3: elvirto ($85.46 in chips)
Seat 4: Masqb ($241.95 in chips)
elvirto: posts small blind $1
Masqb: posts big blind $3
*** HOLE CARDS ***
elvirto: raises $3 to $6
Masqb: calls $3
*** FLOP *** [Ad 8d 9d]
Masqb: checks
elvirto: bets $3
Masqb: raises $3 to $6
elvirto: calls $3
*** TURN *** [Ad 8d 9d] [6s]
Masqb: bets $6
elvirto: calls $6
*** RIVER *** [Ad 8d 9d 6s] [8s]
Masqb: bets $6
elvirto: calls $6
*** SHOW DOWN ***
Masqb: shows [8c 9h] (a full house, Eights full of Nines)
elvirto: mucks hand
Masqb collected $47.50 from pot
*** SUMMARY ***
Total pot $48 | Rake $0.50
Board [Ad 8d 9d 6s 8s]
Seat 3: elvirto (button) (small blind) mucked
Seat 4: Masqb (big blind) showed [8c 9h] and won ($47.50) with a full house, Eights full of Nines


