PokerStars Hand #172065220493:  Hold'em Limit ($3/$6 USD) - 2017/06/21 14:32:27 ET
Table 'Alpheratz' 6-max Seat #5 is the button
Seat 4: Actionni13 ($150 in chips)
Seat 5: Auge72 ($128.64 in chips)
Auge72: posts small blind $1
Actionni13: posts big blind $3
*** HOLE CARDS ***
Auge72: raises $3 to $6
Actionni13: calls $3
*** FLOP *** [Kd 3s 2d]
Actionni13: checks
Auge72: checks
*** TURN *** [Kd 3s 2d] [Td]
Actionni13: bets $6
Auge72: calls $6
*** RIVER *** [Kd 3s 2d Td] [4c]
Actionni13: checks
Auge72: checks
*** SHOW DOWN ***
Actionni13: shows [5c 2c] (a pair of Deuces)
Auge72: shows [3h 5h] (a pair of Threes)
Auge72 collected $23.52 from pot
*** SUMMARY ***
Total pot $24 | Rake $0.48
Board [Kd 3s 2d Td 4c]
Seat 4: Actionni13 (big blind) showed [5c 2c] and lost with a pair of Deuces
Seat 5: Auge72 (button) (small blind) showed [3h 5h] and won ($23.52) with a pair of Threes


PokerStars Hand #172065211539:  Hold'em Limit ($3/$6 USD) - 2017/06/21 14:32:14 ET
Table 'Alpheratz' 6-max Seat #4 is the button
Seat 4: Actionni13 ($150 in chips)
Seat 5: Auge72 ($120 in chips)
Actionni13: posts small blind $1
Auge72: posts big blind $3
*** HOLE CARDS ***
Actionni13: raises $3 to $6
Auge72: raises $3 to $9
Actionni13: calls $3
*** FLOP *** [Th Ah 4h]
Auge72: bets $3
Actionni13: folds
Uncalled bet ($3) returned to Auge72
Auge72 collected $17.64 from pot
Auge72: doesn't show hand
*** SUMMARY ***
Total pot $18 | Rake $0.36
Board [Th Ah 4h]
Seat 4: Actionni13 (button) (small blind) folded on the Flop
Seat 5: Auge72 (big blind) collected ($17.64)


PokerStars Hand #172065206333:  Hold'em Limit ($3/$6 USD) - 2017/06/21 14:32:07 ET
Table 'Alpheratz' 6-max Seat #5 is the button
Seat 4: Actionni13 ($153 in chips)
Seat 5: Auge72 ($117 in chips)
Auge72: posts small blind $1
Actionni13: posts big blind $3
*** HOLE CARDS ***
Auge72: raises $3 to $6
Actionni13: folds
Uncalled bet ($3) returned to Auge72
Auge72 collected $6 from pot
*** SUMMARY ***
Total pot $6 | Rake $0
Seat 4: Actionni13 (big blind) folded before Flop
Seat 5: Auge72 (button) (small blind) collected ($6)


PokerStars Hand #172065203336:  Hold'em Limit ($3/$6 USD) - 2017/06/21 14:32:03 ET
Table 'Alpheratz' 6-max Seat #4 is the button
Seat 4: Actionni13 ($154 in chips)
Seat 5: Auge72 ($116 in chips)
Actionni13: posts small blind $1
Auge72: posts big blind $3
*** HOLE CARDS ***
Actionni13: folds
Uncalled bet ($2) returned to Auge72
Auge72 collected $2 from pot
Auge72: doesn't show hand
*** SUMMARY ***
Total pot $2 | Rake $0
Seat 4: Actionni13 (button) (small blind) folded before Flop
Seat 5: Auge72 (big blind) collected ($2)


PokerStars Hand #172065199514:  Hold'em Limit ($3/$6 USD) - 2017/06/21 14:31:58 ET
Table 'Alpheratz' 6-max Seat #5 is the button
Seat 4: Actionni13 ($153 in chips)
Seat 5: Auge72 ($117 in chips)
Auge72: posts small blind $1
Actionni13: posts big blind $3
*** HOLE CARDS ***
Auge72: folds
Uncalled bet ($2) returned to Actionni13
Actionni13 collected $2 from pot
Actionni13: doesn't show hand
*** SUMMARY ***
Total pot $2 | Rake $0
Seat 4: Actionni13 (big blind) collected ($2)
Seat 5: Auge72 (button) (small blind) folded before Flop


PokerStars Hand #172065194659:  Hold'em Limit ($3/$6 USD) - 2017/06/21 14:31:51 ET
Table 'Alpheratz' 6-max Seat #4 is the button
Seat 4: Actionni13 ($150 in chips)
Seat 5: Auge72 ($120 in chips)
Actionni13: posts small blind $1
Auge72: posts big blind $3
*** HOLE CARDS ***
Actionni13: raises $3 to $6
Auge72: folds
Uncalled bet ($3) returned to Actionni13
Actionni13 collected $6 from pot
Actionni13: doesn't show hand
*** SUMMARY ***
Total pot $6 | Rake $0
Seat 4: Actionni13 (button) (small blind) collected ($6)
Seat 5: Auge72 (big blind) folded before Flop


PokerStars Hand #172065253944:  Hold'em Limit ($3/$6 USD) - 2017/06/21 14:33:13 ET
Table 'Alpheratz' 6-max Seat #4 is the button
Seat 4: Actionni13 ($164.50 in chips)
Seat 5: Auge72 ($133.80 in chips)
Actionni13: posts small blind $1
Auge72: posts big blind $3
*** HOLE CARDS ***
Actionni13: raises $3 to $6
Auge72: calls $3
*** FLOP *** [3h Jh 8c]
Auge72: checks
Actionni13: bets $3
Auge72: calls $3
*** TURN *** [3h Jh 8c] [3c]
Auge72: checks
Actionni13: bets $6
Auge72: folds
Uncalled bet ($6) returned to Actionni13
Actionni13 collected $17.64 from pot
Actionni13: doesn't show hand
*** SUMMARY ***
Total pot $18 | Rake $0.36
Board [3h Jh 8c 3c]
Seat 4: Actionni13 (button) (small blind) collected ($17.64)
Seat 5: Auge72 (big blind) folded on the Turn


PokerStars Hand #172065243691:  Hold'em Limit ($3/$6 USD) - 2017/06/21 14:32:59 ET
Table 'Alpheratz' 6-max Seat #5 is the button
Seat 4: Actionni13 ($150 in chips)
Seat 5: Auge72 ($148.80 in chips)
Auge72: posts small blind $1
Actionni13: posts big blind $3
*** HOLE CARDS ***
Auge72: raises $3 to $6
Actionni13: raises $3 to $9
Auge72: raises $3 to $12
Betting is capped
Actionni13: calls $3
*** FLOP *** [7s 2s 9c]
EVBET joins the table at seat #6
Actionni13: bets $3
Auge72: calls $3
*** TURN *** [7s 2s 9c] [Qd]
Actionni13: bets $6
Auge72: folds
Uncalled bet ($6) returned to Actionni13
Actionni13 collected $29.50 from pot
Actionni13: doesn't show hand
*** SUMMARY ***
Total pot $30 | Rake $0.50
Board [7s 2s 9c Qd]
Seat 4: Actionni13 (big blind) collected ($29.50)
Seat 5: Auge72 (button) (small blind) folded on the Turn


PokerStars Hand #172065234891:  Hold'em Limit ($3/$6 USD) - 2017/06/21 14:32:47 ET
Table 'Alpheratz' 6-max Seat #4 is the button
Seat 4: Actionni13 ($150 in chips)
Seat 5: Auge72 ($140.16 in chips)
Actionni13: posts small blind $1
Auge72: posts big blind $3
*** HOLE CARDS ***
Actionni13: raises $3 to $6
Auge72: raises $3 to $9
Actionni13: calls $3
*** FLOP *** [As Ks Kc]
Auge72: bets $3
Actionni13: folds
Uncalled bet ($3) returned to Auge72
Auge72 collected $17.64 from pot
Auge72: doesn't show hand
*** SUMMARY ***
Total pot $18 | Rake $0.36
Board [As Ks Kc]
Seat 4: Actionni13 (button) (small blind) folded on the Flop
Seat 5: Auge72 (big blind) collected ($17.64)


PokerStars Hand #172065491529:  Hold'em Limit ($3/$6 USD) - 2017/06/21 14:38:42 ET
Table 'Alpheratz' 6-max Seat #4 is the button
Seat 4: Actionni13 ($158.60 in chips)
Seat 6: EVBET ($308.18 in chips)
JessLuxor will be allowed to play after the button
Actionni13: posts small blind $1
EVBET: posts big blind $3
*** HOLE CARDS ***
Actionni13: raises $3 to $6
EVBET: calls $3
*** FLOP *** [Kc 6h 7s]
EVBET: checks
Actionni13: bets $3
EVBET: calls $3
*** TURN *** [Kc 6h 7s] [9s]
EVBET: checks
Actionni13: checks
*** RIVER *** [Kc 6h 7s 9s] [6s]
EVBET: checks
Actionni13: checks
*** SHOW DOWN ***
EVBET: shows [3d 3s] (two pair, Sixes and Threes)
Actionni13: mucks hand
EVBET collected $17.64 from pot
*** SUMMARY ***
Total pot $18 | Rake $0.36
Board [Kc 6h 7s 9s 6s]
Seat 4: Actionni13 (button) (small blind) mucked
Seat 6: EVBET (big blind) showed [3d 3s] and won ($17.64) with two pair, Sixes and Threes


PokerStars Hand #172065574166:  Hold'em Limit ($3/$6 USD) - 2017/06/21 14:40:35 ET
Table 'Alpheratz' 6-max Seat #1 is the button
Seat 1: JessLuxor ($117 in chips)
Seat 6: EVBET ($274.82 in chips)
JessLuxor: posts small blind $1
Actionni13: is sitting out
EVBET: posts big blind $3
*** HOLE CARDS ***
JessLuxor: folds
Uncalled bet ($2) returned to EVBET
EVBET collected $2 from pot
EVBET: doesn't show hand
*** SUMMARY ***
Total pot $2 | Rake $0
Seat 1: JessLuxor (button) (small blind) folded before Flop
Seat 6: EVBET (big blind) collected ($2)


PokerStars Hand #172065578193:  Hold'em Limit ($3/$6 USD) - 2017/06/21 14:40:40 ET
Table 'Alpheratz' 6-max Seat #6 is the button
Seat 1: JessLuxor ($116 in chips)
Seat 6: EVBET ($275.82 in chips)
EVBET: posts small blind $1
JessLuxor: posts big blind $3
*** HOLE CARDS ***
EVBET: raises $3 to $6
JessLuxor: calls $3
*** FLOP *** [6s Jd 4c]
JessLuxor: checks
Muhamed999 joins the table at seat #2
EVBET: bets $3
JessLuxor: raises $3 to $6
EVBET: calls $3
*** TURN *** [6s Jd 4c] [Qd]
JessLuxor: bets $6
EVBET: folds
Uncalled bet ($6) returned to JessLuxor
JessLuxor collected $23.52 from pot
JessLuxor: doesn't show hand
*** SUMMARY ***
Total pot $24 | Rake $0.48
Board [6s Jd 4c Qd]
Seat 1: JessLuxor (big blind) collected ($23.52)
Seat 6: EVBET (button) (small blind) folded on the Turn


PokerStars Hand #172069161053:  Hold'em Limit ($3/$6 USD) - 2017/06/21 16:00:34 ET
Table 'Alpheratz' 6-max Seat #4 is the button
Seat 4: hassan67 ($66.91 in chips)
Seat 5: krytalex ($96.35 in chips)
hassan67: posts small blind $1
krytalex: posts big blind $3
*** HOLE CARDS ***
hassan67: folds
Uncalled bet ($2) returned to krytalex
krytalex collected $2 from pot
*** SUMMARY ***
Total pot $2 | Rake $0
Seat 4: hassan67 (button) (small blind) folded before Flop
Seat 5: krytalex (big blind) collected ($2)


PokerStars Hand #172069166370:  Hold'em Limit ($3/$6 USD) - 2017/06/21 16:00:42 ET
Table 'Alpheratz' 6-max Seat #5 is the button
Seat 4: hassan67 ($65.91 in chips)
Seat 5: krytalex ($97.35 in chips)
krytalex: posts small blind $1
hassan67: posts big blind $3
*** HOLE CARDS ***
belik555 leaves the table
krytalex: raises $3 to $6
vlaprok joins the table at seat #3
hassan67: folds
Uncalled bet ($3) returned to krytalex
krytalex collected $6 from pot
Krazy90 leaves the table
*** SUMMARY ***
Total pot $6 | Rake $0
Seat 4: hassan67 (big blind) folded before Flop
Seat 5: krytalex (button) (small blind) collected ($6)


PokerStars Hand #172069177222:  Hold'em Limit ($3/$6 USD) - 2017/06/21 16:00:58 ET
Table 'Alpheratz' 6-max Seat #4 is the button
Seat 4: hassan67 ($62.91 in chips)
Seat 5: krytalex ($100.35 in chips)
hassan67: posts small blind $1
krytalex: posts big blind $3
*** HOLE CARDS ***
Vitalisek leaves the table
hassan67: raises $3 to $6
krytalex: calls $3
*** FLOP *** [Kc 7d 3d]
krytalex: checks
hassan67: bets $3
krytalex: calls $3
*** TURN *** [Kc 7d 3d] [Jh]
krytalex: checks
hassan67: bets $6
krytalex: folds
Uncalled bet ($6) returned to hassan67
hassan67 collected $17.64 from pot
hassan67: doesn't show hand
*** SUMMARY ***
Total pot $18 | Rake $0.36
Board [Kc 7d 3d Jh]
Seat 4: hassan67 (button) (small blind) collected ($17.64)
Seat 5: krytalex (big blind) folded on the Turn


PokerStars Hand #172069202235:  Hold'em Limit ($3/$6 USD) - 2017/06/21 16:01:34 ET
Table 'Alpheratz' 6-max Seat #5 is the button
Seat 4: hassan67 ($71.55 in chips)
Seat 5: krytalex ($91.35 in chips)
krytalex: posts small blind $1
hassan67: posts big blind $3
*** HOLE CARDS ***
krytalex: raises $3 to $6
vlaprok leaves the table
hassan67: raises $3 to $9
krytalex: calls $3
*** FLOP *** [6s 2c Jh]
hassan67: bets $3
krytalex: folds
Uncalled bet ($3) returned to hassan67
hassan67 collected $17.64 from pot
hassan67: doesn't show hand
*** SUMMARY ***
Total pot $18 | Rake $0.36
Board [6s 2c Jh]
Seat 4: hassan67 (big blind) collected ($17.64)
Seat 5: krytalex (button) (small blind) folded on the Flop


PokerStars Hand #172069218258:  Hold'em Limit ($3/$6 USD) - 2017/06/21 16:01:55 ET
Table 'Alpheratz' 6-max Seat #4 is the button
Seat 4: hassan67 ($80.19 in chips)
Seat 5: krytalex ($82.35 in chips)
hassan67: posts small blind $1
krytalex: posts big blind $3
*** HOLE CARDS ***
hassan67: folds
Uncalled bet ($2) returned to krytalex
krytalex collected $2 from pot
*** SUMMARY ***
Total pot $2 | Rake $0
Seat 4: hassan67 (button) (small blind) folded before Flop
Seat 5: krytalex (big blind) collected ($2)


PokerStars Hand #172069222783:  Hold'em Limit ($3/$6 USD) - 2017/06/21 16:02:01 ET
Table 'Alpheratz' 6-max Seat #5 is the button
Seat 4: hassan67 ($79.19 in chips)
Seat 5: krytalex ($83.35 in chips)
krytalex: posts small blind $1
hassan67: posts big blind $3
*** HOLE CARDS ***
krytalex: raises $3 to $6
hassan67: calls $3
*** FLOP *** [Qs 4c 4s]
hassan67: bets $3
krytalex: calls $3
*** TURN *** [Qs 4c 4s] [Kc]
hassan67: checks
krytalex: bets $6
hassan67: folds
Uncalled bet ($6) returned to krytalex
krytalex collected $17.64 from pot
*** SUMMARY ***
Total pot $18 | Rake $0.36
Board [Qs 4c 4s Kc]
Seat 4: hassan67 (big blind) folded on the Turn
Seat 5: krytalex (button) (small blind) collected ($17.64)


PokerStars Hand #172069302782:  Hold'em Limit ($3/$6 USD) - 2017/06/21 16:03:45 ET
Table 'Alpheratz' 6-max Seat #4 is the button
Seat 4: hassan67 ($66.94 in chips)
Seat 5: krytalex ($94.74 in chips)
hassan67: posts small blind $1
krytalex: posts big blind $3
*** HOLE CARDS ***
hassan67: folds
Uncalled bet ($2) returned to krytalex
krytalex collected $2 from pot
*** SUMMARY ***
Total pot $2 | Rake $0
Seat 4: hassan67 (button) (small blind) folded before Flop
Seat 5: krytalex (big blind) collected ($2)


PokerStars Hand #172069298568:  Hold'em Limit ($3/$6 USD) - 2017/06/21 16:03:39 ET
Table 'Alpheratz' 6-max Seat #5 is the button
Seat 4: hassan67 ($69.94 in chips)
Seat 5: krytalex ($91.74 in chips)
krytalex: posts small blind $1
hassan67: posts big blind $3
*** HOLE CARDS ***
krytalex: raises $3 to $6
hassan67: folds
Uncalled bet ($3) returned to krytalex
krytalex collected $6 from pot
*** SUMMARY ***
Total pot $6 | Rake $0
Seat 4: hassan67 (big blind) folded before Flop
Seat 5: krytalex (button) (small blind) collected ($6)


PokerStars Hand #172069259169:  Hold'em Limit ($3/$6 USD) - 2017/06/21 16:02:49 ET
Table 'Alpheratz' 6-max Seat #4 is the button
Seat 4: hassan67 ($70.19 in chips)
Seat 5: krytalex ($91.99 in chips)
hassan67: posts small blind $1
krytalex: posts big blind $3
*** HOLE CARDS ***
hassan67: raises $3 to $6
krytalex: calls $3
*** FLOP *** [5c Qc 7c]
krytalex: checks
hassan67: bets $3
Andrij457 leaves the table
krytalex: calls $3
*** TURN *** [5c Qc 7c] [5d]
krytalex: checks
hassan67: bets $6
krytalex: calls $6
*** RIVER *** [5c Qc 7c 5d] [Qh]
krytalex: checks
hassan67: bets $6
krytalex: calls $6
*** SHOW DOWN ***
hassan67: shows [9s 7s] (two pair, Queens and Sevens)
krytalex: shows [7d 9h] (two pair, Queens and Sevens)
krytalex collected $20.75 from pot
hassan67 collected $20.75 from pot
*** SUMMARY ***
Total pot $42 | Rake $0.50
Board [5c Qc 7c 5d Qh]
Seat 4: hassan67 (button) (small blind) showed [9s 7s] and won ($20.75) with two pair, Queens and Sevens
Seat 5: krytalex (big blind) showed [7d 9h] and won ($20.75) with two pair, Queens and Sevens


PokerStars Hand #172069334892:  Hold'em Limit ($3/$6 USD) - 2017/06/21 16:04:26 ET
Table 'Alpheratz' 6-max Seat #4 is the button
Seat 4: hassan67 ($55.94 in chips)
Seat 5: krytalex ($105.50 in chips)
hassan67: posts small blind $1
krytalex: posts big blind $3
*** HOLE CARDS ***
hassan67: raises $3 to $6
krytalex: calls $3
*** FLOP *** [5d 2c 2s]
krytalex: checks
hassan67: bets $3
krytalex: calls $3
*** TURN *** [5d 2c 2s] [6d]
krytalex: checks
hassan67: bets $6
krytalex: calls $6
*** RIVER *** [5d 2c 2s 6d] [3c]
krytalex: checks
hassan67: bets $6
krytalex: calls $6
*** SHOW DOWN ***
hassan67: shows [9s Jd] (a pair of Deuces)
krytalex: shows [8h Ad] (a pair of Deuces - Ace kicker)
krytalex collected $41.50 from pot
*** SUMMARY ***
Total pot $42 | Rake $0.50
Board [5d 2c 2s 6d 3c]
Seat 4: hassan67 (button) (small blind) showed [9s Jd] and lost with a pair of Deuces
Seat 5: krytalex (big blind) showed [8h Ad] and won ($41.50) with a pair of Deuces


PokerStars Hand #172069327908:  Hold'em Limit ($3/$6 USD) - 2017/06/21 16:04:18 ET
Table 'Alpheratz' 6-max Seat #5 is the button
Seat 4: hassan67 ($58.94 in chips)
Seat 5: krytalex ($102.50 in chips)
krytalex: posts small blind $1
hassan67: posts big blind $3
*** HOLE CARDS ***
krytalex: raises $3 to $6
hassan67: folds
Uncalled bet ($3) returned to krytalex
krytalex collected $6 from pot
*** SUMMARY ***
Total pot $6 | Rake $0
Seat 4: hassan67 (big blind) folded before Flop
Seat 5: krytalex (button) (small blind) collected ($6)


PokerStars Hand #172069322561:  Hold'em Limit ($3/$6 USD) - 2017/06/21 16:04:11 ET
Table 'Alpheratz' 6-max Seat #4 is the button
Seat 4: hassan67 ($59.94 in chips)
Seat 5: krytalex ($101.50 in chips)
hassan67: posts small blind $1
krytalex: posts big blind $3
*** HOLE CARDS ***
hassan67: folds
Uncalled bet ($2) returned to krytalex
krytalex collected $2 from pot
*** SUMMARY ***
Total pot $2 | Rake $0
Seat 4: hassan67 (button) (small blind) folded before Flop
Seat 5: krytalex (big blind) collected ($2)


PokerStars Hand #172069306787:  Hold'em Limit ($3/$6 USD) - 2017/06/21 16:03:50 ET
Table 'Alpheratz' 6-max Seat #5 is the button
Seat 4: hassan67 ($65.94 in chips)
Seat 5: krytalex ($95.74 in chips)
krytalex: posts small blind $1
hassan67: posts big blind $3
*** HOLE CARDS ***
krytalex: raises $3 to $6
hassan67: calls $3
*** FLOP *** [6d Qh Ad]
hassan67: checks
krytalex: bets $3
hassan67: folds
Uncalled bet ($3) returned to krytalex
krytalex collected $11.76 from pot
*** SUMMARY ***
Total pot $12 | Rake $0.24
Board [6d Qh Ad]
Seat 4: hassan67 (big blind) folded on the Flop
Seat 5: krytalex (button) (small blind) collected ($11.76)


PokerStars Hand #172069382244:  Hold'em Limit ($3/$6 USD) - 2017/06/21 16:05:27 ET
Table 'Alpheratz' 6-max Seat #5 is the button
Seat 4: hassan67 ($63 in chips)
Seat 5: krytalex ($157.44 in chips)
krytalex: posts small blind $1
hassan67: posts big blind $3
*** HOLE CARDS ***
krytalex: folds
Uncalled bet ($2) returned to hassan67
hassan67 collected $2 from pot
hassan67: doesn't show hand
*** SUMMARY ***
Total pot $2 | Rake $0
Seat 4: hassan67 (big blind) collected ($2)
Seat 5: krytalex (button) (small blind) folded before Flop


PokerStars Hand #172069375979:  Hold'em Limit ($3/$6 USD) - 2017/06/21 16:05:19 ET
Table 'Alpheratz' 6-max Seat #4 is the button
Seat 4: hassan67 ($60 in chips)
Seat 5: krytalex ($160.44 in chips)
hassan67: posts small blind $1
krytalex: posts big blind $3
*** HOLE CARDS ***
hassan67: raises $3 to $6
krytalex: folds
Uncalled bet ($3) returned to hassan67
hassan67 collected $6 from pot
hassan67: doesn't show hand
*** SUMMARY ***
Total pot $6 | Rake $0
Seat 4: hassan67 (button) (small blind) collected ($6)
Seat 5: krytalex (big blind) folded before Flop


PokerStars Hand #172069355053:  Hold'em Limit ($3/$6 USD) - 2017/06/21 16:04:52 ET
Table 'Alpheratz' 6-max Seat #5 is the button
Seat 4: hassan67 ($34.94 in chips)
Seat 5: krytalex ($126 in chips)
krytalex: posts small blind $1
hassan67: posts big blind $3
*** HOLE CARDS ***
krytalex: raises $3 to $6
hassan67: raises $3 to $9
krytalex: calls $3
*** FLOP *** [Qh 6d 7h]
hassan67: bets $3
krytalex: calls $3
*** TURN *** [Qh 6d 7h] [Qs]
hassan67: bets $6
krytalex: raises $6 to $12
hassan67: raises $6 to $18
krytalex: raises $6 to $24
Betting is capped
hassan67: calls $4.94 and is all-in
Uncalled bet ($1.06) returned to krytalex
*** RIVER *** [Qh 6d 7h Qs] [4c]
*** SHOW DOWN ***
hassan67: shows [Tc Td] (two pair, Queens and Tens)
krytalex: shows [Kc Qc] (three of a kind, Queens)
krytalex collected $69.38 from pot
*** SUMMARY ***
Total pot $69.88 | Rake $0.50
Board [Qh 6d 7h Qs 4c]
Seat 4: hassan67 (big blind) showed [Tc Td] and lost with two pair, Queens and Tens
Seat 5: krytalex (button) (small blind) showed [Kc Qc] and won ($69.38) with three of a kind, Queens


