PokerStars Hand #157874191065:  Hold'em Limit ($3/$6 USD) - 2016/08/28 22:00:35 ET
Table 'Alpheratz' 6-max Seat #2 is the button
Seat 2: xcgxcg2005 ($126.76 in chips)
Seat 3: simper11 ($120 in chips)
xcgxcg2005: posts small blind $1
simper11: posts big blind $3
*** HOLE CARDS ***
xcgxcg2005: raises $3 to $6
simper11: calls $3
*** FLOP *** [8c 3c Tc]
simper11: checks
xcgxcg2005: bets $3
simper11: folds
Uncalled bet ($3) returned to xcgxcg2005
xcgxcg2005 collected $11.76 from pot
xcgxcg2005: doesn't show hand
*** SUMMARY ***
Total pot $12 | Rake $0.24
Board [8c 3c Tc]
Seat 2: xcgxcg2005 (button) (small blind) collected ($11.76)
Seat 3: simper11 (big blind) folded on the Flop


PokerStars Hand #157874188406:  Hold'em Limit ($3/$6 USD) - 2016/08/28 22:00:27 ET
Table 'Alpheratz' 6-max Seat #3 is the button
Seat 2: xcgxcg2005 ($125.76 in chips)
Seat 3: simper11 ($120 in chips)
simper11: posts small blind $1
xcgxcg2005: posts big blind $3
*** HOLE CARDS ***
simper11: folds
Uncalled bet ($2) returned to xcgxcg2005
xcgxcg2005 collected $2 from pot
xcgxcg2005: doesn't show hand
*** SUMMARY ***
Total pot $2 | Rake $0
Seat 2: xcgxcg2005 (big blind) collected ($2)
Seat 3: simper11 (button) (small blind) folded before Flop


PokerStars Hand #157874184289:  Hold'em Limit ($3/$6 USD) - 2016/08/28 22:00:13 ET
Table 'Alpheratz' 6-max Seat #2 is the button
Seat 2: xcgxcg2005 ($120 in chips)
Seat 3: simper11 ($123 in chips)
xcgxcg2005: posts small blind $1
simper11: posts big blind $3
*** HOLE CARDS ***
xcgxcg2005: raises $3 to $6
simper11: calls $3
*** FLOP *** [Td As Th]
simper11: checks
xcgxcg2005: bets $3
simper11: folds
Uncalled bet ($3) returned to xcgxcg2005
xcgxcg2005 collected $11.76 from pot
xcgxcg2005: doesn't show hand
*** SUMMARY ***
Total pot $12 | Rake $0.24
Board [Td As Th]
Seat 2: xcgxcg2005 (button) (small blind) collected ($11.76)
Seat 3: simper11 (big blind) folded on the Flop


PokerStars Hand #157874203900:  Hold'em Limit ($3/$6 USD) - 2016/08/28 22:01:15 ET
Table 'Alpheratz' 6-max Seat #2 is the button
Seat 2: xcgxcg2005 ($141.16 in chips)
Seat 3: simper11 ($120 in chips)
xcgxcg2005: posts small blind $1
simper11: posts big blind $3
*** HOLE CARDS ***
xcgxcg2005: folds
Uncalled bet ($2) returned to simper11
simper11 collected $2 from pot
simper11: doesn't show hand
*** SUMMARY ***
Total pot $2 | Rake $0
Seat 2: xcgxcg2005 (button) (small blind) folded before Flop
Seat 3: simper11 (big blind) collected ($2)


PokerStars Hand #157874197828:  Hold'em Limit ($3/$6 USD) - 2016/08/28 22:00:57 ET
Table 'Alpheratz' 6-max Seat #3 is the button
Seat 2: xcgxcg2005 ($132.52 in chips)
Seat 3: simper11 ($120 in chips)
simper11: posts small blind $1
xcgxcg2005: posts big blind $3
*** HOLE CARDS ***
simper11: raises $3 to $6
xcgxcg2005: calls $3
*** FLOP *** [8h Jd 7c]
xcgxcg2005: checks
simper11: bets $3
xcgxcg2005: calls $3
*** TURN *** [8h Jd 7c] [6s]
xcgxcg2005: checks
simper11: checks
*** RIVER *** [8h Jd 7c 6s] [Kc]
xcgxcg2005: checks
simper11: checks
*** SHOW DOWN ***
xcgxcg2005: shows [Ts 6d] (a pair of Sixes)
simper11: mucks hand
xcgxcg2005 collected $17.64 from pot
*** SUMMARY ***
Total pot $18 | Rake $0.36
Board [8h Jd 7c 6s Kc]
Seat 2: xcgxcg2005 (big blind) showed [Ts 6d] and won ($17.64) with a pair of Sixes
Seat 3: simper11 (button) (small blind) mucked


PokerStars Hand #157874207360:  Hold'em Limit ($3/$6 USD) - 2016/08/28 22:01:25 ET
Table 'Alpheratz' 6-max Seat #2 is the button
Seat 2: xcgxcg2005 ($141.16 in chips)
Seat 3: simper11 ($120 in chips)
xcgxcg2005: posts small blind $1
simper11: posts big blind $3
*** HOLE CARDS ***
xcgxcg2005: raises $3 to $6
simper11: calls $3
*** FLOP *** [9s Ks 2d]
simper11: checks
xcgxcg2005: bets $3
simper11: folds
Uncalled bet ($3) returned to xcgxcg2005
xcgxcg2005 collected $11.76 from pot
xcgxcg2005: doesn't show hand
*** SUMMARY ***
Total pot $12 | Rake $0.24
Board [9s Ks 2d]
Seat 2: xcgxcg2005 (button) (small blind) collected ($11.76)
Seat 3: simper11 (big blind) folded on the Flop


PokerStars Hand #157874205552:  Hold'em Limit ($3/$6 USD) - 2016/08/28 22:01:20 ET
Table 'Alpheratz' 6-max Seat #3 is the button
Seat 2: xcgxcg2005 ($140.16 in chips)
Seat 3: simper11 ($121 in chips)
simper11: posts small blind $1
xcgxcg2005: posts big blind $3
*** HOLE CARDS ***
simper11: folds
Uncalled bet ($2) returned to xcgxcg2005
xcgxcg2005 collected $2 from pot
xcgxcg2005: doesn't show hand
*** SUMMARY ***
Total pot $2 | Rake $0
Seat 2: xcgxcg2005 (big blind) collected ($2)
Seat 3: simper11 (button) (small blind) folded before Flop


PokerStars Hand #157874227700:  Hold'em Limit ($3/$6 USD) - 2016/08/28 22:02:25 ET
Table 'Alpheratz' 6-max Seat #2 is the button
Seat 2: xcgxcg2005 ($140.92 in chips)
Seat 3: simper11 ($125.76 in chips)
xcgxcg2005: posts small blind $1
simper11: posts big blind $3
*** HOLE CARDS ***
xcgxcg2005: folds
Uncalled bet ($2) returned to simper11
simper11 collected $2 from pot
simper11: doesn't show hand
*** SUMMARY ***
Total pot $2 | Rake $0
Seat 2: xcgxcg2005 (button) (small blind) folded before Flop
Seat 3: simper11 (big blind) collected ($2)


PokerStars Hand #157874215066:  Hold'em Limit ($3/$6 USD) - 2016/08/28 22:01:48 ET
Table 'Alpheratz' 6-max Seat #3 is the button
Seat 2: xcgxcg2005 ($146.92 in chips)
Seat 3: simper11 ($120 in chips)
simper11: posts small blind $1
xcgxcg2005: posts big blind $3
*** HOLE CARDS ***
simper11: raises $3 to $6
xcgxcg2005: calls $3
*** FLOP *** [6s Kd 9d]
xcgxcg2005: checks
simper11: checks
*** TURN *** [6s Kd 9d] [Jc]
xcgxcg2005: checks
simper11: checks
*** RIVER *** [6s Kd 9d Jc] [8h]
xcgxcg2005: checks
simper11: checks
*** SHOW DOWN ***
xcgxcg2005: shows [4h Qs] (high card King)
simper11: shows [5h 5c] (a pair of Fives)
simper11 collected $11.76 from pot
*** SUMMARY ***
Total pot $12 | Rake $0.24
Board [6s Kd 9d Jc 8h]
Seat 2: xcgxcg2005 (big blind) showed [4h Qs] and lost with high card King
Seat 3: simper11 (button) (small blind) showed [5h 5c] and won ($11.76) with a pair of Fives


PokerStars Hand #157874472310:  Hold'em Limit ($3/$6 USD) - 2016/08/28 22:14:15 ET
Table 'Alpheratz' 6-max Seat #4 is the button
Seat 3: simper11 ($145.77 in chips)
Seat 4: peterpanXXX ($99.39 in chips)
peterpanXXX: posts small blind $1
simper11: posts big blind $3
*** HOLE CARDS ***
peterpanXXX: raises $3 to $6
simper11: raises $3 to $9
peterpanXXX: calls $3
*** FLOP *** [3c 2h Qh]
simper11: bets $3
peterpanXXX: calls $3
*** TURN *** [3c 2h Qh] [9c]
simper11: bets $6
peterpanXXX: raises $6 to $12
simper11: calls $6
*** RIVER *** [3c 2h Qh 9c] [5d]
simper11: checks
peterpanXXX: bets $6
simper11: calls $6
*** SHOW DOWN ***
peterpanXXX: shows [Qs 2s] (two pair, Queens and Deuces)
simper11: mucks hand
peterpanXXX collected $59.50 from pot
*** SUMMARY ***
Total pot $60 | Rake $0.50
Board [3c 2h Qh 9c 5d]
Seat 3: simper11 (big blind) mucked
Seat 4: peterpanXXX (button) (small blind) showed [Qs 2s] and won ($59.50) with two pair, Queens and Deuces


PokerStars Hand #157874470109:  Hold'em Limit ($3/$6 USD) - 2016/08/28 22:14:08 ET
Table 'Alpheratz' 6-max Seat #3 is the button
Seat 3: simper11 ($142.77 in chips)
Seat 4: peterpanXXX ($102.39 in chips)
simper11: posts small blind $1
peterpanXXX: posts big blind $3
*** HOLE CARDS ***
simper11: raises $3 to $6
peterpanXXX: folds
Uncalled bet ($3) returned to simper11
simper11 collected $6 from pot
*** SUMMARY ***
Total pot $6 | Rake $0
Seat 3: simper11 (button) (small blind) collected ($6)
Seat 4: peterpanXXX (big blind) folded before Flop


PokerStars Hand #157874478499:  Hold'em Limit ($3/$6 USD) - 2016/08/28 22:14:34 ET
Table 'Alpheratz' 6-max Seat #3 is the button
Seat 3: simper11 ($120 in chips)
Seat 4: peterpanXXX ($128.89 in chips)
simper11: posts small blind $1
peterpanXXX: posts big blind $3
*** HOLE CARDS ***
simper11: folds
Uncalled bet ($2) returned to peterpanXXX
peterpanXXX collected $2 from pot
peterpanXXX: doesn't show hand
*** SUMMARY ***
Total pot $2 | Rake $0
Seat 3: simper11 (button) (small blind) folded before Flop
Seat 4: peterpanXXX (big blind) collected ($2)


PokerStars Hand #157874491200:  Hold'em Limit ($3/$6 USD) - 2016/08/28 22:15:12 ET
Table 'Alpheratz' 6-max Seat #4 is the button
Seat 3: simper11 ($137.50 in chips)
Seat 4: peterpanXXX ($111.89 in chips)
peterpanXXX: posts small blind $1
simper11: posts big blind $3
*** HOLE CARDS ***
peterpanXXX: raises $3 to $6
simper11: calls $3
*** FLOP *** [9c 2d Qc]
simper11: checks
peterpanXXX: bets $3
simper11: folds
Uncalled bet ($3) returned to peterpanXXX
peterpanXXX collected $11.76 from pot
peterpanXXX: doesn't show hand
*** SUMMARY ***
Total pot $12 | Rake $0.24
Board [9c 2d Qc]
Seat 3: simper11 (big blind) folded on the Flop
Seat 4: peterpanXXX (button) (small blind) collected ($11.76)


PokerStars Hand #157874488737:  Hold'em Limit ($3/$6 USD) - 2016/08/28 22:15:04 ET
Table 'Alpheratz' 6-max Seat #3 is the button
Seat 3: simper11 ($134.50 in chips)
Seat 4: peterpanXXX ($114.89 in chips)
simper11: posts small blind $1
peterpanXXX: posts big blind $3
*** HOLE CARDS ***
simper11: raises $3 to $6
peterpanXXX: folds
Uncalled bet ($3) returned to simper11
simper11 collected $6 from pot
simper11: doesn't show hand
*** SUMMARY ***
Total pot $6 | Rake $0
Seat 3: simper11 (button) (small blind) collected ($6)
Seat 4: peterpanXXX (big blind) folded before Flop


PokerStars Hand #157874480819:  Hold'em Limit ($3/$6 USD) - 2016/08/28 22:14:40 ET
Table 'Alpheratz' 6-max Seat #4 is the button
Seat 3: simper11 ($120 in chips)
Seat 4: peterpanXXX ($129.89 in chips)
peterpanXXX: posts small blind $1
simper11: posts big blind $3
*** HOLE CARDS ***
peterpanXXX: raises $3 to $6
simper11: calls $3
*** FLOP *** [3h 7h 9s]
simper11: checks
peterpanXXX: bets $3
simper11: calls $3
*** TURN *** [3h 7h 9s] [Ts]
simper11: checks
peterpanXXX: checks
*** RIVER *** [3h 7h 9s Ts] [5h]
simper11: checks
peterpanXXX: bets $6
simper11: calls $6
*** SHOW DOWN ***
peterpanXXX: shows [Kc 3s] (a pair of Threes)
simper11: shows [6h 5d] (a pair of Fives)
simper11 collected $29.50 from pot
*** SUMMARY ***
Total pot $30 | Rake $0.50
Board [3h 7h 9s Ts 5h]
Seat 3: simper11 (big blind) showed [6h 5d] and won ($29.50) with a pair of Fives
Seat 4: peterpanXXX (button) (small blind) showed [Kc 3s] and lost with a pair of Threes


PokerStars Hand #157874509493:  Hold'em Limit ($3/$6 USD) - 2016/08/28 22:16:07 ET
Table 'Alpheratz' 6-max Seat #4 is the button
Seat 3: simper11 ($128.76 in chips)
Seat 4: peterpanXXX ($132.15 in chips)
peterpanXXX: posts small blind $1
simper11: posts big blind $3
*** HOLE CARDS ***
peterpanXXX: folds
Uncalled bet ($2) returned to simper11
simper11 collected $2 from pot
simper11: doesn't show hand
*** SUMMARY ***
Total pot $2 | Rake $0
Seat 3: simper11 (big blind) collected ($2)
Seat 4: peterpanXXX (button) (small blind) folded before Flop


PokerStars Hand #157874506889:  Hold'em Limit ($3/$6 USD) - 2016/08/28 22:15:59 ET
Table 'Alpheratz' 6-max Seat #3 is the button
Seat 3: simper11 ($125.76 in chips)
Seat 4: peterpanXXX ($135.15 in chips)
simper11: posts small blind $1
peterpanXXX: posts big blind $3
*** HOLE CARDS ***
simper11: raises $3 to $6
peterpanXXX: folds
Uncalled bet ($3) returned to simper11
simper11 collected $6 from pot
simper11: doesn't show hand
*** SUMMARY ***
Total pot $6 | Rake $0
Seat 3: simper11 (button) (small blind) collected ($6)
Seat 4: peterpanXXX (big blind) folded before Flop


PokerStars Hand #157874499500:  Hold'em Limit ($3/$6 USD) - 2016/08/28 22:15:36 ET
Table 'Alpheratz' 6-max Seat #4 is the button
Seat 3: simper11 ($120 in chips)
Seat 4: peterpanXXX ($141.15 in chips)
peterpanXXX: posts small blind $1
simper11: posts big blind $3
*** HOLE CARDS ***
peterpanXXX: calls $2
simper11: checks
*** FLOP *** [Kc 6d 7c]
simper11: checks
peterpanXXX: bets $3
simper11: calls $3
*** TURN *** [Kc 6d 7c] [Qc]
simper11: checks
peterpanXXX: checks
*** RIVER *** [Kc 6d 7c Qc] [3s]
simper11: bets $6
peterpanXXX: folds
Uncalled bet ($6) returned to simper11
simper11 collected $11.76 from pot
simper11: doesn't show hand
*** SUMMARY ***
Total pot $12 | Rake $0.24
Board [Kc 6d 7c Qc 3s]
Seat 3: simper11 (big blind) collected ($11.76)
Seat 4: peterpanXXX (button) (small blind) folded on the River


PokerStars Hand #157874494925:  Hold'em Limit ($3/$6 USD) - 2016/08/28 22:15:23 ET
Table 'Alpheratz' 6-max Seat #3 is the button
Seat 3: simper11 ($131.50 in chips)
Seat 4: peterpanXXX ($117.65 in chips)
simper11: posts small blind $1
peterpanXXX: posts big blind $3
*** HOLE CARDS ***
simper11: raises $3 to $6
peterpanXXX: raises $3 to $9
simper11: calls $3
*** FLOP *** [Ks 5h 3c]
peterpanXXX: bets $3
simper11: calls $3
*** TURN *** [Ks 5h 3c] [4c]
peterpanXXX: bets $6
simper11: calls $6
*** RIVER *** [Ks 5h 3c 4c] [Ts]
peterpanXXX: bets $6
simper11: calls $6
*** SHOW DOWN ***
peterpanXXX: shows [8s 8d] (a pair of Eights)
simper11: mucks hand
peterpanXXX collected $47.50 from pot
*** SUMMARY ***
Total pot $48 | Rake $0.50
Board [Ks 5h 3c 4c Ts]
Seat 3: simper11 (button) (small blind) mucked
Seat 4: peterpanXXX (big blind) showed [8s 8d] and won ($47.50) with a pair of Eights


PokerStars Hand #157874540763:  Hold'em Limit ($3/$6 USD) - 2016/08/28 22:17:17 ET
Table 'Alpheratz' 6-max Seat #3 is the button
Seat 3: simper11 ($121 in chips)
Seat 4: peterpanXXX ($153.19 in chips)
simper11: posts small blind $1
peterpanXXX: posts big blind $3
*** HOLE CARDS ***
dmonr joins the table at seat #6
simper11: folds
Uncalled bet ($2) returned to peterpanXXX
peterpanXXX collected $2 from pot
peterpanXXX: doesn't show hand
*** SUMMARY ***
Total pot $2 | Rake $0
Seat 3: simper11 (button) (small blind) folded before Flop
Seat 4: peterpanXXX (big blind) collected ($2)


PokerStars Hand #157874539229:  Hold'em Limit ($3/$6 USD) - 2016/08/28 22:17:13 ET
Table 'Alpheratz' 6-max Seat #4 is the button
Seat 3: simper11 ($120 in chips)
Seat 4: peterpanXXX ($154.19 in chips)
peterpanXXX: posts small blind $1
simper11: posts big blind $3
*** HOLE CARDS ***
peterpanXXX: folds
Uncalled bet ($2) returned to simper11
simper11 collected $2 from pot
simper11: doesn't show hand
*** SUMMARY ***
Total pot $2 | Rake $0
Seat 3: simper11 (big blind) collected ($2)
Seat 4: peterpanXXX (button) (small blind) folded before Flop


PokerStars Hand #157874534488:  Hold'em Limit ($3/$6 USD) - 2016/08/28 22:16:59 ET
Table 'Alpheratz' 6-max Seat #3 is the button
Seat 3: simper11 ($120 in chips)
Seat 4: peterpanXXX ($145.55 in chips)
simper11: posts small blind $1
peterpanXXX: posts big blind $3
*** HOLE CARDS ***
simper11: raises $3 to $6
peterpanXXX: raises $3 to $9
simper11: calls $3
*** FLOP *** [Qc 7s 6s]
peterpanXXX: bets $3
simper11: folds
Uncalled bet ($3) returned to peterpanXXX
peterpanXXX collected $17.64 from pot
peterpanXXX: doesn't show hand
*** SUMMARY ***
Total pot $18 | Rake $0.36
Board [Qc 7s 6s]
Seat 3: simper11 (button) (small blind) folded on the Flop
Seat 4: peterpanXXX (big blind) collected ($17.64)


PokerStars Hand #157874528983:  Hold'em Limit ($3/$6 USD) - 2016/08/28 22:16:42 ET
Table 'Alpheratz' 6-max Seat #4 is the button
Seat 3: simper11 ($120.76 in chips)
Seat 4: peterpanXXX ($139.79 in chips)
peterpanXXX: posts small blind $1
simper11: posts big blind $3
*** HOLE CARDS ***
peterpanXXX: raises $3 to $6
simper11: calls $3
*** FLOP *** [Kc 8h Qd]
simper11: checks
peterpanXXX: bets $3
simper11: folds
Uncalled bet ($3) returned to peterpanXXX
peterpanXXX collected $11.76 from pot
peterpanXXX: doesn't show hand
*** SUMMARY ***
Total pot $12 | Rake $0.24
Board [Kc 8h Qd]
Seat 3: simper11 (big blind) folded on the Flop
Seat 4: peterpanXXX (button) (small blind) collected ($11.76)


PokerStars Hand #157874510939:  Hold'em Limit ($3/$6 USD) - 2016/08/28 22:16:11 ET
Table 'Alpheratz' 6-max Seat #3 is the button
Seat 3: simper11 ($129.76 in chips)
Seat 4: peterpanXXX ($131.15 in chips)
simper11: posts small blind $1
peterpanXXX: posts big blind $3
*** HOLE CARDS ***
simper11: raises $3 to $6
peterpanXXX: calls $3
*** FLOP *** [7s 9c 8h]
peterpanXXX: checks
simper11: bets $3
peterpanXXX: calls $3
*** TURN *** [7s 9c 8h] [7c]
peterpanXXX: checks
simper11: checks
*** RIVER *** [7s 9c 8h 7c] [Ks]
peterpanXXX: checks
simper11: checks
*** SHOW DOWN ***
peterpanXXX: shows [8c 6d] (two pair, Eights and Sevens)
simper11: mucks hand
peterpanXXX collected $17.64 from pot
*** SUMMARY ***
Total pot $18 | Rake $0.36
Board [7s 9c 8h 7c Ks]
Seat 3: simper11 (button) (small blind) mucked
Seat 4: peterpanXXX (big blind) showed [8c 6d] and won ($17.64) with two pair, Eights and Sevens


PokerStars Hand #157876390681:  Hold'em Limit ($3/$6 USD) - 2016/08/29 0:08:38 ET
Table 'Alpheratz' 6-max Seat #6 is the button
Seat 3: simper11 ($410.25 in chips)
Seat 6: gle100 ($149.39 in chips)
ashtar 516 will be allowed to play after the button
gle100: posts small blind $1
Chequebook: is sitting out
simper11: posts big blind $3
*** HOLE CARDS ***
Chequebook leaves the table
gle100: raises $3 to $6
simper11: calls $3
*** FLOP *** [Qh 5h 5d]
simper11: checks
gle100: checks
*** TURN *** [Qh 5h 5d] [Js]
simper11: bets $6
gle100: folds
Uncalled bet ($6) returned to simper11
simper11 collected $11.76 from pot
simper11: doesn't show hand
*** SUMMARY ***
Total pot $12 | Rake $0.24
Board [Qh 5h 5d Js]
Seat 3: simper11 (big blind) collected ($11.76)
Seat 6: gle100 (button) (small blind) folded on the Turn


PokerStars Hand #157876979996:  Hold'em Limit ($3/$6 USD) - 2016/08/29 0:51:23 ET
Table 'Alpheratz' 6-max Seat #5 is the button
Seat 5: ABATAPP ($134.02 in chips)
Seat 6: gle100 ($221.19 in chips)
ABATAPP: posts small blind $1
gle100: posts big blind $3
*** HOLE CARDS ***
ashtar 516 is disconnected
ABATAPP: raises $3 to $6
gle100: raises $3 to $9
ABATAPP: calls $3
*** FLOP *** [Kh 8s As]
gle100: bets $3
ABATAPP: folds
Uncalled bet ($3) returned to gle100
gle100 collected $17.64 from pot
gle100: doesn't show hand
*** SUMMARY ***
Total pot $18 | Rake $0.36
Board [Kh 8s As]
Seat 5: ABATAPP (button) (small blind) folded on the Flop
Seat 6: gle100 (big blind) collected ($17.64)


PokerStars Hand #157876990507:  Hold'em Limit ($3/$6 USD) - 2016/08/29 0:52:13 ET
Table 'Alpheratz' 6-max Seat #5 is the button
Seat 5: ABATAPP ($110.02 in chips)
Seat 6: gle100 ($244.33 in chips)
ABATAPP: posts small blind $1
gle100: posts big blind $3
*** HOLE CARDS ***
ABATAPP: folds
Uncalled bet ($2) returned to gle100
gle100 collected $2 from pot
gle100: doesn't show hand
*** SUMMARY ***
Total pot $2 | Rake $0
Seat 5: ABATAPP (button) (small blind) folded before Flop
Seat 6: gle100 (big blind) collected ($2)


PokerStars Hand #157876984105:  Hold'em Limit ($3/$6 USD) - 2016/08/29 0:51:43 ET
Table 'Alpheratz' 6-max Seat #6 is the button
Seat 5: ABATAPP ($125.02 in chips)
Seat 6: gle100 ($229.83 in chips)
gle100: posts small blind $1
ABATAPP: posts big blind $3
*** HOLE CARDS ***
gle100: raises $3 to $6
ABATAPP: calls $3
*** FLOP *** [8s 5d 2s]
ABATAPP: checks
gle100: bets $3
ABATAPP: calls $3
*** TURN *** [8s 5d 2s] [Tc]
ABATAPP: checks
gle100: bets $6
ABATAPP: calls $6
*** RIVER *** [8s 5d 2s Tc] [Ts]
ABATAPP: checks
gle100: checks
*** SHOW DOWN ***
ABATAPP: shows [Ac 3s] (a pair of Tens)
gle100: shows [Qs 8c] (two pair, Tens and Eights)
gle100 collected $29.50 from pot
*** SUMMARY ***
Total pot $30 | Rake $0.50
Board [8s 5d 2s Tc Ts]
Seat 5: ABATAPP (big blind) showed [Ac 3s] and lost with a pair of Tens
Seat 6: gle100 (button) (small blind) showed [Qs 8c] and won ($29.50) with two pair, Tens and Eights


PokerStars Hand #157877254203:  Hold'em Limit ($3/$6 USD) - 2016/08/29 1:13:14 ET
Table 'Alpheratz' 6-max Seat #6 is the button
Seat 5: ABATAPP ($78.16 in chips)
Seat 6: gle100 ($342.59 in chips)
gle100: posts small blind $1
simper11: is sitting out
ABATAPP: posts big blind $3
*** HOLE CARDS ***
simper11 leaves the table
gle100: raises $3 to $6
ABATAPP: calls $3
*** FLOP *** [8s Kd Qc]
ABATAPP: checks
gle100: bets $3
ABATAPP: folds
Uncalled bet ($3) returned to gle100
gle100 collected $11.76 from pot
gle100: doesn't show hand
*** SUMMARY ***
Total pot $12 | Rake $0.24
Board [8s Kd Qc]
Seat 5: ABATAPP (big blind) folded on the Flop
Seat 6: gle100 (button) (small blind) collected ($11.76)


PokerStars Hand #157877259478:  Hold'em Limit ($3/$6 USD) - 2016/08/29 1:13:38 ET
Table 'Alpheratz' 6-max Seat #5 is the button
Seat 5: ABATAPP ($72.16 in chips)
Seat 6: gle100 ($348.35 in chips)
ABATAPP: posts small blind $1
gle100: posts big blind $3
*** HOLE CARDS ***
ABATAPP: raises $3 to $6
gle100: folds
Uncalled bet ($3) returned to ABATAPP
ABATAPP collected $6 from pot
ABATAPP: doesn't show hand
*** SUMMARY ***
Total pot $6 | Rake $0
Seat 5: ABATAPP (button) (small blind) collected ($6)
Seat 6: gle100 (big blind) folded before Flop


PokerStars Hand #157878327276:  Hold'em Limit ($3/$6 USD) - 2016/08/29 2:36:33 ET
Table 'Alpheratz' 6-max Seat #1 is the button
Seat 1: ABATAPP ($96.57 in chips)
Seat 6: gle100 ($262.67 in chips)
ABATAPP: posts small blind $1
gle100: posts big blind $3
*** HOLE CARDS ***
ABATAPP: folds
Uncalled bet ($2) returned to gle100
gle100 collected $2 from pot
gle100: doesn't show hand
*** SUMMARY ***
Total pot $2 | Rake $0
Seat 1: ABATAPP (button) (small blind) folded before Flop
Seat 6: gle100 (big blind) collected ($2)


PokerStars Hand #157878328385:  Hold'em Limit ($3/$6 USD) - 2016/08/29 2:36:38 ET
Table 'Alpheratz' 6-max Seat #6 is the button
Seat 1: ABATAPP ($95.57 in chips)
Seat 6: gle100 ($263.67 in chips)
gle100: posts small blind $1
ABATAPP: posts big blind $3
*** HOLE CARDS ***
gle100: raises $3 to $6
ABATAPP: raises $3 to $9
gle100: raises $3 to $12
Betting is capped
ABATAPP: calls $3
*** FLOP *** [4s Th 5s]
ABATAPP: checks
gle100: bets $3
ABATAPP: calls $3
*** TURN *** [4s Th 5s] [As]
ABATAPP: checks
gle100: bets $6
ABATAPP: calls $6
*** RIVER *** [4s Th 5s As] [Ts]
ABATAPP: checks
gle100: bets $6
ABATAPP: folds
Uncalled bet ($6) returned to gle100
gle100 collected $41.50 from pot
gle100: doesn't show hand
*** SUMMARY ***
Total pot $42 | Rake $0.50
Board [4s Th 5s As Ts]
Seat 1: ABATAPP (big blind) folded on the River
Seat 6: gle100 (button) (small blind) collected ($41.50)


PokerStars Hand #157878333405:  Hold'em Limit ($3/$6 USD) - 2016/08/29 2:37:01 ET
Table 'Alpheratz' 6-max Seat #1 is the button
Seat 1: ABATAPP ($74.57 in chips)
Seat 6: gle100 ($284.17 in chips)
ABATAPP: posts small blind $1
gle100: posts big blind $3
*** HOLE CARDS ***
ABATAPP: raises $3 to $6
gle100: calls $3
*** FLOP *** [7c Ah 3c]
gle100: checks
ABATAPP: bets $3
gle100: calls $3
*** TURN *** [7c Ah 3c] [3s]
gle100: checks
ABATAPP: bets $6
gle100: calls $6
*** RIVER *** [7c Ah 3c 3s] [Js]
gle100: checks
ABATAPP: bets $6
gle100: calls $6
*** SHOW DOWN ***
ABATAPP: shows [3d 3h] (four of a kind, Threes)
gle100: mucks hand
ABATAPP collected $41.50 from pot
*** SUMMARY ***
Total pot $42 | Rake $0.50
Board [7c Ah 3c 3s Js]
Seat 1: ABATAPP (button) (small blind) showed [3d 3h] and won ($41.50) with four of a kind, Threes
Seat 6: gle100 (big blind) mucked


PokerStars Hand #157878352573:  Hold'em Limit ($3/$6 USD) - 2016/08/29 2:38:27 ET
Table 'Alpheratz' 6-max Seat #1 is the button
Seat 1: ABATAPP ($65.83 in chips)
Seat 6: gle100 ($290.83 in chips)
ABATAPP: posts small blind $1
gle100: posts big blind $3
*** HOLE CARDS ***
ABATAPP: folds
Uncalled bet ($2) returned to gle100
gle100 collected $2 from pot
gle100: doesn't show hand
*** SUMMARY ***
Total pot $2 | Rake $0
Seat 1: ABATAPP (button) (small blind) folded before Flop
Seat 6: gle100 (big blind) collected ($2)


PokerStars Hand #157878345732:  Hold'em Limit ($3/$6 USD) - 2016/08/29 2:37:57 ET
Table 'Alpheratz' 6-max Seat #6 is the button
Seat 1: ABATAPP ($71.07 in chips)
Seat 6: gle100 ($286.31 in chips)
gle100: posts small blind $1
ABATAPP: posts big blind $3
*** HOLE CARDS ***
gle100: folds
Uncalled bet ($2) returned to ABATAPP
ABATAPP collected $2 from pot
ABATAPP: doesn't show hand
*** SUMMARY ***
Total pot $2 | Rake $0
Seat 1: ABATAPP (big blind) collected ($2)
Seat 6: gle100 (button) (small blind) folded before Flop


PokerStars Hand #157878343403:  Hold'em Limit ($3/$6 USD) - 2016/08/29 2:37:46 ET
Table 'Alpheratz' 6-max Seat #1 is the button
Seat 1: ABATAPP ($80.07 in chips)
Seat 6: gle100 ($277.67 in chips)
ABATAPP: posts small blind $1
gle100: posts big blind $3
*** HOLE CARDS ***
ABATAPP: raises $3 to $6
gle100: raises $3 to $9
ABATAPP: calls $3
*** FLOP *** [7h Qc 9c]
gle100: bets $3
ABATAPP: folds
Uncalled bet ($3) returned to gle100
gle100 collected $17.64 from pot
gle100: doesn't show hand
*** SUMMARY ***
Total pot $18 | Rake $0.36
Board [7h Qc 9c]
Seat 1: ABATAPP (button) (small blind) folded on the Flop
Seat 6: gle100 (big blind) collected ($17.64)


PokerStars Hand #157878346862:  Hold'em Limit ($3/$6 USD) - 2016/08/29 2:38:01 ET
Table 'Alpheratz' 6-max Seat #1 is the button
Seat 1: ABATAPP ($72.07 in chips)
Seat 6: gle100 ($285.31 in chips)
ABATAPP: posts small blind $1
gle100: posts big blind $3
*** HOLE CARDS ***
ABATAPP: raises $3 to $6
gle100: calls $3
*** FLOP *** [Kh 4h Js]
gle100: checks
ABATAPP: bets $3
gle100: folds
Uncalled bet ($3) returned to ABATAPP
ABATAPP collected $11.76 from pot
ABATAPP: doesn't show hand
*** SUMMARY ***
Total pot $12 | Rake $0.24
Board [Kh 4h Js]
Seat 1: ABATAPP (button) (small blind) collected ($11.76)
Seat 6: gle100 (big blind) folded on the Flop


PokerStars Hand #157878339188:  Hold'em Limit ($3/$6 USD) - 2016/08/29 2:37:27 ET
Table 'Alpheratz' 6-max Seat #6 is the button
Seat 1: ABATAPP ($95.07 in chips)
Seat 6: gle100 ($263.17 in chips)
gle100: posts small blind $1
ABATAPP: posts big blind $3
*** HOLE CARDS ***
gle100: raises $3 to $6
ABATAPP: calls $3
*** FLOP *** [5h 2d Ts]
ABATAPP: checks
gle100: bets $3
ABATAPP: calls $3
*** TURN *** [5h 2d Ts] [6s]
ABATAPP: checks
gle100: bets $6
ABATAPP: calls $6
*** RIVER *** [5h 2d Ts 6s] [Jd]
ABATAPP: checks
gle100: bets $6
ABATAPP: folds
Uncalled bet ($6) returned to gle100
gle100 collected $29.50 from pot
gle100: doesn't show hand
*** SUMMARY ***
Total pot $30 | Rake $0.50
Board [5h 2d Ts 6s Jd]
Seat 1: ABATAPP (big blind) folded on the River
Seat 6: gle100 (button) (small blind) collected ($29.50)


PokerStars Hand #157878349244:  Hold'em Limit ($3/$6 USD) - 2016/08/29 2:38:12 ET
Table 'Alpheratz' 6-max Seat #6 is the button
Seat 1: ABATAPP ($77.83 in chips)
Seat 6: gle100 ($279.31 in chips)
gle100: posts small blind $1
ABATAPP: posts big blind $3
*** HOLE CARDS ***
gle100: raises $3 to $6
ABATAPP: raises $3 to $9
gle100: raises $3 to $12
Betting is capped
ABATAPP: calls $3
*** FLOP *** [5c 3d Js]
ABATAPP: checks
gle100: bets $3
ABATAPP: folds
Uncalled bet ($3) returned to gle100
gle100 collected $23.52 from pot
gle100: doesn't show hand
*** SUMMARY ***
Total pot $24 | Rake $0.48
Board [5c 3d Js]
Seat 1: ABATAPP (big blind) folded on the Flop
Seat 6: gle100 (button) (small blind) collected ($23.52)


PokerStars Hand #157878363550:  Hold'em Limit ($3/$6 USD) - 2016/08/29 2:39:16 ET
Table 'Alpheratz' 6-max Seat #1 is the button
Seat 1: ABATAPP ($30.83 in chips)
Seat 6: gle100 ($325.09 in chips)
ABATAPP: posts small blind $1
gle100: posts big blind $3
*** HOLE CARDS ***
ABATAPP: folds
Uncalled bet ($2) returned to gle100
gle100 collected $2 from pot
gle100: doesn't show hand
*** SUMMARY ***
Total pot $2 | Rake $0
Seat 1: ABATAPP (button) (small blind) folded before Flop
Seat 6: gle100 (big blind) collected ($2)


PokerStars Hand #157878361020:  Hold'em Limit ($3/$6 USD) - 2016/08/29 2:39:05 ET
Table 'Alpheratz' 6-max Seat #6 is the button
Seat 1: ABATAPP ($36.83 in chips)
Seat 6: gle100 ($319.33 in chips)
gle100: posts small blind $1
ABATAPP: posts big blind $3
*** HOLE CARDS ***
gle100: raises $3 to $6
ABATAPP: calls $3
*** FLOP *** [Kc Qc Qh]
ABATAPP: checks
gle100: bets $3
ABATAPP: folds
Uncalled bet ($3) returned to gle100
gle100 collected $11.76 from pot
gle100: doesn't show hand
*** SUMMARY ***
Total pot $12 | Rake $0.24
Board [Kc Qc Qh]
Seat 1: ABATAPP (big blind) folded on the Flop
Seat 6: gle100 (button) (small blind) collected ($11.76)


PokerStars Hand #157878353704:  Hold'em Limit ($3/$6 USD) - 2016/08/29 2:38:32 ET
Table 'Alpheratz' 6-max Seat #6 is the button
Seat 1: ABATAPP ($64.83 in chips)
Seat 6: gle100 ($291.83 in chips)
gle100: posts small blind $1
ABATAPP: posts big blind $3
*** HOLE CARDS ***
gle100: raises $3 to $6
ABATAPP: calls $3
*** FLOP *** [Ah 9h Ac]
ABATAPP: checks
gle100: bets $3
ABATAPP: calls $3
*** TURN *** [Ah 9h Ac] [8c]
ABATAPP: checks
gle100: bets $6
ABATAPP: raises $6 to $12
gle100: calls $6
*** RIVER *** [Ah 9h Ac 8c] [Ks]
ABATAPP: bets $6
gle100: calls $6
*** SHOW DOWN ***
ABATAPP: shows [2c 3c] (a pair of Aces)
gle100: shows [Kc 4c] (two pair, Aces and Kings)
gle100 collected $53.50 from pot
*** SUMMARY ***
Total pot $54 | Rake $0.50
Board [Ah 9h Ac 8c Ks]
Seat 1: ABATAPP (big blind) showed [2c 3c] and lost with a pair of Aces
Seat 6: gle100 (button) (small blind) showed [Kc 4c] and won ($53.50) with two pair, Aces and Kings


PokerStars Hand #157878359777:  Hold'em Limit ($3/$6 USD) - 2016/08/29 2:39:00 ET
Table 'Alpheratz' 6-max Seat #1 is the button
Seat 1: ABATAPP ($37.83 in chips)
Seat 6: gle100 ($318.33 in chips)
ABATAPP: posts small blind $1
gle100: posts big blind $3
*** HOLE CARDS ***
ABATAPP: folds
Uncalled bet ($2) returned to gle100
gle100 collected $2 from pot
gle100: doesn't show hand
*** SUMMARY ***
Total pot $2 | Rake $0
Seat 1: ABATAPP (button) (small blind) folded before Flop
Seat 6: gle100 (big blind) collected ($2)


PokerStars Hand #157878364756:  Hold'em Limit ($3/$6 USD) - 2016/08/29 2:39:21 ET
Table 'Alpheratz' 6-max Seat #6 is the button
Seat 1: ABATAPP ($64.65 in chips)
Seat 6: gle100 ($326.09 in chips)
gle100: posts small blind $1
ABATAPP: posts big blind $3
*** HOLE CARDS ***
gle100: raises $3 to $6
ABATAPP: calls $3
*** FLOP *** [4s 8h Jc]
ABATAPP: checks
gle100: bets $3
ABATAPP: folds
Uncalled bet ($3) returned to gle100
gle100 collected $11.76 from pot
freestyler85 joins the table at seat #2
gle100: doesn't show hand
*** SUMMARY ***
Total pot $12 | Rake $0.24
Board [4s 8h Jc]
Seat 1: ABATAPP (big blind) folded on the Flop
Seat 6: gle100 (button) (small blind) collected ($11.76)


PokerStars Hand #157878849782:  Hold'em Limit ($3/$6 USD) - 2016/08/29 3:14:58 ET
Table 'Alpheratz' 6-max Seat #2 is the button
Seat 2: freestyler85 ($751.65 in chips)
Seat 6: gle100 ($448.32 in chips)
freestyler85: posts small blind $1
gle100: posts big blind $3
*** HOLE CARDS ***
freestyler85: raises $3 to $6
play4uron leaves the table
gle100: calls $3
*** FLOP *** [3c 6c Ah]
gle100: checks
freestyler85: bets $3
gle100: folds
Uncalled bet ($3) returned to freestyler85
freestyler85 collected $11.76 from pot
freestyler85: doesn't show hand
*** SUMMARY ***
Total pot $12 | Rake $0.24
Board [3c 6c Ah]
Seat 2: freestyler85 (button) (small blind) collected ($11.76)
Seat 6: gle100 (big blind) folded on the Flop


