PokerStars Hand #154081508312:  Hold'em Limit ($3/$6 USD) - 2016/05/31 1:43:36 ET
Table 'Alrai' 6-max Seat #4 is the button
Seat 1: fck1111 ($17.61 in chips)
Seat 4: VolkovDmitri ($176.50 in chips)
VolkovDmitri: posts small blind $1
fck1111: posts big blind $3
*** HOLE CARDS ***
VolkovDmitri: raises $3 to $6
fck1111: raises $3 to $9
VolkovDmitri: raises $3 to $12
Betting is capped
fck1111: calls $3
*** FLOP *** [Td Qd 5s]
fck1111: bets $3
VolkovDmitri: raises $3 to $6
fck1111: calls $2.61 and is all-in
Uncalled bet ($0.39) returned to VolkovDmitri
*** TURN *** [Td Qd 5s] [Jd]
*** RIVER *** [Td Qd 5s Jd] [7d]
*** SHOW DOWN ***
fck1111: shows [As 8d] (a flush, Queen high)
VolkovDmitri: shows [Ks Tc] (a pair of Tens)
fck1111 collected $34.72 from pot
*** SUMMARY ***
Total pot $35.22 | Rake $0.50
Board [Td Qd 5s Jd 7d]
Seat 1: fck1111 (big blind) showed [As 8d] and won ($34.72) with a flush, Queen high
Seat 4: VolkovDmitri (button) (small blind) showed [Ks Tc] and lost with a pair of Tens


PokerStars Hand #154081501417:  Hold'em Limit ($3/$6 USD) - 2016/05/31 1:43:09 ET
Table 'Alrai' 6-max Seat #1 is the button
Seat 1: fck1111 ($32.61 in chips)
Seat 4: VolkovDmitri ($162 in chips)
fck1111: posts small blind $1
VolkovDmitri: posts big blind $3
*** HOLE CARDS ***
fck1111: raises $3 to $6
VolkovDmitri: calls $3
*** FLOP *** [3c 4h 2h]
VolkovDmitri: checks
fck1111: bets $3
VolkovDmitri: calls $3
*** TURN *** [3c 4h 2h] [Qh]
VolkovDmitri: checks
fck1111: bets $6
VolkovDmitri: calls $6
*** RIVER *** [3c 4h 2h Qh] [7h]
VolkovDmitri: bets $6
fck1111: folds
Uncalled bet ($6) returned to VolkovDmitri
VolkovDmitri collected $29.50 from pot
VolkovDmitri: doesn't show hand
*** SUMMARY ***
Total pot $30 | Rake $0.50
Board [3c 4h 2h Qh 7h]
Seat 1: fck1111 (button) (small blind) folded on the River
Seat 4: VolkovDmitri (big blind) collected ($29.50)


PokerStars Hand #154081492938:  Hold'em Limit ($3/$6 USD) - 2016/05/31 1:42:35 ET
Table 'Alrai' 6-max Seat #4 is the button
Seat 1: fck1111 ($56.61 in chips)
Seat 4: VolkovDmitri ($138.50 in chips)
VolkovDmitri: posts small blind $1
fck1111: posts big blind $3
*** HOLE CARDS ***
VolkovDmitri: raises $3 to $6
fck1111: calls $3
*** FLOP *** [Kd 9h 5s]
fck1111: checks
VolkovDmitri: bets $3
fck1111: raises $3 to $6
VolkovDmitri: calls $3
*** TURN *** [Kd 9h 5s] [Tc]
fck1111: bets $6
VolkovDmitri: calls $6
*** RIVER *** [Kd 9h 5s Tc] [2h]
fck1111: bets $6
VolkovDmitri: calls $6
*** SHOW DOWN ***
fck1111: shows [Jd 6d] (high card King)
VolkovDmitri: shows [2s Qs] (a pair of Deuces)
VolkovDmitri collected $47.50 from pot
*** SUMMARY ***
Total pot $48 | Rake $0.50
Board [Kd 9h 5s Tc 2h]
Seat 1: fck1111 (big blind) showed [Jd 6d] and lost with high card King
Seat 4: VolkovDmitri (button) (small blind) showed [2s Qs] and won ($47.50) with a pair of Deuces


PokerStars Hand #154081521530:  Hold'em Limit ($3/$6 USD) - 2016/05/31 1:44:30 ET
Table 'Alrai' 6-max Seat #4 is the button
Seat 1: fck1111 ($55 in chips)
Seat 4: VolkovDmitri ($137.89 in chips)
VolkovDmitri: posts small blind $1
fck1111: posts big blind $3
*** HOLE CARDS ***
VolkovDmitri: raises $3 to $6
fck1111: calls $3
*** FLOP *** [4d 4h 9c]
fck1111: checks
VolkovDmitri: bets $3
fck1111: calls $3
*** TURN *** [4d 4h 9c] [4s]
fck1111: checks
VolkovDmitri: bets $6
fck1111: calls $6
*** RIVER *** [4d 4h 9c 4s] [7h]
fck1111: checks
VolkovDmitri: checks
*** SHOW DOWN ***
fck1111: shows [4c 3h] (four of a kind, Fours)
VolkovDmitri: mucks hand
fck1111 collected $29.50 from pot
*** SUMMARY ***
Total pot $30 | Rake $0.50
Board [4d 4h 9c 4s 7h]
Seat 1: fck1111 (big blind) showed [4c 3h] and won ($29.50) with four of a kind, Fours
Seat 4: VolkovDmitri (button) (small blind) mucked


PokerStars Hand #154081519419:  Hold'em Limit ($3/$6 USD) - 2016/05/31 1:44:21 ET
Table 'Alrai' 6-max Seat #1 is the button
Seat 1: fck1111 ($52 in chips)
Seat 4: VolkovDmitri ($140.89 in chips)
fck1111: posts small blind $1
VolkovDmitri: posts big blind $3
*** HOLE CARDS ***
fck1111: raises $3 to $6
VolkovDmitri: folds
Uncalled bet ($3) returned to fck1111
fck1111 collected $6 from pot
fck1111: doesn't show hand
*** SUMMARY ***
Total pot $6 | Rake $0
Seat 1: fck1111 (button) (small blind) collected ($6)
Seat 4: VolkovDmitri (big blind) folded before Flop


PokerStars Hand #154081516368:  Hold'em Limit ($3/$6 USD) - 2016/05/31 1:44:09 ET
Table 'Alrai' 6-max Seat #4 is the button
Seat 1: fck1111 ($43.36 in chips)
Seat 4: VolkovDmitri ($149.89 in chips)
VolkovDmitri: posts small blind $1
fck1111: posts big blind $3
*** HOLE CARDS ***
VolkovDmitri: raises $3 to $6
fck1111: raises $3 to $9
VolkovDmitri: calls $3
*** FLOP *** [Kc 8h 4d]
fck1111: bets $3
VolkovDmitri: folds
Uncalled bet ($3) returned to fck1111
fck1111 collected $17.64 from pot
fck1111: doesn't show hand
*** SUMMARY ***
Total pot $18 | Rake $0.36
Board [Kc 8h 4d]
Seat 1: fck1111 (big blind) collected ($17.64)
Seat 4: VolkovDmitri (button) (small blind) folded on the Flop


PokerStars Hand #154081512558:  Hold'em Limit ($3/$6 USD) - 2016/05/31 1:43:54 ET
Table 'Alrai' 6-max Seat #1 is the button
Seat 1: fck1111 ($34.72 in chips)
Seat 4: VolkovDmitri ($158.89 in chips)
fck1111: posts small blind $1
VolkovDmitri: posts big blind $3
*** HOLE CARDS ***
fck1111: raises $3 to $6
VolkovDmitri: calls $3
*** FLOP *** [9d Ts 6h]
VolkovDmitri: checks
fck1111: bets $3
VolkovDmitri: calls $3
*** TURN *** [9d Ts 6h] [6s]
VolkovDmitri: checks
fck1111: bets $6
VolkovDmitri: folds
Uncalled bet ($6) returned to fck1111
fck1111 collected $17.64 from pot
fck1111: doesn't show hand
*** SUMMARY ***
Total pot $18 | Rake $0.36
Board [9d Ts 6h 6s]
Seat 1: fck1111 (button) (small blind) collected ($17.64)
Seat 4: VolkovDmitri (big blind) folded on the Turn


PokerStars Hand #154081479631:  Hold'em Limit ($3/$6 USD) - 2016/05/31 1:41:41 ET
Table 'Alrai' 6-max Seat #1 is the button
Seat 1: fck1111 ($72.97 in chips)
Seat 4: VolkovDmitri ($123 in chips)
fck1111: posts small blind $1
VolkovDmitri: posts big blind $3
*** HOLE CARDS ***
fck1111: raises $3 to $6
VolkovDmitri: raises $3 to $9
fck1111: calls $3
*** FLOP *** [4s 6d 6c]
VolkovDmitri: bets $3
fck1111: calls $3
*** TURN *** [4s 6d 6c] [Kc]
VolkovDmitri: bets $6
fck1111: calls $6
*** RIVER *** [4s 6d 6c Kc] [3d]
VolkovDmitri: bets $6
fck1111: calls $6
*** SHOW DOWN ***
VolkovDmitri: shows [8h 8c] (two pair, Eights and Sixes)
fck1111: mucks hand
VolkovDmitri collected $47.50 from pot
*** SUMMARY ***
Total pot $48 | Rake $0.50
Board [4s 6d 6c Kc 3d]
Seat 1: fck1111 (button) (small blind) mucked
Seat 4: VolkovDmitri (big blind) showed [8h 8c] and won ($47.50) with two pair, Eights and Sixes


PokerStars Hand #154081485368:  Hold'em Limit ($3/$6 USD) - 2016/05/31 1:42:04 ET
Table 'Alrai' 6-max Seat #4 is the button
Seat 1: fck1111 ($48.97 in chips)
Seat 4: VolkovDmitri ($146.50 in chips)
VolkovDmitri: posts small blind $1
fck1111: posts big blind $3
*** HOLE CARDS ***
VolkovDmitri: raises $3 to $6
fck1111: raises $3 to $9
VolkovDmitri: calls $3
*** FLOP *** [Kc 3s Tc]
fck1111: bets $3
VolkovDmitri: folds
Uncalled bet ($3) returned to fck1111
fck1111 collected $17.64 from pot
fck1111: doesn't show hand
*** SUMMARY ***
Total pot $18 | Rake $0.36
Board [Kc 3s Tc]
Seat 1: fck1111 (big blind) collected ($17.64)
Seat 4: VolkovDmitri (button) (small blind) folded on the Flop


PokerStars Hand #154081491712:  Hold'em Limit ($3/$6 USD) - 2016/05/31 1:42:30 ET
Table 'Alrai' 6-max Seat #1 is the button
Seat 1: fck1111 ($57.61 in chips)
Seat 4: VolkovDmitri ($137.50 in chips)
fck1111: posts small blind $1
VolkovDmitri: posts big blind $3
*** HOLE CARDS ***
fck1111: folds
Uncalled bet ($2) returned to VolkovDmitri
VolkovDmitri collected $2 from pot
VolkovDmitri: doesn't show hand
*** SUMMARY ***
Total pot $2 | Rake $0
Seat 1: fck1111 (button) (small blind) folded before Flop
Seat 4: VolkovDmitri (big blind) collected ($2)


PokerStars Hand #154081533257:  Hold'em Limit ($3/$6 USD) - 2016/05/31 1:45:16 ET
Table 'Alrai' 6-max Seat #4 is the button
Seat 1: fck1111 ($57.50 in chips)
Seat 4: VolkovDmitri ($134.41 in chips)
VolkovDmitri: posts small blind $1
fck1111: posts big blind $3
*** HOLE CARDS ***
VolkovDmitri: raises $3 to $6
fck1111: folds
Uncalled bet ($3) returned to VolkovDmitri
VolkovDmitri collected $6 from pot
VolkovDmitri: doesn't show hand
*** SUMMARY ***
Total pot $6 | Rake $0
Seat 1: fck1111 (big blind) folded before Flop
Seat 4: VolkovDmitri (button) (small blind) collected ($6)


PokerStars Hand #154081527137:  Hold'em Limit ($3/$6 USD) - 2016/05/31 1:44:52 ET
Table 'Alrai' 6-max Seat #1 is the button
Seat 1: fck1111 ($69.50 in chips)
Seat 4: VolkovDmitri ($122.89 in chips)
fck1111: posts small blind $1
VolkovDmitri: posts big blind $3
*** HOLE CARDS ***
fck1111: raises $3 to $6
VolkovDmitri: calls $3
*** FLOP *** [Qh Ah 8h]
VolkovDmitri: checks
fck1111: bets $3
VolkovDmitri: raises $3 to $6
fck1111: calls $3
*** TURN *** [Qh Ah 8h] [7h]
VolkovDmitri: bets $6
fck1111: folds
Uncalled bet ($6) returned to VolkovDmitri
VolkovDmitri collected $23.52 from pot
VolkovDmitri: doesn't show hand
*** SUMMARY ***
Total pot $24 | Rake $0.48
Board [Qh Ah 8h 7h]
Seat 1: fck1111 (button) (small blind) folded on the Turn
Seat 4: VolkovDmitri (big blind) collected ($23.52)


PokerStars Hand #154081534908:  Hold'em Limit ($3/$6 USD) - 2016/05/31 1:45:23 ET
Table 'Alrai' 6-max Seat #1 is the button
Seat 1: fck1111 ($54.50 in chips)
Seat 4: VolkovDmitri ($137.41 in chips)
fck1111: posts small blind $1
VolkovDmitri: posts big blind $3
*** HOLE CARDS ***
7superpoker joins the table at seat #6
fck1111: raises $3 to $6
VolkovDmitri: raises $3 to $9
fck1111: calls $3
*** FLOP *** [3s 5s 3d]
VolkovDmitri: bets $3
fck1111: calls $3
*** TURN *** [3s 5s 3d] [4d]
VolkovDmitri: checks
fck1111: bets $6
VolkovDmitri: calls $6
*** RIVER *** [3s 5s 3d 4d] [7s]
VolkovDmitri: checks
fck1111: bets $6
VolkovDmitri: calls $6
*** SHOW DOWN ***
fck1111: shows [3c 6c] (a straight, Three to Seven)
VolkovDmitri: mucks hand
fck1111 collected $47.50 from pot
*** SUMMARY ***
Total pot $48 | Rake $0.50
Board [3s 5s 3d 4d 7s]
Seat 1: fck1111 (button) (small blind) showed [3c 6c] and won ($47.50) with a straight, Three to Seven
Seat 4: VolkovDmitri (big blind) mucked


PokerStars Hand #154081649291:  Hold'em Limit ($3/$6 USD) - 2016/05/31 1:53:05 ET
Table 'Alrai' 6-max Seat #2 is the button
Seat 2: Agrotait ($108 in chips)
Seat 6: 7superpoker ($132.65 in chips)
Agrotait: posts small blind $1
7superpoker: posts big blind $3
*** HOLE CARDS ***
Agrotait: folds
Uncalled bet ($2) returned to 7superpoker
7superpoker collected $2 from pot
7superpoker: doesn't show hand
*** SUMMARY ***
Total pot $2 | Rake $0
Seat 2: Agrotait (button) (small blind) folded before Flop
Seat 6: 7superpoker (big blind) collected ($2)


