PokerStars Hand #156267760486:  Hold'em Limit ($3/$6 USD) - 2016/07/21 15:48:04 ET
Table 'Alrischa' 6-max Seat #4 is the button
Seat 4: printzfcm ($43.32 in chips)
Seat 5: GoliafUa ($120 in chips)
printzfcm: posts small blind $1
Zubasa07 joins the table at seat #6
GoliafUa: posts big blind $3
*** HOLE CARDS ***
printzfcm: folds
Uncalled bet ($2) returned to GoliafUa
GoliafUa collected $2 from pot
GoliafUa: doesn't show hand
*** SUMMARY ***
Total pot $2 | Rake $0
Seat 4: printzfcm (button) (small blind) folded before Flop
Seat 5: GoliafUa (big blind) collected ($2)


PokerStars Hand #156267812797:  Hold'em Limit ($3/$6 USD) - 2016/07/21 15:49:08 ET
Table 'Alrischa' 6-max Seat #5 is the button
Seat 4: printzfcm ($18.11 in chips)
Seat 5: GoliafUa ($143.35 in chips)
GoliafUa: posts small blind $1
Zubasa07: is sitting out
printzfcm: posts big blind $3
*** HOLE CARDS ***
GoliafUa: raises $3 to $6
printzfcm: calls $3
*** FLOP *** [Ks 3s 5h]
printzfcm: checks
GoliafUa: bets $3
printzfcm: calls $3
*** TURN *** [Ks 3s 5h] [7c]
printzfcm: bets $6
GoliafUa: folds
Uncalled bet ($6) returned to printzfcm
printzfcm collected $17.64 from pot
printzfcm: doesn't show hand
*** SUMMARY ***
Total pot $18 | Rake $0.36
Board [Ks 3s 5h 7c]
Seat 4: printzfcm (big blind) collected ($17.64)
Seat 5: GoliafUa (button) (small blind) folded on the Turn


PokerStars Hand #156267839238:  Hold'em Limit ($3/$6 USD) - 2016/07/21 15:49:40 ET
Table 'Alrischa' 6-max Seat #5 is the button
Seat 4: printzfcm ($32.51 in chips)
Seat 5: GoliafUa ($128.35 in chips)
GoliafUa: posts small blind $1
printzfcm: posts big blind $3
*** HOLE CARDS ***
GoliafUa: raises $3 to $6
printzfcm: folds
Uncalled bet ($3) returned to GoliafUa
GoliafUa collected $6 from pot
GoliafUa: doesn't show hand
*** SUMMARY ***
Total pot $6 | Rake $0
Seat 4: printzfcm (big blind) folded before Flop
Seat 5: GoliafUa (button) (small blind) collected ($6)


PokerStars Hand #156267827929:  Hold'em Limit ($3/$6 USD) - 2016/07/21 15:49:26 ET
Table 'Alrischa' 6-max Seat #4 is the button
Seat 4: printzfcm ($26.75 in chips)
Seat 5: GoliafUa ($134.35 in chips)
printzfcm: posts small blind $1
GoliafUa: posts big blind $3
*** HOLE CARDS ***
printzfcm: raises $3 to $6
GoliafUa: calls $3
*** FLOP *** [Ah 3s Kh]
GoliafUa: checks
printzfcm: bets $3
GoliafUa: folds
Uncalled bet ($3) returned to printzfcm
printzfcm collected $11.76 from pot
printzfcm: doesn't show hand
*** SUMMARY ***
Total pot $12 | Rake $0.24
Board [Ah 3s Kh]
Seat 4: printzfcm (button) (small blind) collected ($11.76)
Seat 5: GoliafUa (big blind) folded on the Flop


PokerStars Hand #156267858456:  Hold'em Limit ($3/$6 USD) - 2016/07/21 15:50:03 ET
Table 'Alrischa' 6-max Seat #4 is the button
Seat 4: printzfcm ($40.03 in chips)
Seat 5: GoliafUa ($120.35 in chips)
printzfcm: posts small blind $1
GoliafUa: posts big blind $3
*** HOLE CARDS ***
printzfcm: folds
Uncalled bet ($2) returned to GoliafUa
GoliafUa collected $2 from pot
GoliafUa: doesn't show hand
*** SUMMARY ***
Total pot $2 | Rake $0
Seat 4: printzfcm (button) (small blind) folded before Flop
Seat 5: GoliafUa (big blind) collected ($2)


PokerStars Hand #156267843954:  Hold'em Limit ($3/$6 USD) - 2016/07/21 15:49:46 ET
Table 'Alrischa' 6-max Seat #4 is the button
Seat 4: printzfcm ($29.51 in chips)
Seat 5: GoliafUa ($131.35 in chips)
printzfcm: posts small blind $1
GoliafUa: posts big blind $3
*** HOLE CARDS ***
printzfcm: folds
Uncalled bet ($2) returned to GoliafUa
GoliafUa collected $2 from pot
GoliafUa: doesn't show hand
*** SUMMARY ***
Total pot $2 | Rake $0
Seat 4: printzfcm (button) (small blind) folded before Flop
Seat 5: GoliafUa (big blind) collected ($2)


PokerStars Hand #156267848495:  Hold'em Limit ($3/$6 USD) - 2016/07/21 15:49:51 ET
Table 'Alrischa' 6-max Seat #5 is the button
Seat 4: printzfcm ($28.51 in chips)
Seat 5: GoliafUa ($132.35 in chips)
GoliafUa: posts small blind $1
printzfcm: posts big blind $3
*** HOLE CARDS ***
GoliafUa: raises $3 to $6
printzfcm: raises $3 to $9
GoliafUa: calls $3
*** FLOP *** [2c Qd 3s]
printzfcm: bets $3
GoliafUa: calls $3
*** TURN *** [2c Qd 3s] [Qh]
printzfcm: bets $6
GoliafUa: folds
Uncalled bet ($6) returned to printzfcm
printzfcm collected $23.52 from pot
printzfcm: doesn't show hand
*** SUMMARY ***
Total pot $24 | Rake $0.48
Board [2c Qd 3s Qh]
Seat 4: printzfcm (big blind) collected ($23.52)
Seat 5: GoliafUa (button) (small blind) folded on the Turn


