PokerStars Hand #175705042245:  Hold'em Limit ($3/$6 USD) - 2017/09/16 2:35:06 ET
Table 'Alrisha' 6-max Seat #4 is the button
Seat 3: partyalex92 ($112.61 in chips)
Seat 4: Agrotait ($54 in chips)
Agrotait: posts small blind $1
partyalex92: posts big blind $3
*** HOLE CARDS ***
Agrotait: raises $3 to $6
partyalex92: calls $3
*** FLOP *** [6c 7d 4d]
partyalex92: checks
Agrotait: bets $3
partyalex92: calls $3
*** TURN *** [6c 7d 4d] [8s]
partyalex92: checks
Agrotait: checks
*** RIVER *** [6c 7d 4d 8s] [2c]
partyalex92: bets $6
Agrotait: folds
Uncalled bet ($6) returned to partyalex92
partyalex92 collected $17.64 from pot
*** SUMMARY ***
Total pot $18 | Rake $0.36
Board [6c 7d 4d 8s 2c]
Seat 3: partyalex92 (big blind) collected ($17.64)
Seat 4: Agrotait (button) (small blind) folded on the River


PokerStars Hand #175705032061:  Hold'em Limit ($3/$6 USD) - 2017/09/16 2:34:28 ET
Table 'Alrisha' 6-max Seat #3 is the button
Seat 3: partyalex92 ($101.09 in chips)
Seat 4: Agrotait ($66 in chips)
partyalex92: posts small blind $1
Agrotait: posts big blind $3
*** HOLE CARDS ***
partyalex92: calls $2
Agrotait: checks
*** FLOP *** [Kc 9d 3d]
Agrotait: bets $3
partyalex92: calls $3
*** TURN *** [Kc 9d 3d] [Th]
Agrotait: bets $6
partyalex92: raises $6 to $12
Agrotait: folds
Uncalled bet ($6) returned to partyalex92
partyalex92 collected $23.52 from pot
*** SUMMARY ***
Total pot $24 | Rake $0.48
Board [Kc 9d 3d Th]
Seat 3: partyalex92 (button) (small blind) collected ($23.52)
Seat 4: Agrotait (big blind) folded on the Turn


PokerStars Hand #175705059826:  Hold'em Limit ($3/$6 USD) - 2017/09/16 2:36:13 ET
Table 'Alrisha' 6-max Seat #4 is the button
Seat 3: partyalex92 ($127.01 in chips)
Seat 4: Agrotait ($39 in chips)
Agrotait: posts small blind $1
partyalex92: posts big blind $3
*** HOLE CARDS ***
Agrotait: raises $3 to $6
partyalex92: calls $3
*** FLOP *** [9d Td Kh]
partyalex92: checks
Agrotait: bets $3
partyalex92: calls $3
*** TURN *** [9d Td Kh] [2c]
partyalex92: checks
Agrotait: bets $6
partyalex92: calls $6
*** RIVER *** [9d Td Kh 2c] [4s]
partyalex92: checks
Agrotait: bets $6
partyalex92: folds
Uncalled bet ($6) returned to Agrotait
Agrotait collected $29.50 from pot
Agrotait: doesn't show hand
*** SUMMARY ***
Total pot $30 | Rake $0.50
Board [9d Td Kh 2c 4s]
Seat 3: partyalex92 (big blind) folded on the River
Seat 4: Agrotait (button) (small blind) collected ($29.50)


PokerStars Hand #175705052059:  Hold'em Limit ($3/$6 USD) - 2017/09/16 2:35:43 ET
Table 'Alrisha' 6-max Seat #3 is the button
Seat 3: partyalex92 ($121.25 in chips)
Seat 4: Agrotait ($45 in chips)
partyalex92: posts small blind $1
Agrotait: posts big blind $3
*** HOLE CARDS ***
partyalex92: raises $3 to $6
Agrotait: calls $3
*** FLOP *** [8c Ad As]
Agrotait: checks
partyalex92: checks
*** TURN *** [8c Ad As] [8h]
Agrotait: checks
partyalex92: checks
*** RIVER *** [8c Ad As 8h] [Js]
Agrotait: checks
partyalex92: checks
*** SHOW DOWN ***
Agrotait: shows [9c 4s] (two pair, Aces and Eights)
partyalex92: shows [Qd 7s] (two pair, Aces and Eights - Queen kicker)
partyalex92 collected $11.76 from pot
*** SUMMARY ***
Total pot $12 | Rake $0.24
Board [8c Ad As 8h Js]
Seat 3: partyalex92 (button) (small blind) showed [Qd 7s] and won ($11.76) with two pair, Aces and Eights
Seat 4: Agrotait (big blind) showed [9c 4s] and lost with two pair, Aces and Eights


PokerStars Hand #175705070648:  Hold'em Limit ($3/$6 USD) - 2017/09/16 2:36:55 ET
Table 'Alrisha' 6-max Seat #4 is the button
Seat 3: partyalex92 ($129.51 in chips)
Seat 4: Agrotait ($35.50 in chips)
Agrotait: posts small blind $1
partyalex92: posts big blind $3
*** HOLE CARDS ***
Agrotait: raises $3 to $6
partyalex92: calls $3
*** FLOP *** [Jh Kh Qh]
partyalex92: bets $3
Agrotait: calls $3
*** TURN *** [Jh Kh Qh] [Tc]
partyalex92: checks
Agrotait: bets $6
partyalex92: folds
Uncalled bet ($6) returned to Agrotait
Agrotait collected $17.64 from pot
Agrotait: doesn't show hand
*** SUMMARY ***
Total pot $18 | Rake $0.36
Board [Jh Kh Qh Tc]
Seat 3: partyalex92 (big blind) folded on the Turn
Seat 4: Agrotait (button) (small blind) collected ($17.64)


PokerStars Hand #175705064380:  Hold'em Limit ($3/$6 USD) - 2017/09/16 2:36:31 ET
Table 'Alrisha' 6-max Seat #3 is the button
Seat 3: partyalex92 ($112.01 in chips)
Seat 4: Agrotait ($53.50 in chips)
partyalex92: posts small blind $1
Agrotait: posts big blind $3
*** HOLE CARDS ***
partyalex92: raises $3 to $6
Agrotait: calls $3
*** FLOP *** [Qh 9h 2s]
Agrotait: checks
partyalex92: checks
*** TURN *** [Qh 9h 2s] [9c]
Agrotait: bets $6
partyalex92: calls $6
*** RIVER *** [Qh 9h 2s 9c] [Ac]
Agrotait: checks
partyalex92: bets $6
Agrotait: calls $6
*** SHOW DOWN ***
partyalex92: shows [5s Ad] (two pair, Aces and Nines)
Agrotait: mucks hand
partyalex92 collected $35.50 from pot
*** SUMMARY ***
Total pot $36 | Rake $0.50
Board [Qh 9h 2s 9c Ac]
Seat 3: partyalex92 (button) (small blind) showed [5s Ad] and won ($35.50) with two pair, Aces and Nines
Seat 4: Agrotait (big blind) mucked


PokerStars Hand #175705074014:  Hold'em Limit ($3/$6 USD) - 2017/09/16 2:37:08 ET
Table 'Alrisha' 6-max Seat #3 is the button
Seat 3: partyalex92 ($120.51 in chips)
Seat 4: Agrotait ($44.14 in chips)
partyalex92: posts small blind $1
Agrotait: posts big blind $3
*** HOLE CARDS ***
partyalex92: calls $2
Agrotait: checks
*** FLOP *** [2d As Ks]
Agrotait: bets $3
partyalex92: folds
Uncalled bet ($3) returned to Agrotait
Agrotait collected $5.88 from pot
Agrotait: doesn't show hand
*** SUMMARY ***
Total pot $6 | Rake $0.12
Board [2d As Ks]
Seat 3: partyalex92 (button) (small blind) folded on the Flop
Seat 4: Agrotait (big blind) collected ($5.88)


PokerStars Hand #175705088423:  Hold'em Limit ($3/$6 USD) - 2017/09/16 2:38:02 ET
Table 'Alrisha' 6-max Seat #3 is the button
Seat 3: partyalex92 ($93.51 in chips)
Seat 4: Agrotait ($70.52 in chips)
partyalex92: posts small blind $1
Agrotait: posts big blind $3
*** HOLE CARDS ***
partyalex92: calls $2
Agrotait: checks
*** FLOP *** [Ts 6c Jh]
Agrotait: bets $3
partyalex92: folds
Uncalled bet ($3) returned to Agrotait
Agrotait collected $5.88 from pot
Agrotait: doesn't show hand
*** SUMMARY ***
Total pot $6 | Rake $0.12
Board [Ts 6c Jh]
Seat 3: partyalex92 (button) (small blind) folded on the Flop
Seat 4: Agrotait (big blind) collected ($5.88)


PokerStars Hand #175705100006:  Hold'em Limit ($3/$6 USD) - 2017/09/16 2:38:46 ET
Table 'Alrisha' 6-max Seat #3 is the button
Seat 3: partyalex92 ($75.51 in chips)
Seat 4: Agrotait ($87.90 in chips)
partyalex92: posts small blind $1
Agrotait: posts big blind $3
*** HOLE CARDS ***
partyalex92: folds
Uncalled bet ($2) returned to Agrotait
Agrotait collected $2 from pot
Agrotait: doesn't show hand
*** SUMMARY ***
Total pot $2 | Rake $0
Seat 3: partyalex92 (button) (small blind) folded before Flop
Seat 4: Agrotait (big blind) collected ($2)


PokerStars Hand #175705077287:  Hold'em Limit ($3/$6 USD) - 2017/09/16 2:37:20 ET
Table 'Alrisha' 6-max Seat #4 is the button
Seat 3: partyalex92 ($117.51 in chips)
Seat 4: Agrotait ($47.02 in chips)
Agrotait: posts small blind $1
partyalex92: posts big blind $3
*** HOLE CARDS ***
Agrotait: raises $3 to $6
partyalex92: raises $3 to $9
Agrotait: calls $3
*** FLOP *** [7c Jc 9d]
partyalex92: bets $3
Agrotait: calls $3
*** TURN *** [7c Jc 9d] [4h]
partyalex92: bets $6
Agrotait: calls $6
*** RIVER *** [7c Jc 9d 4h] [6d]
partyalex92: bets $6
Agrotait: calls $6
*** SHOW DOWN ***
partyalex92: shows [Qc Ac] (high card Ace)
Agrotait: shows [2s Js] (a pair of Jacks)
Agrotait collected $47.50 from pot
*** SUMMARY ***
Total pot $48 | Rake $0.50
Board [7c Jc 9d 4h 6d]
Seat 3: partyalex92 (big blind) showed [Qc Ac] and lost with high card Ace
Seat 4: Agrotait (button) (small blind) showed [2s Js] and won ($47.50) with a pair of Jacks


PokerStars Hand #175705107147:  Hold'em Limit ($3/$6 USD) - 2017/09/16 2:39:13 ET
Table 'Alrisha' 6-max Seat #3 is the button
Seat 3: partyalex92 ($53.51 in chips)
Seat 4: Agrotait ($109.40 in chips)
partyalex92: posts small blind $1
Agrotait: posts big blind $3
*** HOLE CARDS ***
partyalex92: folds
Uncalled bet ($2) returned to Agrotait
Agrotait collected $2 from pot
Agrotait: doesn't show hand
*** SUMMARY ***
Total pot $2 | Rake $0
Seat 3: partyalex92 (button) (small blind) folded before Flop
Seat 4: Agrotait (big blind) collected ($2)


PokerStars Hand #175705101483:  Hold'em Limit ($3/$6 USD) - 2017/09/16 2:38:52 ET
Table 'Alrisha' 6-max Seat #4 is the button
Seat 3: partyalex92 ($74.51 in chips)
Seat 4: Agrotait ($88.90 in chips)
Agrotait: posts small blind $1
partyalex92: posts big blind $3
*** HOLE CARDS ***
Agrotait: raises $3 to $6
partyalex92: calls $3
*** FLOP *** [Qs Js Qh]
partyalex92: bets $3
Agrotait: calls $3
*** TURN *** [Qs Js Qh] [Th]
partyalex92: bets $6
B_loJkl joins the table at seat #5
Agrotait: calls $6
*** RIVER *** [Qs Js Qh Th] [4h]
partyalex92: checks
Agrotait: bets $6
partyalex92: calls $6
*** SHOW DOWN ***
Agrotait: shows [Ad Jh] (two pair, Queens and Jacks)
partyalex92: mucks hand
Agrotait collected $41.50 from pot
*** SUMMARY ***
Total pot $42 | Rake $0.50
Board [Qs Js Qh Th 4h]
Seat 3: partyalex92 (big blind) mucked
Seat 4: Agrotait (button) (small blind) showed [Ad Jh] and won ($41.50) with two pair, Queens and Jacks


