PokerStars Hand #156489857778:  Hold'em Limit ($3/$6 USD) - 2016/07/26 19:49:33 ET
Table 'Alrisha' 10-max Seat #6 is the button
Seat 6: Scheubi88 ($94 in chips)
Seat 7: REZOLUTION84 ($60 in chips)
Scheubi88: posts small blind $1
REZOLUTION84: posts big blind $3
*** HOLE CARDS ***
Scheubi88: raises $3 to $6
REZOLUTION84: calls $3
*** FLOP *** [7s Th As]
REZOLUTION84: checks
Scheubi88: bets $3
REZOLUTION84: calls $3
*** TURN *** [7s Th As] [Jd]
REZOLUTION84: checks
Scheubi88: checks
*** RIVER *** [7s Th As Jd] [4c]
REZOLUTION84: bets $6
Scheubi88: calls $6
*** SHOW DOWN ***
REZOLUTION84: shows [Tc 4s] (two pair, Tens and Fours)
Scheubi88: mucks hand
REZOLUTION84 collected $29.50 from pot
*** SUMMARY ***
Total pot $30 | Rake $0.50
Board [7s Th As Jd 4c]
Seat 6: Scheubi88 (button) (small blind) mucked
Seat 7: REZOLUTION84 (big blind) showed [Tc 4s] and won ($29.50) with two pair, Tens and Fours


PokerStars Hand #156489854236:  Hold'em Limit ($3/$6 USD) - 2016/07/26 19:49:26 ET
Table 'Alrisha' 10-max Seat #7 is the button
Seat 6: Scheubi88 ($93 in chips)
Seat 7: REZOLUTION84 ($60 in chips)
REZOLUTION84: posts small blind $1
Scheubi88: posts big blind $3
*** HOLE CARDS ***
REZOLUTION84: folds
Uncalled bet ($2) returned to Scheubi88
Scheubi88 collected $2 from pot
Scheubi88: doesn't show hand
*** SUMMARY ***
Total pot $2 | Rake $0
Seat 6: Scheubi88 (big blind) collected ($2)
Seat 7: REZOLUTION84 (button) (small blind) folded before Flop


PokerStars Hand #156489850070:  Hold'em Limit ($3/$6 USD) - 2016/07/26 19:49:18 ET
Table 'Alrisha' 10-max Seat #6 is the button
Seat 6: Scheubi88 ($90 in chips)
Seat 7: REZOLUTION84 ($60 in chips)
Scheubi88: posts small blind $1
REZOLUTION84: posts big blind $3
*** HOLE CARDS ***
Scheubi88: raises $3 to $6
REZOLUTION84: folds
Uncalled bet ($3) returned to Scheubi88
Scheubi88 collected $6 from pot
Scheubi88: doesn't show hand
*** SUMMARY ***
Total pot $6 | Rake $0
Seat 6: Scheubi88 (button) (small blind) collected ($6)
Seat 7: REZOLUTION84 (big blind) folded before Flop


PokerStars Hand #156489879867:  Hold'em Limit ($3/$6 USD) - 2016/07/26 19:50:17 ET
Table 'Alrisha' 10-max Seat #6 is the button
Seat 6: Scheubi88 ($84.76 in chips)
Seat 7: REZOLUTION84 ($68.50 in chips)
Scheubi88: posts small blind $1
REZOLUTION84: posts big blind $3
*** HOLE CARDS ***
Scheubi88: raises $3 to $6
REZOLUTION84: calls $3
*** FLOP *** [8d 9s 6h]
REZOLUTION84: checks
Scheubi88: checks
*** TURN *** [8d 9s 6h] [Jh]
REZOLUTION84: checks
Scheubi88: bets $6
REZOLUTION84: folds
Uncalled bet ($6) returned to Scheubi88
Scheubi88 collected $11.76 from pot
Scheubi88: doesn't show hand
*** SUMMARY ***
Total pot $12 | Rake $0.24
Board [8d 9s 6h Jh]
Seat 6: Scheubi88 (button) (small blind) collected ($11.76)
Seat 7: REZOLUTION84 (big blind) folded on the Turn


PokerStars Hand #156489866670:  Hold'em Limit ($3/$6 USD) - 2016/07/26 19:49:51 ET
Table 'Alrisha' 10-max Seat #7 is the button
Seat 6: Scheubi88 ($79 in chips)
Seat 7: REZOLUTION84 ($74.50 in chips)
REZOLUTION84: posts small blind $1
Scheubi88: posts big blind $3
*** HOLE CARDS ***
REZOLUTION84: raises $3 to $6
Scheubi88: calls $3
*** FLOP *** [Qs 9c Tc]
Scheubi88: checks
REZOLUTION84: checks
*** TURN *** [Qs 9c Tc] [4c]
Scheubi88: checks
REZOLUTION84: checks
*** RIVER *** [Qs 9c Tc 4c] [3h]
Scheubi88: checks
REZOLUTION84: checks
*** SHOW DOWN ***
Scheubi88: shows [9d 7h] (a pair of Nines)
REZOLUTION84: mucks hand
Scheubi88 collected $11.76 from pot
*** SUMMARY ***
Total pot $12 | Rake $0.24
Board [Qs 9c Tc 4c 3h]
Seat 6: Scheubi88 (big blind) showed [9d 7h] and won ($11.76) with a pair of Nines
Seat 7: REZOLUTION84 (button) (small blind) mucked


PokerStars Hand #156489928261:  Hold'em Limit ($3/$6 USD) - 2016/07/26 19:51:39 ET
Table 'Alrisha' 10-max Seat #7 is the button
Seat 6: Scheubi88 ($90.28 in chips)
Seat 7: REZOLUTION84 ($62.26 in chips)
REZOLUTION84: posts small blind $1
Scheubi88: posts big blind $3
*** HOLE CARDS ***
REZOLUTION84: folds
Uncalled bet ($2) returned to Scheubi88
Scheubi88 collected $2 from pot
Scheubi88: doesn't show hand
*** SUMMARY ***
Total pot $2 | Rake $0
Seat 6: Scheubi88 (big blind) collected ($2)
Seat 7: REZOLUTION84 (button) (small blind) folded before Flop


PokerStars Hand #156489921708:  Hold'em Limit ($3/$6 USD) - 2016/07/26 19:51:26 ET
Table 'Alrisha' 10-max Seat #6 is the button
Seat 6: Scheubi88 ($84.52 in chips)
Seat 7: REZOLUTION84 ($68.26 in chips)
Scheubi88: posts small blind $1
REZOLUTION84: posts big blind $3
*** HOLE CARDS ***
Scheubi88: raises $3 to $6
REZOLUTION84: calls $3
*** FLOP *** [9c 5c 3h]
REZOLUTION84: checks
Scheubi88: bets $3
REZOLUTION84: folds
Uncalled bet ($3) returned to Scheubi88
Scheubi88 collected $11.76 from pot
Scheubi88: doesn't show hand
*** SUMMARY ***
Total pot $12 | Rake $0.24
Board [9c 5c 3h]
Seat 6: Scheubi88 (button) (small blind) collected ($11.76)
Seat 7: REZOLUTION84 (big blind) folded on the Flop


PokerStars Hand #156489916391:  Hold'em Limit ($3/$6 USD) - 2016/07/26 19:51:16 ET
Table 'Alrisha' 10-max Seat #7 is the button
Seat 6: Scheubi88 ($87.52 in chips)
Seat 7: REZOLUTION84 ($65.26 in chips)
REZOLUTION84: posts small blind $1
Scheubi88: posts big blind $3
*** HOLE CARDS ***
REZOLUTION84: raises $3 to $6
Scheubi88: folds
Uncalled bet ($3) returned to REZOLUTION84
REZOLUTION84 collected $6 from pot
*** SUMMARY ***
Total pot $6 | Rake $0
Seat 6: Scheubi88 (big blind) folded before Flop
Seat 7: REZOLUTION84 (button) (small blind) collected ($6)


PokerStars Hand #156489913090:  Hold'em Limit ($3/$6 USD) - 2016/07/26 19:51:09 ET
Table 'Alrisha' 10-max Seat #6 is the button
Seat 6: Scheubi88 ($84.52 in chips)
Seat 7: REZOLUTION84 ($68.26 in chips)
Scheubi88: posts small blind $1
REZOLUTION84: posts big blind $3
*** HOLE CARDS ***
Scheubi88: raises $3 to $6
REZOLUTION84: folds
Uncalled bet ($3) returned to Scheubi88
Scheubi88 collected $6 from pot
Scheubi88: doesn't show hand
*** SUMMARY ***
Total pot $6 | Rake $0
Seat 6: Scheubi88 (button) (small blind) collected ($6)
Seat 7: REZOLUTION84 (big blind) folded before Flop


PokerStars Hand #156489903484:  Hold'em Limit ($3/$6 USD) - 2016/07/26 19:50:49 ET
Table 'Alrisha' 10-max Seat #7 is the button
Seat 6: Scheubi88 ($90.52 in chips)
Seat 7: REZOLUTION84 ($62.50 in chips)
REZOLUTION84: posts small blind $1
Scheubi88: posts big blind $3
*** HOLE CARDS ***
REZOLUTION84: raises $3 to $6
Scheubi88: calls $3
*** FLOP *** [2h 8s 6d]
Scheubi88: checks
REZOLUTION84: bets $3
Scheubi88: folds
Uncalled bet ($3) returned to REZOLUTION84
REZOLUTION84 collected $11.76 from pot
*** SUMMARY ***
Total pot $12 | Rake $0.24
Board [2h 8s 6d]
Seat 6: Scheubi88 (big blind) folded on the Flop
Seat 7: REZOLUTION84 (button) (small blind) collected ($11.76)


PokerStars Hand #156489950217:  Hold'em Limit ($3/$6 USD) - 2016/07/26 19:52:24 ET
Table 'Alrisha' 10-max Seat #6 is the button
Seat 6: Scheubi88 ($70.28 in chips)
Seat 7: REZOLUTION84 ($81.52 in chips)
Scheubi88: posts small blind $1
REZOLUTION84: posts big blind $3
*** HOLE CARDS ***
Scheubi88: raises $3 to $6
REZOLUTION84: calls $3
*** FLOP *** [Ks 7d Jh]
REZOLUTION84: checks
Scheubi88: bets $3
REZOLUTION84: raises $3 to $6
Scheubi88: calls $3
*** TURN *** [Ks 7d Jh] [Ah]
REZOLUTION84: bets $6
Scheubi88: calls $6
*** RIVER *** [Ks 7d Jh Ah] [6s]
REZOLUTION84: bets $6
Scheubi88: calls $6
*** SHOW DOWN ***
REZOLUTION84: shows [8s Kd] (a pair of Kings)
Scheubi88: mucks hand
REZOLUTION84 collected $47.50 from pot
*** SUMMARY ***
Total pot $48 | Rake $0.50
Board [Ks 7d Jh Ah 6s]
Seat 6: Scheubi88 (button) (small blind) mucked
Seat 7: REZOLUTION84 (big blind) showed [8s Kd] and won ($47.50) with a pair of Kings


PokerStars Hand #156489943237:  Hold'em Limit ($3/$6 USD) - 2016/07/26 19:52:10 ET
Table 'Alrisha' 10-max Seat #7 is the button
Seat 6: Scheubi88 ($76.28 in chips)
Seat 7: REZOLUTION84 ($75.76 in chips)
REZOLUTION84: posts small blind $1
Scheubi88: posts big blind $3
*** HOLE CARDS ***
REZOLUTION84: raises $3 to $6
Scheubi88: calls $3
*** FLOP *** [8d Td 8c]
Scheubi88: checks
REZOLUTION84: bets $3
Scheubi88: folds
Uncalled bet ($3) returned to REZOLUTION84
REZOLUTION84 collected $11.76 from pot
*** SUMMARY ***
Total pot $12 | Rake $0.24
Board [8d Td 8c]
Seat 6: Scheubi88 (big blind) folded on the Flop
Seat 7: REZOLUTION84 (button) (small blind) collected ($11.76)


PokerStars Hand #156489931334:  Hold'em Limit ($3/$6 USD) - 2016/07/26 19:51:46 ET
Table 'Alrisha' 10-max Seat #6 is the button
Seat 6: Scheubi88 ($91.28 in chips)
Seat 7: REZOLUTION84 ($61.26 in chips)
Scheubi88: posts small blind $1
REZOLUTION84: posts big blind $3
*** HOLE CARDS ***
Scheubi88: raises $3 to $6
REZOLUTION84: calls $3
*** FLOP *** [6h Js 9s]
REZOLUTION84: checks
Scheubi88: bets $3
REZOLUTION84: calls $3
*** TURN *** [6h Js 9s] [8s]
REZOLUTION84: checks
Scheubi88: bets $6
REZOLUTION84: calls $6
*** RIVER *** [6h Js 9s 8s] [Qh]
REZOLUTION84: bets $6
Scheubi88: folds
Uncalled bet ($6) returned to REZOLUTION84
REZOLUTION84 collected $29.50 from pot
*** SUMMARY ***
Total pot $30 | Rake $0.50
Board [6h Js 9s 8s Qh]
Seat 6: Scheubi88 (button) (small blind) folded on the River
Seat 7: REZOLUTION84 (big blind) collected ($29.50)


PokerStars Hand #156489963754:  Hold'em Limit ($3/$6 USD) - 2016/07/26 19:52:51 ET
Table 'Alrisha' 10-max Seat #7 is the button
Seat 6: Scheubi88 ($46.28 in chips)
Seat 7: REZOLUTION84 ($105.02 in chips)
REZOLUTION84: posts small blind $1
Scheubi88: posts big blind $3
*** HOLE CARDS ***
REZOLUTION84: raises $3 to $6
Scheubi88: calls $3
*** FLOP *** [9c Ks 4h]
Scheubi88: checks
REZOLUTION84: bets $3
Scheubi88: calls $3
*** TURN *** [9c Ks 4h] [Ts]
Scheubi88: checks
REZOLUTION84: checks
*** RIVER *** [9c Ks 4h Ts] [Kc]
Scheubi88: bets $6
REZOLUTION84: calls $6
*** SHOW DOWN ***
Scheubi88: shows [Kd Th] (a full house, Kings full of Tens)
REZOLUTION84: mucks hand
Scheubi88 collected $29.50 from pot
*** SUMMARY ***
Total pot $30 | Rake $0.50
Board [9c Ks 4h Ts Kc]
Seat 6: Scheubi88 (big blind) showed [Kd Th] and won ($29.50) with a full house, Kings full of Tens
Seat 7: REZOLUTION84 (button) (small blind) mucked


PokerStars Hand #156489973568:  Hold'em Limit ($3/$6 USD) - 2016/07/26 19:53:11 ET
Table 'Alrisha' 10-max Seat #6 is the button
Seat 6: Scheubi88 ($60.78 in chips)
Seat 7: REZOLUTION84 ($90.02 in chips)
Scheubi88: posts small blind $1
REZOLUTION84: posts big blind $3
*** HOLE CARDS ***
Scheubi88: raises $3 to $6
REZOLUTION84: calls $3
*** FLOP *** [2h Kh 9s]
REZOLUTION84: checks
Scheubi88: bets $3
REZOLUTION84: folds
Uncalled bet ($3) returned to Scheubi88
Scheubi88 collected $11.76 from pot
Scheubi88: doesn't show hand
*** SUMMARY ***
Total pot $12 | Rake $0.24
Board [2h Kh 9s]
Seat 6: Scheubi88 (button) (small blind) collected ($11.76)
Seat 7: REZOLUTION84 (big blind) folded on the Flop


PokerStars Hand #156489981409:  Hold'em Limit ($3/$6 USD) - 2016/07/26 19:53:27 ET
Table 'Alrisha' 10-max Seat #7 is the button
Seat 6: Scheubi88 ($66.54 in chips)
Seat 7: REZOLUTION84 ($84.02 in chips)
REZOLUTION84: posts small blind $1
Scheubi88: posts big blind $3
*** HOLE CARDS ***
REZOLUTION84: raises $3 to $6
Scheubi88: calls $3
*** FLOP *** [9c 6d Js]
Scheubi88: checks
REZOLUTION84: bets $3
Scheubi88: folds
Uncalled bet ($3) returned to REZOLUTION84
REZOLUTION84 collected $11.76 from pot
*** SUMMARY ***
Total pot $12 | Rake $0.24
Board [9c 6d Js]
Seat 6: Scheubi88 (big blind) folded on the Flop
Seat 7: REZOLUTION84 (button) (small blind) collected ($11.76)


PokerStars Hand #156489989095:  Hold'em Limit ($3/$6 USD) - 2016/07/26 19:53:43 ET
Table 'Alrisha' 10-max Seat #6 is the button
Seat 6: Scheubi88 ($60.54 in chips)
Seat 7: REZOLUTION84 ($89.78 in chips)
Scheubi88: posts small blind $1
REZOLUTION84: posts big blind $3
*** HOLE CARDS ***
Scheubi88: raises $3 to $6
REZOLUTION84: calls $3
*** FLOP *** [8h 3s Tc]
REZOLUTION84: checks
Scheubi88: bets $3
REZOLUTION84: calls $3
*** TURN *** [8h 3s Tc] [Qs]
REZOLUTION84: checks
Scheubi88: checks
*** RIVER *** [8h 3s Tc Qs] [Qd]
REZOLUTION84: checks
Scheubi88: checks
*** SHOW DOWN ***
REZOLUTION84: shows [7s 9h] (a pair of Queens)
Scheubi88: shows [9d Ac] (a pair of Queens - Ace kicker)
Scheubi88 collected $17.64 from pot
*** SUMMARY ***
Total pot $18 | Rake $0.36
Board [8h 3s Tc Qs Qd]
Seat 6: Scheubi88 (button) (small blind) showed [9d Ac] and won ($17.64) with a pair of Queens
Seat 7: REZOLUTION84 (big blind) showed [7s 9h] and lost with a pair of Queens


PokerStars Hand #156490006225:  Hold'em Limit ($3/$6 USD) - 2016/07/26 19:54:18 ET
Table 'Alrisha' 10-max Seat #6 is the button
Seat 6: Scheubi88 ($77.82 in chips)
Seat 7: REZOLUTION84 ($71.78 in chips)
Scheubi88: posts small blind $1
REZOLUTION84: posts big blind $3
*** HOLE CARDS ***
Scheubi88: folds
Uncalled bet ($2) returned to REZOLUTION84
REZOLUTION84 collected $2 from pot
*** SUMMARY ***
Total pot $2 | Rake $0
Seat 6: Scheubi88 (button) (small blind) folded before Flop
Seat 7: REZOLUTION84 (big blind) collected ($2)


PokerStars Hand #156489999751:  Hold'em Limit ($3/$6 USD) - 2016/07/26 19:54:05 ET
Table 'Alrisha' 10-max Seat #7 is the button
Seat 6: Scheubi88 ($69.18 in chips)
Seat 7: REZOLUTION84 ($80.78 in chips)
REZOLUTION84: posts small blind $1
Scheubi88: posts big blind $3
*** HOLE CARDS ***
REZOLUTION84: raises $3 to $6
Scheubi88: calls $3
*** FLOP *** [9c As Qs]
Scheubi88: checks
REZOLUTION84: bets $3
Scheubi88: raises $3 to $6
REZOLUTION84: folds
Uncalled bet ($3) returned to Scheubi88
Scheubi88 collected $17.64 from pot
Scheubi88: doesn't show hand
*** SUMMARY ***
Total pot $18 | Rake $0.36
Board [9c As Qs]
Seat 6: Scheubi88 (big blind) collected ($17.64)
Seat 7: REZOLUTION84 (button) (small blind) folded on the Flop


PokerStars Hand #156490008943:  Hold'em Limit ($3/$6 USD) - 2016/07/26 19:54:24 ET
Table 'Alrisha' 10-max Seat #7 is the button
Seat 6: Scheubi88 ($76.82 in chips)
Seat 7: REZOLUTION84 ($72.78 in chips)
REZOLUTION84: posts small blind $1
Scheubi88: posts big blind $3
*** HOLE CARDS ***
REZOLUTION84: folds
Uncalled bet ($2) returned to Scheubi88
Scheubi88 collected $2 from pot
Scheubi88: doesn't show hand
lanås joins the table at seat #10
*** SUMMARY ***
Total pot $2 | Rake $0
Seat 6: Scheubi88 (big blind) collected ($2)
Seat 7: REZOLUTION84 (button) (small blind) folded before Flop


PokerStars Hand #156490012275:  Hold'em Limit ($3/$6 USD) - 2016/07/26 19:54:30 ET
Table 'Alrisha' 10-max Seat #6 is the button
Seat 6: Scheubi88 ($77.82 in chips)
Seat 7: REZOLUTION84 ($71.78 in chips)
Scheubi88: posts small blind $1
REZOLUTION84: posts big blind $3
*** HOLE CARDS ***
Scheubi88: folds
Uncalled bet ($2) returned to REZOLUTION84
REZOLUTION84 collected $2 from pot
*** SUMMARY ***
Total pot $2 | Rake $0
Seat 6: Scheubi88 (button) (small blind) folded before Flop
Seat 7: REZOLUTION84 (big blind) collected ($2)


