PokerStars Hand #160829860049:  Hold'em Limit ($3/$6 USD) - 2016/11/03 7:11:23 ET
Table 'Alrisha II' 6-max Seat #4 is the button
Seat 1: vitim848 ($92.50 in chips)
Seat 4: Agrotait ($72 in chips)
Agrotait: posts small blind $1
vitim848: posts big blind $3
*** HOLE CARDS ***
Agrotait: folds
Uncalled bet ($2) returned to vitim848
vitim848 collected $2 from pot
vitim848: doesn't show hand
*** SUMMARY ***
Total pot $2 | Rake $0
Seat 1: vitim848 (big blind) collected ($2)
Seat 4: Agrotait (button) (small blind) folded before Flop


PokerStars Hand #160829843007:  Hold'em Limit ($3/$6 USD) - 2016/11/03 7:10:44 ET
Table 'Alrisha II' 6-max Seat #1 is the button
Seat 1: vitim848 ($72 in chips)
Seat 4: Agrotait ($72 in chips)
vitim848: posts small blind $1
Agrotait: posts big blind $3
*** HOLE CARDS ***
TbIP-TbIP 88 joins the table at seat #2
vitim848: raises $3 to $6
Agrotait: calls $3
*** FLOP *** [3d Ad 5d]
Agrotait: checks
vitim848: bets $3
Agrotait: calls $3
*** TURN *** [3d Ad 5d] [Ah]
Agrotait: checks
vitim848: bets $6
Agrotait: calls $6
*** RIVER *** [3d Ad 5d Ah] [8h]
Agrotait: checks
vitim848: bets $6
Agrotait: calls $6
*** SHOW DOWN ***
vitim848: shows [6s As] (three of a kind, Aces)
Agrotait: mucks hand
vitim848 collected $41.50 from pot
*** SUMMARY ***
Total pot $42 | Rake $0.50
Board [3d Ad 5d Ah 8h]
Seat 1: vitim848 (button) (small blind) showed [6s As] and won ($41.50) with three of a kind, Aces
Seat 4: Agrotait (big blind) mucked


PokerStars Hand #160830138063:  Hold'em Limit ($3/$6 USD) - 2016/11/03 7:21:55 ET
Table 'Alrisha II' 6-max Seat #1 is the button
Seat 1: vitim848 ($101.66 in chips)
Seat 2: TbIP-TbIP 88 ($87.50 in chips)
vitim848: posts small blind $1
TbIP-TbIP 88: posts big blind $3
*** HOLE CARDS ***
vitim848: folds
Uncalled bet ($2) returned to TbIP-TbIP 88
TbIP-TbIP 88 collected $2 from pot
TbIP-TbIP 88: doesn't show hand
*** SUMMARY ***
Total pot $2 | Rake $0
Seat 1: vitim848 (button) (small blind) folded before Flop
Seat 2: TbIP-TbIP 88 (big blind) collected ($2)


PokerStars Hand #160830122123:  Hold'em Limit ($3/$6 USD) - 2016/11/03 7:21:19 ET
Table 'Alrisha II' 6-max Seat #2 is the button
Seat 1: vitim848 ($116.66 in chips)
Seat 2: TbIP-TbIP 88 ($73 in chips)
TbIP-TbIP 88: posts small blind $1
Agrotait: is sitting out
vitim848: posts big blind $3
*** HOLE CARDS ***
TbIP-TbIP 88: raises $3 to $6
vitim848: calls $3
*** FLOP *** [7h 3d Th]
vitim848: checks
TbIP-TbIP 88: bets $3
vitim848: calls $3
*** TURN *** [7h 3d Th] [7s]
vitim848: checks
TbIP-TbIP 88: bets $6
vitim848: calls $6
*** RIVER *** [7h 3d Th 7s] [2h]
B_loJkl joins the table at seat #3
vitim848: checks
TbIP-TbIP 88: bets $6
vitim848: folds
Uncalled bet ($6) returned to TbIP-TbIP 88
TbIP-TbIP 88 collected $29.50 from pot
TbIP-TbIP 88: doesn't show hand
*** SUMMARY ***
Total pot $30 | Rake $0.50
Board [7h 3d Th 7s 2h]
Seat 1: vitim848 (big blind) folded on the River
Seat 2: TbIP-TbIP 88 (button) (small blind) collected ($29.50)


PokerStars Hand #160830144900:  Hold'em Limit ($3/$6 USD) - 2016/11/03 7:22:10 ET
Table 'Alrisha II' 6-max Seat #3 is the button
Seat 2: TbIP-TbIP 88 ($87.50 in chips)
Seat 3: B_loJkl ($151 in chips)
B_loJkl: posts small blind $1
TbIP-TbIP 88: posts big blind $3
*** HOLE CARDS ***
B_loJkl: raises $3 to $6
Agrotait leaves the table
TbIP-TbIP 88: folds
Uncalled bet ($3) returned to B_loJkl
B_loJkl collected $6 from pot
B_loJkl: doesn't show hand
*** SUMMARY ***
Total pot $6 | Rake $0
Seat 2: TbIP-TbIP 88 (big blind) folded before Flop
Seat 3: B_loJkl (button) (small blind) collected ($6)


