PokerStars Hand #154039051199:  Hold'em Limit ($3/$6 USD) - 2016/05/30 5:24:13 ET
Table 'Alrisha' 6-max Seat #4 is the button
Seat 4: Tryptamean ($72.98 in chips)
Seat 5: Miegstroem ($383.68 in chips)
Tryptamean: posts small blind $1
Miegstroem: posts big blind $3
*** HOLE CARDS ***
Tryptamean: raises $3 to $6
Miegstroem: calls $3
*** FLOP *** [Td 9d 8h]
Miegstroem: checks
Tryptamean: bets $3
Miegstroem: folds
Uncalled bet ($3) returned to Tryptamean
Tryptamean collected $11.76 from pot
Tryptamean: doesn't show hand
*** SUMMARY ***
Total pot $12 | Rake $0.24
Board [Td 9d 8h]
Seat 4: Tryptamean (button) (small blind) collected ($11.76)
Seat 5: Miegstroem (big blind) folded on the Flop


PokerStars Hand #154039039707:  Hold'em Limit ($3/$6 USD) - 2016/05/30 5:23:42 ET
Table 'Alrisha' 6-max Seat #5 is the button
Seat 4: Tryptamean ($64.34 in chips)
Seat 5: Miegstroem ($392.68 in chips)
Miegstroem: posts small blind $1
Garuda Black: is sitting out
Tryptamean: posts big blind $3
*** HOLE CARDS ***
Miegstroem: raises $3 to $6
Garuda Black leaves the table
Tryptamean: calls $3
*** FLOP *** [6c 4s 5d]
Tryptamean: checks
Miegstroem: bets $3
Tryptamean: calls $3
*** TURN *** [6c 4s 5d] [5s]
Tryptamean: checks
Miegstroem: checks
*** RIVER *** [6c 4s 5d 5s] [Jc]
Tryptamean: checks
Miegstroem: checks
*** SHOW DOWN ***
Tryptamean: shows [Ac 2c] (a pair of Fives)
Miegstroem: mucks hand
Tryptamean collected $17.64 from pot
*** SUMMARY ***
Total pot $18 | Rake $0.36
Board [6c 4s 5d 5s Jc]
Seat 4: Tryptamean (big blind) showed [Ac 2c] and won ($17.64) with a pair of Fives
Seat 5: Miegstroem (button) (small blind) mucked


PokerStars Hand #154039074947:  Hold'em Limit ($3/$6 USD) - 2016/05/30 5:25:16 ET
Table 'Alrisha' 6-max Seat #4 is the button
Seat 4: Tryptamean ($99.24 in chips)
Seat 5: Miegstroem ($356.68 in chips)
Tryptamean: posts small blind $1
Miegstroem: posts big blind $3
*** HOLE CARDS ***
Tryptamean: raises $3 to $6
Miegstroem: folds
Uncalled bet ($3) returned to Tryptamean
Tryptamean collected $6 from pot
Tryptamean: doesn't show hand
*** SUMMARY ***
Total pot $6 | Rake $0
Seat 4: Tryptamean (button) (small blind) collected ($6)
Seat 5: Miegstroem (big blind) folded before Flop


PokerStars Hand #154039077819:  Hold'em Limit ($3/$6 USD) - 2016/05/30 5:25:24 ET
Table 'Alrisha' 6-max Seat #5 is the button
Seat 4: Tryptamean ($102.24 in chips)
Seat 5: Miegstroem ($353.68 in chips)
Miegstroem: posts small blind $1
Tryptamean: posts big blind $3
*** HOLE CARDS ***
Miegstroem: raises $3 to $6
Tryptamean: calls $3
*** FLOP *** [Th Jd Qs]
Tryptamean: checks
Miegstroem: bets $3
Tryptamean: raises $3 to $6
Miegstroem: calls $3
*** TURN *** [Th Jd Qs] [Jc]
Tryptamean: checks
Miegstroem: checks
*** RIVER *** [Th Jd Qs Jc] [Td]
Tryptamean: checks
Miegstroem: checks
*** SHOW DOWN ***
Tryptamean: shows [3d Kc] (two pair, Jacks and Tens)
Miegstroem: shows [5s Kd] (two pair, Jacks and Tens)
Tryptamean collected $11.76 from pot
Miegstroem collected $11.76 from pot
*** SUMMARY ***
Total pot $24 | Rake $0.48
Board [Th Jd Qs Jc Td]
Seat 4: Tryptamean (big blind) showed [3d Kc] and won ($11.76) with two pair, Jacks and Tens
Seat 5: Miegstroem (button) (small blind) showed [5s Kd] and won ($11.76) with two pair, Jacks and Tens


PokerStars Hand #154039057044:  Hold'em Limit ($3/$6 USD) - 2016/05/30 5:24:29 ET
Table 'Alrisha' 6-max Seat #5 is the button
Seat 4: Tryptamean ($78.74 in chips)
Seat 5: Miegstroem ($377.68 in chips)
Miegstroem: posts small blind $1
Tryptamean: posts big blind $3
*** HOLE CARDS ***
Miegstroem: raises $3 to $6
Tryptamean: calls $3
*** FLOP *** [8h 5s As]
Tryptamean: checks
Miegstroem: bets $3
Tryptamean: calls $3
*** TURN *** [8h 5s As] [4c]
Tryptamean: checks
Miegstroem: bets $6
Tryptamean: calls $6
*** RIVER *** [8h 5s As 4c] [3h]
Tryptamean: checks
Miegstroem: bets $6
Tryptamean: calls $6
*** SHOW DOWN ***
Miegstroem: shows [Ts 6s] (high card Ace)
Tryptamean: shows [5c 7h] (a pair of Fives)
Tryptamean collected $41.50 from pot
*** SUMMARY ***
Total pot $42 | Rake $0.50
Board [8h 5s As 4c 3h]
Seat 4: Tryptamean (big blind) showed [5c 7h] and won ($41.50) with a pair of Fives
Seat 5: Miegstroem (button) (small blind) showed [Ts 6s] and lost with high card Ace


PokerStars Hand #154039102018:  Hold'em Limit ($3/$6 USD) - 2016/05/30 5:26:28 ET
Table 'Alrisha' 6-max Seat #5 is the button
Seat 4: Tryptamean ($110.64 in chips)
Seat 5: Miegstroem ($344.44 in chips)
Miegstroem: posts small blind $1
Tryptamean: posts big blind $3
*** HOLE CARDS ***
Miegstroem: folds
Uncalled bet ($2) returned to Tryptamean
Tryptamean collected $2 from pot
Tryptamean: doesn't show hand
*** SUMMARY ***
Total pot $2 | Rake $0
Seat 4: Tryptamean (big blind) collected ($2)
Seat 5: Miegstroem (button) (small blind) folded before Flop


PokerStars Hand #154039090459:  Hold'em Limit ($3/$6 USD) - 2016/05/30 5:25:58 ET
Table 'Alrisha' 6-max Seat #4 is the button
Seat 4: Tryptamean ($102 in chips)
Seat 5: Miegstroem ($353.44 in chips)
Tryptamean: posts small blind $1
Miegstroem: posts big blind $3
*** HOLE CARDS ***
Tryptamean: raises $3 to $6
Miegstroem: calls $3
*** FLOP *** [4c 3c 6s]
Miegstroem: checks
Tryptamean: bets $3
Miegstroem: calls $3
*** TURN *** [4c 3c 6s] [5h]
Miegstroem: checks
Tryptamean: bets $6
Miegstroem: folds
Uncalled bet ($6) returned to Tryptamean
Tryptamean collected $17.64 from pot
Tryptamean: doesn't show hand
*** SUMMARY ***
Total pot $18 | Rake $0.36
Board [4c 3c 6s 5h]
Seat 4: Tryptamean (button) (small blind) collected ($17.64)
Seat 5: Miegstroem (big blind) folded on the Turn


