PokerStars Hand #166170589166:  Hold'em Limit ($3/$6 USD) - 2017/02/13 17:10:01 ET
Table 'Alrisha II' 6-max Seat #4 is the button
Seat 3: FHstyles ($60 in chips)
Seat 4: denn69 ($67.66 in chips)
denn69: posts small blind $1
FHstyles: posts big blind $3
*** HOLE CARDS ***
denn69: folds
Uncalled bet ($2) returned to FHstyles
FHstyles collected $2 from pot
FHstyles: doesn't show hand
*** SUMMARY ***
Total pot $2 | Rake $0
Seat 3: FHstyles (big blind) collected ($2)
Seat 4: denn69 (button) (small blind) folded before Flop


PokerStars Hand #166170600369:  Hold'em Limit ($3/$6 USD) - 2017/02/13 17:10:13 ET
Table 'Alrisha II' 6-max Seat #3 is the button
Seat 3: FHstyles ($61 in chips)
Seat 4: denn69 ($66.66 in chips)
FHstyles: posts small blind $1
denn69: posts big blind $3
*** HOLE CARDS ***
FHstyles: raises $3 to $6
denn69: calls $3
*** FLOP *** [2s 7h 7d]
denn69: checks
FHstyles: bets $3
denn69: calls $3
*** TURN *** [2s 7h 7d] [9s]
denn69: bets $6
FHstyles: raises $6 to $12
denn69: calls $6
*** RIVER *** [2s 7h 7d 9s] [8d]
denn69: checks
FHstyles: bets $6
denn69: calls $6
*** SHOW DOWN ***
FHstyles: shows [Ad 7s] (three of a kind, Sevens)
denn69: mucks hand
FHstyles collected $53.50 from pot
*** SUMMARY ***
Total pot $54 | Rake $0.50
Board [2s 7h 7d 9s 8d]
Seat 3: FHstyles (button) (small blind) showed [Ad 7s] and won ($53.50) with three of a kind, Sevens
Seat 4: denn69 (big blind) mucked


PokerStars Hand #166170619418:  Hold'em Limit ($3/$6 USD) - 2017/02/13 17:10:33 ET
Table 'Alrisha II' 6-max Seat #4 is the button
Seat 3: FHstyles ($87.50 in chips)
Seat 4: denn69 ($39.66 in chips)
denn69: posts small blind $1
FHstyles: posts big blind $3
*** HOLE CARDS ***
denn69: raises $3 to $6
FHstyles: raises $3 to $9
denn69: raises $3 to $12
Betting is capped
FHstyles: calls $3
*** FLOP *** [6h Kc Qc]
FHstyles: checks
denn69: bets $3
FHstyles: raises $3 to $6
denn69: folds
Uncalled bet ($3) returned to FHstyles
FHstyles collected $29.50 from pot
FHstyles: doesn't show hand
*** SUMMARY ***
Total pot $30 | Rake $0.50
Board [6h Kc Qc]
Seat 3: FHstyles (big blind) collected ($29.50)
Seat 4: denn69 (button) (small blind) folded on the Flop


PokerStars Hand #166170631744:  Hold'em Limit ($3/$6 USD) - 2017/02/13 17:10:45 ET
Table 'Alrisha II' 6-max Seat #3 is the button
Seat 3: FHstyles ($102 in chips)
Seat 4: denn69 ($24.66 in chips)
FHstyles: posts small blind $1
denn69: posts big blind $3
*** HOLE CARDS ***
FHstyles: raises $3 to $6
denn69: raises $3 to $9
FHstyles: calls $3
*** FLOP *** [7d 9h 4s]
denn69: bets $3
FHstyles: calls $3
*** TURN *** [7d 9h 4s] [Qc]
denn69: bets $6
FHstyles: calls $6
*** RIVER *** [7d 9h 4s Qc] [Th]
denn69: bets $6
FHstyles: raises $6 to $12
denn69: calls $0.66 and is all-in
Uncalled bet ($5.34) returned to FHstyles
*** SHOW DOWN ***
FHstyles: shows [Tc 7h] (two pair, Tens and Sevens)
denn69: shows [Ad Qh] (a pair of Queens)
FHstyles collected $48.82 from pot
*** SUMMARY ***
Total pot $49.32 | Rake $0.50
Board [7d 9h 4s Qc Th]
Seat 3: FHstyles (button) (small blind) showed [Tc 7h] and won ($48.82) with two pair, Tens and Sevens
Seat 4: denn69 (big blind) showed [Ad Qh] and lost with a pair of Queens


