PokerStars Hand #148080030075:  Hold'em Limit ($3/$6 USD) - 2016/02/01 17:58:27 ET
Table 'Alrisha' 2-max Seat #2 is the button
Seat 1: elifnur2008 ($111.50 in chips)
Seat 2: kokos639 ($48.26 in chips)
kokos639: posts small blind $1
elifnur2008: posts big blind $3
*** HOLE CARDS ***
kokos639: folds
Uncalled bet ($2) returned to elifnur2008
elifnur2008 collected $2 from pot
elifnur2008: doesn't show hand
*** SUMMARY ***
Total pot $2 | Rake $0
Seat 1: elifnur2008 (big blind) collected ($2)
Seat 2: kokos639 (button) (small blind) folded before Flop


PokerStars Hand #148080024188:  Hold'em Limit ($3/$6 USD) - 2016/02/01 17:58:22 ET
Table 'Alrisha' 2-max Seat #1 is the button
Seat 1: elifnur2008 ($112.50 in chips)
Seat 2: kokos639 ($47.26 in chips)
elifnur2008: posts small blind $1
kokos639: posts big blind $3
*** HOLE CARDS ***
elifnur2008: folds
Uncalled bet ($2) returned to kokos639
kokos639 collected $2 from pot
kokos639: doesn't show hand
*** SUMMARY ***
Total pot $2 | Rake $0
Seat 1: elifnur2008 (button) (small blind) folded before Flop
Seat 2: kokos639 (big blind) collected ($2)


PokerStars Hand #148080007293:  Hold'em Limit ($3/$6 USD) - 2016/02/01 17:58:04 ET
Table 'Alrisha' 2-max Seat #2 is the button
Seat 1: elifnur2008 ($127.50 in chips)
Seat 2: kokos639 ($32.76 in chips)
kokos639: posts small blind $1
elifnur2008: posts big blind $3
*** HOLE CARDS ***
kokos639: raises $3 to $6
elifnur2008: calls $3
*** FLOP *** [Ac 3h 9s]
elifnur2008: checks
kokos639: bets $3
elifnur2008: calls $3
*** TURN *** [Ac 3h 9s] [4s]
elifnur2008: checks
kokos639: bets $6
elifnur2008: calls $6
*** RIVER *** [Ac 3h 9s 4s] [Jc]
elifnur2008: checks
kokos639: checks
*** SHOW DOWN ***
elifnur2008: shows [6s 3c] (a pair of Threes)
kokos639: shows [9h 6c] (a pair of Nines)
kokos639 collected $29.50 from pot
*** SUMMARY ***
Total pot $30 | Rake $0.50
Board [Ac 3h 9s 4s Jc]
Seat 1: elifnur2008 (big blind) showed [6s 3c] and lost with a pair of Threes
Seat 2: kokos639 (button) (small blind) showed [9h 6c] and won ($29.50) with a pair of Nines


PokerStars Hand #148079998798:  Hold'em Limit ($3/$6 USD) - 2016/02/01 17:57:58 ET
Table 'Alrisha' 2-max Seat #1 is the button
Seat 1: elifnur2008 ($128.50 in chips)
Seat 2: kokos639 ($31.76 in chips)
elifnur2008: posts small blind $1
kokos639: posts big blind $3
*** HOLE CARDS ***
elifnur2008: folds
Uncalled bet ($2) returned to kokos639
kokos639 collected $2 from pot
kokos639: doesn't show hand
*** SUMMARY ***
Total pot $2 | Rake $0
Seat 1: elifnur2008 (button) (small blind) folded before Flop
Seat 2: kokos639 (big blind) collected ($2)


PokerStars Hand #148079985356:  Hold'em Limit ($3/$6 USD) - 2016/02/01 17:57:40 ET
Table 'Alrisha' 2-max Seat #2 is the button
Seat 1: elifnur2008 ($131.50 in chips)
Seat 2: kokos639 ($28.76 in chips)
kokos639: posts small blind $1
elifnur2008: posts big blind $3
*** HOLE CARDS ***
kokos639: raises $3 to $6
elifnur2008: folds
Uncalled bet ($3) returned to kokos639
kokos639 collected $6 from pot
kokos639: doesn't show hand
*** SUMMARY ***
Total pot $6 | Rake $0
Seat 1: elifnur2008 (big blind) folded before Flop
Seat 2: kokos639 (button) (small blind) collected ($6)


PokerStars Hand #148080071152:  Hold'em Limit ($3/$6 USD) - 2016/02/01 17:59:19 ET
Table 'Alrisha' 2-max Seat #1 is the button
Seat 1: elifnur2008 ($112 in chips)
Seat 2: kokos639 ($46.76 in chips)
elifnur2008: posts small blind $1
kokos639: posts big blind $3
*** HOLE CARDS ***
elifnur2008: raises $3 to $6
kokos639: calls $3
*** FLOP *** [6c 9h 6s]
kokos639: checks
elifnur2008: bets $3
kokos639: calls $3
*** TURN *** [6c 9h 6s] [4s]
kokos639: checks
elifnur2008: bets $6
kokos639: calls $6
*** RIVER *** [6c 9h 6s 4s] [3h]
kokos639: checks
elifnur2008: bets $6
kokos639: calls $6
*** SHOW DOWN ***
elifnur2008: shows [5h Js] (a pair of Sixes)
kokos639: shows [Jc 3d] (two pair, Sixes and Threes)
kokos639 collected $41.50 from pot
*** SUMMARY ***
Total pot $42 | Rake $0.50
Board [6c 9h 6s 4s 3h]
Seat 1: elifnur2008 (button) (small blind) showed [5h Js] and lost with a pair of Sixes
Seat 2: kokos639 (big blind) showed [Jc 3d] and won ($41.50) with two pair, Sixes and Threes


PokerStars Hand #148080057166:  Hold'em Limit ($3/$6 USD) - 2016/02/01 17:59:01 ET
Table 'Alrisha' 2-max Seat #2 is the button
Seat 1: elifnur2008 ($127 in chips)
Seat 2: kokos639 ($32.26 in chips)
kokos639: posts small blind $1
elifnur2008: posts big blind $3
*** HOLE CARDS ***
kokos639: raises $3 to $6
elifnur2008: calls $3
*** FLOP *** [Ts 2d 5h]
elifnur2008: checks
kokos639: bets $3
elifnur2008: calls $3
*** TURN *** [Ts 2d 5h] [5c]
elifnur2008: checks
kokos639: bets $6
elifnur2008: calls $6
*** RIVER *** [Ts 2d 5h 5c] [6h]
elifnur2008: checks
kokos639: checks
*** SHOW DOWN ***
elifnur2008: shows [Ac 3c] (a pair of Fives)
kokos639: shows [4s 4h] (two pair, Fives and Fours)
kokos639 collected $29.50 from pot
*** SUMMARY ***
Total pot $30 | Rake $0.50
Board [Ts 2d 5h 5c 6h]
Seat 1: elifnur2008 (big blind) showed [Ac 3c] and lost with a pair of Fives
Seat 2: kokos639 (button) (small blind) showed [4s 4h] and won ($29.50) with two pair, Fives and Fours


PokerStars Hand #148080034844:  Hold'em Limit ($3/$6 USD) - 2016/02/01 17:58:34 ET
Table 'Alrisha' 2-max Seat #1 is the button
Seat 1: elifnur2008 ($112.50 in chips)
Seat 2: kokos639 ($47.26 in chips)
elifnur2008: posts small blind $1
kokos639: posts big blind $3
*** HOLE CARDS ***
elifnur2008: raises $3 to $6
kokos639: calls $3
*** FLOP *** [7c Ah 6s]
kokos639: checks
elifnur2008: bets $3
kokos639: calls $3
*** TURN *** [7c Ah 6s] [Ad]
kokos639: checks
elifnur2008: bets $6
kokos639: calls $6
*** RIVER *** [7c Ah 6s Ad] [Qc]
kokos639: checks
elifnur2008: bets $6
kokos639: folds
Uncalled bet ($6) returned to elifnur2008
elifnur2008 collected $29.50 from pot
elifnur2008: doesn't show hand
*** SUMMARY ***
Total pot $30 | Rake $0.50
Board [7c Ah 6s Ad Qc]
Seat 1: elifnur2008 (button) (small blind) collected ($29.50)
Seat 2: kokos639 (big blind) folded on the River


PokerStars Hand #148080119130:  Hold'em Limit ($3/$6 USD) - 2016/02/01 18:00:20 ET
Table 'Alrisha' 2-max Seat #1 is the button
Seat 1: elifnur2008 ($141.50 in chips)
Seat 2: kokos639 ($16.26 in chips)
elifnur2008: posts small blind $1
kokos639: posts big blind $3
*** HOLE CARDS ***
elifnur2008: raises $3 to $6
kokos639: calls $3
*** FLOP *** [Th 2h 2d]
kokos639: checks
elifnur2008: bets $3
kokos639: calls $3
*** TURN *** [Th 2h 2d] [9h]
kokos639: checks
elifnur2008: bets $6
kokos639: calls $6
*** RIVER *** [Th 2h 2d 9h] [9s]
kokos639: bets $1.26 and is all-in
elifnur2008: calls $1.26
*** SHOW DOWN ***
kokos639: shows [3h 5d] (two pair, Nines and Deuces)
elifnur2008: shows [Ah 4h] (a flush, Ace high)
elifnur2008 collected $32.02 from pot
*** SUMMARY ***
Total pot $32.52 | Rake $0.50
Board [Th 2h 2d 9h 9s]
Seat 1: elifnur2008 (button) (small blind) showed [Ah 4h] and won ($32.02) with a flush, Ace high
Seat 2: kokos639 (big blind) showed [3h 5d] and lost with two pair, Nines and Deuces


PokerStars Hand #148080087994:  Hold'em Limit ($3/$6 USD) - 2016/02/01 17:59:41 ET
Table 'Alrisha' 2-max Seat #2 is the button
Seat 1: elifnur2008 ($91 in chips)
Seat 2: kokos639 ($67.26 in chips)
kokos639: posts small blind $1
elifnur2008: posts big blind $3
*** HOLE CARDS ***
kokos639: raises $3 to $6
elifnur2008: calls $3
*** FLOP *** [5c 6d 3c]
elifnur2008: checks
kokos639: bets $3
elifnur2008: calls $3
*** TURN *** [5c 6d 3c] [2d]
elifnur2008: checks
kokos639: bets $6
elifnur2008: raises $6 to $12
kokos639: raises $6 to $18
elifnur2008: calls $6
*** RIVER *** [5c 6d 3c 2d] [Kd]
elifnur2008: checks
kokos639: bets $6
elifnur2008: raises $6 to $12
kokos639: raises $6 to $18
elifnur2008: raises $6 to $24
Betting is capped
kokos639: calls $6
*** SHOW DOWN ***
elifnur2008: shows [3d 4d] (a flush, King high)
kokos639: mucks hand
elifnur2008 collected $101.50 from pot
*** SUMMARY ***
Total pot $102 | Rake $0.50
Board [5c 6d 3c 2d Kd]
Seat 1: elifnur2008 (big blind) showed [3d 4d] and won ($101.50) with a flush, King high
Seat 2: kokos639 (button) (small blind) mucked


