PokerStars Hand #152360750169:  Hold'em Limit ($3/$6 USD) - 2016/04/24 2:23:43 ET
Table 'Alruccabah' 6-max Seat #1 is the button
Seat 1: VolkovDmitri ($120 in chips)
Seat 3: 7 Huligan 7 ($30 in chips)
VolkovDmitri: posts small blind $1
7 Huligan 7: posts big blind $3
*** HOLE CARDS ***
VolkovDmitri said, "ot eblen"
VolkovDmitri: raises $3 to $6
7 Huligan 7: calls $3
*** FLOP *** [2s Ts 9s]
7 Huligan 7: checks
VolkovDmitri said, "za4em ti prigaesg tuda suda?"
VolkovDmitri: bets $3
7 Huligan 7: calls $3
*** TURN *** [2s Ts 9s] [2d]
7 Huligan 7: checks
VolkovDmitri: checks
*** RIVER *** [2s Ts 9s 2d] [Kd]
7 Huligan 7: checks
VolkovDmitri: checks
*** SHOW DOWN ***
7 Huligan 7: shows [8c 6s] (a pair of Deuces)
VolkovDmitri: shows [7h 4c] (a pair of Deuces)
7 Huligan 7 collected $8.82 from pot
VolkovDmitri collected $8.82 from pot
*** SUMMARY ***
Total pot $18 | Rake $0.36
Board [2s Ts 9s 2d Kd]
Seat 1: VolkovDmitri (button) (small blind) showed [7h 4c] and won ($8.82) with a pair of Deuces
Seat 3: 7 Huligan 7 (big blind) showed [8c 6s] and won ($8.82) with a pair of Deuces


PokerStars Hand #152360762885:  Hold'em Limit ($3/$6 USD) - 2016/04/24 2:24:26 ET
Table 'Alruccabah' 6-max Seat #3 is the button
Seat 1: VolkovDmitri ($120 in chips)
Seat 3: 7 Huligan 7 ($29.82 in chips)
7 Huligan 7: posts small blind $1
VolkovDmitri: posts big blind $3
*** HOLE CARDS ***
7 Huligan 7: calls $2
VolkovDmitri: raises $3 to $6
7 Huligan 7: calls $3
*** FLOP *** [2d 5c 6h]
VolkovDmitri: bets $3
7 Huligan 7: raises $3 to $6
VolkovDmitri: raises $3 to $9
7 Huligan 7: raises $3 to $12
Betting is capped
VolkovDmitri: calls $3
*** TURN *** [2d 5c 6h] [6c]
VolkovDmitri: bets $6
7 Huligan 7: calls $6
*** RIVER *** [2d 5c 6h 6c] [3s]
VolkovDmitri: bets $6
7 Huligan 7: calls $5.82 and is all-in
Uncalled bet ($0.18) returned to VolkovDmitri
*** SHOW DOWN ***
VolkovDmitri: shows [6d 8s] (three of a kind, Sixes)
7 Huligan 7: shows [4d 2h] (a straight, Deuce to Six)
7 Huligan 7 collected $59.14 from pot
*** SUMMARY ***
Total pot $59.64 | Rake $0.50
Board [2d 5c 6h 6c 3s]
Seat 1: VolkovDmitri (big blind) showed [6d 8s] and lost with three of a kind, Sixes
Seat 3: 7 Huligan 7 (button) (small blind) showed [4d 2h] and won ($59.14) with a straight, Deuce to Six


PokerStars Hand #152360769308:  Hold'em Limit ($3/$6 USD) - 2016/04/24 2:24:49 ET
Table 'Alruccabah' 6-max Seat #1 is the button
Seat 1: VolkovDmitri ($120 in chips)
Seat 3: 7 Huligan 7 ($59.14 in chips)
VolkovDmitri: posts small blind $1
7 Huligan 7: posts big blind $3
*** HOLE CARDS ***
VolkovDmitri: raises $3 to $6
7 Huligan 7: calls $3
*** FLOP *** [5s 8c 2c]
7 Huligan 7: checks
VolkovDmitri: bets $3
7 Huligan 7: raises $3 to $6
VolkovDmitri: calls $3
*** TURN *** [5s 8c 2c] [7h]
7 Huligan 7: bets $6
VolkovDmitri: raises $6 to $12
7 Huligan 7: calls $6
*** RIVER *** [5s 8c 2c 7h] [Jd]
7 Huligan 7: checks
VolkovDmitri: bets $6
7 Huligan 7: calls $6
*** SHOW DOWN ***
VolkovDmitri: shows [5c 7c] (two pair, Sevens and Fives)
7 Huligan 7: mucks hand
VolkovDmitri collected $59.50 from pot
*** SUMMARY ***
Total pot $60 | Rake $0.50
Board [5s 8c 2c 7h Jd]
Seat 1: VolkovDmitri (button) (small blind) showed [5c 7c] and won ($59.50) with two pair, Sevens and Fives
Seat 3: 7 Huligan 7 (big blind) mucked


PokerStars Hand #152360779876:  Hold'em Limit ($3/$6 USD) - 2016/04/24 2:25:25 ET
Table 'Alruccabah' 6-max Seat #3 is the button
Seat 1: VolkovDmitri ($149.50 in chips)
Seat 3: 7 Huligan 7 ($29.14 in chips)
7 Huligan 7: posts small blind $1
VolkovDmitri: posts big blind $3
*** HOLE CARDS ***
7 Huligan 7: raises $3 to $6
VolkovDmitri: calls $3
*** FLOP *** [As 5d 4s]
VolkovDmitri: checks
7 Huligan 7: bets $3
VolkovDmitri: folds
Uncalled bet ($3) returned to 7 Huligan 7
7 Huligan 7 collected $11.76 from pot
7 Huligan 7: doesn't show hand
*** SUMMARY ***
Total pot $12 | Rake $0.24
Board [As 5d 4s]
Seat 1: VolkovDmitri (big blind) folded on the Flop
Seat 3: 7 Huligan 7 (button) (small blind) collected ($11.76)


PokerStars Hand #152360784922:  Hold'em Limit ($3/$6 USD) - 2016/04/24 2:25:43 ET
Table 'Alruccabah' 6-max Seat #1 is the button
Seat 1: VolkovDmitri ($143.50 in chips)
Seat 3: 7 Huligan 7 ($34.90 in chips)
VolkovDmitri: posts small blind $1
7 Huligan 7: posts big blind $3
*** HOLE CARDS ***
VolkovDmitri: raises $3 to $6
7 Huligan 7: calls $3
*** FLOP *** [Jh 6h 8h]
7 Huligan 7: checks
VolkovDmitri: checks
*** TURN *** [Jh 6h 8h] [Jc]
7 Huligan 7: bets $6
VolkovDmitri: calls $6
*** RIVER *** [Jh 6h 8h Jc] [Th]
7 Huligan 7: bets $6
VolkovDmitri: folds
Uncalled bet ($6) returned to 7 Huligan 7
7 Huligan 7 collected $23.52 from pot
7 Huligan 7: doesn't show hand
*** SUMMARY ***
Total pot $24 | Rake $0.48
Board [Jh 6h 8h Jc Th]
Seat 1: VolkovDmitri (button) (small blind) folded on the River
Seat 3: 7 Huligan 7 (big blind) collected ($23.52)


PokerStars Hand #152360813445:  Hold'em Limit ($3/$6 USD) - 2016/04/24 2:27:22 ET
Table 'Alruccabah' 6-max Seat #3 is the button
Seat 1: VolkovDmitri ($142.77 in chips)
Seat 3: 7 Huligan 7 ($34.17 in chips)
7 Huligan 7: posts small blind $1
VolkovDmitri: posts big blind $3
*** HOLE CARDS ***
7 Huligan 7: raises $3 to $6
VolkovDmitri: folds
Uncalled bet ($3) returned to 7 Huligan 7
7 Huligan 7 collected $6 from pot
7 Huligan 7: doesn't show hand
*** SUMMARY ***
Total pot $6 | Rake $0
Seat 1: VolkovDmitri (big blind) folded before Flop
Seat 3: 7 Huligan 7 (button) (small blind) collected ($6)


PokerStars Hand #152360795135:  Hold'em Limit ($3/$6 USD) - 2016/04/24 2:26:18 ET
Table 'Alruccabah' 6-max Seat #3 is the button
Seat 1: VolkovDmitri ($131.50 in chips)
Seat 3: 7 Huligan 7 ($46.42 in chips)
7 Huligan 7: posts small blind $1
VolkovDmitri: posts big blind $3
*** HOLE CARDS ***
7 Huligan 7: raises $3 to $6
VolkovDmitri: calls $3
*** FLOP *** [8c Jc Qh]
VolkovDmitri: checks
7 Huligan 7: checks
*** TURN *** [8c Jc Qh] [2h]
VolkovDmitri: checks
7 Huligan 7: checks
*** RIVER *** [8c Jc Qh 2h] [4d]
VolkovDmitri: bets $6
7 Huligan 7: calls $6
*** SHOW DOWN ***
VolkovDmitri: shows [4h 7d] (a pair of Fours)
7 Huligan 7: mucks hand
VolkovDmitri collected $23.52 from pot
*** SUMMARY ***
Total pot $24 | Rake $0.48
Board [8c Jc Qh 2h 4d]
Seat 1: VolkovDmitri (big blind) showed [4h 7d] and won ($23.52) with a pair of Fours
Seat 3: 7 Huligan 7 (button) (small blind) mucked


PokerStars Hand #152360804299:  Hold'em Limit ($3/$6 USD) - 2016/04/24 2:26:50 ET
Table 'Alruccabah' 6-max Seat #1 is the button
Seat 1: VolkovDmitri ($143.02 in chips)
Seat 3: 7 Huligan 7 ($34.42 in chips)
VolkovDmitri: posts small blind $1
7 Huligan 7: posts big blind $3
*** HOLE CARDS ***
VolkovDmitri: raises $3 to $6
7 Huligan 7: calls $3
*** FLOP *** [4d Jc Jd]
7 Huligan 7: checks
VolkovDmitri: bets $3
7 Huligan 7: calls $3
*** TURN *** [4d Jc Jd] [4s]
7 Huligan 7: checks
VolkovDmitri: checks
*** RIVER *** [4d Jc Jd 4s] [Jh]
7 Huligan 7: bets $6
VolkovDmitri: calls $6
*** SHOW DOWN ***
7 Huligan 7: shows [2c Ah] (a full house, Jacks full of Fours)
VolkovDmitri: shows [7h Qc] (a full house, Jacks full of Fours)
7 Huligan 7 collected $14.75 from pot
VolkovDmitri collected $14.75 from pot
*** SUMMARY ***
Total pot $30 | Rake $0.50
Board [4d Jc Jd 4s Jh]
Seat 1: VolkovDmitri (button) (small blind) showed [7h Qc] and won ($14.75) with a full house, Jacks full of Fours
Seat 3: 7 Huligan 7 (big blind) showed [2c Ah] and won ($14.75) with a full house, Jacks full of Fours


PokerStars Hand #152360817355:  Hold'em Limit ($3/$6 USD) - 2016/04/24 2:27:35 ET
Table 'Alruccabah' 6-max Seat #1 is the button
Seat 1: VolkovDmitri ($139.77 in chips)
Seat 3: 7 Huligan 7 ($37.17 in chips)
VolkovDmitri: posts small blind $1
7 Huligan 7: posts big blind $3
*** HOLE CARDS ***
VolkovDmitri: raises $3 to $6
7 Huligan 7: raises $3 to $9
VolkovDmitri: calls $3
*** FLOP *** [Ad Kc Kh]
7 Huligan 7: bets $3
VolkovDmitri: folds
Uncalled bet ($3) returned to 7 Huligan 7
7 Huligan 7 collected $17.64 from pot
7 Huligan 7: doesn't show hand
*** SUMMARY ***
Total pot $18 | Rake $0.36
Board [Ad Kc Kh]
Seat 1: VolkovDmitri (button) (small blind) folded on the Flop
Seat 3: 7 Huligan 7 (big blind) collected ($17.64)


PokerStars Hand #152360826325:  Hold'em Limit ($3/$6 USD) - 2016/04/24 2:28:06 ET
Table 'Alruccabah' 6-max Seat #3 is the button
Seat 1: VolkovDmitri ($130.77 in chips)
Seat 3: 7 Huligan 7 ($45.81 in chips)
7 Huligan 7: posts small blind $1
VolkovDmitri: posts big blind $3
*** HOLE CARDS ***
7 Huligan 7: calls $2
VolkovDmitri: checks
*** FLOP *** [Kh 3h Ad]
VolkovDmitri: bets $3
7 Huligan 7: folds
Uncalled bet ($3) returned to VolkovDmitri
VolkovDmitri collected $5.88 from pot
VolkovDmitri: doesn't show hand
*** SUMMARY ***
Total pot $6 | Rake $0.12
Board [Kh 3h Ad]
Seat 1: VolkovDmitri (big blind) collected ($5.88)
Seat 3: 7 Huligan 7 (button) (small blind) folded on the Flop


PokerStars Hand #152360839751:  Hold'em Limit ($3/$6 USD) - 2016/04/24 2:28:52 ET
Table 'Alruccabah' 6-max Seat #3 is the button
Seat 1: VolkovDmitri ($154.15 in chips)
Seat 3: 7 Huligan 7 ($21.81 in chips)
7 Huligan 7: posts small blind $1
VolkovDmitri: posts big blind $3
*** HOLE CARDS ***
7 Huligan 7: raises $3 to $6
VolkovDmitri: raises $3 to $9
7 Huligan 7: calls $3
*** FLOP *** [Jd 5c 8s]
VolkovDmitri: bets $3
7 Huligan 7: folds
Uncalled bet ($3) returned to VolkovDmitri
VolkovDmitri collected $17.64 from pot
VolkovDmitri: doesn't show hand
*** SUMMARY ***
Total pot $18 | Rake $0.36
Board [Jd 5c 8s]
Seat 1: VolkovDmitri (big blind) collected ($17.64)
Seat 3: 7 Huligan 7 (button) (small blind) folded on the Flop


PokerStars Hand #152360830923:  Hold'em Limit ($3/$6 USD) - 2016/04/24 2:28:22 ET
Table 'Alruccabah' 6-max Seat #1 is the button
Seat 1: VolkovDmitri ($133.65 in chips)
Seat 3: 7 Huligan 7 ($42.81 in chips)
VolkovDmitri: posts small blind $1
7 Huligan 7: posts big blind $3
*** HOLE CARDS ***
VolkovDmitri: raises $3 to $6
7 Huligan 7: calls $3
*** FLOP *** [8s 3h Jd]
7 Huligan 7: checks
VolkovDmitri: bets $3
7 Huligan 7: calls $3
*** TURN *** [8s 3h Jd] [Jh]
7 Huligan 7: checks
VolkovDmitri: bets $6
7 Huligan 7: calls $6
*** RIVER *** [8s 3h Jd Jh] [Ad]
7 Huligan 7: bets $6
VolkovDmitri: calls $6
*** SHOW DOWN ***
7 Huligan 7: shows [7s Tc] (a pair of Jacks)
VolkovDmitri: shows [9c Ac] (two pair, Aces and Jacks)
VolkovDmitri collected $41.50 from pot
*** SUMMARY ***
Total pot $42 | Rake $0.50
Board [8s 3h Jd Jh Ad]
Seat 1: VolkovDmitri (button) (small blind) showed [9c Ac] and won ($41.50) with two pair, Aces and Jacks
Seat 3: 7 Huligan 7 (big blind) showed [7s Tc] and lost with a pair of Jacks


PokerStars Hand #152360850127:  Hold'em Limit ($3/$6 USD) - 2016/04/24 2:29:29 ET
Table 'Alruccabah' 6-max Seat #1 is the button
Seat 1: VolkovDmitri ($162.79 in chips)
Seat 3: 7 Huligan 7 ($12.81 in chips)
VolkovDmitri: posts small blind $1
7 Huligan 7: posts big blind $3
*** HOLE CARDS ***
VolkovDmitri: raises $3 to $6
7 Huligan 7: raises $3 to $9
VolkovDmitri: raises $3 to $12
Betting is capped
7 Huligan 7: calls $3
*** FLOP *** [7h 8s 4s]
7 Huligan 7: bets $0.81 and is all-in
VolkovDmitri: calls $0.81
*** TURN *** [7h 8s 4s] [Kh]
*** RIVER *** [7h 8s 4s Kh] [5s]
*** SHOW DOWN ***
7 Huligan 7: shows [Js Th] (high card King)
VolkovDmitri: shows [As Jh] (high card Ace)
VolkovDmitri collected $25.12 from pot
*** SUMMARY ***
Total pot $25.62 | Rake $0.50
Board [7h 8s 4s Kh 5s]
Seat 1: VolkovDmitri (button) (small blind) showed [As Jh] and won ($25.12) with high card Ace
Seat 3: 7 Huligan 7 (big blind) showed [Js Th] and lost with high card King


PokerStars Hand #152361058290:  Hold'em Limit ($3/$6 USD) - 2016/04/24 2:41:19 ET
Table 'Alruccabah' 6-max Seat #3 is the button
Seat 3: 7 Huligan 7 ($111.64 in chips)
Seat 4: Hi Im Alexey ($89.89 in chips)
7 Huligan 7: posts small blind $1
Hi Im Alexey: posts big blind $3
*** HOLE CARDS ***
7 Huligan 7: calls $2
Hi Im Alexey: checks
*** FLOP *** [8h Qd 6d]
Hi Im Alexey: checks
7 Huligan 7: checks
*** TURN *** [8h Qd 6d] [Tc]
Hi Im Alexey: checks
7 Huligan 7: checks
*** RIVER *** [8h Qd 6d Tc] [8d]
Hi Im Alexey: checks
7 Huligan 7: checks
*** SHOW DOWN ***
Hi Im Alexey: shows [3c 5d] (a pair of Eights)
7 Huligan 7: shows [5s 9c] (a pair of Eights - Queen+Ten+Nine kicker)
7 Huligan 7 collected $5.88 from pot
*** SUMMARY ***
Total pot $6 | Rake $0.12
Board [8h Qd 6d Tc 8d]
Seat 3: 7 Huligan 7 (button) (small blind) showed [5s 9c] and won ($5.88) with a pair of Eights
Seat 4: Hi Im Alexey (big blind) showed [3c 5d] and lost with a pair of Eights


PokerStars Hand #152361065305:  Hold'em Limit ($3/$6 USD) - 2016/04/24 2:41:43 ET
Table 'Alruccabah' 6-max Seat #4 is the button
Seat 3: 7 Huligan 7 ($114.52 in chips)
Seat 4: Hi Im Alexey ($86.89 in chips)
Hi Im Alexey: posts small blind $1
7 Huligan 7: posts big blind $3
*** HOLE CARDS ***
Hi Im Alexey: raises $3 to $6
7 Huligan 7: calls $3
*** FLOP *** [6h As 4s]
7 Huligan 7: checks
Hi Im Alexey: bets $3
7 Huligan 7: calls $3
*** TURN *** [6h As 4s] [Jc]
7 Huligan 7: checks
Hi Im Alexey: bets $6
7 Huligan 7: folds
Uncalled bet ($6) returned to Hi Im Alexey
Hi Im Alexey collected $17.64 from pot
*** SUMMARY ***
Total pot $18 | Rake $0.36
Board [6h As 4s Jc]
Seat 3: 7 Huligan 7 (big blind) folded on the Turn
Seat 4: Hi Im Alexey (button) (small blind) collected ($17.64)


PokerStars Hand #152361075800:  Hold'em Limit ($3/$6 USD) - 2016/04/24 2:42:19 ET
Table 'Alruccabah' 6-max Seat #3 is the button
Seat 3: 7 Huligan 7 ($105.52 in chips)
Seat 4: Hi Im Alexey ($95.53 in chips)
7 Huligan 7: posts small blind $1
Hi Im Alexey: posts big blind $3
*** HOLE CARDS ***
7 Huligan 7: raises $3 to $6
Hi Im Alexey: calls $3
*** FLOP *** [6d 8c 7s]
Hi Im Alexey: bets $3
7 Huligan 7: calls $3
*** TURN *** [6d 8c 7s] [Js]
Hi Im Alexey: bets $6
7 Huligan 7: calls $6
*** RIVER *** [6d 8c 7s Js] [5h]
Hi Im Alexey: checks
7 Huligan 7: bets $6
Hi Im Alexey: calls $6
*** SHOW DOWN ***
7 Huligan 7: shows [Qd 9d] (a straight, Five to Nine)
Hi Im Alexey: mucks hand
7 Huligan 7 collected $41.50 from pot
*** SUMMARY ***
Total pot $42 | Rake $0.50
Board [6d 8c 7s Js 5h]
Seat 3: 7 Huligan 7 (button) (small blind) showed [Qd 9d] and won ($41.50) with a straight, Five to Nine
Seat 4: Hi Im Alexey (big blind) mucked


PokerStars Hand #152361122496:  Hold'em Limit ($3/$6 USD) - 2016/04/24 2:44:55 ET
Table 'Alruccabah' 6-max Seat #3 is the button
Seat 3: 7 Huligan 7 ($104.02 in chips)
Seat 4: Hi Im Alexey ($95.75 in chips)
7 Huligan 7: posts small blind $1
Hi Im Alexey: posts big blind $3
*** HOLE CARDS ***
7 Huligan 7: calls $2
Hi Im Alexey: checks
*** FLOP *** [7h Kd 6d]
Hi Im Alexey: bets $3
7 Huligan 7: calls $3
*** TURN *** [7h Kd 6d] [8d]
Hi Im Alexey: checks
7 Huligan 7: bets $6
Hi Im Alexey: calls $6
*** RIVER *** [7h Kd 6d 8d] [5h]
Hi Im Alexey: checks
7 Huligan 7: bets $6
Hi Im Alexey: calls $6
*** SHOW DOWN ***
7 Huligan 7: shows [7d 5s] (two pair, Sevens and Fives)
Hi Im Alexey: mucks hand
7 Huligan 7 collected $35.50 from pot
*** SUMMARY ***
Total pot $36 | Rake $0.50
Board [7h Kd 6d 8d 5h]
Seat 3: 7 Huligan 7 (button) (small blind) showed [7d 5s] and won ($35.50) with two pair, Sevens and Fives
Seat 4: Hi Im Alexey (big blind) mucked


PokerStars Hand #152361111611:  Hold'em Limit ($3/$6 USD) - 2016/04/24 2:44:19 ET
Table 'Alruccabah' 6-max Seat #4 is the button
Seat 3: 7 Huligan 7 ($119.02 in chips)
Seat 4: Hi Im Alexey ($81.25 in chips)
Hi Im Alexey: posts small blind $1
.uuum7: is sitting out
7 Huligan 7: posts big blind $3
*** HOLE CARDS ***
Hi Im Alexey: raises $3 to $6
.uuum7 leaves the table
7 Huligan 7: calls $3
*** FLOP *** [4s 4h 8c]
7 Huligan 7: checks
Hi Im Alexey: bets $3
7 Huligan 7: calls $3
*** TURN *** [4s 4h 8c] [3s]
7 Huligan 7: checks
Hi Im Alexey: bets $6
7 Huligan 7: calls $6
*** RIVER *** [4s 4h 8c 3s] [7h]
7 Huligan 7: checks
Hi Im Alexey: bets $6
7 Huligan 7: folds
Uncalled bet ($6) returned to Hi Im Alexey
Hi Im Alexey collected $29.50 from pot
*** SUMMARY ***
Total pot $30 | Rake $0.50
Board [4s 4h 8c 3s 7h]
Seat 3: 7 Huligan 7 (big blind) folded on the River
Seat 4: Hi Im Alexey (button) (small blind) collected ($29.50)


PokerStars Hand #152361133083:  Hold'em Limit ($3/$6 USD) - 2016/04/24 2:45:30 ET
Table 'Alruccabah' 6-max Seat #4 is the button
Seat 3: 7 Huligan 7 ($121.52 in chips)
Seat 4: Hi Im Alexey ($77.75 in chips)
Hi Im Alexey: posts small blind $1
7 Huligan 7: posts big blind $3
*** HOLE CARDS ***
Hi Im Alexey: raises $3 to $6
7 Huligan 7: calls $3
*** FLOP *** [2d Kh 4h]
7 Huligan 7: checks
Hi Im Alexey: bets $3
7 Huligan 7: folds
Uncalled bet ($3) returned to Hi Im Alexey
Hi Im Alexey collected $11.76 from pot
*** SUMMARY ***
Total pot $12 | Rake $0.24
Board [2d Kh 4h]
Seat 3: 7 Huligan 7 (big blind) folded on the Flop
Seat 4: Hi Im Alexey (button) (small blind) collected ($11.76)


PokerStars Hand #152361138724:  Hold'em Limit ($3/$6 USD) - 2016/04/24 2:45:49 ET
Table 'Alruccabah' 6-max Seat #3 is the button
Seat 3: 7 Huligan 7 ($115.52 in chips)
Seat 4: Hi Im Alexey ($83.51 in chips)
7 Huligan 7: posts small blind $1
Hi Im Alexey: posts big blind $3
*** HOLE CARDS ***
7 Huligan 7: calls $2
Hi Im Alexey: checks
*** FLOP *** [7s Ks 4c]
Hi Im Alexey: checks
7 Huligan 7: checks
*** TURN *** [7s Ks 4c] [5s]
Hi Im Alexey: bets $6
7 Huligan 7: calls $6
*** RIVER *** [7s Ks 4c 5s] [2h]
Hi Im Alexey: bets $6
7 Huligan 7: folds
Uncalled bet ($6) returned to Hi Im Alexey
Hi Im Alexey collected $17.64 from pot
*** SUMMARY ***
Total pot $18 | Rake $0.36
Board [7s Ks 4c 5s 2h]
Seat 3: 7 Huligan 7 (button) (small blind) folded on the River
Seat 4: Hi Im Alexey (big blind) collected ($17.64)


PokerStars Hand #152361149949:  Hold'em Limit ($3/$6 USD) - 2016/04/24 2:46:27 ET
Table 'Alruccabah' 6-max Seat #4 is the button
Seat 3: 7 Huligan 7 ($106.52 in chips)
Seat 4: Hi Im Alexey ($92.15 in chips)
Hi Im Alexey: posts small blind $1
7 Huligan 7: posts big blind $3
*** HOLE CARDS ***
Hi Im Alexey: raises $3 to $6
7 Huligan 7: calls $3
*** FLOP *** [7c 7d 3d]
7 Huligan 7: checks
Hi Im Alexey: bets $3
7 Huligan 7: calls $3
*** TURN *** [7c 7d 3d] [Kh]
7 Huligan 7: checks
Hi Im Alexey: checks
*** RIVER *** [7c 7d 3d Kh] [5c]
7 Huligan 7: bets $6
Hi Im Alexey: calls $6
*** SHOW DOWN ***
7 Huligan 7: shows [Qd 5h] (two pair, Sevens and Fives)
Hi Im Alexey: shows [Tc Ks] (two pair, Kings and Sevens)
Hi Im Alexey collected $29.50 from pot
*** SUMMARY ***
Total pot $30 | Rake $0.50
Board [7c 7d 3d Kh 5c]
Seat 3: 7 Huligan 7 (big blind) showed [Qd 5h] and lost with two pair, Sevens and Fives
Seat 4: Hi Im Alexey (button) (small blind) showed [Tc Ks] and won ($29.50) with two pair, Kings and Sevens


PokerStars Hand #152361161105:  Hold'em Limit ($3/$6 USD) - 2016/04/24 2:47:04 ET
Table 'Alruccabah' 6-max Seat #3 is the button
Seat 3: 7 Huligan 7 ($91.52 in chips)
Seat 4: Hi Im Alexey ($106.65 in chips)
7 Huligan 7: posts small blind $1
Hi Im Alexey: posts big blind $3
*** HOLE CARDS ***
7 Huligan 7: raises $3 to $6
Hi Im Alexey: calls $3
*** FLOP *** [Ac 8d 5d]
Hi Im Alexey: checks
7 Huligan 7: bets $3
Hi Im Alexey: folds
Uncalled bet ($3) returned to 7 Huligan 7
7 Huligan 7 collected $11.76 from pot
7 Huligan 7: doesn't show hand
*** SUMMARY ***
Total pot $12 | Rake $0.24
Board [Ac 8d 5d]
Seat 3: 7 Huligan 7 (button) (small blind) collected ($11.76)
Seat 4: Hi Im Alexey (big blind) folded on the Flop


PokerStars Hand #152361166483:  Hold'em Limit ($3/$6 USD) - 2016/04/24 2:47:23 ET
Table 'Alruccabah' 6-max Seat #4 is the button
Seat 3: 7 Huligan 7 ($97.28 in chips)
Seat 4: Hi Im Alexey ($100.65 in chips)
Hi Im Alexey: posts small blind $1
7 Huligan 7: posts big blind $3
*** HOLE CARDS ***
Hi Im Alexey: raises $3 to $6
7 Huligan 7: calls $3
*** FLOP *** [Kd 4d Jc]
7 Huligan 7: checks
Hi Im Alexey: bets $3
7 Huligan 7: folds
Uncalled bet ($3) returned to Hi Im Alexey
Hi Im Alexey collected $11.76 from pot
*** SUMMARY ***
Total pot $12 | Rake $0.24
Board [Kd 4d Jc]
Seat 3: 7 Huligan 7 (big blind) folded on the Flop
Seat 4: Hi Im Alexey (button) (small blind) collected ($11.76)


PokerStars Hand #152361170977:  Hold'em Limit ($3/$6 USD) - 2016/04/24 2:47:38 ET
Table 'Alruccabah' 6-max Seat #3 is the button
Seat 3: 7 Huligan 7 ($91.28 in chips)
Seat 4: Hi Im Alexey ($106.41 in chips)
7 Huligan 7: posts small blind $1
Hi Im Alexey: posts big blind $3
*** HOLE CARDS ***
7 Huligan 7: calls $2
Hi Im Alexey: raises $3 to $6
7 Huligan 7: calls $3
*** FLOP *** [7s 4c Ts]
Hi Im Alexey: bets $3
7 Huligan 7: calls $3
*** TURN *** [7s 4c Ts] [Qc]
Hi Im Alexey: bets $6
7 Huligan 7: calls $6
*** RIVER *** [7s 4c Ts Qc] [4s]
Hi Im Alexey: checks
7 Huligan 7: bets $6
Hi Im Alexey: calls $6
*** SHOW DOWN ***
7 Huligan 7: shows [4d 5c] (three of a kind, Fours)
Hi Im Alexey: mucks hand
7 Huligan 7 collected $41.50 from pot
*** SUMMARY ***
Total pot $42 | Rake $0.50
Board [7s 4c Ts Qc 4s]
Seat 3: 7 Huligan 7 (button) (small blind) showed [4d 5c] and won ($41.50) with three of a kind, Fours
Seat 4: Hi Im Alexey (big blind) mucked


PokerStars Hand #152361178605:  Hold'em Limit ($3/$6 USD) - 2016/04/24 2:48:03 ET
Table 'Alruccabah' 6-max Seat #4 is the button
Seat 3: 7 Huligan 7 ($111.78 in chips)
Seat 4: Hi Im Alexey ($85.41 in chips)
Hi Im Alexey: posts small blind $1
7 Huligan 7: posts big blind $3
*** HOLE CARDS ***
Hi Im Alexey: raises $3 to $6
7 Huligan 7: calls $3
*** FLOP *** [2h Ks 6c]
7 Huligan 7: checks
Hi Im Alexey: bets $3
7 Huligan 7: calls $3
*** TURN *** [2h Ks 6c] [Js]
7 Huligan 7: checks
Hi Im Alexey: bets $6
7 Huligan 7: calls $6
*** RIVER *** [2h Ks 6c Js] [Kd]
7 Huligan 7: checks
Hi Im Alexey: checks
*** SHOW DOWN ***
7 Huligan 7: shows [9s Ts] (a pair of Kings)
Hi Im Alexey: shows [2d 4d] (two pair, Kings and Deuces)
Hi Im Alexey collected $29.50 from pot
*** SUMMARY ***
Total pot $30 | Rake $0.50
Board [2h Ks 6c Js Kd]
Seat 3: 7 Huligan 7 (big blind) showed [9s Ts] and lost with a pair of Kings
Seat 4: Hi Im Alexey (button) (small blind) showed [2d 4d] and won ($29.50) with two pair, Kings and Deuces


PokerStars Hand #152361188365:  Hold'em Limit ($3/$6 USD) - 2016/04/24 2:48:36 ET
Table 'Alruccabah' 6-max Seat #3 is the button
Seat 3: 7 Huligan 7 ($96.78 in chips)
Seat 4: Hi Im Alexey ($99.91 in chips)
7 Huligan 7: posts small blind $1
Hi Im Alexey: posts big blind $3
*** HOLE CARDS ***
7 Huligan 7: calls $2
Hi Im Alexey: checks
*** FLOP *** [5c Qc 4s]
Hi Im Alexey: checks
7 Huligan 7: bets $3
Hi Im Alexey: calls $3
*** TURN *** [5c Qc 4s] [4h]
Hi Im Alexey: checks
7 Huligan 7: bets $6
Hi Im Alexey: raises $6 to $12
7 Huligan 7: calls $6
*** RIVER *** [5c Qc 4s 4h] [Kc]
Hi Im Alexey: bets $6
7 Huligan 7: folds
Uncalled bet ($6) returned to Hi Im Alexey
Hi Im Alexey collected $35.50 from pot
*** SUMMARY ***
Total pot $36 | Rake $0.50
Board [5c Qc 4s 4h Kc]
Seat 3: 7 Huligan 7 (button) (small blind) folded on the River
Seat 4: Hi Im Alexey (big blind) collected ($35.50)


PokerStars Hand #152361197458:  Hold'em Limit ($3/$6 USD) - 2016/04/24 2:49:07 ET
Table 'Alruccabah' 6-max Seat #4 is the button
Seat 3: 7 Huligan 7 ($78.78 in chips)
Seat 4: Hi Im Alexey ($117.41 in chips)
Hi Im Alexey: posts small blind $1
7 Huligan 7: posts big blind $3
*** HOLE CARDS ***
Hi Im Alexey: raises $3 to $6
7 Huligan 7: calls $3
*** FLOP *** [2s 2h 5d]
7 Huligan 7: checks
Hi Im Alexey: bets $3
7 Huligan 7: calls $3
*** TURN *** [2s 2h 5d] [8s]
7 Huligan 7: checks
Hi Im Alexey: bets $6
7 Huligan 7: raises $6 to $12
Hi Im Alexey: calls $6
*** RIVER *** [2s 2h 5d 8s] [4h]
7 Huligan 7: bets $6
Hi Im Alexey: calls $6
*** SHOW DOWN ***
7 Huligan 7: shows [3c 5c] (two pair, Fives and Deuces)
Hi Im Alexey: mucks hand
7 Huligan 7 collected $53.50 from pot
*** SUMMARY ***
Total pot $54 | Rake $0.50
Board [2s 2h 5d 8s 4h]
Seat 3: 7 Huligan 7 (big blind) showed [3c 5c] and won ($53.50) with two pair, Fives and Deuces
Seat 4: Hi Im Alexey (button) (small blind) mucked


PokerStars Hand #152361204810:  Hold'em Limit ($3/$6 USD) - 2016/04/24 2:49:32 ET
Table 'Alruccabah' 6-max Seat #3 is the button
Seat 3: 7 Huligan 7 ($105.28 in chips)
Seat 4: Hi Im Alexey ($90.41 in chips)
7 Huligan 7: posts small blind $1
Hi Im Alexey: posts big blind $3
*** HOLE CARDS ***
7 Huligan 7: calls $2
Hi Im Alexey: raises $3 to $6
7 Huligan 7: calls $3
*** FLOP *** [Kc 7s 2c]
Hi Im Alexey: bets $3
7 Huligan 7: calls $3
*** TURN *** [Kc 7s 2c] [2d]
Hi Im Alexey: bets $6
.uuum7 joins the table at seat #5
7 Huligan 7: folds
Uncalled bet ($6) returned to Hi Im Alexey
Hi Im Alexey collected $17.64 from pot
*** SUMMARY ***
Total pot $18 | Rake $0.36
Board [Kc 7s 2c 2d]
Seat 3: 7 Huligan 7 (button) (small blind) folded on the Turn
Seat 4: Hi Im Alexey (big blind) collected ($17.64)


PokerStars Hand #152361250954:  Hold'em Limit ($3/$6 USD) - 2016/04/24 2:51:38 ET
Table 'Alruccabah' 6-max Seat #4 is the button
Seat 3: 7 Huligan 7 ($143.89 in chips)
Seat 4: Hi Im Alexey ($84.57 in chips)
Hi Im Alexey: posts small blind $1
7 Huligan 7: posts big blind $3
*** HOLE CARDS ***
Hi Im Alexey: folds
Uncalled bet ($2) returned to 7 Huligan 7
7 Huligan 7 collected $2 from pot
7 Huligan 7: doesn't show hand
*** SUMMARY ***
Total pot $2 | Rake $0
Seat 3: 7 Huligan 7 (big blind) collected ($2)
Seat 4: Hi Im Alexey (button) (small blind) folded before Flop


PokerStars Hand #152361262496:  Hold'em Limit ($3/$6 USD) - 2016/04/24 2:52:16 ET
Table 'Alruccabah' 6-max Seat #3 is the button
Seat 3: 7 Huligan 7 ($157.41 in chips)
Seat 4: Hi Im Alexey ($72 in chips)
7 Huligan 7: posts small blind $1
Hi Im Alexey: posts big blind $3
*** HOLE CARDS ***
7 Huligan 7: raises $3 to $6
Hi Im Alexey: folds
Uncalled bet ($3) returned to 7 Huligan 7
7 Huligan 7 collected $6 from pot
7 Huligan 7: doesn't show hand
*** SUMMARY ***
Total pot $6 | Rake $0
Seat 3: 7 Huligan 7 (button) (small blind) collected ($6)
Seat 4: Hi Im Alexey (big blind) folded before Flop


PokerStars Hand #152361260486:  Hold'em Limit ($3/$6 USD) - 2016/04/24 2:52:10 ET
Table 'Alruccabah' 6-max Seat #4 is the button
Seat 3: 7 Huligan 7 ($156.41 in chips)
Seat 4: Hi Im Alexey ($72 in chips)
Hi Im Alexey: posts small blind $1
7 Huligan 7: posts big blind $3
*** HOLE CARDS ***
Hi Im Alexey: folds
Uncalled bet ($2) returned to 7 Huligan 7
7 Huligan 7 collected $2 from pot
7 Huligan 7: doesn't show hand
*** SUMMARY ***
Total pot $2 | Rake $0
Seat 3: 7 Huligan 7 (big blind) collected ($2)
Seat 4: Hi Im Alexey (button) (small blind) folded before Flop


PokerStars Hand #152361252622:  Hold'em Limit ($3/$6 USD) - 2016/04/24 2:51:43 ET
Table 'Alruccabah' 6-max Seat #3 is the button
Seat 3: 7 Huligan 7 ($144.89 in chips)
Seat 4: Hi Im Alexey ($83.57 in chips)
7 Huligan 7: posts small blind $1
Hi Im Alexey: posts big blind $3
*** HOLE CARDS ***
7 Huligan 7: raises $3 to $6
Hi Im Alexey: calls $3
*** FLOP *** [4s 3c 5c]
Hi Im Alexey: checks
7 Huligan 7: checks
*** TURN *** [4s 3c 5c] [Td]
Hi Im Alexey: bets $6
7 Huligan 7: calls $6
*** RIVER *** [4s 3c 5c Td] [9s]
Hi Im Alexey: checks
7 Huligan 7: bets $6
Hi Im Alexey: folds
Uncalled bet ($6) returned to 7 Huligan 7
7 Huligan 7 collected $23.52 from pot
7 Huligan 7: doesn't show hand
*** SUMMARY ***
Total pot $24 | Rake $0.48
Board [4s 3c 5c Td 9s]
Seat 3: 7 Huligan 7 (button) (small blind) collected ($23.52)
Seat 4: Hi Im Alexey (big blind) folded on the River


PokerStars Hand #152361264509:  Hold'em Limit ($3/$6 USD) - 2016/04/24 2:52:23 ET
Table 'Alruccabah' 6-max Seat #4 is the button
Seat 3: 7 Huligan 7 ($160.41 in chips)
Seat 4: Hi Im Alexey ($72 in chips)
Hi Im Alexey: posts small blind $1
7 Huligan 7: posts big blind $3
*** HOLE CARDS ***
Hi Im Alexey: raises $3 to $6
7 Huligan 7: raises $3 to $9
Hi Im Alexey: calls $3
*** FLOP *** [3s 6s 2s]
7 Huligan 7: checks
Hi Im Alexey: checks
*** TURN *** [3s 6s 2s] [5d]
7 Huligan 7: bets $6
Hi Im Alexey: raises $6 to $12
7 Huligan 7: calls $6
*** RIVER *** [3s 6s 2s 5d] [Ts]
7 Huligan 7: checks
Hi Im Alexey: checks
*** SHOW DOWN ***
7 Huligan 7: shows [Jh Jc] (a pair of Jacks)
Hi Im Alexey: shows [4d Qd] (a straight, Deuce to Six)
Hi Im Alexey collected $41.50 from pot
*** SUMMARY ***
Total pot $42 | Rake $0.50
Board [3s 6s 2s 5d Ts]
Seat 3: 7 Huligan 7 (big blind) showed [Jh Jc] and lost with a pair of Jacks
Seat 4: Hi Im Alexey (button) (small blind) showed [4d Qd] and won ($41.50) with a straight, Deuce to Six


PokerStars Hand #152361271157:  Hold'em Limit ($3/$6 USD) - 2016/04/24 2:52:45 ET
Table 'Alruccabah' 6-max Seat #3 is the button
Seat 3: 7 Huligan 7 ($139.41 in chips)
Seat 4: Hi Im Alexey ($92.50 in chips)
7 Huligan 7: posts small blind $1
Hi Im Alexey: posts big blind $3
*** HOLE CARDS ***
7 Huligan 7: raises $3 to $6
Hi Im Alexey: calls $3
*** FLOP *** [As 5s 7c]
Hi Im Alexey: checks
7 Huligan 7: bets $3
Hi Im Alexey: raises $3 to $6
7 Huligan 7: calls $3
*** TURN *** [As 5s 7c] [4c]
Hi Im Alexey: bets $6
7 Huligan 7: calls $6
*** RIVER *** [As 5s 7c 4c] [7d]
Hi Im Alexey: checks
7 Huligan 7: checks
*** SHOW DOWN ***
Hi Im Alexey: shows [7h Th] (three of a kind, Sevens)
7 Huligan 7: mucks hand
Hi Im Alexey collected $35.50 from pot
*** SUMMARY ***
Total pot $36 | Rake $0.50
Board [As 5s 7c 4c 7d]
Seat 3: 7 Huligan 7 (button) (small blind) mucked
Seat 4: Hi Im Alexey (big blind) showed [7h Th] and won ($35.50) with three of a kind, Sevens


PokerStars Hand #152361295143:  Hold'em Limit ($3/$6 USD) - 2016/04/24 2:54:05 ET
Table 'Alruccabah' 6-max Seat #4 is the button
Seat 3: 7 Huligan 7 ($138.91 in chips)
Seat 4: Hi Im Alexey ($92 in chips)
Hi Im Alexey: posts small blind $1
7 Huligan 7: posts big blind $3
*** HOLE CARDS ***
Hi Im Alexey: raises $3 to $6
7 Huligan 7: calls $3
*** FLOP *** [5c 8c 3h]
7 Huligan 7: checks
Hi Im Alexey: bets $3
7 Huligan 7: calls $3
*** TURN *** [5c 8c 3h] [Kc]
7 Huligan 7: checks
Hi Im Alexey: bets $6
7 Huligan 7: calls $6
*** RIVER *** [5c 8c 3h Kc] [4s]
7 Huligan 7: checks
Hi Im Alexey: checks
*** SHOW DOWN ***
7 Huligan 7: shows [9h 6c] (high card King)
Hi Im Alexey: shows [As 3d] (a pair of Threes)
Hi Im Alexey collected $29.50 from pot
*** SUMMARY ***
Total pot $30 | Rake $0.50
Board [5c 8c 3h Kc 4s]
Seat 3: 7 Huligan 7 (big blind) showed [9h 6c] and lost with high card King
Seat 4: Hi Im Alexey (button) (small blind) showed [As 3d] and won ($29.50) with a pair of Threes


PokerStars Hand #152361293365:  Hold'em Limit ($3/$6 USD) - 2016/04/24 2:53:59 ET
Table 'Alruccabah' 6-max Seat #3 is the button
Seat 3: 7 Huligan 7 ($135.91 in chips)
Seat 4: Hi Im Alexey ($95 in chips)
7 Huligan 7: posts small blind $1
Hi Im Alexey: posts big blind $3
*** HOLE CARDS ***
7 Huligan 7: raises $3 to $6
Hi Im Alexey: folds
Uncalled bet ($3) returned to 7 Huligan 7
7 Huligan 7 collected $6 from pot
7 Huligan 7: doesn't show hand
*** SUMMARY ***
Total pot $6 | Rake $0
Seat 3: 7 Huligan 7 (button) (small blind) collected ($6)
Seat 4: Hi Im Alexey (big blind) folded before Flop


PokerStars Hand #152361287116:  Hold'em Limit ($3/$6 USD) - 2016/04/24 2:53:38 ET
Table 'Alruccabah' 6-max Seat #4 is the button
Seat 3: 7 Huligan 7 ($121.41 in chips)
Seat 4: Hi Im Alexey ($110 in chips)
Hi Im Alexey: posts small blind $1
7 Huligan 7: posts big blind $3
*** HOLE CARDS ***
Hi Im Alexey: raises $3 to $6
7 Huligan 7: calls $3
*** FLOP *** [6h 7s 3h]
7 Huligan 7: checks
Hi Im Alexey: bets $3
7 Huligan 7: calls $3
*** TURN *** [6h 7s 3h] [5d]
7 Huligan 7: checks
Hi Im Alexey: checks
*** RIVER *** [6h 7s 3h 5d] [5h]
7 Huligan 7: bets $6
Hi Im Alexey: calls $6
*** SHOW DOWN ***
7 Huligan 7: shows [7d 3c] (two pair, Sevens and Fives)
Hi Im Alexey: mucks hand
7 Huligan 7 collected $29.50 from pot
*** SUMMARY ***
Total pot $30 | Rake $0.50
Board [6h 7s 3h 5d 5h]
Seat 3: 7 Huligan 7 (big blind) showed [7d 3c] and won ($29.50) with two pair, Sevens and Fives
Seat 4: Hi Im Alexey (button) (small blind) mucked


PokerStars Hand #152361301976:  Hold'em Limit ($3/$6 USD) - 2016/04/24 2:54:28 ET
Table 'Alruccabah' 6-max Seat #3 is the button
Seat 3: 7 Huligan 7 ($123.91 in chips)
Seat 4: Hi Im Alexey ($106.50 in chips)
7 Huligan 7: posts small blind $1
Hi Im Alexey: posts big blind $3
*** HOLE CARDS ***
7 Huligan 7: raises $3 to $6
Hi Im Alexey: calls $3
*** FLOP *** [Kh Qd Tc]
Hi Im Alexey: checks
7 Huligan 7: checks
*** TURN *** [Kh Qd Tc] [5d]
Hi Im Alexey: checks
7 Huligan 7: bets $6
Hi Im Alexey: folds
Uncalled bet ($6) returned to 7 Huligan 7
7 Huligan 7 collected $11.76 from pot
7 Huligan 7: doesn't show hand
*** SUMMARY ***
Total pot $12 | Rake $0.24
Board [Kh Qd Tc 5d]
Seat 3: 7 Huligan 7 (button) (small blind) collected ($11.76)
Seat 4: Hi Im Alexey (big blind) folded on the Turn


PokerStars Hand #152361310909:  Hold'em Limit ($3/$6 USD) - 2016/04/24 2:54:58 ET
Table 'Alruccabah' 6-max Seat #3 is the button
Seat 3: 7 Huligan 7 ($130.67 in chips)
Seat 4: Hi Im Alexey ($99.50 in chips)
7 Huligan 7: posts small blind $1
Hi Im Alexey: posts big blind $3
*** HOLE CARDS ***
7 Huligan 7: calls $2
Hi Im Alexey: checks
*** FLOP *** [Kc 4d 7d]
Hi Im Alexey: bets $3
7 Huligan 7: calls $3
*** TURN *** [Kc 4d 7d] [Ah]
Hi Im Alexey: checks
7 Huligan 7: checks
*** RIVER *** [Kc 4d 7d Ah] [3d]
Hi Im Alexey: checks
7 Huligan 7: checks
*** SHOW DOWN ***
Hi Im Alexey: shows [6s 2d] (high card Ace)
7 Huligan 7: shows [3h 8h] (a pair of Threes)
7 Huligan 7 collected $11.76 from pot
*** SUMMARY ***
Total pot $12 | Rake $0.24
Board [Kc 4d 7d Ah 3d]
Seat 3: 7 Huligan 7 (button) (small blind) showed [3h 8h] and won ($11.76) with a pair of Threes
Seat 4: Hi Im Alexey (big blind) showed [6s 2d] and lost with high card Ace


PokerStars Hand #152361309407:  Hold'em Limit ($3/$6 USD) - 2016/04/24 2:54:53 ET
Table 'Alruccabah' 6-max Seat #4 is the button
Seat 3: 7 Huligan 7 ($129.67 in chips)
Seat 4: Hi Im Alexey ($100.50 in chips)
Hi Im Alexey: posts small blind $1
7 Huligan 7: posts big blind $3
*** HOLE CARDS ***
Hi Im Alexey: folds
Uncalled bet ($2) returned to 7 Huligan 7
7 Huligan 7 collected $2 from pot
7 Huligan 7: doesn't show hand
*** SUMMARY ***
Total pot $2 | Rake $0
Seat 3: 7 Huligan 7 (big blind) collected ($2)
Seat 4: Hi Im Alexey (button) (small blind) folded before Flop


PokerStars Hand #152361319039:  Hold'em Limit ($3/$6 USD) - 2016/04/24 2:55:27 ET
Table 'Alruccabah' 6-max Seat #4 is the button
Seat 3: 7 Huligan 7 ($136.43 in chips)
Seat 4: Hi Im Alexey ($93.50 in chips)
Hi Im Alexey: posts small blind $1
7 Huligan 7: posts big blind $3
*** HOLE CARDS ***
Hi Im Alexey: raises $3 to $6
7 Huligan 7: calls $3
*** FLOP *** [6d 5h 4d]
7 Huligan 7: checks
Hi Im Alexey: bets $3
7 Huligan 7: calls $3
*** TURN *** [6d 5h 4d] [5c]
7 Huligan 7: checks
Hi Im Alexey: bets $6
7 Huligan 7: calls $6
*** RIVER *** [6d 5h 4d 5c] [6h]
7 Huligan 7: bets $6
Hi Im Alexey: raises $6 to $12
7 Huligan 7: folds
Uncalled bet ($6) returned to Hi Im Alexey
Hi Im Alexey collected $41.50 from pot
*** SUMMARY ***
Total pot $42 | Rake $0.50
Board [6d 5h 4d 5c 6h]
Seat 3: 7 Huligan 7 (big blind) folded on the River
Seat 4: Hi Im Alexey (button) (small blind) collected ($41.50)


PokerStars Hand #152361328774:  Hold'em Limit ($3/$6 USD) - 2016/04/24 2:56:03 ET
Table 'Alruccabah' 6-max Seat #3 is the button
Seat 3: 7 Huligan 7 ($115.43 in chips)
Seat 4: Hi Im Alexey ($114 in chips)
7 Huligan 7: posts small blind $1
Hi Im Alexey: posts big blind $3
*** HOLE CARDS ***
7 Huligan 7: raises $3 to $6
Hi Im Alexey: folds
Uncalled bet ($3) returned to 7 Huligan 7
7 Huligan 7 collected $6 from pot
7 Huligan 7: doesn't show hand
*** SUMMARY ***
Total pot $6 | Rake $0
Seat 3: 7 Huligan 7 (button) (small blind) collected ($6)
Seat 4: Hi Im Alexey (big blind) folded before Flop


PokerStars Hand #152361362364:  Hold'em Limit ($3/$6 USD) - 2016/04/24 2:58:08 ET
Table 'Alruccabah' 6-max Seat #3 is the button
Seat 3: 7 Huligan 7 ($170.23 in chips)
Seat 4: Hi Im Alexey ($84.56 in chips)
storpecka will be allowed to play after the button
7 Huligan 7: posts small blind $1
Hi Im Alexey: posts big blind $3
*** HOLE CARDS ***
7 Huligan 7: raises $3 to $6
Hi Im Alexey: calls $3
*** FLOP *** [Qd 5c Ac]
Hi Im Alexey: checks
7 Huligan 7: bets $3
Hi Im Alexey: calls $3
*** TURN *** [Qd 5c Ac] [4s]
Hi Im Alexey: checks
7 Huligan 7: bets $6
Hi Im Alexey: calls $6
*** RIVER *** [Qd 5c Ac 4s] [Ad]
Hi Im Alexey: checks
7 Huligan 7: bets $6
Hi Im Alexey: calls $6
*** SHOW DOWN ***
7 Huligan 7: shows [2c Td] (a pair of Aces)
Hi Im Alexey: shows [Qs Tc] (two pair, Aces and Queens)
Hi Im Alexey collected $41.50 from pot
*** SUMMARY ***
Total pot $42 | Rake $0.50
Board [Qd 5c Ac 4s Ad]
Seat 3: 7 Huligan 7 (button) (small blind) showed [2c Td] and lost with a pair of Aces
Seat 4: Hi Im Alexey (big blind) showed [Qs Tc] and won ($41.50) with two pair, Aces and Queens


PokerStars Hand #152362908912:  Hold'em Limit ($3/$6 USD) - 2016/04/24 4:15:20 ET
Table 'Alruccabah' 6-max Seat #5 is the button
Seat 1: krytalex ($119.29 in chips)
Seat 5: derdex ($110.25 in chips)
derdex: posts small blind $1
HAL9QQQ: is sitting out
krytalex: posts big blind $3
*** HOLE CARDS ***
derdex: raises $3 to $6
HAL9QQQ leaves the table
krytalex: calls $3
*** FLOP *** [Kh Jd Kc]
krytalex: checks
derdex: bets $3
krytalex: folds
Uncalled bet ($3) returned to derdex
derdex collected $11.76 from pot
derdex: doesn't show hand
*** SUMMARY ***
Total pot $12 | Rake $0.24
Board [Kh Jd Kc]
Seat 1: krytalex (big blind) folded on the Flop
Seat 5: derdex (button) (small blind) collected ($11.76)


PokerStars Hand #152362928877:  Hold'em Limit ($3/$6 USD) - 2016/04/24 4:16:12 ET
Table 'Alruccabah' 6-max Seat #1 is the button
Seat 1: krytalex ($113.29 in chips)
Seat 4: KhiKhi09 ($143.17 in chips)
krytalex: posts small blind $1
KhiKhi09: posts big blind $3
*** HOLE CARDS ***
krytalex: raises $3 to $6
KhiKhi09: calls $3
*** FLOP *** [3h As 8h]
KhiKhi09: checks
krytalex: bets $3
KhiKhi09: calls $3
*** TURN *** [3h As 8h] [Qh]
KhiKhi09: checks
krytalex: checks
*** RIVER *** [3h As 8h Qh] [Kh]
KhiKhi09: checks
krytalex: checks
*** SHOW DOWN ***
KhiKhi09: shows [2c Ad] (a pair of Aces)
krytalex: mucks hand
KhiKhi09 collected $17.64 from pot
*** SUMMARY ***
Total pot $18 | Rake $0.36
Board [3h As 8h Qh Kh]
Seat 1: krytalex (button) (small blind) mucked
Seat 4: KhiKhi09 (big blind) showed [2c Ad] and won ($17.64) with a pair of Aces


PokerStars Hand #152362961187:  Hold'em Limit ($3/$6 USD) - 2016/04/24 4:17:36 ET
Table 'Alruccabah' 6-max Seat #1 is the button
Seat 1: krytalex ($89.29 in chips)
Seat 4: KhiKhi09 ($166.31 in chips)
krytalex: posts small blind $1
KhiKhi09: posts big blind $3
*** HOLE CARDS ***
krytalex: folds
Uncalled bet ($2) returned to KhiKhi09
KhiKhi09 collected $2 from pot
*** SUMMARY ***
Total pot $2 | Rake $0
Seat 1: krytalex (button) (small blind) folded before Flop
Seat 4: KhiKhi09 (big blind) collected ($2)


PokerStars Hand #152362941021:  Hold'em Limit ($3/$6 USD) - 2016/04/24 4:16:43 ET
Table 'Alruccabah' 6-max Seat #4 is the button
Seat 1: krytalex ($104.29 in chips)
Seat 4: KhiKhi09 ($151.81 in chips)
KhiKhi09: posts small blind $1
krytalex: posts big blind $3
*** HOLE CARDS ***
KhiKhi09: calls $2
krytalex: raises $3 to $6
KhiKhi09: calls $3
*** FLOP *** [2c 5c 5s]
krytalex: checks
KhiKhi09: bets $3
krytalex: calls $3
*** TURN *** [2c 5c 5s] [6s]
krytalex: checks
KhiKhi09: bets $6
krytalex: calls $6
*** RIVER *** [2c 5c 5s 6s] [3h]
krytalex: checks
KhiKhi09: checks
*** SHOW DOWN ***
krytalex: shows [Kc Jh] (a pair of Fives)
KhiKhi09: shows [Tc Ac] (a pair of Fives - Ace kicker)
KhiKhi09 collected $29.50 from pot
*** SUMMARY ***
Total pot $30 | Rake $0.50
Board [2c 5c 5s 6s 3h]
Seat 1: krytalex (big blind) showed [Kc Jh] and lost with a pair of Fives
Seat 4: KhiKhi09 (button) (small blind) showed [Tc Ac] and won ($29.50) with a pair of Fives


PokerStars Hand #152362975083:  Hold'em Limit ($3/$6 USD) - 2016/04/24 4:18:12 ET
Table 'Alruccabah' 6-max Seat #1 is the button
Seat 1: krytalex ($88.11 in chips)
Seat 4: KhiKhi09 ($167.13 in chips)
krytalex: posts small blind $1
KhiKhi09: posts big blind $3
*** HOLE CARDS ***
krytalex: folds
Uncalled bet ($2) returned to KhiKhi09
KhiKhi09 collected $2 from pot
*** SUMMARY ***
Total pot $2 | Rake $0
Seat 1: krytalex (button) (small blind) folded before Flop
Seat 4: KhiKhi09 (big blind) collected ($2)


PokerStars Hand #152362977004:  Hold'em Limit ($3/$6 USD) - 2016/04/24 4:18:17 ET
Table 'Alruccabah' 6-max Seat #4 is the button
Seat 1: krytalex ($87.11 in chips)
Seat 4: KhiKhi09 ($168.13 in chips)
KhiKhi09: posts small blind $1
krytalex: posts big blind $3
*** HOLE CARDS ***
KhiKhi09: raises $3 to $6
krytalex: calls $3
*** FLOP *** [2d 7s 3h]
krytalex: checks
KhiKhi09: bets $3
krytalex: folds
Uncalled bet ($3) returned to KhiKhi09
KhiKhi09 collected $11.76 from pot
*** SUMMARY ***
Total pot $12 | Rake $0.24
Board [2d 7s 3h]
Seat 1: krytalex (big blind) folded on the Flop
Seat 4: KhiKhi09 (button) (small blind) collected ($11.76)


PokerStars Hand #152362964325:  Hold'em Limit ($3/$6 USD) - 2016/04/24 4:17:44 ET
Table 'Alruccabah' 6-max Seat #4 is the button
Seat 1: krytalex ($88.29 in chips)
Seat 4: KhiKhi09 ($167.31 in chips)
KhiKhi09: posts small blind $1
krytalex: posts big blind $3
*** HOLE CARDS ***
KhiKhi09: raises $3 to $6
krytalex: calls $3
*** FLOP *** [2d Ad 3d]
krytalex: checks
KhiKhi09: bets $3
krytalex: calls $3
*** TURN *** [2d Ad 3d] [4h]
krytalex: checks
KhiKhi09: checks
*** RIVER *** [2d Ad 3d 4h] [5s]
krytalex: checks
KhiKhi09: checks
*** SHOW DOWN ***
krytalex: shows [7h 5d] (a straight, Ace to Five)
KhiKhi09: shows [9s As] (a straight, Ace to Five)
krytalex collected $8.82 from pot
KhiKhi09 collected $8.82 from pot
*** SUMMARY ***
Total pot $18 | Rake $0.36
Board [2d Ad 3d 4h 5s]
Seat 1: krytalex (big blind) showed [7h 5d] and won ($8.82) with a straight, Ace to Five
Seat 4: KhiKhi09 (button) (small blind) showed [9s As] and won ($8.82) with a straight, Ace to Five


PokerStars Hand #152362989871:  Hold'em Limit ($3/$6 USD) - 2016/04/24 4:18:51 ET
Table 'Alruccabah' 6-max Seat #4 is the button
Seat 1: krytalex ($80.11 in chips)
Seat 4: KhiKhi09 ($174.89 in chips)
KhiKhi09: posts small blind $1
krytalex: posts big blind $3
*** HOLE CARDS ***
KhiKhi09: folds
Uncalled bet ($2) returned to krytalex
krytalex collected $2 from pot
*** SUMMARY ***
Total pot $2 | Rake $0
Seat 1: krytalex (big blind) collected ($2)
Seat 4: KhiKhi09 (button) (small blind) folded before Flop


PokerStars Hand #152362985592:  Hold'em Limit ($3/$6 USD) - 2016/04/24 4:18:39 ET
Table 'Alruccabah' 6-max Seat #1 is the button
Seat 1: krytalex ($81.11 in chips)
Seat 4: KhiKhi09 ($173.89 in chips)
krytalex: posts small blind $1
KhiKhi09: posts big blind $3
*** HOLE CARDS ***
krytalex: folds
Uncalled bet ($2) returned to KhiKhi09
KhiKhi09 collected $2 from pot
*** SUMMARY ***
Total pot $2 | Rake $0
Seat 1: krytalex (button) (small blind) folded before Flop
Seat 4: KhiKhi09 (big blind) collected ($2)


PokerStars Hand #152362991918:  Hold'em Limit ($3/$6 USD) - 2016/04/24 4:18:56 ET
Table 'Alruccabah' 6-max Seat #1 is the button
Seat 1: krytalex ($81.11 in chips)
Seat 4: KhiKhi09 ($173.89 in chips)
krytalex: posts small blind $1
KhiKhi09: posts big blind $3
*** HOLE CARDS ***
krytalex: raises $3 to $6
KhiKhi09: calls $3
*** FLOP *** [5c 7c 7d]
KhiKhi09: checks
krytalex: bets $3
KhiKhi09: calls $3
*** TURN *** [5c 7c 7d] [3h]
KhiKhi09: checks
krytalex: checks
*** RIVER *** [5c 7c 7d 3h] [6d]
KhiKhi09: bets $6
krytalex: calls $6
*** SHOW DOWN ***
KhiKhi09: shows [Kd Tc] (a pair of Sevens)
krytalex: shows [As 6c] (two pair, Sevens and Sixes)
krytalex collected $29.50 from pot
*** SUMMARY ***
Total pot $30 | Rake $0.50
Board [5c 7c 7d 3h 6d]
Seat 1: krytalex (button) (small blind) showed [As 6c] and won ($29.50) with two pair, Sevens and Sixes
Seat 4: KhiKhi09 (big blind) showed [Kd Tc] and lost with a pair of Sevens


PokerStars Hand #152363008226:  Hold'em Limit ($3/$6 USD) - 2016/04/24 4:19:38 ET
Table 'Alruccabah' 6-max Seat #4 is the button
Seat 1: krytalex ($95.61 in chips)
Seat 4: KhiKhi09 ($158.89 in chips)
KhiKhi09: posts small blind $1
krytalex: posts big blind $3
*** HOLE CARDS ***
KhiKhi09: calls $2
krytalex: raises $3 to $6
KhiKhi09: calls $3
*** FLOP *** [2s 8d Kc]
krytalex: bets $3
KhiKhi09: folds
Uncalled bet ($3) returned to krytalex
krytalex collected $11.76 from pot
*** SUMMARY ***
Total pot $12 | Rake $0.24
Board [2s 8d Kc]
Seat 1: krytalex (big blind) collected ($11.76)
Seat 4: KhiKhi09 (button) (small blind) folded on the Flop


PokerStars Hand #152363016259:  Hold'em Limit ($3/$6 USD) - 2016/04/24 4:19:59 ET
Table 'Alruccabah' 6-max Seat #1 is the button
Seat 1: krytalex ($101.37 in chips)
Seat 4: KhiKhi09 ($152.89 in chips)
krytalex: posts small blind $1
KhiKhi09: posts big blind $3
*** HOLE CARDS ***
krytalex: raises $3 to $6
KhiKhi09: calls $3
*** FLOP *** [Td 7h 8d]
KhiKhi09: checks
krytalex: checks
*** TURN *** [Td 7h 8d] [8s]
KhiKhi09: checks
krytalex: checks
*** RIVER *** [Td 7h 8d 8s] [As]
KhiKhi09: checks
Ervelino.V joins the table at seat #6
krytalex: checks
*** SHOW DOWN ***
KhiKhi09: shows [3h 6h] (a pair of Eights)
krytalex: shows [Qd 4s] (a pair of Eights - Ace+Queen kicker)
krytalex collected $11.76 from pot
*** SUMMARY ***
Total pot $12 | Rake $0.24
Board [Td 7h 8d 8s As]
Seat 1: krytalex (button) (small blind) showed [Qd 4s] and won ($11.76) with a pair of Eights
Seat 4: KhiKhi09 (big blind) showed [3h 6h] and lost with a pair of Eights


PokerStars Hand #152364242914:  Hold'em Limit ($3/$6 USD) - 2016/04/24 5:10:15 ET
Table 'Alruccabah' 6-max Seat #6 is the button
Seat 4: KhiKhi09 ($111.26 in chips)
Seat 6: Ervelino.V ($207.63 in chips)
Ervelino.V: posts small blind $1
KhiKhi09: posts big blind $3
*** HOLE CARDS ***
Ervelino.V: folds
Uncalled bet ($2) returned to KhiKhi09
KhiKhi09 collected $2 from pot
*** SUMMARY ***
Total pot $2 | Rake $0
Seat 4: KhiKhi09 (big blind) collected ($2)
Seat 6: Ervelino.V (button) (small blind) folded before Flop


PokerStars Hand #152364232625:  Hold'em Limit ($3/$6 USD) - 2016/04/24 5:09:52 ET
Table 'Alruccabah' 6-max Seat #4 is the button
Seat 4: KhiKhi09 ($108.38 in chips)
Seat 6: Ervelino.V ($210.63 in chips)
KhiKhi09: posts small blind $1
Ervelino.V: posts big blind $3
*** HOLE CARDS ***
KhiKhi09: calls $2
Ervelino.V: checks
*** FLOP *** [7h 2c 7s]
Ervelino.V: checks
KhiKhi09: checks
*** TURN *** [7h 2c 7s] [Td]
Ervelino.V: checks
KhiKhi09: checks
*** RIVER *** [7h 2c 7s Td] [Kc]
Ervelino.V: checks
KhiKhi09: checks
*** SHOW DOWN ***
Ervelino.V: shows [4s 8c] (a pair of Sevens)
KhiKhi09: shows [Ad 6h] (a pair of Sevens - Ace kicker)
KhiKhi09 collected $5.88 from pot
*** SUMMARY ***
Total pot $6 | Rake $0.12
Board [7h 2c 7s Td Kc]
Seat 4: KhiKhi09 (button) (small blind) showed [Ad 6h] and won ($5.88) with a pair of Sevens
Seat 6: Ervelino.V (big blind) showed [4s 8c] and lost with a pair of Sevens


PokerStars Hand #152366551400:  Hold'em Limit ($3/$6 USD) - 2016/04/24 6:31:52 ET
Table 'Alruccabah' 6-max Seat #1 is the button
Seat 1: Df_master ($236.89 in chips)
Seat 5: VolkovDmitri ($284.04 in chips)
Df_master: posts small blind $1
TheMatrix36: is sitting out
HAL9QQQ: is sitting out
VolkovDmitri: posts big blind $3
*** HOLE CARDS ***
Df_master: raises $3 to $6
VolkovDmitri: calls $3
*** FLOP *** [6h 8d Jc]
VolkovDmitri: checks
Df_master: bets $3
VolkovDmitri: raises $3 to $6
Df_master: calls $3
*** TURN *** [6h 8d Jc] [Qh]
VolkovDmitri: bets $6
Df_master: raises $6 to $12
VolkovDmitri: folds
Uncalled bet ($6) returned to Df_master
Df_master collected $35.50 from pot
Df_master: doesn't show hand
*** SUMMARY ***
Total pot $36 | Rake $0.50
Board [6h 8d Jc Qh]
Seat 1: Df_master (button) (small blind) collected ($35.50)
Seat 5: VolkovDmitri (big blind) folded on the Turn


