PokerStars Hand #170905966908:  Hold'em Limit ($3/$6 USD) - 2017/05/25 14:43:43 ET
Table 'Alruccabah' 6-max Seat #1 is the button
Seat 1: Z435A791B ($120 in chips)
Seat 5: krytalex ($120 in chips)
Z435A791B: posts small blind $1
krytalex: posts big blind $3
*** HOLE CARDS ***
Z435A791B: calls $2
krytalex: checks
*** FLOP *** [8d 2d 3d]
krytalex: checks
Z435A791B: checks
*** TURN *** [8d 2d 3d] [As]
krytalex: bets $6
Z435A791B: folds
Uncalled bet ($6) returned to krytalex
krytalex collected $5.88 from pot
*** SUMMARY ***
Total pot $6 | Rake $0.12
Board [8d 2d 3d As]
Seat 1: Z435A791B (button) (small blind) folded on the Turn
Seat 5: krytalex (big blind) collected ($5.88)


PokerStars Hand #170906039508:  Hold'em Limit ($3/$6 USD) - 2017/05/25 14:45:17 ET
Table 'Alruccabah' 6-max Seat #1 is the button
Seat 1: Z435A791B ($107 in chips)
Seat 5: krytalex ($132.64 in chips)
Z435A791B: posts small blind $1
krytalex: posts big blind $3
*** HOLE CARDS ***
Z435A791B: folds
Uncalled bet ($2) returned to krytalex
Z435A791B leaves the table
krytalex collected $2 from pot
*** SUMMARY ***
Total pot $2 | Rake $0
Seat 1: Z435A791B (button) (small blind) folded before Flop
Seat 5: krytalex (big blind) collected ($2)


PokerStars Hand #170906016538:  Hold'em Limit ($3/$6 USD) - 2017/05/25 14:44:47 ET
Table 'Alruccabah' 6-max Seat #5 is the button
Seat 1: Z435A791B ($113 in chips)
Seat 5: krytalex ($126.88 in chips)
krytalex: posts small blind $1
Z435A791B: posts big blind $3
*** HOLE CARDS ***
krytalex: raises $3 to $6
Z435A791B: calls $3
*** FLOP *** [Ac 7d 8h]
Z435A791B: checks
krytalex: bets $3
Z435A791B: folds
Uncalled bet ($3) returned to krytalex
krytalex collected $11.76 from pot
*** SUMMARY ***
Total pot $12 | Rake $0.24
Board [Ac 7d 8h]
Seat 1: Z435A791B (big blind) folded on the Flop
Seat 5: krytalex (button) (small blind) collected ($11.76)


PokerStars Hand #170906012302:  Hold'em Limit ($3/$6 USD) - 2017/05/25 14:44:42 ET
Table 'Alruccabah' 6-max Seat #1 is the button
Seat 1: Z435A791B ($114 in chips)
Seat 5: krytalex ($125.88 in chips)
Z435A791B: posts small blind $1
krytalex: posts big blind $3
*** HOLE CARDS ***
Z435A791B: folds
Uncalled bet ($2) returned to krytalex
krytalex collected $2 from pot
*** SUMMARY ***
Total pot $2 | Rake $0
Seat 1: Z435A791B (button) (small blind) folded before Flop
Seat 5: krytalex (big blind) collected ($2)


PokerStars Hand #170905997821:  Hold'em Limit ($3/$6 USD) - 2017/05/25 14:44:23 ET
Table 'Alruccabah' 6-max Seat #5 is the button
Seat 1: Z435A791B ($117 in chips)
Seat 5: krytalex ($122.88 in chips)
krytalex: posts small blind $1
Z435A791B: posts big blind $3
*** HOLE CARDS ***
krytalex: raises $3 to $6
Z435A791B: folds
Uncalled bet ($3) returned to krytalex
krytalex collected $6 from pot
*** SUMMARY ***
Total pot $6 | Rake $0
Seat 1: Z435A791B (big blind) folded before Flop
Seat 5: krytalex (button) (small blind) collected ($6)


PokerStars Hand #170909517170:  Hold'em Limit ($3/$6 USD) - 2017/05/25 15:58:21 ET
Table 'Alruccabah' 6-max Seat #5 is the button
Seat 3: AA_ILI ($154.71 in chips)
Seat 5: krytalex ($133.64 in chips)
krytalex: posts small blind $1
AA_ILI: posts big blind $3
*** HOLE CARDS ***
krytalex: folds
Uncalled bet ($2) returned to AA_ILI
AA_ILI collected $2 from pot
*** SUMMARY ***
Total pot $2 | Rake $0
Seat 3: AA_ILI (big blind) collected ($2)
Seat 5: krytalex (button) (small blind) folded before Flop


PokerStars Hand #170909540082:  Hold'em Limit ($3/$6 USD) - 2017/05/25 15:58:55 ET
Table 'Alruccabah' 6-max Seat #3 is the button
Seat 3: AA_ILI ($155.71 in chips)
Seat 5: krytalex ($132.64 in chips)
AA_ILI: posts small blind $1
krytalex: posts big blind $3
*** HOLE CARDS ***
AA_ILI: calls $2
krytalex: raises $3 to $6
AA_ILI: calls $3
*** FLOP *** [Qd 7d 4s]
krytalex: bets $3
AA_ILI: calls $3
*** TURN *** [Qd 7d 4s] [3c]
Mr10P joins the table at seat #2
krytalex: checks
AA_ILI: bets $6
krytalex: folds
Uncalled bet ($6) returned to AA_ILI
AA_ILI collected $17.64 from pot
*** SUMMARY ***
Total pot $18 | Rake $0.36
Board [Qd 7d 4s 3c]
Seat 3: AA_ILI (button) (small blind) collected ($17.64)
Seat 5: krytalex (big blind) folded on the Turn


PokerStars Hand #170909638969:  Hold'em Limit ($3/$6 USD) - 2017/05/25 16:01:18 ET
Table 'Alruccabah' 6-max Seat #2 is the button
Seat 2: Mr10P ($98.50 in chips)
Seat 3: AA_ILI ($144.35 in chips)
Mr10P: posts small blind $1
AA_ILI: posts big blind $3
*** HOLE CARDS ***
Mr10P: folds
Uncalled bet ($2) returned to AA_ILI
AA_ILI collected $2 from pot
*** SUMMARY ***
Total pot $2 | Rake $0
Seat 2: Mr10P (button) (small blind) folded before Flop
Seat 3: AA_ILI (big blind) collected ($2)


PokerStars Hand #170909621638:  Hold'em Limit ($3/$6 USD) - 2017/05/25 16:00:54 ET
Table 'Alruccabah' 6-max Seat #3 is the button
Seat 2: Mr10P ($78 in chips)
Seat 3: AA_ILI ($165.35 in chips)
AA_ILI: posts small blind $1
krytalex: is sitting out
Mr10P: posts big blind $3
*** HOLE CARDS ***
AA_ILI: calls $2
Mr10P: raises $3 to $6
krytalex leaves the table
AA_ILI: calls $3
*** FLOP *** [Th 8d As]
Mr10P: bets $3
AA_ILI: calls $3
*** TURN *** [Th 8d As] [Jh]
Mr10P: bets $6
AA_ILI: calls $6
*** RIVER *** [Th 8d As Jh] [6h]
Mr10P: bets $6
AA_ILI: calls $6
*** SHOW DOWN ***
Mr10P: shows [2d Ac] (a pair of Aces)
AA_ILI: mucks hand
Mr10P collected $41.50 from pot
*** SUMMARY ***
Total pot $42 | Rake $0.50
Board [Th 8d As Jh 6h]
Seat 2: Mr10P (big blind) showed [2d Ac] and won ($41.50) with a pair of Aces
Seat 3: AA_ILI (button) (small blind) mucked


PokerStars Hand #170909654177:  Hold'em Limit ($3/$6 USD) - 2017/05/25 16:01:37 ET
Table 'Alruccabah' 6-max Seat #2 is the button
Seat 2: Mr10P ($112 in chips)
Seat 3: AA_ILI ($130.35 in chips)
Mr10P: posts small blind $1
AA_ILI: posts big blind $3
*** HOLE CARDS ***
Mr10P: raises $3 to $6
AA_ILI: folds
Uncalled bet ($3) returned to Mr10P
Mr10P collected $6 from pot
Mr10P: doesn't show hand
*** SUMMARY ***
Total pot $6 | Rake $0
Seat 2: Mr10P (button) (small blind) collected ($6)
Seat 3: AA_ILI (big blind) folded before Flop


PokerStars Hand #170909642563:  Hold'em Limit ($3/$6 USD) - 2017/05/25 16:01:23 ET
Table 'Alruccabah' 6-max Seat #3 is the button
Seat 2: Mr10P ($97.50 in chips)
Seat 3: AA_ILI ($145.35 in chips)
AA_ILI: posts small blind $1
Mr10P: posts big blind $3
*** HOLE CARDS ***
AA_ILI: raises $3 to $6
Mr10P: calls $3
*** FLOP *** [8h Jh Ad]
Mr10P: checks
AA_ILI: bets $3
Mr10P: calls $3
*** TURN *** [8h Jh Ad] [8s]
Mr10P: checks
AA_ILI: bets $6
Mr10P: calls $6
*** RIVER *** [8h Jh Ad 8s] [Tc]
Mr10P: checks
AA_ILI: checks
*** SHOW DOWN ***
Mr10P: shows [3d 8d] (three of a kind, Eights)
AA_ILI: mucks hand
Mr10P collected $29.50 from pot
*** SUMMARY ***
Total pot $30 | Rake $0.50
Board [8h Jh Ad 8s Tc]
Seat 2: Mr10P (big blind) showed [3d 8d] and won ($29.50) with three of a kind, Eights
Seat 3: AA_ILI (button) (small blind) mucked


PokerStars Hand #170909659390:  Hold'em Limit ($3/$6 USD) - 2017/05/25 16:01:44 ET
Table 'Alruccabah' 6-max Seat #3 is the button
Seat 2: Mr10P ($115 in chips)
Seat 3: AA_ILI ($127.35 in chips)
AA_ILI: posts small blind $1
Mr10P: posts big blind $3
*** HOLE CARDS ***
AA_ILI: raises $3 to $6
Mr10P: raises $3 to $9
AA_ILI: calls $3
*** FLOP *** [As 3d Qd]
Mr10P: bets $3
AA_ILI: calls $3
*** TURN *** [As 3d Qd] [5h]
Mr10P: bets $6
AA_ILI: calls $6
*** RIVER *** [As 3d Qd 5h] [7d]
Mr10P: bets $6
AA_ILI: raises $6 to $12
Mr10P: calls $6
*** SHOW DOWN ***
AA_ILI: shows [Ac 6c] (a pair of Aces)
Mr10P: mucks hand
AA_ILI collected $59.50 from pot
*** SUMMARY ***
Total pot $60 | Rake $0.50
Board [As 3d Qd 5h 7d]
Seat 2: Mr10P (big blind) mucked
Seat 3: AA_ILI (button) (small blind) showed [Ac 6c] and won ($59.50) with a pair of Aces


PokerStars Hand #170909679940:  Hold'em Limit ($3/$6 USD) - 2017/05/25 16:02:10 ET
Table 'Alruccabah' 6-max Seat #3 is the button
Seat 2: Mr10P ($88 in chips)
Seat 3: AA_ILI ($153.85 in chips)
AA_ILI: posts small blind $1
Mr10P: posts big blind $3
*** HOLE CARDS ***
AA_ILI: folds
Uncalled bet ($2) returned to Mr10P
Mr10P collected $2 from pot
Mr10P: doesn't show hand
*** SUMMARY ***
Total pot $2 | Rake $0
Seat 2: Mr10P (big blind) collected ($2)
Seat 3: AA_ILI (button) (small blind) folded before Flop


PokerStars Hand #170909673574:  Hold'em Limit ($3/$6 USD) - 2017/05/25 16:02:02 ET
Table 'Alruccabah' 6-max Seat #2 is the button
Seat 2: Mr10P ($85 in chips)
Seat 3: AA_ILI ($156.85 in chips)
Mr10P: posts small blind $1
AA_ILI: posts big blind $3
*** HOLE CARDS ***
Mr10P: raises $3 to $6
AA_ILI: folds
Uncalled bet ($3) returned to Mr10P
Mr10P collected $6 from pot
Mr10P: doesn't show hand
*** SUMMARY ***
Total pot $6 | Rake $0
Seat 2: Mr10P (button) (small blind) collected ($6)
Seat 3: AA_ILI (big blind) folded before Flop


PokerStars Hand #170909688902:  Hold'em Limit ($3/$6 USD) - 2017/05/25 16:02:21 ET
Table 'Alruccabah' 6-max Seat #3 is the button
Seat 2: Mr10P ($92 in chips)
Seat 3: AA_ILI ($149.85 in chips)
AA_ILI: posts small blind $1
Mr10P: posts big blind $3
*** HOLE CARDS ***
AA_ILI: raises $3 to $6
Mr10P: folds
Uncalled bet ($3) returned to AA_ILI
AA_ILI collected $6 from pot
*** SUMMARY ***
Total pot $6 | Rake $0
Seat 2: Mr10P (big blind) folded before Flop
Seat 3: AA_ILI (button) (small blind) collected ($6)


PokerStars Hand #170909684104:  Hold'em Limit ($3/$6 USD) - 2017/05/25 16:02:15 ET
Table 'Alruccabah' 6-max Seat #2 is the button
Seat 2: Mr10P ($89 in chips)
Seat 3: AA_ILI ($152.85 in chips)
Mr10P: posts small blind $1
AA_ILI: posts big blind $3
*** HOLE CARDS ***
Mr10P: raises $3 to $6
AA_ILI: folds
Uncalled bet ($3) returned to Mr10P
Mr10P collected $6 from pot
Mr10P: doesn't show hand
*** SUMMARY ***
Total pot $6 | Rake $0
Seat 2: Mr10P (button) (small blind) collected ($6)
Seat 3: AA_ILI (big blind) folded before Flop


PokerStars Hand #170909692911:  Hold'em Limit ($3/$6 USD) - 2017/05/25 16:02:26 ET
Table 'Alruccabah' 6-max Seat #2 is the button
Seat 2: Mr10P ($89 in chips)
Seat 3: AA_ILI ($152.85 in chips)
Mr10P: posts small blind $1
AA_ILI: posts big blind $3
*** HOLE CARDS ***
Mr10P: raises $3 to $6
AA_ILI: calls $3
*** FLOP *** [Jd Kc 2d]
AA_ILI: bets $3
Mr10P: raises $3 to $6
AA_ILI: folds
Uncalled bet ($3) returned to Mr10P
Mr10P collected $17.64 from pot
Mr10P: doesn't show hand
*** SUMMARY ***
Total pot $18 | Rake $0.36
Board [Jd Kc 2d]
Seat 2: Mr10P (button) (small blind) collected ($17.64)
Seat 3: AA_ILI (big blind) folded on the Flop


PokerStars Hand #170909700533:  Hold'em Limit ($3/$6 USD) - 2017/05/25 16:02:35 ET
Table 'Alruccabah' 6-max Seat #3 is the button
Seat 2: Mr10P ($97.64 in chips)
Seat 3: AA_ILI ($143.85 in chips)
AA_ILI: posts small blind $1
Mr10P: posts big blind $3
*** HOLE CARDS ***
AA_ILI: raises $3 to $6
Mr10P: raises $3 to $9
AA_ILI: calls $3
*** FLOP *** [Ks Tc Kh]
Mr10P: bets $3
AA_ILI: calls $3
*** TURN *** [Ks Tc Kh] [2s]
Mr10P: bets $6
AA_ILI: calls $6
*** RIVER *** [Ks Tc Kh 2s] [7c]
Mr10P: bets $6
AA_ILI: folds
Uncalled bet ($6) returned to Mr10P
Mr10P collected $35.50 from pot
Mr10P: doesn't show hand
*** SUMMARY ***
Total pot $36 | Rake $0.50
Board [Ks Tc Kh 2s 7c]
Seat 2: Mr10P (big blind) collected ($35.50)
Seat 3: AA_ILI (button) (small blind) folded on the River


PokerStars Hand #170909711611:  Hold'em Limit ($3/$6 USD) - 2017/05/25 16:02:49 ET
Table 'Alruccabah' 6-max Seat #2 is the button
Seat 2: Mr10P ($115.14 in chips)
Seat 3: AA_ILI ($125.85 in chips)
Mr10P: posts small blind $1
AA_ILI: posts big blind $3
*** HOLE CARDS ***
Mr10P: raises $3 to $6
AA_ILI: calls $3
*** FLOP *** [Th 9d Jd]
AA_ILI: checks
Mr10P: bets $3
AA_ILI: calls $3
*** TURN *** [Th 9d Jd] [5c]
AA_ILI: checks
Mr10P: checks
*** RIVER *** [Th 9d Jd 5c] [2h]
AA_ILI: bets $6
Mr10P: calls $6
*** SHOW DOWN ***
AA_ILI: shows [Qd Js] (a pair of Jacks)
Mr10P: mucks hand
AA_ILI collected $29.50 from pot
*** SUMMARY ***
Total pot $30 | Rake $0.50
Board [Th 9d Jd 5c 2h]
Seat 2: Mr10P (button) (small blind) mucked
Seat 3: AA_ILI (big blind) showed [Qd Js] and won ($29.50) with a pair of Jacks


PokerStars Hand #170909723212:  Hold'em Limit ($3/$6 USD) - 2017/05/25 16:03:03 ET
Table 'Alruccabah' 6-max Seat #3 is the button
Seat 2: Mr10P ($100.14 in chips)
Seat 3: AA_ILI ($140.35 in chips)
AA_ILI: posts small blind $1
Mr10P: posts big blind $3
*** HOLE CARDS ***
AA_ILI: raises $3 to $6
Mr10P: calls $3
*** FLOP *** [7h 8h 3s]
Mr10P: checks
AA_ILI: bets $3
Mr10P: calls $3
*** TURN *** [7h 8h 3s] [4d]
Mr10P: checks
AA_ILI: bets $6
Mr10P: calls $6
*** RIVER *** [7h 8h 3s 4d] [9h]
Mr10P: checks
AA_ILI: bets $6
Mr10P: folds
Uncalled bet ($6) returned to AA_ILI
AA_ILI collected $29.50 from pot
*** SUMMARY ***
Total pot $30 | Rake $0.50
Board [7h 8h 3s 4d 9h]
Seat 2: Mr10P (big blind) folded on the River
Seat 3: AA_ILI (button) (small blind) collected ($29.50)


PokerStars Hand #170909737875:  Hold'em Limit ($3/$6 USD) - 2017/05/25 16:03:20 ET
Table 'Alruccabah' 6-max Seat #2 is the button
Seat 2: Mr10P ($85.14 in chips)
Seat 3: AA_ILI ($154.85 in chips)
Mr10P: posts small blind $1
AA_ILI: posts big blind $3
*** HOLE CARDS ***
Mr10P: raises $3 to $6
AA_ILI: calls $3
*** FLOP *** [Jh 6d Tc]
AA_ILI: checks
Mr10P: bets $3
AA_ILI: folds
Uncalled bet ($3) returned to Mr10P
Mr10P collected $11.76 from pot
Mr10P: doesn't show hand
*** SUMMARY ***
Total pot $12 | Rake $0.24
Board [Jh 6d Tc]
Seat 2: Mr10P (button) (small blind) collected ($11.76)
Seat 3: AA_ILI (big blind) folded on the Flop


PokerStars Hand #170909750711:  Hold'em Limit ($3/$6 USD) - 2017/05/25 16:03:37 ET
Table 'Alruccabah' 6-max Seat #3 is the button
Seat 2: Mr10P ($90.90 in chips)
Seat 3: AA_ILI ($148.85 in chips)
AA_ILI: posts small blind $1
Mr10P: posts big blind $3
*** HOLE CARDS ***
AA_ILI: calls $2
Mr10P: checks
*** FLOP *** [3d Kh 9c]
Mr10P: checks
AA_ILI: checks
*** TURN *** [3d Kh 9c] [5d]
Mr10P: bets $6
AA_ILI: calls $6
*** RIVER *** [3d Kh 9c 5d] [5c]
Mr10P: checks
AA_ILI: bets $6
Mr10P: folds
Uncalled bet ($6) returned to AA_ILI
AA_ILI collected $17.64 from pot
*** SUMMARY ***
Total pot $18 | Rake $0.36
Board [3d Kh 9c 5d 5c]
Seat 2: Mr10P (big blind) folded on the River
Seat 3: AA_ILI (button) (small blind) collected ($17.64)


PokerStars Hand #170909770757:  Hold'em Limit ($3/$6 USD) - 2017/05/25 16:04:01 ET
Table 'Alruccabah' 6-max Seat #3 is the button
Seat 2: Mr10P ($84.90 in chips)
Seat 3: AA_ILI ($154.49 in chips)
AA_ILI: posts small blind $1
Mr10P: posts big blind $3
*** HOLE CARDS ***
AA_ILI: folds
Uncalled bet ($2) returned to Mr10P
Mr10P collected $2 from pot
Mr10P: doesn't show hand
*** SUMMARY ***
Total pot $2 | Rake $0
Seat 2: Mr10P (big blind) collected ($2)
Seat 3: AA_ILI (button) (small blind) folded before Flop


PokerStars Hand #170909764557:  Hold'em Limit ($3/$6 USD) - 2017/05/25 16:03:54 ET
Table 'Alruccabah' 6-max Seat #2 is the button
Seat 2: Mr10P ($81.90 in chips)
Seat 3: AA_ILI ($157.49 in chips)
Mr10P: posts small blind $1
AA_ILI: posts big blind $3
*** HOLE CARDS ***
Mr10P: raises $3 to $6
AA_ILI: folds
Uncalled bet ($3) returned to Mr10P
Mr10P collected $6 from pot
Mr10P: doesn't show hand
*** SUMMARY ***
Total pot $6 | Rake $0
Seat 2: Mr10P (button) (small blind) collected ($6)
Seat 3: AA_ILI (big blind) folded before Flop


PokerStars Hand #170909780579:  Hold'em Limit ($3/$6 USD) - 2017/05/25 16:04:13 ET
Table 'Alruccabah' 6-max Seat #3 is the button
Seat 2: Mr10P ($88.90 in chips)
Seat 3: AA_ILI ($150.49 in chips)
AA_ILI: posts small blind $1
Mr10P: posts big blind $3
*** HOLE CARDS ***
AA_ILI: calls $2
Mr10P: checks
*** FLOP *** [3d 3h 3c]
Mr10P: checks
AA_ILI: checks
*** TURN *** [3d 3h 3c] [Jc]
Mr10P: checks
AA_ILI: checks
*** RIVER *** [3d 3h 3c Jc] [Td]
Mr10P: checks
AA_ILI: checks
*** SHOW DOWN ***
Mr10P: shows [2h Qc] (three of a kind, Threes)
AA_ILI: shows [Qs 5s] (three of a kind, Threes)
Mr10P collected $2.94 from pot
AA_ILI collected $2.94 from pot
*** SUMMARY ***
Total pot $6 | Rake $0.12
Board [3d 3h 3c Jc Td]
Seat 2: Mr10P (big blind) showed [2h Qc] and won ($2.94) with three of a kind, Threes
Seat 3: AA_ILI (button) (small blind) showed [Qs 5s] and won ($2.94) with three of a kind, Threes


PokerStars Hand #170909774294:  Hold'em Limit ($3/$6 USD) - 2017/05/25 16:04:05 ET
Table 'Alruccabah' 6-max Seat #2 is the button
Seat 2: Mr10P ($85.90 in chips)
Seat 3: AA_ILI ($153.49 in chips)
Mr10P: posts small blind $1
AA_ILI: posts big blind $3
*** HOLE CARDS ***
Mr10P: raises $3 to $6
AA_ILI: folds
Uncalled bet ($3) returned to Mr10P
Mr10P collected $6 from pot
Mr10P: doesn't show hand
*** SUMMARY ***
Total pot $6 | Rake $0
Seat 2: Mr10P (button) (small blind) collected ($6)
Seat 3: AA_ILI (big blind) folded before Flop


PokerStars Hand #170909795718:  Hold'em Limit ($3/$6 USD) - 2017/05/25 16:04:31 ET
Table 'Alruccabah' 6-max Seat #2 is the button
Seat 2: Mr10P ($88.84 in chips)
Seat 3: AA_ILI ($150.43 in chips)
Mr10P: posts small blind $1
feertheturtl joins the table at seat #1
AA_ILI: posts big blind $3
*** HOLE CARDS ***
Mr10P: raises $3 to $6
AA_ILI: calls $3
*** FLOP *** [Jd 4d 8h]
AA_ILI: checks
Mr10P: bets $3
AA_ILI: folds
Uncalled bet ($3) returned to Mr10P
Mr10P collected $11.76 from pot
Mr10P: doesn't show hand
*** SUMMARY ***
Total pot $12 | Rake $0.24
Board [Jd 4d 8h]
Seat 2: Mr10P (button) (small blind) collected ($11.76)
Seat 3: AA_ILI (big blind) folded on the Flop


PokerStars Hand #170910537162:  Hold'em Limit ($3/$6 USD) - 2017/05/25 16:19:34 ET
Table 'Alruccabah' 6-max Seat #3 is the button
Seat 2: Mr10P ($107.62 in chips)
Seat 3: AA_ILI ($170.57 in chips)
AA_ILI: posts small blind $1
Mr10P: posts big blind $3
*** HOLE CARDS ***
AA_ILI: raises $3 to $6
Mr10P: raises $3 to $9
AA_ILI: calls $3
*** FLOP *** [9s 5s 8h]
Mr10P: bets $3
AA_ILI: calls $3
*** TURN *** [9s 5s 8h] [Jh]
Mr10P: bets $6
AA_ILI: calls $6
*** RIVER *** [9s 5s 8h Jh] [3s]
Mr10P: bets $6
AA_ILI: calls $6
*** SHOW DOWN ***
Mr10P: shows [2s Ts] (a flush, Ten high)
AA_ILI: mucks hand
Mr10P collected $47.50 from pot
*** SUMMARY ***
Total pot $48 | Rake $0.50
Board [9s 5s 8h Jh 3s]
Seat 2: Mr10P (big blind) showed [2s Ts] and won ($47.50) with a flush, Ten high
Seat 3: AA_ILI (button) (small blind) mucked


PokerStars Hand #170910532989:  Hold'em Limit ($3/$6 USD) - 2017/05/25 16:19:29 ET
Table 'Alruccabah' 6-max Seat #2 is the button
Seat 2: Mr10P ($104.62 in chips)
Seat 3: AA_ILI ($173.57 in chips)
Mr10P: posts small blind $1
AA_ILI: posts big blind $3
*** HOLE CARDS ***
Mr10P: raises $3 to $6
AA_ILI: folds
Uncalled bet ($3) returned to Mr10P
Mr10P collected $6 from pot
Mr10P: doesn't show hand
*** SUMMARY ***
Total pot $6 | Rake $0
Seat 2: Mr10P (button) (small blind) collected ($6)
Seat 3: AA_ILI (big blind) folded before Flop


PokerStars Hand #170910501887:  Hold'em Limit ($3/$6 USD) - 2017/05/25 16:18:51 ET
Table 'Alruccabah' 6-max Seat #3 is the button
Seat 2: Mr10P ($87.36 in chips)
Seat 3: AA_ILI ($192.07 in chips)
AA_ILI: posts small blind $1
Mr10P: posts big blind $3
*** HOLE CARDS ***
AA_ILI: calls $2
Mr10P: raises $3 to $6
AA_ILI: calls $3
*** FLOP *** [9c Ts Th]
Mr10P: bets $3
AA_ILI: calls $3
*** TURN *** [9c Ts Th] [2d]
Mr10P: bets $6
AA_ILI: raises $6 to $12
Mr10P: calls $6
*** RIVER *** [9c Ts Th 2d] [2h]
Mr10P: checks
AA_ILI: bets $6
Mr10P: raises $6 to $12
AA_ILI: folds
Uncalled bet ($6) returned to Mr10P
Mr10P collected $53.50 from pot
Mr10P: doesn't show hand
*** SUMMARY ***
Total pot $54 | Rake $0.50
Board [9c Ts Th 2d 2h]
Seat 2: Mr10P (big blind) collected ($53.50)
Seat 3: AA_ILI (button) (small blind) folded on the River


PokerStars Hand #170910515700:  Hold'em Limit ($3/$6 USD) - 2017/05/25 16:19:08 ET
Table 'Alruccabah' 6-max Seat #2 is the button
Seat 2: Mr10P ($113.86 in chips)
Seat 3: AA_ILI ($165.07 in chips)
Mr10P: posts small blind $1
AA_ILI: posts big blind $3
*** HOLE CARDS ***
Mr10P: raises $3 to $6
AA_ILI: calls $3
*** FLOP *** [Kh 8c Ah]
AA_ILI: checks
Mr10P: bets $3
AA_ILI: folds
Uncalled bet ($3) returned to Mr10P
Mr10P collected $11.76 from pot
Mr10P: doesn't show hand
*** SUMMARY ***
Total pot $12 | Rake $0.24
Board [Kh 8c Ah]
Seat 2: Mr10P (button) (small blind) collected ($11.76)
Seat 3: AA_ILI (big blind) folded on the Flop


PokerStars Hand #170910522056:  Hold'em Limit ($3/$6 USD) - 2017/05/25 16:19:16 ET
Table 'Alruccabah' 6-max Seat #3 is the button
Seat 2: Mr10P ($119.62 in chips)
Seat 3: AA_ILI ($159.07 in chips)
AA_ILI: posts small blind $1
Mr10P: posts big blind $3
*** HOLE CARDS ***
AA_ILI: raises $3 to $6
Mr10P: calls $3
*** FLOP *** [5s 5c 5d]
Mr10P: checks
AA_ILI: bets $3
Mr10P: calls $3
*** TURN *** [5s 5c 5d] [7s]
Mr10P: checks
AA_ILI: bets $6
Mr10P: calls $6
*** RIVER *** [5s 5c 5d 7s] [Qs]
Mr10P: checks
AA_ILI: bets $6
Mr10P: folds
Uncalled bet ($6) returned to AA_ILI
AA_ILI collected $29.50 from pot
*** SUMMARY ***
Total pot $30 | Rake $0.50
Board [5s 5c 5d 7s Qs]
Seat 2: Mr10P (big blind) folded on the River
Seat 3: AA_ILI (button) (small blind) collected ($29.50)


PokerStars Hand #170910546723:  Hold'em Limit ($3/$6 USD) - 2017/05/25 16:19:46 ET
Table 'Alruccabah' 6-max Seat #2 is the button
Seat 2: Mr10P ($131.12 in chips)
Seat 3: AA_ILI ($146.57 in chips)
Mr10P: posts small blind $1
AA_ILI: posts big blind $3
*** HOLE CARDS ***
Mr10P: raises $3 to $6
AA_ILI: raises $3 to $9
Mr10P: calls $3
*** FLOP *** [Qc 5c Ks]
AA_ILI: bets $3
Mr10P: folds
Uncalled bet ($3) returned to AA_ILI
AA_ILI collected $17.64 from pot
*** SUMMARY ***
Total pot $18 | Rake $0.36
Board [Qc 5c Ks]
Seat 2: Mr10P (button) (small blind) folded on the Flop
Seat 3: AA_ILI (big blind) collected ($17.64)


PokerStars Hand #170910553515:  Hold'em Limit ($3/$6 USD) - 2017/05/25 16:19:54 ET
Table 'Alruccabah' 6-max Seat #3 is the button
Seat 2: Mr10P ($122.12 in chips)
Seat 3: AA_ILI ($155.21 in chips)
AA_ILI: posts small blind $1
Mr10P: posts big blind $3
*** HOLE CARDS ***
AA_ILI: raises $3 to $6
Mr10P: raises $3 to $9
AA_ILI: calls $3
*** FLOP *** [4h Th 2c]
Mr10P: bets $3
AA_ILI: calls $3
*** TURN *** [4h Th 2c] [Jd]
Mr10P: bets $6
AA_ILI: calls $6
*** RIVER *** [4h Th 2c Jd] [Kc]
Mr10P: bets $6
AA_ILI: folds
Uncalled bet ($6) returned to Mr10P
Mr10P collected $35.50 from pot
Mr10P: doesn't show hand
*** SUMMARY ***
Total pot $36 | Rake $0.50
Board [4h Th 2c Jd Kc]
Seat 2: Mr10P (big blind) collected ($35.50)
Seat 3: AA_ILI (button) (small blind) folded on the River


PokerStars Hand #170910564031:  Hold'em Limit ($3/$6 USD) - 2017/05/25 16:20:07 ET
Table 'Alruccabah' 6-max Seat #2 is the button
Seat 2: Mr10P ($139.62 in chips)
Seat 3: AA_ILI ($137.21 in chips)
Mr10P: posts small blind $1
AA_ILI: posts big blind $3
*** HOLE CARDS ***
Mr10P: raises $3 to $6
AA_ILI: calls $3
*** FLOP *** [Ah 4s 9h]
AA_ILI: checks
Mr10P: bets $3
AA_ILI: calls $3
*** TURN *** [Ah 4s 9h] [6s]
AA_ILI: checks
Mr10P: checks
*** RIVER *** [Ah 4s 9h 6s] [4c]
AA_ILI: checks
Mr10P: bets $6
AA_ILI: folds
Uncalled bet ($6) returned to Mr10P
Mr10P collected $17.64 from pot
Mr10P: doesn't show hand
*** SUMMARY ***
Total pot $18 | Rake $0.36
Board [Ah 4s 9h 6s 4c]
Seat 2: Mr10P (button) (small blind) collected ($17.64)
Seat 3: AA_ILI (big blind) folded on the River


PokerStars Hand #170910650958:  Hold'em Limit ($3/$6 USD) - 2017/05/25 16:21:52 ET
Table 'Alruccabah' 6-max Seat #3 is the button
Seat 2: Mr10P ($148.26 in chips)
Seat 3: AA_ILI ($128.21 in chips)
AA_ILI: posts small blind $1
Mr10P: posts big blind $3
*** HOLE CARDS ***
AA_ILI: raises $3 to $6
Mr10P: raises $3 to $9
AA_ILI: calls $3
*** FLOP *** [Qd Js 6c]
Mr10P: bets $3
AA_ILI: calls $3
*** TURN *** [Qd Js 6c] [Qs]
Mr10P: bets $6
AA_ILI: raises $6 to $12
Mr10P: calls $6
*** RIVER *** [Qd Js 6c Qs] [4h]
Mr10P: checks
AA_ILI: bets $6
Mr10P: folds
Uncalled bet ($6) returned to AA_ILI
AA_ILI collected $47.50 from pot
*** SUMMARY ***
Total pot $48 | Rake $0.50
Board [Qd Js 6c Qs 4h]
Seat 2: Mr10P (big blind) folded on the River
Seat 3: AA_ILI (button) (small blind) collected ($47.50)


PokerStars Hand #170910671906:  Hold'em Limit ($3/$6 USD) - 2017/05/25 16:22:18 ET
Table 'Alruccabah' 6-max Seat #3 is the button
Seat 2: Mr10P ($144.76 in chips)
Seat 3: AA_ILI ($130.71 in chips)
AA_ILI: posts small blind $1
Mr10P: posts big blind $3
*** HOLE CARDS ***
AA_ILI: folds
Uncalled bet ($2) returned to Mr10P
Mr10P collected $2 from pot
Mr10P: doesn't show hand
*** SUMMARY ***
Total pot $2 | Rake $0
Seat 2: Mr10P (big blind) collected ($2)
Seat 3: AA_ILI (button) (small blind) folded before Flop


PokerStars Hand #170910661764:  Hold'em Limit ($3/$6 USD) - 2017/05/25 16:22:05 ET
Table 'Alruccabah' 6-max Seat #2 is the button
Seat 2: Mr10P ($124.26 in chips)
Seat 3: AA_ILI ($151.71 in chips)
Mr10P: posts small blind $1
AA_ILI: posts big blind $3
*** HOLE CARDS ***
Mr10P: raises $3 to $6
AA_ILI: calls $3
*** FLOP *** [9h 2d Kc]
AA_ILI: checks
Mr10P: bets $3
AA_ILI: calls $3
*** TURN *** [9h 2d Kc] [5c]
AA_ILI: checks
Mr10P: checks
*** RIVER *** [9h 2d Kc 5c] [Td]
AA_ILI: bets $6
Mr10P: raises $6 to $12
AA_ILI: calls $6
*** SHOW DOWN ***
Mr10P: shows [2c Tc] (two pair, Tens and Deuces)
AA_ILI: mucks hand
Mr10P collected $41.50 from pot
*** SUMMARY ***
Total pot $42 | Rake $0.50
Board [9h 2d Kc 5c Td]
Seat 2: Mr10P (button) (small blind) showed [2c Tc] and won ($41.50) with two pair, Tens and Deuces
Seat 3: AA_ILI (big blind) mucked


PokerStars Hand #170910675564:  Hold'em Limit ($3/$6 USD) - 2017/05/25 16:22:22 ET
Table 'Alruccabah' 6-max Seat #2 is the button
Seat 2: Mr10P ($145.76 in chips)
Seat 3: AA_ILI ($129.71 in chips)
Mr10P: posts small blind $1
AA_ILI: posts big blind $3
*** HOLE CARDS ***
Mr10P: raises $3 to $6
AA_ILI: folds
Uncalled bet ($3) returned to Mr10P
Mr10P collected $6 from pot
Mr10P: doesn't show hand
*** SUMMARY ***
Total pot $6 | Rake $0
Seat 2: Mr10P (button) (small blind) collected ($6)
Seat 3: AA_ILI (big blind) folded before Flop


PokerStars Hand #170910679446:  Hold'em Limit ($3/$6 USD) - 2017/05/25 16:22:27 ET
Table 'Alruccabah' 6-max Seat #3 is the button
Seat 2: Mr10P ($148.76 in chips)
Seat 3: AA_ILI ($126.71 in chips)
AA_ILI: posts small blind $1
Mr10P: posts big blind $3
*** HOLE CARDS ***
AA_ILI: raises $3 to $6
Mr10P: calls $3
*** FLOP *** [Jd Qs 6d]
Mr10P: checks
AA_ILI: bets $3
Mr10P: calls $3
*** TURN *** [Jd Qs 6d] [7h]
Mr10P: checks
AA_ILI: bets $6
Mr10P: calls $6
*** RIVER *** [Jd Qs 6d 7h] [8c]
Mr10P: checks
AA_ILI: bets $6
Mr10P: calls $6
*** SHOW DOWN ***
AA_ILI: shows [2s 3h] (high card Queen)
Mr10P: shows [Th 6s] (a pair of Sixes)
Mr10P collected $41.50 from pot
ya.vtss joins the table at seat #1
*** SUMMARY ***
Total pot $42 | Rake $0.50
Board [Jd Qs 6d 7h 8c]
Seat 2: Mr10P (big blind) showed [Th 6s] and won ($41.50) with a pair of Sixes
Seat 3: AA_ILI (button) (small blind) showed [2s 3h] and lost with high card Queen


PokerStars Hand #170910691487:  Hold'em Limit ($3/$6 USD) - 2017/05/25 16:22:41 ET
Table 'Alruccabah' 6-max Seat #2 is the button
Seat 2: Mr10P ($169.26 in chips)
Seat 3: AA_ILI ($105.71 in chips)
Mr10P: posts small blind $1
AA_ILI: posts big blind $3
*** HOLE CARDS ***
Mr10P: raises $3 to $6
AA_ILI: folds
Uncalled bet ($3) returned to Mr10P
Mr10P collected $6 from pot
Mr10P: doesn't show hand
*** SUMMARY ***
Total pot $6 | Rake $0
Seat 2: Mr10P (button) (small blind) collected ($6)
Seat 3: AA_ILI (big blind) folded before Flop


PokerStars Hand #170910767981:  Hold'em Limit ($3/$6 USD) - 2017/05/25 16:24:15 ET
Table 'Alruccabah' 6-max Seat #2 is the button
Seat 2: Mr10P ($204.48 in chips)
Seat 3: AA_ILI ($165.54 in chips)
Mr10P: posts small blind $1
AA_ILI: posts big blind $3
*** HOLE CARDS ***
Mr10P: folds
Uncalled bet ($2) returned to AA_ILI
AA_ILI collected $2 from pot
ya.vtss leaves the table
*** SUMMARY ***
Total pot $2 | Rake $0
Seat 2: Mr10P (button) (small blind) folded before Flop
Seat 3: AA_ILI (big blind) collected ($2)


PokerStars Hand #170910784305:  Hold'em Limit ($3/$6 USD) - 2017/05/25 16:24:35 ET
Table 'Alruccabah' 6-max Seat #2 is the button
Seat 2: Mr10P ($235.98 in chips)
Seat 3: AA_ILI ($133.54 in chips)
Mr10P: posts small blind $1
AA_ILI: posts big blind $3
*** HOLE CARDS ***
Mr10P: raises $3 to $6
AA_ILI: folds
Uncalled bet ($3) returned to Mr10P
Mr10P collected $6 from pot
Mr10P: doesn't show hand
*** SUMMARY ***
Total pot $6 | Rake $0
Seat 2: Mr10P (button) (small blind) collected ($6)
Seat 3: AA_ILI (big blind) folded before Flop


PokerStars Hand #170910772637:  Hold'em Limit ($3/$6 USD) - 2017/05/25 16:24:21 ET
Table 'Alruccabah' 6-max Seat #3 is the button
Seat 2: Mr10P ($203.48 in chips)
Seat 3: AA_ILI ($166.54 in chips)
AA_ILI: posts small blind $1
Mr10P: posts big blind $3
*** HOLE CARDS ***
AA_ILI: calls $2
Mr10P: raises $3 to $6
AA_ILI: calls $3
*** FLOP *** [Jd Ts Qd]
Mr10P: bets $3
AA_ILI: calls $3
*** TURN *** [Jd Ts Qd] [Qh]
Mr10P: bets $6
AA_ILI: calls $6
*** RIVER *** [Jd Ts Qd Qh] [3c]
Mr10P: bets $6
AA_ILI: raises $6 to $12
Mr10P: raises $6 to $18
AA_ILI: calls $6
*** SHOW DOWN ***
Mr10P: shows [Kc 9c] (a straight, Nine to King)
AA_ILI: mucks hand
gpc2187 joins the table at seat #4
Mr10P collected $65.50 from pot
*** SUMMARY ***
Total pot $66 | Rake $0.50
Board [Jd Ts Qd Qh 3c]
Seat 2: Mr10P (big blind) showed [Kc 9c] and won ($65.50) with a straight, Nine to King
Seat 3: AA_ILI (button) (small blind) mucked


PokerStars Hand #170912542937:  Hold'em Limit ($3/$6 USD) - 2017/05/25 17:01:41 ET
Table 'Alruccabah' 6-max Seat #4 is the button
Seat 2: Mr10P ($290.07 in chips)
Seat 4: DECAlpha ($82.70 in chips)
DECAlpha: posts small blind $1
Longstaaf: is sitting out
Mr10P: posts big blind $3
*** HOLE CARDS ***
Longstaaf leaves the table
DECAlpha: folds
Uncalled bet ($2) returned to Mr10P
Mr10P collected $2 from pot
Mr10P: doesn't show hand
*** SUMMARY ***
Total pot $2 | Rake $0
Seat 2: Mr10P (big blind) collected ($2)
Seat 4: DECAlpha (button) (small blind) folded before Flop


