PokerStars Hand #160045950911:  Hold'em Limit ($3/$6 USD) - 2016/10/17 3:00:52 ET
Table 'Alsafi' 6-max Seat #1 is the button
Seat 1: habari786 ($60 in chips)
Seat 2: LolDnkaments ($72 in chips)
habari786: posts small blind $1
LolDnkaments: posts big blind $3
*** HOLE CARDS ***
habari786: raises $3 to $6
LolDnkaments: calls $3
*** FLOP *** [Ad 6d 8s]
LolDnkaments: checks
habari786: bets $3
LolDnkaments: calls $3
*** TURN *** [Ad 6d 8s] [Ts]
LolDnkaments: checks
habari786: checks
*** RIVER *** [Ad 6d 8s Ts] [Ac]
LolDnkaments: bets $6
habari786: calls $6
*** SHOW DOWN ***
LolDnkaments: shows [Jc 8h] (two pair, Aces and Eights)
habari786: mucks hand
LolDnkaments collected $29.50 from pot
*** SUMMARY ***
Total pot $30 | Rake $0.50
Board [Ad 6d 8s Ts Ac]
Seat 1: habari786 (button) (small blind) mucked
Seat 2: LolDnkaments (big blind) showed [Jc 8h] and won ($29.50) with two pair, Aces and Eights


PokerStars Hand #160045963735:  Hold'em Limit ($3/$6 USD) - 2016/10/17 3:01:47 ET
Table 'Alsafi' 6-max Seat #1 is the button
Seat 1: habari786 ($56.50 in chips)
Seat 2: LolDnkaments ($75 in chips)
habari786: posts small blind $1
LolDnkaments: posts big blind $3
*** HOLE CARDS ***
habari786: folds
Uncalled bet ($2) returned to LolDnkaments
LolDnkaments collected $2 from pot
LolDnkaments: doesn't show hand
*** SUMMARY ***
Total pot $2 | Rake $0
Seat 1: habari786 (button) (small blind) folded before Flop
Seat 2: LolDnkaments (big blind) collected ($2)


PokerStars Hand #160045962353:  Hold'em Limit ($3/$6 USD) - 2016/10/17 3:01:41 ET
Table 'Alsafi' 6-max Seat #2 is the button
Seat 1: habari786 ($59.50 in chips)
Seat 2: LolDnkaments ($72 in chips)
LolDnkaments: posts small blind $1
habari786: posts big blind $3
*** HOLE CARDS ***
LolDnkaments: raises $3 to $6
habari786: folds
Uncalled bet ($3) returned to LolDnkaments
LolDnkaments collected $6 from pot
LolDnkaments: doesn't show hand
*** SUMMARY ***
Total pot $6 | Rake $0
Seat 1: habari786 (big blind) folded before Flop
Seat 2: LolDnkaments (button) (small blind) collected ($6)


PokerStars Hand #160045956535:  Hold'em Limit ($3/$6 USD) - 2016/10/17 3:01:16 ET
Table 'Alsafi' 6-max Seat #1 is the button
Seat 1: habari786 ($42 in chips)
Seat 2: LolDnkaments ($89.50 in chips)
habari786: posts small blind $1
LolDnkaments: posts big blind $3
*** HOLE CARDS ***
habari786: raises $3 to $6
LolDnkaments: raises $3 to $9
habari786: calls $3
*** FLOP *** [Ah 9s Kh]
Agrotait leaves the table
LolDnkaments: bets $3
habari786: calls $3
*** TURN *** [Ah 9s Kh] [7h]
LolDnkaments: checks
habari786: bets $6
LolDnkaments: calls $6
*** RIVER *** [Ah 9s Kh 7h] [9h]
LolDnkaments: checks
habari786: bets $6
LolDnkaments: folds
Uncalled bet ($6) returned to habari786
habari786 collected $35.50 from pot
habari786: doesn't show hand
*** SUMMARY ***
Total pot $36 | Rake $0.50
Board [Ah 9s Kh 7h 9h]
Seat 1: habari786 (button) (small blind) collected ($35.50)
Seat 2: LolDnkaments (big blind) folded on the River


PokerStars Hand #160045955279:  Hold'em Limit ($3/$6 USD) - 2016/10/17 3:01:11 ET
Table 'Alsafi' 6-max Seat #2 is the button
Seat 1: habari786 ($45 in chips)
Seat 2: LolDnkaments ($86.50 in chips)
LolDnkaments: posts small blind $1
habari786: posts big blind $3
*** HOLE CARDS ***
LolDnkaments: raises $3 to $6
habari786: folds
Uncalled bet ($3) returned to LolDnkaments
LolDnkaments collected $6 from pot
LolDnkaments: doesn't show hand
*** SUMMARY ***
Total pot $6 | Rake $0
Seat 1: habari786 (big blind) folded before Flop
Seat 2: LolDnkaments (button) (small blind) collected ($6)


PokerStars Hand #160045966035:  Hold'em Limit ($3/$6 USD) - 2016/10/17 3:01:57 ET
Table 'Alsafi' 6-max Seat #1 is the button
Seat 1: habari786 ($56.50 in chips)
Seat 2: LolDnkaments ($75 in chips)
habari786: posts small blind $1
LolDnkaments: posts big blind $3
*** HOLE CARDS ***
habari786: folds
Uncalled bet ($2) returned to LolDnkaments
LolDnkaments collected $2 from pot
LolDnkaments: doesn't show hand
*** SUMMARY ***
Total pot $2 | Rake $0
Seat 1: habari786 (button) (small blind) folded before Flop
Seat 2: LolDnkaments (big blind) collected ($2)


PokerStars Hand #160045975870:  Hold'em Limit ($3/$6 USD) - 2016/10/17 3:02:39 ET
Table 'Alsafi' 6-max Seat #2 is the button
Seat 1: habari786 ($24.50 in chips)
Seat 2: LolDnkaments ($106.50 in chips)
LolDnkaments: posts small blind $1
habari786: posts big blind $3
*** HOLE CARDS ***
LolDnkaments: raises $3 to $6
habari786: folds
Uncalled bet ($3) returned to LolDnkaments
LolDnkaments collected $6 from pot
LolDnkaments: doesn't show hand
*** SUMMARY ***
Total pot $6 | Rake $0
Seat 1: habari786 (big blind) folded before Flop
Seat 2: LolDnkaments (button) (small blind) collected ($6)


PokerStars Hand #160045974714:  Hold'em Limit ($3/$6 USD) - 2016/10/17 3:02:34 ET
Table 'Alsafi' 6-max Seat #1 is the button
Seat 1: habari786 ($25.50 in chips)
Seat 2: LolDnkaments ($105.50 in chips)
habari786: posts small blind $1
LolDnkaments: posts big blind $3
*** HOLE CARDS ***
habari786: folds
Uncalled bet ($2) returned to LolDnkaments
LolDnkaments collected $2 from pot
LolDnkaments: doesn't show hand
*** SUMMARY ***
Total pot $2 | Rake $0
Seat 1: habari786 (button) (small blind) folded before Flop
Seat 2: LolDnkaments (big blind) collected ($2)


PokerStars Hand #160045977166:  Hold'em Limit ($3/$6 USD) - 2016/10/17 3:02:44 ET
Table 'Alsafi' 6-max Seat #1 is the button
Seat 1: habari786 ($21.50 in chips)
Seat 2: LolDnkaments ($109.50 in chips)
habari786: posts small blind $1
LolDnkaments: posts big blind $3
*** HOLE CARDS ***
habari786: raises $3 to $6
LolDnkaments: folds
Uncalled bet ($3) returned to habari786
habari786 collected $6 from pot
habari786: doesn't show hand
*** SUMMARY ***
Total pot $6 | Rake $0
Seat 1: habari786 (button) (small blind) collected ($6)
Seat 2: LolDnkaments (big blind) folded before Flop


PokerStars Hand #160045979208:  Hold'em Limit ($3/$6 USD) - 2016/10/17 3:02:52 ET
Table 'Alsafi' 6-max Seat #2 is the button
Seat 1: habari786 ($24.50 in chips)
Seat 2: LolDnkaments ($106.50 in chips)
LolDnkaments: posts small blind $1
habari786: posts big blind $3
*** HOLE CARDS ***
LolDnkaments: raises $3 to $6
habari786: folds
Uncalled bet ($3) returned to LolDnkaments
LolDnkaments collected $6 from pot
LolDnkaments: doesn't show hand
*** SUMMARY ***
Total pot $6 | Rake $0
Seat 1: habari786 (big blind) folded before Flop
Seat 2: LolDnkaments (button) (small blind) collected ($6)


PokerStars Hand #160045967179:  Hold'em Limit ($3/$6 USD) - 2016/10/17 3:02:02 ET
Table 'Alsafi' 6-max Seat #2 is the button
Seat 1: habari786 ($55.50 in chips)
Seat 2: LolDnkaments ($76 in chips)
LolDnkaments: posts small blind $1
habari786: posts big blind $3
*** HOLE CARDS ***
LolDnkaments: raises $3 to $6
habari786: calls $3
*** FLOP *** [2d 2s Tc]
habari786: checks
LolDnkaments: bets $3
habari786: raises $3 to $6
LolDnkaments: calls $3
*** TURN *** [2d 2s Tc] [6s]
habari786: bets $6
LolDnkaments: raises $6 to $12
habari786: calls $6
*** RIVER *** [2d 2s Tc 6s] [4h]
habari786: checks
LolDnkaments: bets $6
habari786: calls $6
*** SHOW DOWN ***
LolDnkaments: shows [3s 5s] (a straight, Deuce to Six)
habari786: mucks hand
LolDnkaments collected $59.50 from pot
*** SUMMARY ***
Total pot $60 | Rake $0.50
Board [2d 2s Tc 6s 4h]
Seat 1: habari786 (big blind) mucked
Seat 2: LolDnkaments (button) (small blind) showed [3s 5s] and won ($59.50) with a straight, Deuce to Six


PokerStars Hand #160045980552:  Hold'em Limit ($3/$6 USD) - 2016/10/17 3:02:58 ET
Table 'Alsafi' 6-max Seat #1 is the button
Seat 1: habari786 ($21.50 in chips)
Seat 2: LolDnkaments ($109.50 in chips)
habari786: posts small blind $1
LolDnkaments: posts big blind $3
*** HOLE CARDS ***
habari786: raises $3 to $6
LolDnkaments: raises $3 to $9
habari786: calls $3
*** FLOP *** [Qh Td 3h]
LolDnkaments: bets $3
habari786: folds
Uncalled bet ($3) returned to LolDnkaments
LolDnkaments collected $17.64 from pot
LolDnkaments: doesn't show hand
*** SUMMARY ***
Total pot $18 | Rake $0.36
Board [Qh Td 3h]
Seat 1: habari786 (button) (small blind) folded on the Flop
Seat 2: LolDnkaments (big blind) collected ($17.64)


PokerStars Hand #160045984687:  Hold'em Limit ($3/$6 USD) - 2016/10/17 3:03:15 ET
Table 'Alsafi' 6-max Seat #1 is the button
Seat 1: habari786 ($9.50 in chips)
Seat 2: LolDnkaments ($121.14 in chips)
habari786: posts small blind $1
LolDnkaments: posts big blind $3
*** HOLE CARDS ***
habari786: folds
Uncalled bet ($2) returned to LolDnkaments
LolDnkaments collected $2 from pot
LolDnkaments: doesn't show hand
*** SUMMARY ***
Total pot $2 | Rake $0
Seat 1: habari786 (button) (small blind) folded before Flop
Seat 2: LolDnkaments (big blind) collected ($2)


PokerStars Hand #160045983393:  Hold'em Limit ($3/$6 USD) - 2016/10/17 3:03:10 ET
Table 'Alsafi' 6-max Seat #2 is the button
Seat 1: habari786 ($12.50 in chips)
Seat 2: LolDnkaments ($118.14 in chips)
LolDnkaments: posts small blind $1
habari786: posts big blind $3
*** HOLE CARDS ***
LolDnkaments: raises $3 to $6
habari786: folds
Uncalled bet ($3) returned to LolDnkaments
LolDnkaments collected $6 from pot
LolDnkaments: doesn't show hand
*** SUMMARY ***
Total pot $6 | Rake $0
Seat 1: habari786 (big blind) folded before Flop
Seat 2: LolDnkaments (button) (small blind) collected ($6)


PokerStars Hand #160045986029:  Hold'em Limit ($3/$6 USD) - 2016/10/17 3:03:21 ET
Table 'Alsafi' 6-max Seat #2 is the button
Seat 1: habari786 ($8.50 in chips)
Seat 2: LolDnkaments ($122.14 in chips)
LolDnkaments: posts small blind $1
habari786: posts big blind $3
*** HOLE CARDS ***
LolDnkaments: raises $3 to $6
habari786: raises $2.50 to $8.50 and is all-in
LolDnkaments: calls $2.50
*** FLOP *** [9s 7c Ah]
*** TURN *** [9s 7c Ah] [Kd]
*** RIVER *** [9s 7c Ah Kd] [Jd]
*** SHOW DOWN ***
habari786: shows [3c 2c] (high card Ace)
LolDnkaments: shows [9d 7d] (two pair, Nines and Sevens)
LolDnkaments collected $16.66 from pot
*** SUMMARY ***
Total pot $17 | Rake $0.34
Board [9s 7c Ah Kd Jd]
Seat 1: habari786 (big blind) showed [3c 2c] and lost with high card Ace
Seat 2: LolDnkaments (button) (small blind) showed [9d 7d] and won ($16.66) with two pair, Nines and Sevens


