PokerStars Hand #173652564428:  Hold'em Limit ($3/$6 USD) - 2017/07/29 7:17:21 ET
Table 'Alsafi II' 6-max Seat #4 is the button
Seat 4: Psynto ($176.83 in chips)
Seat 6: hehasnthashe ($123.59 in chips)
Psynto: posts small blind $1
hehasnthashe: posts big blind $3
*** HOLE CARDS ***
Psynto: raises $3 to $6
hehasnthashe: folds
Uncalled bet ($3) returned to Psynto
Psynto collected $6 from pot
Psynto: doesn't show hand
*** SUMMARY ***
Total pot $6 | Rake $0
Seat 4: Psynto (button) (small blind) collected ($6)
Seat 6: hehasnthashe (big blind) folded before Flop


PokerStars Hand #173652562121:  Hold'em Limit ($3/$6 USD) - 2017/07/29 7:17:16 ET
Table 'Alsafi II' 6-max Seat #6 is the button
Seat 4: Psynto ($175.83 in chips)
Seat 6: hehasnthashe ($124.59 in chips)
hehasnthashe: posts small blind $1
Pelurile: is sitting out
Psynto: posts big blind $3
*** HOLE CARDS ***
hehasnthashe: folds
Uncalled bet ($2) returned to Psynto
Psynto collected $2 from pot
Psynto: doesn't show hand
*** SUMMARY ***
Total pot $2 | Rake $0
Seat 4: Psynto (big blind) collected ($2)
Seat 6: hehasnthashe (button) (small blind) folded before Flop


