PokerStars Hand #155870639605:  Hold'em Limit ($3/$6 USD) - 2016/07/12 6:49:25 ET
Table 'Alsatia' 6-max Seat #2 is the button
Seat 1: manly70 ($55.88 in chips)
Seat 2: B_loJkl ($132 in chips)
B_loJkl: posts small blind $1
iskambil: is sitting out
manly70: posts big blind $3
*** HOLE CARDS ***
B_loJkl: raises $3 to $6
manly70: folds
Uncalled bet ($3) returned to B_loJkl
B_loJkl collected $6 from pot
B_loJkl: doesn't show hand
iskambil leaves the table
*** SUMMARY ***
Total pot $6 | Rake $0
Seat 1: manly70 (big blind) folded before Flop
Seat 2: B_loJkl (button) (small blind) collected ($6)


PokerStars Hand #155870643024:  Hold'em Limit ($3/$6 USD) - 2016/07/12 6:49:34 ET
Table 'Alsatia' 6-max Seat #1 is the button
Seat 1: manly70 ($52.88 in chips)
Seat 2: B_loJkl ($135 in chips)
jbauer55 joins the table at seat #3
manly70: posts small blind $1
B_loJkl: posts big blind $3
*** HOLE CARDS ***
manly70: raises $3 to $6
B_loJkl: raises $3 to $9
manly70: calls $3
*** FLOP *** [5c 4d 4h]
B_loJkl: bets $3
yayaya joins the table at seat #4
manly70: calls $3
*** TURN *** [5c 4d 4h] [Th]
B_loJkl: bets $6
manly70: calls $6
*** RIVER *** [5c 4d 4h Th] [6c]
B_loJkl: bets $6
manly70: folds
Uncalled bet ($6) returned to B_loJkl
B_loJkl collected $35.50 from pot
B_loJkl: doesn't show hand
*** SUMMARY ***
Total pot $36 | Rake $0.50
Board [5c 4d 4h Th 6c]
Seat 1: manly70 (button) (small blind) folded on the River
Seat 2: B_loJkl (big blind) collected ($35.50)


