PokerStars Hand #168642926823:  Hold'em Limit ($3/$6 USD) - 2017/04/06 0:51:51 ET
Table 'Alsafi' 6-max Seat #1 is the button
Seat 1: LifeisagameX ($84 in chips)
Seat 3: vitamin168 ($117.63 in chips)
LifeisagameX: posts small blind $1
vitamin168: posts big blind $3
*** HOLE CARDS ***
LifeisagameX: raises $3 to $6
vitamin168: calls $3
*** FLOP *** [Kh 7d 6d]
vitamin168: checks
LifeisagameX: bets $3
vitamin168: raises $3 to $6
LifeisagameX: calls $3
*** TURN *** [Kh 7d 6d] [2c]
vitamin168: bets $6
LifeisagameX: calls $6
*** RIVER *** [Kh 7d 6d 2c] [7h]
vitamin168: bets $6
LifeisagameX: calls $6
*** SHOW DOWN ***
vitamin168: shows [7s Qs] (three of a kind, Sevens)
LifeisagameX: mucks hand
vitamin168 collected $47.50 from pot
*** SUMMARY ***
Total pot $48 | Rake $0.50
Board [Kh 7d 6d 2c 7h]
Seat 1: LifeisagameX (button) (small blind) mucked
Seat 3: vitamin168 (big blind) showed [7s Qs] and won ($47.50) with three of a kind, Sevens


PokerStars Hand #168642947043:  Hold'em Limit ($3/$6 USD) - 2017/04/06 0:53:08 ET
Table 'Alsafi' 6-max Seat #3 is the button
Seat 1: LifeisagameX ($103.50 in chips)
Seat 3: vitamin168 ($121.13 in chips)
vitamin168: posts small blind $1
LifeisagameX: posts big blind $3
*** HOLE CARDS ***
vitamin168: folds
Uncalled bet ($2) returned to LifeisagameX
LifeisagameX collected $2 from pot
LifeisagameX: doesn't show hand
*** SUMMARY ***
Total pot $2 | Rake $0
Seat 1: LifeisagameX (big blind) collected ($2)
Seat 3: vitamin168 (button) (small blind) folded before Flop


PokerStars Hand #168642944314:  Hold'em Limit ($3/$6 USD) - 2017/04/06 0:52:58 ET
Table 'Alsafi' 6-max Seat #1 is the button
Seat 1: LifeisagameX ($104.50 in chips)
Seat 3: vitamin168 ($120.13 in chips)
LifeisagameX: posts small blind $1
vitamin168: posts big blind $3
*** HOLE CARDS ***
LifeisagameX: folds
Uncalled bet ($2) returned to vitamin168
vitamin168 collected $2 from pot
vitamin168: doesn't show hand
*** SUMMARY ***
Total pot $2 | Rake $0
Seat 1: LifeisagameX (button) (small blind) folded before Flop
Seat 3: vitamin168 (big blind) collected ($2)


PokerStars Hand #168642948513:  Hold'em Limit ($3/$6 USD) - 2017/04/06 0:53:14 ET
Table 'Alsafi' 6-max Seat #1 is the button
Seat 1: LifeisagameX ($104.50 in chips)
Seat 3: vitamin168 ($120.13 in chips)
LifeisagameX: posts small blind $1
vitamin168: posts big blind $3
*** HOLE CARDS ***
LifeisagameX: raises $3 to $6
vitamin168: calls $3
*** FLOP *** [4h Kc 2s]
vitamin168: checks
LifeisagameX: bets $3
vitamin168: folds
Uncalled bet ($3) returned to LifeisagameX
LifeisagameX collected $11.76 from pot
LifeisagameX: doesn't show hand
*** SUMMARY ***
Total pot $12 | Rake $0.24
Board [4h Kc 2s]
Seat 1: LifeisagameX (button) (small blind) collected ($11.76)
Seat 3: vitamin168 (big blind) folded on the Flop


PokerStars Hand #168642955928:  Hold'em Limit ($3/$6 USD) - 2017/04/06 0:53:43 ET
Table 'Alsafi' 6-max Seat #1 is the button
Seat 1: LifeisagameX ($98.26 in chips)
Seat 3: vitamin168 ($125.65 in chips)
LifeisagameX: posts small blind $1
vitamin168: posts big blind $3
*** HOLE CARDS ***
LifeisagameX: raises $3 to $6
vitamin168: calls $3
*** FLOP *** [7c 9s Js]
vitamin168: checks
LifeisagameX: checks
*** TURN *** [7c 9s Js] [Qc]
vitamin168: checks
LifeisagameX: bets $6
vitamin168: raises $6 to $12
LifeisagameX: calls $6
*** RIVER *** [7c 9s Js Qc] [Qd]
vitamin168: bets $6
LifeisagameX: folds
Uncalled bet ($6) returned to vitamin168
vitamin168 collected $35.50 from pot
vitamin168: doesn't show hand
*** SUMMARY ***
Total pot $36 | Rake $0.50
Board [7c 9s Js Qc Qd]
Seat 1: LifeisagameX (button) (small blind) folded on the River
Seat 3: vitamin168 (big blind) collected ($35.50)


PokerStars Hand #168642951800:  Hold'em Limit ($3/$6 USD) - 2017/04/06 0:53:27 ET
Table 'Alsafi' 6-max Seat #3 is the button
Seat 1: LifeisagameX ($110.26 in chips)
Seat 3: vitamin168 ($114.13 in chips)
vitamin168: posts small blind $1
LifeisagameX: posts big blind $3
*** HOLE CARDS ***
vitamin168: raises $3 to $6
LifeisagameX: calls $3
*** FLOP *** [6h 3h 2s]
LifeisagameX: checks
vitamin168: checks
*** TURN *** [6h 3h 2s] [Th]
LifeisagameX: bets $6
vitamin168: raises $6 to $12
LifeisagameX: folds
Uncalled bet ($6) returned to vitamin168
vitamin168 collected $23.52 from pot
vitamin168: doesn't show hand
*** SUMMARY ***
Total pot $24 | Rake $0.48
Board [6h 3h 2s Th]
Seat 1: LifeisagameX (big blind) folded on the Turn
Seat 3: vitamin168 (button) (small blind) collected ($23.52)


PokerStars Hand #168642964035:  Hold'em Limit ($3/$6 USD) - 2017/04/06 0:54:13 ET
Table 'Alsafi' 6-max Seat #3 is the button
Seat 1: LifeisagameX ($84 in chips)
Seat 3: vitamin168 ($143.15 in chips)
vitamin168: posts small blind $1
LifeisagameX: posts big blind $3
*** HOLE CARDS ***
vitamin168: raises $3 to $6
LifeisagameX: calls $3
*** FLOP *** [Kh Qh Ad]
LifeisagameX: checks
vitamin168: bets $3
LifeisagameX: calls $3
*** TURN *** [Kh Qh Ad] [7c]
LifeisagameX: checks
vitamin168: bets $6
LifeisagameX: calls $6
*** RIVER *** [Kh Qh Ad 7c] [9s]
LifeisagameX: checks
vitamin168: bets $6
LifeisagameX: calls $6
*** SHOW DOWN ***
vitamin168: shows [6c Ks] (a pair of Kings)
LifeisagameX: mucks hand
vitamin168 collected $41.50 from pot
*** SUMMARY ***
Total pot $42 | Rake $0.50
Board [Kh Qh Ad 7c 9s]
Seat 1: LifeisagameX (big blind) mucked
Seat 3: vitamin168 (button) (small blind) showed [6c Ks] and won ($41.50) with a pair of Kings


PokerStars Hand #168642986979:  Hold'em Limit ($3/$6 USD) - 2017/04/06 0:55:44 ET
Table 'Alsafi' 6-max Seat #3 is the button
Seat 1: LifeisagameX ($89.76 in chips)
Seat 3: vitamin168 ($157.65 in chips)
vitamin168: posts small blind $1
LifeisagameX: posts big blind $3
*** HOLE CARDS ***
vitamin168: raises $3 to $6
LifeisagameX: calls $3
*** FLOP *** [4s 9d Ad]
LifeisagameX: checks
vitamin168: bets $3
LifeisagameX: raises $3 to $6
vitamin168: folds
Uncalled bet ($3) returned to LifeisagameX
LifeisagameX collected $17.64 from pot
LifeisagameX: doesn't show hand
*** SUMMARY ***
Total pot $18 | Rake $0.36
Board [4s 9d Ad]
Seat 1: LifeisagameX (big blind) collected ($17.64)
Seat 3: vitamin168 (button) (small blind) folded on the Flop


PokerStars Hand #168642998363:  Hold'em Limit ($3/$6 USD) - 2017/04/06 0:56:31 ET
Table 'Alsafi' 6-max Seat #1 is the button
Seat 1: LifeisagameX ($98.40 in chips)
Seat 3: vitamin168 ($148.65 in chips)
LifeisagameX: posts small blind $1
vitamin168: posts big blind $3
*** HOLE CARDS ***
LifeisagameX: raises $3 to $6
vitamin168: folds
Uncalled bet ($3) returned to LifeisagameX
LifeisagameX collected $6 from pot
LifeisagameX: doesn't show hand
*** SUMMARY ***
Total pot $6 | Rake $0
Seat 1: LifeisagameX (button) (small blind) collected ($6)
Seat 3: vitamin168 (big blind) folded before Flop


PokerStars Hand #168643004232:  Hold'em Limit ($3/$6 USD) - 2017/04/06 0:56:56 ET
Table 'Alsafi' 6-max Seat #3 is the button
Seat 1: LifeisagameX ($101.40 in chips)
Seat 3: vitamin168 ($145.65 in chips)
vitamin168: posts small blind $1
LifeisagameX: posts big blind $3
*** HOLE CARDS ***
vitamin168: raises $3 to $6
LifeisagameX: calls $3
*** FLOP *** [Qd 3d Td]
LifeisagameX: checks
vitamin168: checks
*** TURN *** [Qd 3d Td] [Qh]
LifeisagameX: checks
vitamin168: bets $6
LifeisagameX: calls $6
*** RIVER *** [Qd 3d Td Qh] [9d]
LifeisagameX: checks
vitamin168: bets $6
LifeisagameX: calls $6
*** SHOW DOWN ***
vitamin168: shows [6s 6d] (a flush, Queen high)
LifeisagameX: mucks hand
vitamin168 collected $35.50 from pot
*** SUMMARY ***
Total pot $36 | Rake $0.50
Board [Qd 3d Td Qh 9d]
Seat 1: LifeisagameX (big blind) mucked
Seat 3: vitamin168 (button) (small blind) showed [6s 6d] and won ($35.50) with a flush, Queen high


PokerStars Hand #168643026576:  Hold'em Limit ($3/$6 USD) - 2017/04/06 0:58:29 ET
Table 'Alsafi' 6-max Seat #1 is the button
Seat 1: LifeisagameX ($84 in chips)
Seat 3: vitamin168 ($170.65 in chips)
LifeisagameX: posts small blind $1
vitamin168: posts big blind $3
*** HOLE CARDS ***
MariFish joins the table at seat #4
LifeisagameX: raises $3 to $6
vitamin168: folds
Uncalled bet ($3) returned to LifeisagameX
LifeisagameX collected $6 from pot
LifeisagameX: doesn't show hand
*** SUMMARY ***
Total pot $6 | Rake $0
Seat 1: LifeisagameX (button) (small blind) collected ($6)
Seat 3: vitamin168 (big blind) folded before Flop


PokerStars Hand #168643015547:  Hold'em Limit ($3/$6 USD) - 2017/04/06 0:57:43 ET
Table 'Alsafi' 6-max Seat #3 is the button
Seat 1: LifeisagameX ($87 in chips)
Seat 3: vitamin168 ($160.15 in chips)
vitamin168: posts small blind $1
LifeisagameX: posts big blind $3
*** HOLE CARDS ***
vitamin168: folds
Uncalled bet ($2) returned to LifeisagameX
LifeisagameX collected $2 from pot
LifeisagameX: doesn't show hand
*** SUMMARY ***
Total pot $2 | Rake $0
Seat 1: LifeisagameX (big blind) collected ($2)
Seat 3: vitamin168 (button) (small blind) folded before Flop


PokerStars Hand #168643013330:  Hold'em Limit ($3/$6 USD) - 2017/04/06 0:57:34 ET
Table 'Alsafi' 6-max Seat #1 is the button
Seat 1: LifeisagameX ($84 in chips)
Seat 3: vitamin168 ($163.15 in chips)
LifeisagameX: posts small blind $1
vitamin168: posts big blind $3
*** HOLE CARDS ***
LifeisagameX: raises $3 to $6
vitamin168: folds
Uncalled bet ($3) returned to LifeisagameX
LifeisagameX collected $6 from pot
LifeisagameX: doesn't show hand
*** SUMMARY ***
Total pot $6 | Rake $0
Seat 1: LifeisagameX (button) (small blind) collected ($6)
Seat 3: vitamin168 (big blind) folded before Flop


PokerStars Hand #168643019642:  Hold'em Limit ($3/$6 USD) - 2017/04/06 0:58:00 ET
Table 'Alsafi' 6-max Seat #3 is the button
Seat 1: LifeisagameX ($93.76 in chips)
Seat 3: vitamin168 ($153.15 in chips)
vitamin168: posts small blind $1
LifeisagameX: posts big blind $3
*** HOLE CARDS ***
vitamin168: raises $3 to $6
LifeisagameX: calls $3
*** FLOP *** [3h 6h 2d]
LifeisagameX: checks
vitamin168: checks
*** TURN *** [3h 6h 2d] [9c]
LifeisagameX: bets $6
vitamin168: calls $6
*** RIVER *** [3h 6h 2d 9c] [Ks]
LifeisagameX: bets $6
vitamin168: calls $6
*** SHOW DOWN ***
LifeisagameX: shows [Jc Th] (high card King)
vitamin168: shows [4h Ad] (high card Ace)
vitamin168 collected $35.50 from pot
*** SUMMARY ***
Total pot $36 | Rake $0.50
Board [3h 6h 2d 9c Ks]
Seat 1: LifeisagameX (big blind) showed [Jc Th] and lost with high card King
Seat 3: vitamin168 (button) (small blind) showed [4h Ad] and won ($35.50) with high card Ace


PokerStars Hand #168643051056:  Hold'em Limit ($3/$6 USD) - 2017/04/06 1:00:12 ET
Table 'Alsafi' 6-max Seat #3 is the button
Seat 3: vitamin168 ($158.65 in chips)
Seat 4: MariFish ($60 in chips)
vitamin168: posts small blind $1
MariFish: posts big blind $3
*** HOLE CARDS ***
vitamin168: raises $3 to $6
MariFish: folds
Uncalled bet ($3) returned to vitamin168
vitamin168 collected $6 from pot
vitamin168: doesn't show hand
*** SUMMARY ***
Total pot $6 | Rake $0
Seat 3: vitamin168 (button) (small blind) collected ($6)
Seat 4: MariFish (big blind) folded before Flop


PokerStars Hand #168643053533:  Hold'em Limit ($3/$6 USD) - 2017/04/06 1:00:22 ET
Table 'Alsafi' 6-max Seat #4 is the button
Seat 3: vitamin168 ($161.65 in chips)
Seat 4: MariFish ($57 in chips)
MariFish: posts small blind $1
vitamin168: posts big blind $3
*** HOLE CARDS ***
MariFish: folds
Uncalled bet ($2) returned to vitamin168
vitamin168 collected $2 from pot
vitamin168: doesn't show hand
*** SUMMARY ***
Total pot $2 | Rake $0
Seat 3: vitamin168 (big blind) collected ($2)
Seat 4: MariFish (button) (small blind) folded before Flop


PokerStars Hand #168643055347:  Hold'em Limit ($3/$6 USD) - 2017/04/06 1:00:29 ET
Table 'Alsafi' 6-max Seat #3 is the button
Seat 3: vitamin168 ($162.65 in chips)
Seat 4: MariFish ($56 in chips)
vitamin168: posts small blind $1
MariFish: posts big blind $3
*** HOLE CARDS ***
vitamin168: raises $3 to $6
MariFish: calls $3
*** FLOP *** [6s 5s 9c]
MariFish: checks
vitamin168: checks
*** TURN *** [6s 5s 9c] [Qs]
MariFish: bets $6
vitamin168: folds
Uncalled bet ($6) returned to MariFish
MariFish collected $11.76 from pot
*** SUMMARY ***
Total pot $12 | Rake $0.24
Board [6s 5s 9c Qs]
Seat 3: vitamin168 (button) (small blind) folded on the Turn
Seat 4: MariFish (big blind) collected ($11.76)


