PokerStars Hand #147925059855:  Hold'em Limit ($3/$6 USD) - 2016/01/30 7:06:07 ET
Table 'Alsciaukat' 2-max Seat #2 is the button
Seat 1: PbIbak ($121.50 in chips)
Seat 2: hudecam ($27.16 in chips)
hudecam: posts small blind $1
PbIbak: posts big blind $3
*** HOLE CARDS ***
hudecam: raises $3 to $6
PbIbak: raises $3 to $9
hudecam: raises $3 to $12
Betting is capped
PbIbak: calls $3
*** FLOP *** [8d 3d 5s]
PbIbak: checks
hudecam: bets $3
PbIbak: calls $3
*** TURN *** [8d 3d 5s] [9c]
PbIbak: checks
hudecam: bets $6
PbIbak: calls $6
*** RIVER *** [8d 3d 5s 9c] [9h]
PbIbak: checks
hudecam: bets $6
PbIbak: calls $6
*** SHOW DOWN ***
hudecam: shows [Kd Ks] (two pair, Kings and Nines)
PbIbak: mucks hand
hudecam collected $53.50 from pot
*** SUMMARY ***
Total pot $54 | Rake $0.50
Board [8d 3d 5s 9c 9h]
Seat 1: PbIbak (big blind) mucked
Seat 2: hudecam (button) (small blind) showed [Kd Ks] and won ($53.50) with two pair, Kings and Nines


PokerStars Hand #147925056857:  Hold'em Limit ($3/$6 USD) - 2016/01/30 7:06:02 ET
Table 'Alsciaukat' 2-max Seat #1 is the button
Seat 1: PbIbak ($118.50 in chips)
Seat 2: hudecam ($30.16 in chips)
PbIbak: posts small blind $1
hudecam: posts big blind $3
*** HOLE CARDS ***
PbIbak: raises $3 to $6
hudecam: folds
Uncalled bet ($3) returned to PbIbak
PbIbak collected $6 from pot
PbIbak: doesn't show hand
*** SUMMARY ***
Total pot $6 | Rake $0
Seat 1: PbIbak (button) (small blind) collected ($6)
Seat 2: hudecam (big blind) folded before Flop


PokerStars Hand #147925050618:  Hold'em Limit ($3/$6 USD) - 2016/01/30 7:05:53 ET
Table 'Alsciaukat' 2-max Seat #2 is the button
Seat 1: PbIbak ($127.50 in chips)
Seat 2: hudecam ($21.52 in chips)
hudecam: posts small blind $1
PbIbak: posts big blind $3
*** HOLE CARDS ***
hudecam: raises $3 to $6
PbIbak: calls $3
*** FLOP *** [5c Ad 6h]
PbIbak: checks
hudecam: bets $3
PbIbak: calls $3
*** TURN *** [5c Ad 6h] [Ks]
PbIbak: checks
hudecam: bets $6
PbIbak: folds
Uncalled bet ($6) returned to hudecam
hudecam collected $17.64 from pot
hudecam: doesn't show hand
*** SUMMARY ***
Total pot $18 | Rake $0.36
Board [5c Ad 6h Ks]
Seat 1: PbIbak (big blind) folded on the Turn
Seat 2: hudecam (button) (small blind) collected ($17.64)


PokerStars Hand #147925047822:  Hold'em Limit ($3/$6 USD) - 2016/01/30 7:05:48 ET
Table 'Alsciaukat' 2-max Seat #1 is the button
Seat 1: PbIbak ($128.50 in chips)
Seat 2: hudecam ($20.52 in chips)
PbIbak: posts small blind $1
hudecam: posts big blind $3
*** HOLE CARDS ***
PbIbak: folds
Uncalled bet ($2) returned to hudecam
hudecam collected $2 from pot
hudecam: doesn't show hand
*** SUMMARY ***
Total pot $2 | Rake $0
Seat 1: PbIbak (button) (small blind) folded before Flop
Seat 2: hudecam (big blind) collected ($2)


PokerStars Hand #147925040321:  Hold'em Limit ($3/$6 USD) - 2016/01/30 7:05:36 ET
Table 'Alsciaukat' 2-max Seat #2 is the button
Seat 1: PbIbak ($131.50 in chips)
Seat 2: hudecam ($17.52 in chips)
hudecam: posts small blind $1
PbIbak: posts big blind $3
*** HOLE CARDS ***
hudecam: raises $3 to $6
PbIbak: folds
Uncalled bet ($3) returned to hudecam
hudecam collected $6 from pot
hudecam: doesn't show hand
*** SUMMARY ***
Total pot $6 | Rake $0
Seat 1: PbIbak (big blind) folded before Flop
Seat 2: hudecam (button) (small blind) collected ($6)


PokerStars Hand #147925032498:  Hold'em Limit ($3/$6 USD) - 2016/01/30 7:05:24 ET
Table 'Alsciaukat' 2-max Seat #1 is the button
Seat 1: PbIbak ($108 in chips)
Seat 2: hudecam ($41.52 in chips)
PbIbak: posts small blind $1
hudecam: posts big blind $3
*** HOLE CARDS ***
PbIbak: raises $3 to $6
hudecam: calls $3
*** FLOP *** [7d 6s 8s]
hudecam: checks
PbIbak: bets $3
hudecam: raises $3 to $6
PbIbak: calls $3
*** TURN *** [7d 6s 8s] [3d]
hudecam: bets $6
PbIbak: calls $6
*** RIVER *** [7d 6s 8s 3d] [2d]
hudecam: bets $6
PbIbak: calls $6
*** SHOW DOWN ***
hudecam: shows [9c 8c] (a pair of Eights)
PbIbak: shows [8d 4d] (a flush, Eight high)
PbIbak collected $47.50 from pot
*** SUMMARY ***
Total pot $48 | Rake $0.50
Board [7d 6s 8s 3d 2d]
Seat 1: PbIbak (button) (small blind) showed [8d 4d] and won ($47.50) with a flush, Eight high
Seat 2: hudecam (big blind) showed [9c 8c] and lost with a pair of Eights


PokerStars Hand #147925095998:  Hold'em Limit ($3/$6 USD) - 2016/01/30 7:07:05 ET
Table 'Alsciaukat' 2-max Seat #2 is the button
Seat 1: PbIbak ($62.26 in chips)
Seat 2: hudecam ($84.66 in chips)
hudecam: posts small blind $1
PbIbak: posts big blind $3
*** HOLE CARDS ***
hudecam: raises $3 to $6
PbIbak: calls $3
*** FLOP *** [8h Tc 7h]
PbIbak: checks
hudecam: bets $3
PbIbak: raises $3 to $6
hudecam: calls $3
*** TURN *** [8h Tc 7h] [3c]
PbIbak: bets $6
hudecam: folds
Uncalled bet ($6) returned to PbIbak
PbIbak collected $23.52 from pot
PbIbak: doesn't show hand
*** SUMMARY ***
Total pot $24 | Rake $0.48
Board [8h Tc 7h 3c]
Seat 1: PbIbak (big blind) collected ($23.52)
Seat 2: hudecam (button) (small blind) folded on the Turn


PokerStars Hand #147925091239:  Hold'em Limit ($3/$6 USD) - 2016/01/30 7:06:57 ET
Table 'Alsciaukat' 2-max Seat #1 is the button
Seat 1: PbIbak ($56.50 in chips)
Seat 2: hudecam ($90.66 in chips)
PbIbak: posts small blind $1
hudecam: posts big blind $3
*** HOLE CARDS ***
PbIbak: raises $3 to $6
hudecam: calls $3
*** FLOP *** [As 2s Kd]
hudecam: checks
PbIbak: bets $3
hudecam: folds
Uncalled bet ($3) returned to PbIbak
PbIbak collected $11.76 from pot
PbIbak: doesn't show hand
*** SUMMARY ***
Total pot $12 | Rake $0.24
Board [As 2s Kd]
Seat 1: PbIbak (button) (small blind) collected ($11.76)
Seat 2: hudecam (big blind) folded on the Flop


PokerStars Hand #147925083247:  Hold'em Limit ($3/$6 USD) - 2016/01/30 7:06:44 ET
Table 'Alsciaukat' 2-max Seat #2 is the button
Seat 1: PbIbak ($83.50 in chips)
Seat 2: hudecam ($64.16 in chips)
hudecam: posts small blind $1
PbIbak: posts big blind $3
*** HOLE CARDS ***
hudecam: raises $3 to $6
PbIbak: raises $3 to $9
hudecam: calls $3
*** FLOP *** [Kc 7c Td]
PbIbak: bets $3
hudecam: raises $3 to $6
PbIbak: calls $3
*** TURN *** [Kc 7c Td] [2h]
PbIbak: checks
hudecam: bets $6
PbIbak: calls $6
*** RIVER *** [Kc 7c Td 2h] [6h]
PbIbak: checks
hudecam: bets $6
PbIbak: calls $6
*** SHOW DOWN ***
hudecam: shows [8s Ks] (a pair of Kings)
PbIbak: mucks hand
hudecam collected $53.50 from pot
*** SUMMARY ***
Total pot $54 | Rake $0.50
Board [Kc 7c Td 2h 6h]
Seat 1: PbIbak (big blind) mucked
Seat 2: hudecam (button) (small blind) showed [8s Ks] and won ($53.50) with a pair of Kings


PokerStars Hand #147925075316:  Hold'em Limit ($3/$6 USD) - 2016/01/30 7:06:31 ET
Table 'Alsciaukat' 2-max Seat #1 is the button
Seat 1: PbIbak ($98.50 in chips)
Seat 2: hudecam ($49.66 in chips)
PbIbak: posts small blind $1
hudecam: posts big blind $3
*** HOLE CARDS ***
PbIbak: raises $3 to $6
hudecam: calls $3
*** FLOP *** [Ah 2c Ac]
hudecam: checks
PbIbak: bets $3
hudecam: calls $3
*** TURN *** [Ah 2c Ac] [Tc]
hudecam: checks
PbIbak: bets $6
hudecam: calls $6
*** RIVER *** [Ah 2c Ac Tc] [5d]
hudecam: checks
PbIbak: checks
*** SHOW DOWN ***
hudecam: shows [Jd Qc] (a pair of Aces)
PbIbak: mucks hand
hudecam collected $29.50 from pot
*** SUMMARY ***
Total pot $30 | Rake $0.50
Board [Ah 2c Ac Tc 5d]
Seat 1: PbIbak (button) (small blind) mucked
Seat 2: hudecam (big blind) showed [Jd Qc] and won ($29.50) with a pair of Aces


PokerStars Hand #147925072239:  Hold'em Limit ($3/$6 USD) - 2016/01/30 7:06:27 ET
Table 'Alsciaukat' 2-max Seat #2 is the button
Seat 1: PbIbak ($97.50 in chips)
Seat 2: hudecam ($50.66 in chips)
hudecam: posts small blind $1
PbIbak: posts big blind $3
*** HOLE CARDS ***
hudecam: folds
Uncalled bet ($2) returned to PbIbak
PbIbak collected $2 from pot
PbIbak: doesn't show hand
*** SUMMARY ***
Total pot $2 | Rake $0
Seat 1: PbIbak (big blind) collected ($2)
Seat 2: hudecam (button) (small blind) folded before Flop


PokerStars Hand #147925068531:  Hold'em Limit ($3/$6 USD) - 2016/01/30 7:06:21 ET
Table 'Alsciaukat' 2-max Seat #1 is the button
Seat 1: PbIbak ($94.50 in chips)
Seat 2: hudecam ($53.66 in chips)
PbIbak: posts small blind $1
hudecam: posts big blind $3
*** HOLE CARDS ***
PbIbak: raises $3 to $6
hudecam: folds
Uncalled bet ($3) returned to PbIbak
PbIbak collected $6 from pot
PbIbak: doesn't show hand
*** SUMMARY ***
Total pot $6 | Rake $0
Seat 1: PbIbak (button) (small blind) collected ($6)
Seat 2: hudecam (big blind) folded before Flop


PokerStars Hand #147925132484:  Hold'em Limit ($3/$6 USD) - 2016/01/30 7:08:02 ET
Table 'Alsciaukat' 2-max Seat #1 is the button
Seat 1: PbIbak ($49.42 in chips)
Seat 2: hudecam ($95.56 in chips)
PbIbak: posts small blind $1
hudecam: posts big blind $3
*** HOLE CARDS ***
PbIbak: raises $3 to $6
hudecam: raises $3 to $9
PbIbak: calls $3
*** FLOP *** [Ks As 6h]
hudecam: bets $3
PbIbak: calls $3
*** TURN *** [Ks As 6h] [3h]
hudecam: bets $6
PbIbak: folds
Uncalled bet ($6) returned to hudecam
hudecam collected $23.52 from pot
hudecam: doesn't show hand
*** SUMMARY ***
Total pot $24 | Rake $0.48
Board [Ks As 6h 3h]
Seat 1: PbIbak (button) (small blind) folded on the Turn
Seat 2: hudecam (big blind) collected ($23.52)


PokerStars Hand #147925127814:  Hold'em Limit ($3/$6 USD) - 2016/01/30 7:07:55 ET
Table 'Alsciaukat' 2-max Seat #2 is the button
Seat 1: PbIbak ($55.42 in chips)
Seat 2: hudecam ($89.80 in chips)
hudecam: posts small blind $1
PbIbak: posts big blind $3
*** HOLE CARDS ***
hudecam: raises $3 to $6
PbIbak: calls $3
*** FLOP *** [Ts 3s 7s]
PbIbak: checks
hudecam: bets $3
PbIbak: folds
Uncalled bet ($3) returned to hudecam
hudecam collected $11.76 from pot
hudecam: doesn't show hand
*** SUMMARY ***
Total pot $12 | Rake $0.24
Board [Ts 3s 7s]
Seat 1: PbIbak (big blind) folded on the Flop
Seat 2: hudecam (button) (small blind) collected ($11.76)


PokerStars Hand #147925120789:  Hold'em Limit ($3/$6 USD) - 2016/01/30 7:07:44 ET
Table 'Alsciaukat' 2-max Seat #1 is the button
Seat 1: PbIbak ($46.78 in chips)
Seat 2: hudecam ($98.80 in chips)
PbIbak: posts small blind $1
hudecam: posts big blind $3
*** HOLE CARDS ***
PbIbak: raises $3 to $6
hudecam: calls $3
*** FLOP *** [4h 3h 2h]
hudecam: checks
PbIbak: bets $3
hudecam: calls $3
*** TURN *** [4h 3h 2h] [Qh]
hudecam: checks
PbIbak: bets $6
hudecam: folds
Uncalled bet ($6) returned to PbIbak
PbIbak collected $17.64 from pot
PbIbak: doesn't show hand
*** SUMMARY ***
Total pot $18 | Rake $0.36
Board [4h 3h 2h Qh]
Seat 1: PbIbak (button) (small blind) collected ($17.64)
Seat 2: hudecam (big blind) folded on the Turn


PokerStars Hand #147925110261:  Hold'em Limit ($3/$6 USD) - 2016/01/30 7:07:27 ET
Table 'Alsciaukat' 2-max Seat #2 is the button
Seat 1: PbIbak ($55.78 in chips)
Seat 2: hudecam ($90.16 in chips)
hudecam: posts small blind $1
PbIbak: posts big blind $3
*** HOLE CARDS ***
hudecam: raises $3 to $6
PbIbak: calls $3
*** FLOP *** [Jd As 9c]
PbIbak: checks
hudecam: bets $3
PbIbak: calls $3
*** TURN *** [Jd As 9c] [9h]
PbIbak: checks
hudecam: bets $6
PbIbak: folds
Uncalled bet ($6) returned to hudecam
hudecam collected $17.64 from pot
hudecam: doesn't show hand
*** SUMMARY ***
Total pot $18 | Rake $0.36
Board [Jd As 9c 9h]
Seat 1: PbIbak (big blind) folded on the Turn
Seat 2: hudecam (button) (small blind) collected ($17.64)


PokerStars Hand #147925103120:  Hold'em Limit ($3/$6 USD) - 2016/01/30 7:07:16 ET
Table 'Alsciaukat' 2-max Seat #1 is the button
Seat 1: PbIbak ($73.78 in chips)
Seat 2: hudecam ($72.66 in chips)
PbIbak: posts small blind $1
hudecam: posts big blind $3
*** HOLE CARDS ***
PbIbak: raises $3 to $6
hudecam: raises $3 to $9
PbIbak: calls $3
*** FLOP *** [Ac 5s 8h]
hudecam: bets $3
PbIbak: calls $3
*** TURN *** [Ac 5s 8h] [Jh]
hudecam: bets $6
PbIbak: calls $6
*** RIVER *** [Ac 5s 8h Jh] [3h]
hudecam: bets $6
PbIbak: folds
Uncalled bet ($6) returned to hudecam
hudecam collected $35.50 from pot
hudecam: doesn't show hand
*** SUMMARY ***
Total pot $36 | Rake $0.50
Board [Ac 5s 8h Jh 3h]
Seat 1: PbIbak (button) (small blind) folded on the River
Seat 2: hudecam (big blind) collected ($35.50)


PokerStars Hand #147925176032:  Hold'em Limit ($3/$6 USD) - 2016/01/30 7:09:11 ET
Table 'Alsciaukat' 2-max Seat #2 is the button
Seat 1: PbIbak ($100.68 in chips)
Seat 2: hudecam ($102.34 in chips)
hudecam: posts small blind $1
PbIbak: posts big blind $3
*** HOLE CARDS ***
hudecam: raises $3 to $6
PbIbak: raises $3 to $9
hudecam: calls $3
*** FLOP *** [Ac 3s 8s]
PbIbak: bets $3
hudecam: calls $3
*** TURN *** [Ac 3s 8s] [Tc]
PbIbak: checks
hudecam: checks
*** RIVER *** [Ac 3s 8s Tc] [7s]
PbIbak: bets $6
hudecam: calls $6
*** SHOW DOWN ***
PbIbak: shows [As Ks] (a flush, Ace high)
hudecam: mucks hand
PbIbak collected $35.50 from pot
*** SUMMARY ***
Total pot $36 | Rake $0.50
Board [Ac 3s 8s Tc 7s]
Seat 1: PbIbak (big blind) showed [As Ks] and won ($35.50) with a flush, Ace high
Seat 2: hudecam (button) (small blind) mucked


PokerStars Hand #147925164527:  Hold'em Limit ($3/$6 USD) - 2016/01/30 7:08:53 ET
Table 'Alsciaukat' 2-max Seat #2 is the button
Seat 1: PbIbak ($79.18 in chips)
Seat 2: hudecam ($124.34 in chips)
hudecam: posts small blind $1
PbIbak: posts big blind $3
*** HOLE CARDS ***
hudecam: folds
Uncalled bet ($2) returned to PbIbak
PbIbak collected $2 from pot
PbIbak: doesn't show hand
*** SUMMARY ***
Total pot $2 | Rake $0
Seat 1: PbIbak (big blind) collected ($2)
Seat 2: hudecam (button) (small blind) folded before Flop


PokerStars Hand #147925160038:  Hold'em Limit ($3/$6 USD) - 2016/01/30 7:08:46 ET
Table 'Alsciaukat' 2-max Seat #1 is the button
Seat 1: PbIbak ($16.18 in chips)
Seat 2: hudecam ($127.34 in chips)
PbIbak: posts small blind $1
hudecam: posts big blind $3
*** HOLE CARDS ***
PbIbak: raises $3 to $6
hudecam: folds
Uncalled bet ($3) returned to PbIbak
PbIbak collected $6 from pot
PbIbak: doesn't show hand
*** SUMMARY ***
Total pot $6 | Rake $0
Seat 1: PbIbak (button) (small blind) collected ($6)
Seat 2: hudecam (big blind) folded before Flop


PokerStars Hand #147925152708:  Hold'em Limit ($3/$6 USD) - 2016/01/30 7:08:34 ET
Table 'Alsciaukat' 2-max Seat #2 is the button
Seat 1: PbIbak ($37.18 in chips)
Seat 2: hudecam ($106.84 in chips)
hudecam: posts small blind $1
PbIbak: posts big blind $3
*** HOLE CARDS ***
hudecam: raises $3 to $6
PbIbak: calls $3
*** FLOP *** [Qc 9s Qh]
PbIbak: checks
hudecam: bets $3
PbIbak: calls $3
*** TURN *** [Qc 9s Qh] [8d]
PbIbak: checks
hudecam: bets $6
PbIbak: calls $6
*** RIVER *** [Qc 9s Qh 8d] [7h]
PbIbak: checks
hudecam: bets $6
PbIbak: calls $6
*** SHOW DOWN ***
hudecam: shows [Jh 9c] (two pair, Queens and Nines)
PbIbak: mucks hand
hudecam collected $41.50 from pot
*** SUMMARY ***
Total pot $42 | Rake $0.50
Board [Qc 9s Qh 8d 7h]
Seat 1: PbIbak (big blind) mucked
Seat 2: hudecam (button) (small blind) showed [Jh 9c] and won ($41.50) with two pair, Queens and Nines


PokerStars Hand #147925146100:  Hold'em Limit ($3/$6 USD) - 2016/01/30 7:08:24 ET
Table 'Alsciaukat' 2-max Seat #1 is the button
Seat 1: PbIbak ($31.42 in chips)
Seat 2: hudecam ($112.84 in chips)
PbIbak: posts small blind $1
hudecam: posts big blind $3
*** HOLE CARDS ***
PbIbak: raises $3 to $6
hudecam: calls $3
*** FLOP *** [Jh 9c 7h]
hudecam: checks
PbIbak: checks
*** TURN *** [Jh 9c 7h] [9s]
hudecam: checks
PbIbak: checks
*** RIVER *** [Jh 9c 7h 9s] [3h]
hudecam: checks
PbIbak: checks
*** SHOW DOWN ***
hudecam: shows [4d 5s] (a pair of Nines)
PbIbak: shows [6c Qc] (a pair of Nines - Queen kicker)
PbIbak collected $11.76 from pot
*** SUMMARY ***
Total pot $12 | Rake $0.24
Board [Jh 9c 7h 9s 3h]
Seat 1: PbIbak (button) (small blind) showed [6c Qc] and won ($11.76) with a pair of Nines
Seat 2: hudecam (big blind) showed [4d 5s] and lost with a pair of Nines


PokerStars Hand #147925141477:  Hold'em Limit ($3/$6 USD) - 2016/01/30 7:08:17 ET
Table 'Alsciaukat' 2-max Seat #2 is the button
Seat 1: PbIbak ($37.42 in chips)
Seat 2: hudecam ($107.08 in chips)
hudecam: posts small blind $1
PbIbak: posts big blind $3
*** HOLE CARDS ***
hudecam: raises $3 to $6
PbIbak: calls $3
*** FLOP *** [3c Tc Qd]
PbIbak: checks
hudecam: bets $3
PbIbak: folds
Uncalled bet ($3) returned to hudecam
hudecam collected $11.76 from pot
hudecam: doesn't show hand
*** SUMMARY ***
Total pot $12 | Rake $0.24
Board [3c Tc Qd]
Seat 1: PbIbak (big blind) folded on the Flop
Seat 2: hudecam (button) (small blind) collected ($11.76)


PokerStars Hand #147925205633:  Hold'em Limit ($3/$6 USD) - 2016/01/30 7:09:58 ET
Table 'Alsciaukat' 2-max Seat #1 is the button
Seat 1: PbIbak ($105.68 in chips)
Seat 2: hudecam ($95.84 in chips)
PbIbak: posts small blind $1
hudecam: posts big blind $3
*** HOLE CARDS ***
PbIbak: raises $3 to $6
hudecam: calls $3
*** FLOP *** [3s 7d Ks]
hudecam: checks
PbIbak: bets $3
hudecam: calls $3
*** TURN *** [3s 7d Ks] [Ac]
hudecam: checks
PbIbak: bets $6
hudecam: calls $6
*** RIVER *** [3s 7d Ks Ac] [4d]
hudecam: checks
PbIbak: bets $6
hudecam: calls $6
*** SHOW DOWN ***
PbIbak: shows [Kc 5s] (a pair of Kings)
hudecam: mucks hand
PbIbak collected $41.50 from pot
*** SUMMARY ***
Total pot $42 | Rake $0.50
Board [3s 7d Ks Ac 4d]
Seat 1: PbIbak (button) (small blind) showed [Kc 5s] and won ($41.50) with a pair of Kings
Seat 2: hudecam (big blind) mucked


PokerStars Hand #147925198358:  Hold'em Limit ($3/$6 USD) - 2016/01/30 7:09:46 ET
Table 'Alsciaukat' 2-max Seat #2 is the button
Seat 1: PbIbak ($91.18 in chips)
Seat 2: hudecam ($110.84 in chips)
hudecam: posts small blind $1
PbIbak: posts big blind $3
*** HOLE CARDS ***
hudecam: raises $3 to $6
PbIbak: calls $3
*** FLOP *** [4d 2d Jd]
PbIbak: checks
hudecam: bets $3
PbIbak: calls $3
*** TURN *** [4d 2d Jd] [3c]
PbIbak: checks
hudecam: checks
*** RIVER *** [4d 2d Jd 3c] [2c]
PbIbak: bets $6
hudecam: calls $6
*** SHOW DOWN ***
PbIbak: shows [4s 3d] (two pair, Fours and Threes)
hudecam: mucks hand
PbIbak collected $29.50 from pot
*** SUMMARY ***
Total pot $30 | Rake $0.50
Board [4d 2d Jd 3c 2c]
Seat 1: PbIbak (big blind) showed [4s 3d] and won ($29.50) with two pair, Fours and Threes
Seat 2: hudecam (button) (small blind) mucked


PokerStars Hand #147925189506:  Hold'em Limit ($3/$6 USD) - 2016/01/30 7:09:33 ET
Table 'Alsciaukat' 2-max Seat #1 is the button
Seat 1: PbIbak ($118.18 in chips)
Seat 2: hudecam ($84.34 in chips)
PbIbak: posts small blind $1
hudecam: posts big blind $3
*** HOLE CARDS ***
PbIbak: raises $3 to $6
hudecam: raises $3 to $9
PbIbak: calls $3
*** FLOP *** [3s 2s 3h]
hudecam: bets $3
PbIbak: raises $3 to $6
hudecam: raises $3 to $9
PbIbak: raises $3 to $12
Betting is capped
hudecam: calls $3
*** TURN *** [3s 2s 3h] [4s]
hudecam: bets $6
PbIbak: calls $6
*** RIVER *** [3s 2s 3h 4s] [Qs]
hudecam: bets $6
PbIbak: folds
Uncalled bet ($6) returned to hudecam
hudecam collected $53.50 from pot
hudecam: doesn't show hand
*** SUMMARY ***
Total pot $54 | Rake $0.50
Board [3s 2s 3h 4s Qs]
Seat 1: PbIbak (button) (small blind) folded on the River
Seat 2: hudecam (big blind) collected ($53.50)


PokerStars Hand #147925186542:  Hold'em Limit ($3/$6 USD) - 2016/01/30 7:09:28 ET
Table 'Alsciaukat' 2-max Seat #2 is the button
Seat 1: PbIbak ($121.18 in chips)
Seat 2: hudecam ($81.34 in chips)
hudecam: posts small blind $1
PbIbak: posts big blind $3
*** HOLE CARDS ***
hudecam: raises $3 to $6
PbIbak: folds
Uncalled bet ($3) returned to hudecam
hudecam collected $6 from pot
hudecam: doesn't show hand
*** SUMMARY ***
Total pot $6 | Rake $0
Seat 1: PbIbak (big blind) folded before Flop
Seat 2: hudecam (button) (small blind) collected ($6)


PokerStars Hand #147925183362:  Hold'em Limit ($3/$6 USD) - 2016/01/30 7:09:23 ET
Table 'Alsciaukat' 2-max Seat #1 is the button
Seat 1: PbIbak ($118.18 in chips)
Seat 2: hudecam ($84.34 in chips)
PbIbak: posts small blind $1
hudecam: posts big blind $3
*** HOLE CARDS ***
PbIbak: raises $3 to $6
hudecam: folds
Uncalled bet ($3) returned to PbIbak
PbIbak collected $6 from pot
PbIbak: doesn't show hand
*** SUMMARY ***
Total pot $6 | Rake $0
Seat 1: PbIbak (button) (small blind) collected ($6)
Seat 2: hudecam (big blind) folded before Flop


PokerStars Hand #147925249300:  Hold'em Limit ($3/$6 USD) - 2016/01/30 7:11:07 ET
Table 'Alsciaukat' 2-max Seat #1 is the button
Seat 1: PbIbak ($50.18 in chips)
Seat 2: hudecam ($148.98 in chips)
PbIbak: posts small blind $1
hudecam: posts big blind $3
*** HOLE CARDS ***
PbIbak: raises $3 to $6
hudecam: calls $3
*** FLOP *** [4s Kd Ah]
hudecam: checks
PbIbak: checks
*** TURN *** [4s Kd Ah] [4d]
hudecam: bets $6
PbIbak: calls $6
*** RIVER *** [4s Kd Ah 4d] [2d]
hudecam: bets $6
PbIbak: calls $6
*** SHOW DOWN ***
hudecam: shows [5h Ac] (two pair, Aces and Fours)
PbIbak: mucks hand
hudecam collected $35.50 from pot
*** SUMMARY ***
Total pot $36 | Rake $0.50
Board [4s Kd Ah 4d 2d]
Seat 1: PbIbak (button) (small blind) mucked
Seat 2: hudecam (big blind) showed [5h Ac] and won ($35.50) with two pair, Aces and Fours


PokerStars Hand #147925241476:  Hold'em Limit ($3/$6 USD) - 2016/01/30 7:10:55 ET
Table 'Alsciaukat' 2-max Seat #2 is the button
Seat 1: PbIbak ($71.18 in chips)
Seat 2: hudecam ($128.48 in chips)
hudecam: posts small blind $1
PbIbak: posts big blind $3
*** HOLE CARDS ***
hudecam: raises $3 to $6
PbIbak: calls $3
*** FLOP *** [8h Ah 2h]
PbIbak: checks
hudecam: bets $3
PbIbak: calls $3
*** TURN *** [8h Ah 2h] [5d]
PbIbak: checks
hudecam: bets $6
PbIbak: calls $6
*** RIVER *** [8h Ah 2h 5d] [6c]
PbIbak: checks
hudecam: bets $6
PbIbak: calls $6
*** SHOW DOWN ***
hudecam: shows [4c 8c] (a pair of Eights)
PbIbak: mucks hand
hudecam collected $41.50 from pot
*** SUMMARY ***
Total pot $42 | Rake $0.50
Board [8h Ah 2h 5d 6c]
Seat 1: PbIbak (big blind) mucked
Seat 2: hudecam (button) (small blind) showed [4c 8c] and won ($41.50) with a pair of Eights


PokerStars Hand #147925232581:  Hold'em Limit ($3/$6 USD) - 2016/01/30 7:10:41 ET
Table 'Alsciaukat' 2-max Seat #1 is the button
Seat 1: PbIbak ($95.18 in chips)
Seat 2: hudecam ($104.98 in chips)
PbIbak: posts small blind $1
hudecam: posts big blind $3
*** HOLE CARDS ***
PbIbak: raises $3 to $6
hudecam: raises $3 to $9
PbIbak: calls $3
*** FLOP *** [9c Jh 5h]
hudecam: bets $3
PbIbak: calls $3
*** TURN *** [9c Jh 5h] [5d]
hudecam: bets $6
PbIbak: raises $6 to $12
hudecam: raises $6 to $18
PbIbak: folds
Uncalled bet ($6) returned to hudecam
hudecam collected $47.50 from pot
hudecam: doesn't show hand
*** SUMMARY ***
Total pot $48 | Rake $0.50
Board [9c Jh 5h 5d]
Seat 1: PbIbak (button) (small blind) folded on the Turn
Seat 2: hudecam (big blind) collected ($47.50)


PokerStars Hand #147925225550:  Hold'em Limit ($3/$6 USD) - 2016/01/30 7:10:30 ET
Table 'Alsciaukat' 2-max Seat #2 is the button
Seat 1: PbIbak ($104.18 in chips)
Seat 2: hudecam ($96.34 in chips)
hudecam: posts small blind $1
PbIbak: posts big blind $3
*** HOLE CARDS ***
hudecam: raises $3 to $6
PbIbak: calls $3
*** FLOP *** [Td 9d Qh]
PbIbak: checks
hudecam: bets $3
PbIbak: calls $3
*** TURN *** [Td 9d Qh] [6d]
PbIbak: checks
hudecam: bets $6
PbIbak: folds
Uncalled bet ($6) returned to hudecam
hudecam collected $17.64 from pot
hudecam: doesn't show hand
*** SUMMARY ***
Total pot $18 | Rake $0.36
Board [Td 9d Qh 6d]
Seat 1: PbIbak (big blind) folded on the Turn
Seat 2: hudecam (button) (small blind) collected ($17.64)


PokerStars Hand #147925222502:  Hold'em Limit ($3/$6 USD) - 2016/01/30 7:10:25 ET
Table 'Alsciaukat' 2-max Seat #1 is the button
Seat 1: PbIbak ($105.18 in chips)
Seat 2: hudecam ($95.34 in chips)
PbIbak: posts small blind $1
hudecam: posts big blind $3
*** HOLE CARDS ***
PbIbak: folds
Uncalled bet ($2) returned to hudecam
hudecam collected $2 from pot
hudecam: doesn't show hand
*** SUMMARY ***
Total pot $2 | Rake $0
Seat 1: PbIbak (button) (small blind) folded before Flop
Seat 2: hudecam (big blind) collected ($2)


PokerStars Hand #147925213509:  Hold'em Limit ($3/$6 USD) - 2016/01/30 7:10:11 ET
Table 'Alsciaukat' 2-max Seat #2 is the button
Seat 1: PbIbak ($126.18 in chips)
Seat 2: hudecam ($74.84 in chips)
hudecam: posts small blind $1
PbIbak: posts big blind $3
*** HOLE CARDS ***
hudecam: raises $3 to $6
PbIbak: raises $3 to $9
hudecam: raises $3 to $12
Betting is capped
PbIbak: calls $3
*** FLOP *** [2d 4h 5c]
PbIbak: checks
hudecam: bets $3
PbIbak: calls $3
*** TURN *** [2d 4h 5c] [Th]
PbIbak: checks
hudecam: bets $6
PbIbak: calls $6
*** RIVER *** [2d 4h 5c Th] [Ts]
PbIbak: checks
hudecam: bets $6
PbIbak: folds
Uncalled bet ($6) returned to hudecam
hudecam collected $41.50 from pot
hudecam: doesn't show hand
*** SUMMARY ***
Total pot $42 | Rake $0.50
Board [2d 4h 5c Th Ts]
Seat 1: PbIbak (big blind) folded on the River
Seat 2: hudecam (button) (small blind) collected ($41.50)


PokerStars Hand #147925295080:  Hold'em Limit ($3/$6 USD) - 2016/01/30 7:12:19 ET
Table 'Alsciaukat' 2-max Seat #2 is the button
Seat 1: PbIbak ($69.70 in chips)
Seat 2: hudecam ($127 in chips)
hudecam: posts small blind $1
PbIbak: posts big blind $3
*** HOLE CARDS ***
hudecam: folds
Uncalled bet ($2) returned to PbIbak
PbIbak collected $2 from pot
PbIbak: doesn't show hand
*** SUMMARY ***
Total pot $2 | Rake $0
Seat 1: PbIbak (big blind) collected ($2)
Seat 2: hudecam (button) (small blind) folded before Flop


PokerStars Hand #147925289583:  Hold'em Limit ($3/$6 USD) - 2016/01/30 7:12:10 ET
Table 'Alsciaukat' 2-max Seat #1 is the button
Seat 1: PbIbak ($81.70 in chips)
Seat 2: hudecam ($115.48 in chips)
PbIbak: posts small blind $1
hudecam: posts big blind $3
*** HOLE CARDS ***
PbIbak: raises $3 to $6
hudecam: raises $3 to $9
PbIbak: calls $3
*** FLOP *** [6s Ad 5s]
hudecam: bets $3
PbIbak: calls $3
*** TURN *** [6s Ad 5s] [Ks]
hudecam: bets $6
PbIbak: folds
Uncalled bet ($6) returned to hudecam
hudecam collected $23.52 from pot
hudecam: doesn't show hand
*** SUMMARY ***
Total pot $24 | Rake $0.48
Board [6s Ad 5s Ks]
Seat 1: PbIbak (button) (small blind) folded on the Turn
Seat 2: hudecam (big blind) collected ($23.52)


PokerStars Hand #147925283301:  Hold'em Limit ($3/$6 USD) - 2016/01/30 7:12:01 ET
Table 'Alsciaukat' 2-max Seat #2 is the button
Seat 1: PbIbak ($70.18 in chips)
Seat 2: hudecam ($127.48 in chips)
hudecam: posts small blind $1
PbIbak: posts big blind $3
*** HOLE CARDS ***
hudecam: raises $3 to $6
PbIbak: raises $3 to $9
hudecam: calls $3
*** FLOP *** [4d 3s Ah]
PbIbak: bets $3
hudecam: calls $3
*** TURN *** [4d 3s Ah] [Jh]
PbIbak: checks
hudecam: folds
PbIbak collected $23.52 from pot
PbIbak: doesn't show hand
*** SUMMARY ***
Total pot $24 | Rake $0.48
Board [4d 3s Ah Jh]
Seat 1: PbIbak (big blind) collected ($23.52)
Seat 2: hudecam (button) (small blind) folded on the Turn


PokerStars Hand #147925280176:  Hold'em Limit ($3/$6 USD) - 2016/01/30 7:11:56 ET
Table 'Alsciaukat' 2-max Seat #1 is the button
Seat 1: PbIbak ($67.18 in chips)
Seat 2: hudecam ($130.48 in chips)
PbIbak: posts small blind $1
hudecam: posts big blind $3
*** HOLE CARDS ***
PbIbak: raises $3 to $6
hudecam: folds
Uncalled bet ($3) returned to PbIbak
PbIbak collected $6 from pot
PbIbak: doesn't show hand
*** SUMMARY ***
Total pot $6 | Rake $0
Seat 1: PbIbak (button) (small blind) collected ($6)
Seat 2: hudecam (big blind) folded before Flop


PokerStars Hand #147925276945:  Hold'em Limit ($3/$6 USD) - 2016/01/30 7:11:51 ET
Table 'Alsciaukat' 2-max Seat #2 is the button
Seat 1: PbIbak ($66.18 in chips)
Seat 2: hudecam ($131.48 in chips)
hudecam: posts small blind $1
PbIbak: posts big blind $3
*** HOLE CARDS ***
hudecam: folds
Uncalled bet ($2) returned to PbIbak
PbIbak collected $2 from pot
PbIbak: doesn't show hand
*** SUMMARY ***
Total pot $2 | Rake $0
Seat 1: PbIbak (big blind) collected ($2)
Seat 2: hudecam (button) (small blind) folded before Flop


PokerStars Hand #147925274237:  Hold'em Limit ($3/$6 USD) - 2016/01/30 7:11:46 ET
Table 'Alsciaukat' 2-max Seat #1 is the button
Seat 1: PbIbak ($67.18 in chips)
Seat 2: hudecam ($130.48 in chips)
PbIbak: posts small blind $1
hudecam: posts big blind $3
*** HOLE CARDS ***
PbIbak: folds
Uncalled bet ($2) returned to hudecam
hudecam collected $2 from pot
hudecam: doesn't show hand
*** SUMMARY ***
Total pot $2 | Rake $0
Seat 1: PbIbak (button) (small blind) folded before Flop
Seat 2: hudecam (big blind) collected ($2)


PokerStars Hand #147925271185:  Hold'em Limit ($3/$6 USD) - 2016/01/30 7:11:41 ET
Table 'Alsciaukat' 2-max Seat #2 is the button
Seat 1: PbIbak ($70.18 in chips)
Seat 2: hudecam ($127.48 in chips)
hudecam: posts small blind $1
PbIbak: posts big blind $3
*** HOLE CARDS ***
hudecam: raises $3 to $6
PbIbak: folds
Uncalled bet ($3) returned to hudecam
hudecam collected $6 from pot
hudecam: doesn't show hand
*** SUMMARY ***
Total pot $6 | Rake $0
Seat 1: PbIbak (big blind) folded before Flop
Seat 2: hudecam (button) (small blind) collected ($6)


PokerStars Hand #147925262669:  Hold'em Limit ($3/$6 USD) - 2016/01/30 7:11:28 ET
Table 'Alsciaukat' 2-max Seat #1 is the button
Seat 1: PbIbak ($46.68 in chips)
Seat 2: hudecam ($151.48 in chips)
PbIbak: posts small blind $1
hudecam: posts big blind $3
*** HOLE CARDS ***
PbIbak: raises $3 to $6
hudecam: raises $3 to $9
PbIbak: calls $3
*** FLOP *** [Ts 7h 3s]
hudecam: bets $3
PbIbak: calls $3
*** TURN *** [Ts 7h 3s] [4c]
hudecam: bets $6
PbIbak: calls $6
*** RIVER *** [Ts 7h 3s 4c] [Ah]
hudecam: checks
PbIbak: bets $6
hudecam: calls $6
*** SHOW DOWN ***
PbIbak: shows [Ad Ks] (a pair of Aces)
hudecam: mucks hand
PbIbak collected $47.50 from pot
*** SUMMARY ***
Total pot $48 | Rake $0.50
Board [Ts 7h 3s 4c Ah]
Seat 1: PbIbak (button) (small blind) showed [Ad Ks] and won ($47.50) with a pair of Aces
Seat 2: hudecam (big blind) mucked


PokerStars Hand #147925256134:  Hold'em Limit ($3/$6 USD) - 2016/01/30 7:11:18 ET
Table 'Alsciaukat' 2-max Seat #2 is the button
Seat 1: PbIbak ($32.18 in chips)
Seat 2: hudecam ($166.48 in chips)
hudecam: posts small blind $1
PbIbak: posts big blind $3
*** HOLE CARDS ***
hudecam: raises $3 to $6
PbIbak: calls $3
*** FLOP *** [4h 8h Th]
PbIbak: checks
hudecam: bets $3
PbIbak: calls $3
*** TURN *** [4h 8h Th] [Kd]
PbIbak: checks
hudecam: checks
*** RIVER *** [4h 8h Th Kd] [As]
PbIbak: bets $6
hudecam: calls $6
*** SHOW DOWN ***
PbIbak: shows [7c 8s] (a pair of Eights)
hudecam: mucks hand
PbIbak collected $29.50 from pot
*** SUMMARY ***
Total pot $30 | Rake $0.50
Board [4h 8h Th Kd As]
Seat 1: PbIbak (big blind) showed [7c 8s] and won ($29.50) with a pair of Eights
Seat 2: hudecam (button) (small blind) mucked


PokerStars Hand #147925333227:  Hold'em Limit ($3/$6 USD) - 2016/01/30 7:13:19 ET
Table 'Alsciaukat' 2-max Seat #2 is the button
Seat 1: PbIbak ($98.70 in chips)
Seat 2: hudecam ($96.28 in chips)
hudecam: posts small blind $1
PbIbak: posts big blind $3
*** HOLE CARDS ***
hudecam: raises $3 to $6
PbIbak: folds
Uncalled bet ($3) returned to hudecam
hudecam collected $6 from pot
hudecam: doesn't show hand
*** SUMMARY ***
Total pot $6 | Rake $0
Seat 1: PbIbak (big blind) folded before Flop
Seat 2: hudecam (button) (small blind) collected ($6)


PokerStars Hand #147925323134:  Hold'em Limit ($3/$6 USD) - 2016/01/30 7:13:03 ET
Table 'Alsciaukat' 2-max Seat #1 is the button
Seat 1: PbIbak ($66.20 in chips)
Seat 2: hudecam ($129.28 in chips)
PbIbak: posts small blind $1
hudecam: posts big blind $3
*** HOLE CARDS ***
PbIbak: raises $3 to $6
hudecam: raises $3 to $9
PbIbak: calls $3
*** FLOP *** [2d 5d 6h]
hudecam: bets $3
PbIbak: raises $3 to $6
hudecam: raises $3 to $9
PbIbak: raises $3 to $12
Betting is capped
hudecam: calls $3
*** TURN *** [2d 5d 6h] [8c]
hudecam: checks
PbIbak: bets $6
hudecam: calls $6
*** RIVER *** [2d 5d 6h 8c] [9h]
hudecam: checks
PbIbak: bets $6
hudecam: calls $6
*** SHOW DOWN ***
PbIbak: shows [7d 6d] (a straight, Five to Nine)
hudecam: mucks hand
PbIbak collected $65.50 from pot
*** SUMMARY ***
Total pot $66 | Rake $0.50
Board [2d 5d 6h 8c 9h]
Seat 1: PbIbak (button) (small blind) showed [7d 6d] and won ($65.50) with a straight, Five to Nine
Seat 2: hudecam (big blind) mucked


PokerStars Hand #147925318314:  Hold'em Limit ($3/$6 USD) - 2016/01/30 7:12:56 ET
Table 'Alsciaukat' 2-max Seat #2 is the button
Seat 1: PbIbak ($72.20 in chips)
Seat 2: hudecam ($123.52 in chips)
hudecam: posts small blind $1
PbIbak: posts big blind $3
*** HOLE CARDS ***
hudecam: raises $3 to $6
PbIbak: calls $3
*** FLOP *** [Kd Ad 8h]
PbIbak: checks
hudecam: bets $3
PbIbak: folds
Uncalled bet ($3) returned to hudecam
hudecam collected $11.76 from pot
hudecam: doesn't show hand
*** SUMMARY ***
Total pot $12 | Rake $0.24
Board [Kd Ad 8h]
Seat 1: PbIbak (big blind) folded on the Flop
Seat 2: hudecam (button) (small blind) collected ($11.76)


PokerStars Hand #147925315107:  Hold'em Limit ($3/$6 USD) - 2016/01/30 7:12:50 ET
Table 'Alsciaukat' 2-max Seat #1 is the button
Seat 1: PbIbak ($73.20 in chips)
Seat 2: hudecam ($122.52 in chips)
PbIbak: posts small blind $1
hudecam: posts big blind $3
*** HOLE CARDS ***
PbIbak: folds
Uncalled bet ($2) returned to hudecam
hudecam collected $2 from pot
hudecam: doesn't show hand
*** SUMMARY ***
Total pot $2 | Rake $0
Seat 1: PbIbak (button) (small blind) folded before Flop
Seat 2: hudecam (big blind) collected ($2)


PokerStars Hand #147925303748:  Hold'em Limit ($3/$6 USD) - 2016/01/30 7:12:33 ET
Table 'Alsciaukat' 2-max Seat #2 is the button
Seat 1: PbIbak ($58.70 in chips)
Seat 2: hudecam ($137.52 in chips)
hudecam: posts small blind $1
PbIbak: posts big blind $3
*** HOLE CARDS ***
hudecam: raises $3 to $6
PbIbak: calls $3
*** FLOP *** [Ah Qd 2s]
PbIbak: checks
hudecam: bets $3
PbIbak: calls $3
*** TURN *** [Ah Qd 2s] [2c]
PbIbak: checks
hudecam: bets $6
PbIbak: calls $6
*** RIVER *** [Ah Qd 2s 2c] [9d]
PbIbak: checks
hudecam: checks
*** SHOW DOWN ***
PbIbak: shows [Kh 4s] (a pair of Deuces)
hudecam: mucks hand
PbIbak collected $29.50 from pot
*** SUMMARY ***
Total pot $30 | Rake $0.50
Board [Ah Qd 2s 2c 9d]
Seat 1: PbIbak (big blind) showed [Kh 4s] and won ($29.50) with a pair of Deuces
Seat 2: hudecam (button) (small blind) mucked


PokerStars Hand #147925298088:  Hold'em Limit ($3/$6 USD) - 2016/01/30 7:12:24 ET
Table 'Alsciaukat' 2-max Seat #1 is the button
Seat 1: PbIbak ($70.70 in chips)
Seat 2: hudecam ($126 in chips)
PbIbak: posts small blind $1
hudecam: posts big blind $3
*** HOLE CARDS ***
PbIbak: raises $3 to $6
hudecam: raises $3 to $9
PbIbak: calls $3
*** FLOP *** [Qc Js 2s]
hudecam: bets $3
PbIbak: calls $3
*** TURN *** [Qc Js 2s] [As]
hudecam: bets $6
PbIbak: folds
Uncalled bet ($6) returned to hudecam
hudecam collected $23.52 from pot
hudecam: doesn't show hand
*** SUMMARY ***
Total pot $24 | Rake $0.48
Board [Qc Js 2s As]
Seat 1: PbIbak (button) (small blind) folded on the Turn
Seat 2: hudecam (big blind) collected ($23.52)


PokerStars Hand #147925367574:  Hold'em Limit ($3/$6 USD) - 2016/01/30 7:14:13 ET
Table 'Alsciaukat' 2-max Seat #2 is the button
Seat 1: PbIbak ($91.08 in chips)
Seat 2: hudecam ($102.20 in chips)
hudecam: posts small blind $1
PbIbak: posts big blind $3
*** HOLE CARDS ***
hudecam: raises $3 to $6
PbIbak: folds
Uncalled bet ($3) returned to hudecam
hudecam collected $6 from pot
hudecam: doesn't show hand
*** SUMMARY ***
Total pot $6 | Rake $0
Seat 1: PbIbak (big blind) folded before Flop
Seat 2: hudecam (button) (small blind) collected ($6)


PokerStars Hand #147925364790:  Hold'em Limit ($3/$6 USD) - 2016/01/30 7:14:08 ET
Table 'Alsciaukat' 2-max Seat #1 is the button
Seat 1: PbIbak ($92.08 in chips)
Seat 2: hudecam ($101.20 in chips)
PbIbak: posts small blind $1
hudecam: posts big blind $3
*** HOLE CARDS ***
PbIbak: folds
Uncalled bet ($2) returned to hudecam
hudecam collected $2 from pot
hudecam: doesn't show hand
*** SUMMARY ***
Total pot $2 | Rake $0
Seat 1: PbIbak (button) (small blind) folded before Flop
Seat 2: hudecam (big blind) collected ($2)


PokerStars Hand #147925357093:  Hold'em Limit ($3/$6 USD) - 2016/01/30 7:13:56 ET
Table 'Alsciaukat' 2-max Seat #2 is the button
Seat 1: PbIbak ($71.58 in chips)
Seat 2: hudecam ($122.20 in chips)
hudecam: posts small blind $1
PbIbak: posts big blind $3
*** HOLE CARDS ***
hudecam: raises $3 to $6
PbIbak: calls $3
*** FLOP *** [9d Tc 9s]
PbIbak: checks
hudecam: bets $3
PbIbak: raises $3 to $6
hudecam: raises $3 to $9
PbIbak: calls $3
*** TURN *** [9d Tc 9s] [3d]
PbIbak: checks
hudecam: bets $6
PbIbak: calls $6
*** RIVER *** [9d Tc 9s 3d] [3c]
PbIbak: checks
hudecam: checks
*** SHOW DOWN ***
PbIbak: shows [Th 5s] (two pair, Tens and Nines)
hudecam: mucks hand
PbIbak collected $41.50 from pot
*** SUMMARY ***
Total pot $42 | Rake $0.50
Board [9d Tc 9s 3d 3c]
Seat 1: PbIbak (big blind) showed [Th 5s] and won ($41.50) with two pair, Tens and Nines
Seat 2: hudecam (button) (small blind) mucked


PokerStars Hand #147925350908:  Hold'em Limit ($3/$6 USD) - 2016/01/30 7:13:46 ET
Table 'Alsciaukat' 2-max Seat #1 is the button
Seat 1: PbIbak ($83.58 in chips)
Seat 2: hudecam ($110.68 in chips)
PbIbak: posts small blind $1
hudecam: posts big blind $3
*** HOLE CARDS ***
PbIbak: raises $3 to $6
hudecam: calls $3
*** FLOP *** [As 2s 2d]
hudecam: bets $3
PbIbak: raises $3 to $6
hudecam: raises $3 to $9
PbIbak: folds
Uncalled bet ($3) returned to hudecam
hudecam collected $23.52 from pot
hudecam: doesn't show hand
*** SUMMARY ***
Total pot $24 | Rake $0.48
Board [As 2s 2d]
Seat 1: PbIbak (button) (small blind) folded on the Flop
Seat 2: hudecam (big blind) collected ($23.52)


PokerStars Hand #147925344061:  Hold'em Limit ($3/$6 USD) - 2016/01/30 7:13:36 ET
Table 'Alsciaukat' 2-max Seat #2 is the button
Seat 1: PbIbak ($83.70 in chips)
Seat 2: hudecam ($110.80 in chips)
hudecam: posts small blind $1
PbIbak: posts big blind $3
*** HOLE CARDS ***
hudecam: raises $3 to $6
PbIbak: calls $3
*** FLOP *** [7c 7d Qh]
PbIbak: checks
hudecam: checks
*** TURN *** [7c 7d Qh] [Ad]
PbIbak: checks
hudecam: checks
*** RIVER *** [7c 7d Qh Ad] [Kh]
PbIbak: checks
hudecam: checks
*** SHOW DOWN ***
PbIbak: shows [2s 4s] (a pair of Sevens)
hudecam: shows [8s 2c] (a pair of Sevens)
PbIbak collected $5.88 from pot
hudecam collected $5.88 from pot
*** SUMMARY ***
Total pot $12 | Rake $0.24
Board [7c 7d Qh Ad Kh]
Seat 1: PbIbak (big blind) showed [2s 4s] and won ($5.88) with a pair of Sevens
Seat 2: hudecam (button) (small blind) showed [8s 2c] and won ($5.88) with a pair of Sevens


PokerStars Hand #147925336513:  Hold'em Limit ($3/$6 USD) - 2016/01/30 7:13:24 ET
Table 'Alsciaukat' 2-max Seat #1 is the button
Seat 1: PbIbak ($95.70 in chips)
Seat 2: hudecam ($99.28 in chips)
PbIbak: posts small blind $1
hudecam: posts big blind $3
*** HOLE CARDS ***
PbIbak: raises $3 to $6
hudecam: calls $3
*** FLOP *** [6h 2c 5s]
hudecam: checks
PbIbak: checks
*** TURN *** [6h 2c 5s] [5h]
hudecam: checks
PbIbak: bets $6
hudecam: calls $6
*** RIVER *** [6h 2c 5s 5h] [4c]
hudecam: checks
PbIbak: checks
*** SHOW DOWN ***
hudecam: shows [Jc 3d] (a straight, Deuce to Six)
PbIbak: mucks hand
hudecam collected $23.52 from pot
*** SUMMARY ***
Total pot $24 | Rake $0.48
Board [6h 2c 5s 5h 4c]
Seat 1: PbIbak (button) (small blind) mucked
Seat 2: hudecam (big blind) showed [Jc 3d] and won ($23.52) with a straight, Deuce to Six


PokerStars Hand #147925402628:  Hold'em Limit ($3/$6 USD) - 2016/01/30 7:15:07 ET
Table 'Alsciaukat' 2-max Seat #2 is the button
Seat 1: PbIbak ($89.98 in chips)
Seat 2: hudecam ($101.46 in chips)
hudecam: posts small blind $1
PbIbak: posts big blind $3
*** HOLE CARDS ***
hudecam: raises $3 to $6
PbIbak: calls $3
*** FLOP *** [9h Js 4d]
PbIbak: checks
hudecam: bets $3
PbIbak: calls $3
*** TURN *** [9h Js 4d] [8s]
PbIbak: checks
hudecam: bets $6
PbIbak: folds
Uncalled bet ($6) returned to hudecam
hudecam collected $17.64 from pot
hudecam: doesn't show hand
*** SUMMARY ***
Total pot $18 | Rake $0.36
Board [9h Js 4d 8s]
Seat 1: PbIbak (big blind) folded on the Turn
Seat 2: hudecam (button) (small blind) collected ($17.64)


PokerStars Hand #147925395030:  Hold'em Limit ($3/$6 USD) - 2016/01/30 7:14:55 ET
Table 'Alsciaukat' 2-max Seat #1 is the button
Seat 1: PbIbak ($119.98 in chips)
Seat 2: hudecam ($71.96 in chips)
PbIbak: posts small blind $1
hudecam: posts big blind $3
*** HOLE CARDS ***
PbIbak: raises $3 to $6
hudecam: raises $3 to $9
PbIbak: calls $3
*** FLOP *** [8s Ks 6c]
hudecam: bets $3
PbIbak: calls $3
*** TURN *** [8s Ks 6c] [9d]
hudecam: bets $6
PbIbak: calls $6
*** RIVER *** [8s Ks 6c 9d] [9c]
hudecam: bets $6
PbIbak: raises $6 to $12
hudecam: calls $6
*** SHOW DOWN ***
PbIbak: shows [7c Qh] (a pair of Nines)
hudecam: shows [Ah 8d] (two pair, Nines and Eights)
hudecam collected $59.50 from pot
*** SUMMARY ***
Total pot $60 | Rake $0.50
Board [8s Ks 6c 9d 9c]
Seat 1: PbIbak (button) (small blind) showed [7c Qh] and lost with a pair of Nines
Seat 2: hudecam (big blind) showed [Ah 8d] and won ($59.50) with two pair, Nines and Eights


PokerStars Hand #147925390106:  Hold'em Limit ($3/$6 USD) - 2016/01/30 7:14:48 ET
Table 'Alsciaukat' 2-max Seat #2 is the button
Seat 1: PbIbak ($125.98 in chips)
Seat 2: hudecam ($66.20 in chips)
hudecam: posts small blind $1
PbIbak: posts big blind $3
*** HOLE CARDS ***
hudecam: raises $3 to $6
PbIbak: calls $3
*** FLOP *** [Qd 2d 4s]
PbIbak: checks
hudecam: bets $3
PbIbak: folds
Uncalled bet ($3) returned to hudecam
hudecam collected $11.76 from pot
hudecam: doesn't show hand
*** SUMMARY ***
Total pot $12 | Rake $0.24
Board [Qd 2d 4s]
Seat 1: PbIbak (big blind) folded on the Flop
Seat 2: hudecam (button) (small blind) collected ($11.76)


PokerStars Hand #147925375188:  Hold'em Limit ($3/$6 USD) - 2016/01/30 7:14:24 ET
Table 'Alsciaukat' 2-max Seat #2 is the button
Seat 1: PbIbak ($93.84 in chips)
Seat 2: hudecam ($99.20 in chips)
hudecam: posts small blind $1
PbIbak: posts big blind $3
*** HOLE CARDS ***
hudecam: raises $3 to $6
PbIbak: calls $3
*** FLOP *** [Kh Kd Jc]
PbIbak: checks
hudecam: bets $3
PbIbak: calls $3
*** TURN *** [Kh Kd Jc] [8d]
PbIbak: checks
hudecam: checks
*** RIVER *** [Kh Kd Jc 8d] [Ac]
PbIbak: bets $6
hudecam: folds
Uncalled bet ($6) returned to PbIbak
PbIbak collected $17.64 from pot
PbIbak: doesn't show hand
*** SUMMARY ***
Total pot $18 | Rake $0.36
Board [Kh Kd Jc 8d Ac]
Seat 1: PbIbak (big blind) collected ($17.64)
Seat 2: hudecam (button) (small blind) folded on the River


PokerStars Hand #147925382170:  Hold'em Limit ($3/$6 USD) - 2016/01/30 7:14:35 ET
Table 'Alsciaukat' 2-max Seat #1 is the button
Seat 1: PbIbak ($102.48 in chips)
Seat 2: hudecam ($90.20 in chips)
PbIbak: posts small blind $1
hudecam: posts big blind $3
*** HOLE CARDS ***
PbIbak: raises $3 to $6
hudecam: raises $3 to $9
PbIbak: calls $3
*** FLOP *** [3s 5h 5s]
hudecam: bets $3
PbIbak: calls $3
*** TURN *** [3s 5h 5s] [Jd]
hudecam: bets $6
PbIbak: calls $6
*** RIVER *** [3s 5h 5s Jd] [5d]
hudecam: bets $6
PbIbak: calls $6
*** SHOW DOWN ***
hudecam: shows [Ah Qd] (three of a kind, Fives)
PbIbak: shows [Ts 3h] (a full house, Fives full of Threes)
PbIbak collected $47.50 from pot
*** SUMMARY ***
Total pot $48 | Rake $0.50
Board [3s 5h 5s Jd 5d]
Seat 1: PbIbak (button) (small blind) showed [Ts 3h] and won ($47.50) with a full house, Fives full of Threes
Seat 2: hudecam (big blind) showed [Ah Qd] and lost with three of a kind, Fives


PokerStars Hand #147925370466:  Hold'em Limit ($3/$6 USD) - 2016/01/30 7:14:17 ET
Table 'Alsciaukat' 2-max Seat #1 is the button
Seat 1: PbIbak ($88.08 in chips)
Seat 2: hudecam ($105.20 in chips)
PbIbak: posts small blind $1
hudecam: posts big blind $3
*** HOLE CARDS ***
PbIbak: raises $3 to $6
hudecam: calls $3
*** FLOP *** [Jd 3s 9c]
hudecam: folds
PbIbak collected $11.76 from pot
PbIbak: doesn't show hand
*** SUMMARY ***
Total pot $12 | Rake $0.24
Board [Jd 3s 9c]
Seat 1: PbIbak (button) (small blind) collected ($11.76)
Seat 2: hudecam (big blind) folded on the Flop


PokerStars Hand #147925415062:  Hold'em Limit ($3/$6 USD) - 2016/01/30 7:15:26 ET
Table 'Alsciaukat' 2-max Seat #2 is the button
Seat 1: PbIbak ($86.74 in chips)
Seat 2: hudecam ($104.10 in chips)
hudecam: posts small blind $1
PbIbak: posts big blind $3
*** HOLE CARDS ***
hudecam: raises $3 to $6
PbIbak: calls $3
*** FLOP *** [3h 6s 4d]
PbIbak: checks
hudecam: bets $3
PbIbak: calls $3
*** TURN *** [3h 6s 4d] [Jc]
PbIbak: checks
hudecam: bets $6
PbIbak: calls $6
*** RIVER *** [3h 6s 4d Jc] [7d]
PbIbak: checks
hudecam: bets $6
PbIbak: folds
Uncalled bet ($6) returned to hudecam
hudecam collected $29.50 from pot
hudecam: doesn't show hand
*** SUMMARY ***
Total pot $30 | Rake $0.50
Board [3h 6s 4d Jc 7d]
Seat 1: PbIbak (big blind) folded on the River
Seat 2: hudecam (button) (small blind) collected ($29.50)


PokerStars Hand #147925422745:  Hold'em Limit ($3/$6 USD) - 2016/01/30 7:15:38 ET
Table 'Alsciaukat' 2-max Seat #1 is the button
Seat 1: PbIbak ($71.74 in chips)
Seat 2: hudecam ($118.60 in chips)
PbIbak: posts small blind $1
hudecam: posts big blind $3
*** HOLE CARDS ***
PbIbak: raises $3 to $6
hudecam: raises $3 to $9
PbIbak: calls $3
*** FLOP *** [Ks 3s 9s]
hudecam: bets $3
PbIbak: calls $3
*** TURN *** [Ks 3s 9s] [6d]
hudecam: bets $6
PbIbak: calls $6
*** RIVER *** [Ks 3s 9s 6d] [8d]
hudecam: bets $6
PbIbak: raises $6 to $12
hudecam: calls $6
*** SHOW DOWN ***
PbIbak: shows [Ah Ad] (a pair of Aces)
hudecam: mucks hand
PbIbak collected $59.50 from pot
*** SUMMARY ***
Total pot $60 | Rake $0.50
Board [Ks 3s 9s 6d 8d]
Seat 1: PbIbak (button) (small blind) showed [Ah Ad] and won ($59.50) with a pair of Aces
Seat 2: hudecam (big blind) mucked


PokerStars Hand #147925430768:  Hold'em Limit ($3/$6 USD) - 2016/01/30 7:15:51 ET
Table 'Alsciaukat' 2-max Seat #2 is the button
Seat 1: PbIbak ($101.24 in chips)
Seat 2: hudecam ($88.60 in chips)
hudecam: posts small blind $1
PbIbak: posts big blind $3
*** HOLE CARDS ***
hudecam: raises $3 to $6
PbIbak: calls $3
*** FLOP *** [Th Jh Jc]
PbIbak: checks
hudecam: bets $3
PbIbak: raises $3 to $6
hudecam: raises $3 to $9
PbIbak: calls $3
*** TURN *** [Th Jh Jc] [3d]
PbIbak: checks
hudecam: bets $6
PbIbak: calls $6
*** RIVER *** [Th Jh Jc 3d] [7c]
PbIbak: checks
hudecam: checks
*** SHOW DOWN ***
PbIbak: shows [Qc 9d] (a pair of Jacks)
hudecam: shows [2h Ad] (a pair of Jacks - Ace kicker)
hudecam collected $41.50 from pot
*** SUMMARY ***
Total pot $42 | Rake $0.50
Board [Th Jh Jc 3d 7c]
Seat 1: PbIbak (big blind) showed [Qc 9d] and lost with a pair of Jacks
Seat 2: hudecam (button) (small blind) showed [2h Ad] and won ($41.50) with a pair of Jacks


PokerStars Hand #147925447348:  Hold'em Limit ($3/$6 USD) - 2016/01/30 7:16:16 ET
Table 'Alsciaukat' 2-max Seat #2 is the button
Seat 1: PbIbak ($68.24 in chips)
Seat 2: hudecam ($120.62 in chips)
hudecam: posts small blind $1
PbIbak: posts big blind $3
*** HOLE CARDS ***
hudecam: raises $3 to $6
PbIbak: folds
Uncalled bet ($3) returned to hudecam
hudecam collected $6 from pot
hudecam: doesn't show hand
*** SUMMARY ***
Total pot $6 | Rake $0
Seat 1: PbIbak (big blind) folded before Flop
Seat 2: hudecam (button) (small blind) collected ($6)


PokerStars Hand #147925440340:  Hold'em Limit ($3/$6 USD) - 2016/01/30 7:16:05 ET
Table 'Alsciaukat' 2-max Seat #1 is the button
Seat 1: PbIbak ($80.24 in chips)
Seat 2: hudecam ($109.10 in chips)
PbIbak: posts small blind $1
hudecam: posts big blind $3
*** HOLE CARDS ***
PbIbak: raises $3 to $6
hudecam: calls $3
*** FLOP *** [3c 9h 2d]
hudecam: checks
PbIbak: bets $3
hudecam: raises $3 to $6
PbIbak: calls $3
*** TURN *** [3c 9h 2d] [Ad]
hudecam: bets $6
PbIbak: folds
Uncalled bet ($6) returned to hudecam
hudecam collected $23.52 from pot
hudecam: doesn't show hand
*** SUMMARY ***
Total pot $24 | Rake $0.48
Board [3c 9h 2d Ad]
Seat 1: PbIbak (button) (small blind) folded on the Turn
Seat 2: hudecam (big blind) collected ($23.52)


PokerStars Hand #147925410324:  Hold'em Limit ($3/$6 USD) - 2016/01/30 7:15:19 ET
Table 'Alsciaukat' 2-max Seat #1 is the button
Seat 1: PbIbak ($80.98 in chips)
Seat 2: hudecam ($110.10 in chips)
PbIbak: posts small blind $1
hudecam: posts big blind $3
*** HOLE CARDS ***
PbIbak: raises $3 to $6
hudecam: calls $3
*** FLOP *** [Kd Ks 2h]
hudecam: checks
PbIbak: bets $3
hudecam: folds
Uncalled bet ($3) returned to PbIbak
PbIbak collected $11.76 from pot
PbIbak: doesn't show hand
*** SUMMARY ***
Total pot $12 | Rake $0.24
Board [Kd Ks 2h]
Seat 1: PbIbak (button) (small blind) collected ($11.76)
Seat 2: hudecam (big blind) folded on the Flop


PokerStars Hand #147925456046:  Hold'em Limit ($3/$6 USD) - 2016/01/30 7:16:30 ET
Table 'Alsciaukat' 2-max Seat #2 is the button
Seat 1: PbIbak ($53.24 in chips)
Seat 2: hudecam ($135.14 in chips)
hudecam: posts small blind $1
PbIbak: posts big blind $3
*** HOLE CARDS ***
hudecam: raises $3 to $6
PbIbak: calls $3
*** FLOP *** [4h 6h 2h]
PbIbak: checks
hudecam: bets $3
PbIbak: raises $3 to $6
hudecam: calls $3
*** TURN *** [4h 6h 2h] [9s]
PbIbak: bets $6
hudecam: folds
Uncalled bet ($6) returned to PbIbak
PbIbak collected $23.52 from pot
PbIbak: doesn't show hand
*** SUMMARY ***
Total pot $24 | Rake $0.48
Board [4h 6h 2h 9s]
Seat 1: PbIbak (big blind) collected ($23.52)
Seat 2: hudecam (button) (small blind) folded on the Turn


PokerStars Hand #147925462956:  Hold'em Limit ($3/$6 USD) - 2016/01/30 7:16:40 ET
Table 'Alsciaukat' 2-max Seat #1 is the button
Seat 1: PbIbak ($64.76 in chips)
Seat 2: hudecam ($123.14 in chips)
PbIbak: posts small blind $1
hudecam: posts big blind $3
*** HOLE CARDS ***
PbIbak: raises $3 to $6
hudecam: raises $3 to $9
PbIbak: calls $3
*** FLOP *** [Ah 5h Jd]
hudecam: bets $3
PbIbak: calls $3
*** TURN *** [Ah 5h Jd] [Jc]
hudecam: bets $6
PbIbak: calls $6
*** RIVER *** [Ah 5h Jd Jc] [Td]
hudecam: bets $6
PbIbak: calls $6
*** SHOW DOWN ***
hudecam: shows [Kh 6h] (a pair of Jacks)
PbIbak: shows [9c 9s] (two pair, Jacks and Nines)
PbIbak collected $47.50 from pot
*** SUMMARY ***
Total pot $48 | Rake $0.50
Board [Ah 5h Jd Jc Td]
Seat 1: PbIbak (button) (small blind) showed [9c 9s] and won ($47.50) with two pair, Jacks and Nines
Seat 2: hudecam (big blind) showed [Kh 6h] and lost with a pair of Jacks


PokerStars Hand #147925469792:  Hold'em Limit ($3/$6 USD) - 2016/01/30 7:16:51 ET
Table 'Alsciaukat' 2-max Seat #2 is the button
Seat 1: PbIbak ($88.26 in chips)
Seat 2: hudecam ($99.14 in chips)
hudecam: posts small blind $1
PbIbak: posts big blind $3
*** HOLE CARDS ***
hudecam: raises $3 to $6
PbIbak: calls $3
*** FLOP *** [Ts Tc 2s]
PbIbak: checks
hudecam: bets $3
PbIbak: raises $3 to $6
hudecam: calls $3
*** TURN *** [Ts Tc 2s] [2h]
PbIbak: bets $6
hudecam: calls $6
*** RIVER *** [Ts Tc 2s 2h] [8h]
PbIbak: bets $6
hudecam: calls $6
*** SHOW DOWN ***
PbIbak: shows [Td 6c] (a full house, Tens full of Deuces)
hudecam: mucks hand
PbIbak collected $47.50 from pot
*** SUMMARY ***
Total pot $48 | Rake $0.50
Board [Ts Tc 2s 2h 8h]
Seat 1: PbIbak (big blind) showed [Td 6c] and won ($47.50) with a full house, Tens full of Deuces
Seat 2: hudecam (button) (small blind) mucked


PokerStars Hand #147925485565:  Hold'em Limit ($3/$6 USD) - 2016/01/30 7:17:16 ET
Table 'Alsciaukat' 2-max Seat #2 is the button
Seat 1: PbIbak ($87.76 in chips)
Seat 2: hudecam ($98.64 in chips)
hudecam: posts small blind $1
PbIbak: posts big blind $3
*** HOLE CARDS ***
hudecam: folds
Uncalled bet ($2) returned to PbIbak
PbIbak collected $2 from pot
PbIbak: doesn't show hand
*** SUMMARY ***
Total pot $2 | Rake $0
Seat 1: PbIbak (big blind) collected ($2)
Seat 2: hudecam (button) (small blind) folded before Flop


PokerStars Hand #147925477573:  Hold'em Limit ($3/$6 USD) - 2016/01/30 7:17:03 ET
Table 'Alsciaukat' 2-max Seat #1 is the button
Seat 1: PbIbak ($111.76 in chips)
Seat 2: hudecam ($75.14 in chips)
PbIbak: posts small blind $1
hudecam: posts big blind $3
*** HOLE CARDS ***
PbIbak: raises $3 to $6
hudecam: raises $3 to $9
PbIbak: calls $3
*** FLOP *** [9h 7s 2h]
hudecam: bets $3
PbIbak: calls $3
*** TURN *** [9h 7s 2h] [Kc]
hudecam: bets $6
PbIbak: calls $6
*** RIVER *** [9h 7s 2h Kc] [6h]
hudecam: bets $6
PbIbak: calls $6
*** SHOW DOWN ***
hudecam: shows [Qh Ks] (a pair of Kings)
PbIbak: mucks hand
hudecam collected $47.50 from pot
*** SUMMARY ***
Total pot $48 | Rake $0.50
Board [9h 7s 2h Kc 6h]
Seat 1: PbIbak (button) (small blind) mucked
Seat 2: hudecam (big blind) showed [Qh Ks] and won ($47.50) with a pair of Kings


PokerStars Hand #147925450331:  Hold'em Limit ($3/$6 USD) - 2016/01/30 7:16:21 ET
Table 'Alsciaukat' 2-max Seat #1 is the button
Seat 1: PbIbak ($65.24 in chips)
Seat 2: hudecam ($123.62 in chips)
PbIbak: posts small blind $1
hudecam: posts big blind $3
*** HOLE CARDS ***
PbIbak: raises $3 to $6
hudecam: raises $3 to $9
PbIbak: calls $3
*** FLOP *** [3h 2d Js]
hudecam: bets $3
PbIbak: calls $3
*** TURN *** [3h 2d Js] [5h]
hudecam: bets $6
PbIbak: folds
Uncalled bet ($6) returned to hudecam
hudecam collected $23.52 from pot
hudecam: doesn't show hand
*** SUMMARY ***
Total pot $24 | Rake $0.48
Board [3h 2d Js 5h]
Seat 1: PbIbak (button) (small blind) folded on the Turn
Seat 2: hudecam (big blind) collected ($23.52)


PokerStars Hand #147925492601:  Hold'em Limit ($3/$6 USD) - 2016/01/30 7:17:26 ET
Table 'Alsciaukat' 2-max Seat #2 is the button
Seat 1: PbIbak ($87.76 in chips)
Seat 2: hudecam ($98.64 in chips)
hudecam: posts small blind $1
PbIbak: posts big blind $3
*** HOLE CARDS ***
hudecam: raises $3 to $6
PbIbak: calls $3
*** FLOP *** [Ac 5s 6s]
PbIbak: checks
hudecam: bets $3
PbIbak: calls $3
*** TURN *** [Ac 5s 6s] [4h]
PbIbak: checks
hudecam: bets $6
PbIbak: calls $6
*** RIVER *** [Ac 5s 6s 4h] [5h]
PbIbak: checks
hudecam: bets $6
PbIbak: calls $6
*** SHOW DOWN ***
hudecam: shows [7d 3s] (a straight, Three to Seven)
PbIbak: mucks hand
hudecam collected $41.50 from pot
*** SUMMARY ***
Total pot $42 | Rake $0.50
Board [Ac 5s 6s 4h 5h]
Seat 1: PbIbak (big blind) mucked
Seat 2: hudecam (button) (small blind) showed [7d 3s] and won ($41.50) with a straight, Three to Seven


PokerStars Hand #147925504184:  Hold'em Limit ($3/$6 USD) - 2016/01/30 7:17:44 ET
Table 'Alsciaukat' 2-max Seat #1 is the button
Seat 1: PbIbak ($66.76 in chips)
Seat 2: hudecam ($119.14 in chips)
PbIbak: posts small blind $1
hudecam: posts big blind $3
*** HOLE CARDS ***
PbIbak: raises $3 to $6
hudecam: folds
Uncalled bet ($3) returned to PbIbak
PbIbak collected $6 from pot
PbIbak: doesn't show hand
*** SUMMARY ***
Total pot $6 | Rake $0
Seat 1: PbIbak (button) (small blind) collected ($6)
Seat 2: hudecam (big blind) folded before Flop


PokerStars Hand #147925513465:  Hold'em Limit ($3/$6 USD) - 2016/01/30 7:17:58 ET
Table 'Alsciaukat' 2-max Seat #1 is the button
Seat 1: PbIbak ($70.76 in chips)
Seat 2: hudecam ($115.14 in chips)
PbIbak: posts small blind $1
hudecam: posts big blind $3
*** HOLE CARDS ***
PbIbak: raises $3 to $6
hudecam: folds
Uncalled bet ($3) returned to PbIbak
PbIbak collected $6 from pot
PbIbak: doesn't show hand
*** SUMMARY ***
Total pot $6 | Rake $0
Seat 1: PbIbak (button) (small blind) collected ($6)
Seat 2: hudecam (big blind) folded before Flop


PokerStars Hand #147925509241:  Hold'em Limit ($3/$6 USD) - 2016/01/30 7:17:52 ET
Table 'Alsciaukat' 2-max Seat #2 is the button
Seat 1: PbIbak ($69.76 in chips)
Seat 2: hudecam ($116.14 in chips)
hudecam: posts small blind $1
PbIbak: posts big blind $3
*** HOLE CARDS ***
hudecam: folds
Uncalled bet ($2) returned to PbIbak
PbIbak collected $2 from pot
PbIbak: doesn't show hand
*** SUMMARY ***
Total pot $2 | Rake $0
Seat 1: PbIbak (big blind) collected ($2)
Seat 2: hudecam (button) (small blind) folded before Flop


PokerStars Hand #147925489490:  Hold'em Limit ($3/$6 USD) - 2016/01/30 7:17:22 ET
Table 'Alsciaukat' 2-max Seat #1 is the button
Seat 1: PbIbak ($88.76 in chips)
Seat 2: hudecam ($97.64 in chips)
PbIbak: posts small blind $1
hudecam: posts big blind $3
*** HOLE CARDS ***
PbIbak: folds
Uncalled bet ($2) returned to hudecam
hudecam collected $2 from pot
hudecam: doesn't show hand
*** SUMMARY ***
Total pot $2 | Rake $0
Seat 1: PbIbak (button) (small blind) folded before Flop
Seat 2: hudecam (big blind) collected ($2)


