PokerStars Hand #155096510256:  Hold'em Limit ($3/$6 USD) - 2016/06/23 9:26:45 ET
Table 'Alshat' 6-max Seat #1 is the button
Seat 1: B_loJkl ($133.05 in chips)
Seat 6: Ace high DOM ($400.52 in chips)
B_loJkl: posts small blind $1
muzixibei: is sitting out
muzixibei leaves the table
Ace high DOM: posts big blind $3
*** HOLE CARDS ***
B_loJkl: raises $3 to $6
Ace high DOM: folds
Uncalled bet ($3) returned to B_loJkl
B_loJkl collected $6 from pot
B_loJkl: doesn't show hand
*** SUMMARY ***
Total pot $6 | Rake $0
Seat 1: B_loJkl (button) (small blind) collected ($6)
Seat 6: Ace high DOM (big blind) folded before Flop


PokerStars Hand #155096519158:  Hold'em Limit ($3/$6 USD) - 2016/06/23 9:27:03 ET
Table 'Alshat' 6-max Seat #6 is the button
Seat 1: B_loJkl ($136.05 in chips)
Seat 6: Ace high DOM ($397.52 in chips)
Ace high DOM: posts small blind $1
B_loJkl: posts big blind $3
*** HOLE CARDS ***
Ace high DOM: folds
Uncalled bet ($2) returned to B_loJkl
B_loJkl collected $2 from pot
B_loJkl: doesn't show hand
muzixibei joins the table at seat #5
*** SUMMARY ***
Total pot $2 | Rake $0
Seat 1: B_loJkl (big blind) collected ($2)
Seat 6: Ace high DOM (button) (small blind) folded before Flop


PokerStars Hand #155096540963:  Hold'em Limit ($3/$6 USD) - 2016/06/23 9:27:46 ET
Table 'Alshat' 6-max Seat #5 is the button
Seat 1: B_loJkl ($151.15 in chips)
Seat 5: muzixibei ($72.21 in chips)
muzixibei: posts small blind $1
B_loJkl: posts big blind $3
*** HOLE CARDS ***
muzixibei: folds
Uncalled bet ($2) returned to B_loJkl
B_loJkl collected $2 from pot
B_loJkl: doesn't show hand
*** SUMMARY ***
Total pot $2 | Rake $0
Seat 1: B_loJkl (big blind) collected ($2)
Seat 5: muzixibei (button) (small blind) folded before Flop


PokerStars Hand #155096546761:  Hold'em Limit ($3/$6 USD) - 2016/06/23 9:27:58 ET
Table 'Alshat' 6-max Seat #5 is the button
Seat 1: B_loJkl ($151.15 in chips)
Seat 5: muzixibei ($72.21 in chips)
muzixibei: posts small blind $1
B_loJkl: posts big blind $3
*** HOLE CARDS ***
muzixibei: folds
Uncalled bet ($2) returned to B_loJkl
B_loJkl collected $2 from pot
B_loJkl: doesn't show hand
*** SUMMARY ***
Total pot $2 | Rake $0
Seat 1: B_loJkl (big blind) collected ($2)
Seat 5: muzixibei (button) (small blind) folded before Flop


PokerStars Hand #155096543558:  Hold'em Limit ($3/$6 USD) - 2016/06/23 9:27:51 ET
Table 'Alshat' 6-max Seat #1 is the button
Seat 1: B_loJkl ($152.15 in chips)
Seat 5: muzixibei ($71.21 in chips)
B_loJkl: posts small blind $1
muzixibei: posts big blind $3
*** HOLE CARDS ***
B_loJkl: folds
Uncalled bet ($2) returned to muzixibei
muzixibei collected $2 from pot
muzixibei: doesn't show hand
*** SUMMARY ***
Total pot $2 | Rake $0
Seat 1: B_loJkl (button) (small blind) folded before Flop
Seat 5: muzixibei (big blind) collected ($2)


PokerStars Hand #155096566293:  Hold'em Limit ($3/$6 USD) - 2016/06/23 9:28:36 ET
Table 'Alshat' 6-max Seat #1 is the button
Seat 1: B_loJkl ($158.91 in chips)
Seat 5: muzixibei ($64.21 in chips)
B_loJkl: posts small blind $1
muzixibei: posts big blind $3
*** HOLE CARDS ***
B_loJkl: folds
Uncalled bet ($2) returned to muzixibei
muzixibei collected $2 from pot
muzixibei: doesn't show hand
*** SUMMARY ***
Total pot $2 | Rake $0
Seat 1: B_loJkl (button) (small blind) folded before Flop
Seat 5: muzixibei (big blind) collected ($2)


PokerStars Hand #155096549327:  Hold'em Limit ($3/$6 USD) - 2016/06/23 9:28:03 ET
Table 'Alshat' 6-max Seat #1 is the button
Seat 1: B_loJkl ($152.15 in chips)
Seat 5: muzixibei ($71.21 in chips)
B_loJkl: posts small blind $1
muzixibei: posts big blind $3
*** HOLE CARDS ***
jadajadamasa is disconnected
B_loJkl: folds
Uncalled bet ($2) returned to muzixibei
muzixibei collected $2 from pot
muzixibei: doesn't show hand
*** SUMMARY ***
Total pot $2 | Rake $0
Seat 1: B_loJkl (button) (small blind) folded before Flop
Seat 5: muzixibei (big blind) collected ($2)


PokerStars Hand #155096568999:  Hold'em Limit ($3/$6 USD) - 2016/06/23 9:28:42 ET
Table 'Alshat' 6-max Seat #5 is the button
Seat 1: B_loJkl ($157.91 in chips)
Seat 5: muzixibei ($65.21 in chips)
muzixibei: posts small blind $1
B_loJkl: posts big blind $3
*** HOLE CARDS ***
muzixibei: raises $3 to $6
B_loJkl: calls $3
*** FLOP *** [8d 4s Tc]
B_loJkl: checks
muzixibei: bets $3
B_loJkl: folds
Uncalled bet ($3) returned to muzixibei
muzixibei collected $11.76 from pot
muzixibei: doesn't show hand
*** SUMMARY ***
Total pot $12 | Rake $0.24
Board [8d 4s Tc]
Seat 1: B_loJkl (big blind) folded on the Flop
Seat 5: muzixibei (button) (small blind) collected ($11.76)


PokerStars Hand #155096563580:  Hold'em Limit ($3/$6 USD) - 2016/06/23 9:28:31 ET
Table 'Alshat' 6-max Seat #5 is the button
Seat 1: B_loJkl ($157.91 in chips)
Seat 5: muzixibei ($65.21 in chips)
muzixibei: posts small blind $1
B_loJkl: posts big blind $3
*** HOLE CARDS ***
muzixibei: folds
Uncalled bet ($2) returned to B_loJkl
B_loJkl collected $2 from pot
B_loJkl: doesn't show hand
*** SUMMARY ***
Total pot $2 | Rake $0
Seat 1: B_loJkl (big blind) collected ($2)
Seat 5: muzixibei (button) (small blind) folded before Flop


PokerStars Hand #155096556363:  Hold'em Limit ($3/$6 USD) - 2016/06/23 9:28:16 ET
Table 'Alshat' 6-max Seat #1 is the button
Seat 1: B_loJkl ($152.15 in chips)
Seat 5: muzixibei ($71.21 in chips)
B_loJkl: posts small blind $1
muzixibei: posts big blind $3
*** HOLE CARDS ***
B_loJkl: raises $3 to $6
muzixibei: calls $3
*** FLOP *** [2s 2h Jd]
muzixibei: checks
B_loJkl: bets $3
muzixibei: folds
Uncalled bet ($3) returned to B_loJkl
B_loJkl collected $11.76 from pot
B_loJkl: doesn't show hand
*** SUMMARY ***
Total pot $12 | Rake $0.24
Board [2s 2h Jd]
Seat 1: B_loJkl (button) (small blind) collected ($11.76)
Seat 5: muzixibei (big blind) folded on the Flop


PokerStars Hand #155096553389:  Hold'em Limit ($3/$6 USD) - 2016/06/23 9:28:11 ET
Table 'Alshat' 6-max Seat #5 is the button
Seat 1: B_loJkl ($151.15 in chips)
Seat 5: muzixibei ($72.21 in chips)
muzixibei: posts small blind $1
B_loJkl: posts big blind $3
*** HOLE CARDS ***
muzixibei: folds
Uncalled bet ($2) returned to B_loJkl
B_loJkl collected $2 from pot
B_loJkl: doesn't show hand
*** SUMMARY ***
Total pot $2 | Rake $0
Seat 1: B_loJkl (big blind) collected ($2)
Seat 5: muzixibei (button) (small blind) folded before Flop


PokerStars Hand #155096592767:  Hold'em Limit ($3/$6 USD) - 2016/06/23 9:29:29 ET
Table 'Alshat' 6-max Seat #5 is the button
Seat 1: B_loJkl ($160.55 in chips)
Seat 5: muzixibei ($61.97 in chips)
muzixibei: posts small blind $1
B_loJkl: posts big blind $3
*** HOLE CARDS ***
muzixibei: folds
Uncalled bet ($2) returned to B_loJkl
B_loJkl collected $2 from pot
B_loJkl: doesn't show hand
*** SUMMARY ***
Total pot $2 | Rake $0
Seat 1: B_loJkl (big blind) collected ($2)
Seat 5: muzixibei (button) (small blind) folded before Flop


PokerStars Hand #155096576113:  Hold'em Limit ($3/$6 USD) - 2016/06/23 9:28:55 ET
Table 'Alshat' 6-max Seat #1 is the button
Seat 1: B_loJkl ($151.91 in chips)
Seat 5: muzixibei ($70.97 in chips)
B_loJkl: posts small blind $1
muzixibei: posts big blind $3
*** HOLE CARDS ***
B_loJkl: raises $3 to $6
muzixibei: calls $3
*** FLOP *** [8c 5d 3d]
muzixibei: checks
B_loJkl: bets $3
muzixibei: calls $3
*** TURN *** [8c 5d 3d] [Jd]
muzixibei: checks
B_loJkl: bets $6
muzixibei: folds
Uncalled bet ($6) returned to B_loJkl
B_loJkl collected $17.64 from pot
B_loJkl: doesn't show hand
*** SUMMARY ***
Total pot $18 | Rake $0.36
Board [8c 5d 3d Jd]
Seat 1: B_loJkl (button) (small blind) collected ($17.64)
Seat 5: muzixibei (big blind) folded on the Turn


PokerStars Hand #155096595367:  Hold'em Limit ($3/$6 USD) - 2016/06/23 9:29:34 ET
Table 'Alshat' 6-max Seat #1 is the button
Seat 1: B_loJkl ($161.55 in chips)
Seat 5: muzixibei ($60.97 in chips)
B_loJkl: posts small blind $1
muzixibei: posts big blind $3
*** HOLE CARDS ***
B_loJkl: raises $3 to $6
muzixibei: calls $3
*** FLOP *** [5h Qd 8c]
muzixibei: checks
B_loJkl: bets $3
muzixibei: calls $3
*** TURN *** [5h Qd 8c] [6d]
muzixibei: checks
B_loJkl: checks
*** RIVER *** [5h Qd 8c 6d] [8d]
muzixibei: bets $6
B_loJkl: raises $6 to $12
muzixibei: raises $6 to $18
B_loJkl: calls $6
*** SHOW DOWN ***
muzixibei: shows [Qs 8h] (a full house, Eights full of Queens)
B_loJkl: mucks hand
muzixibei collected $53.50 from pot
*** SUMMARY ***
Total pot $54 | Rake $0.50
Board [5h Qd 8c 6d 8d]
Seat 1: B_loJkl (button) (small blind) mucked
Seat 5: muzixibei (big blind) showed [Qs 8h] and won ($53.50) with a full house, Eights full of Queens


