PokerStars Hand #146958023887:  Hold'em Limit ($3/$6 USD) - 2016/01/13 5:15:52 ET
Table 'Alshain' 10-max Seat #9 is the button
Seat 9: Masqb ($88 in chips)
Seat 10: WarzyFish ($114.66 in chips)
Masqb: posts small blind $1
WarzyFish: posts big blind $3
*** HOLE CARDS ***
Masqb: raises $3 to $6
WarzyFish: calls $3
*** FLOP *** [2s 6d Qh]
WarzyFish: checks
Masqb: bets $3
WarzyFish: folds
Uncalled bet ($3) returned to Masqb
Masqb collected $11.76 from pot
Masqb: doesn't show hand
*** SUMMARY ***
Total pot $12 | Rake $0.24
Board [2s 6d Qh]
Seat 9: Masqb (button) (small blind) collected ($11.76)
Seat 10: WarzyFish (big blind) folded on the Flop


PokerStars Hand #146958001029:  Hold'em Limit ($3/$6 USD) - 2016/01/13 5:15:03 ET
Table 'Alshain' 10-max Seat #9 is the button
Seat 9: Masqb ($127 in chips)
Seat 10: WarzyFish ($76.40 in chips)
Masqb: posts small blind $1
WarzyFish: posts big blind $3
*** HOLE CARDS ***
Masqb: raises $3 to $6
WarzyFish: calls $3
*** FLOP *** [6h 8d 9s]
WarzyFish: checks
Masqb: checks
*** TURN *** [6h 8d 9s] [5d]
WarzyFish: bets $6
Masqb: folds
Uncalled bet ($6) returned to WarzyFish
WarzyFish collected $11.76 from pot
WarzyFish: doesn't show hand
*** SUMMARY ***
Total pot $12 | Rake $0.24
Board [6h 8d 9s 5d]
Seat 9: Masqb (button) (small blind) folded on the Turn
Seat 10: WarzyFish (big blind) collected ($11.76)


PokerStars Hand #146958010203:  Hold'em Limit ($3/$6 USD) - 2016/01/13 5:15:23 ET
Table 'Alshain' 10-max Seat #10 is the button
Seat 9: Masqb ($121 in chips)
Seat 10: WarzyFish ($82.16 in chips)
WarzyFish: posts small blind $1
Masqb: posts big blind $3
*** HOLE CARDS ***
WarzyFish: raises $3 to $6
Masqb: calls $3
*** FLOP *** [9h Jc Tc]
Masqb: checks
WarzyFish: bets $3
Masqb: calls $3
*** TURN *** [9h Jc Tc] [Kh]
Masqb: checks
WarzyFish: bets $6
Masqb: raises $6 to $12
WarzyFish: calls $6
*** RIVER *** [9h Jc Tc Kh] [Ac]
Masqb: bets $6
WarzyFish: raises $6 to $12
Masqb: calls $6
*** SHOW DOWN ***
WarzyFish: shows [Kc 5c] (a flush, Ace high)
Masqb: mucks hand
WarzyFish collected $65.50 from pot
*** SUMMARY ***
Total pot $66 | Rake $0.50
Board [9h Jc Tc Kh Ac]
Seat 9: Masqb (big blind) mucked
Seat 10: WarzyFish (button) (small blind) showed [Kc 5c] and won ($65.50) with a flush, Ace high


PokerStars Hand #146958045057:  Hold'em Limit ($3/$6 USD) - 2016/01/13 5:16:37 ET
Table 'Alshain' 10-max Seat #9 is the button
Seat 9: Masqb ($75.76 in chips)
Seat 10: WarzyFish ($126.16 in chips)
Masqb: posts small blind $1
WarzyFish: posts big blind $3
*** HOLE CARDS ***
Masqb: folds
Uncalled bet ($2) returned to WarzyFish
WarzyFish collected $2 from pot
WarzyFish: doesn't show hand
*** SUMMARY ***
Total pot $2 | Rake $0
Seat 9: Masqb (button) (small blind) folded before Flop
Seat 10: WarzyFish (big blind) collected ($2)


PokerStars Hand #146958030897:  Hold'em Limit ($3/$6 USD) - 2016/01/13 5:16:07 ET
Table 'Alshain' 10-max Seat #10 is the button
Seat 9: Masqb ($93.76 in chips)
Seat 10: WarzyFish ($108.66 in chips)
WarzyFish: posts small blind $1
Masqb: posts big blind $3
*** HOLE CARDS ***
WarzyFish: raises $3 to $6
Masqb: raises $3 to $9
WarzyFish: calls $3
*** FLOP *** [6c 9c Qs]
Masqb: bets $3
WarzyFish: calls $3
*** TURN *** [6c 9c Qs] [7h]
Masqb: checks
WarzyFish: bets $6
Masqb: calls $6
*** RIVER *** [6c 9c Qs 7h] [3c]
Masqb: checks
WarzyFish: checks
*** SHOW DOWN ***
Masqb: shows [Ac Js] (high card Ace)
WarzyFish: shows [Ks 6h] (a pair of Sixes)
WarzyFish collected $35.50 from pot
*** SUMMARY ***
Total pot $36 | Rake $0.50
Board [6c 9c Qs 7h 3c]
Seat 9: Masqb (big blind) showed [Ac Js] and lost with high card Ace
Seat 10: WarzyFish (button) (small blind) showed [Ks 6h] and won ($35.50) with a pair of Sixes


PokerStars Hand #146958076529:  Hold'em Limit ($3/$6 USD) - 2016/01/13 5:17:44 ET
Table 'Alshain' 10-max Seat #9 is the button
Seat 9: Masqb ($118 in chips)
Seat 10: WarzyFish ($152.30 in chips)
Masqb: posts small blind $1
WarzyFish: posts big blind $3
*** HOLE CARDS ***
Masqb: raises $3 to $6
WarzyFish: calls $3
*** FLOP *** [Qc Kd 5s]
WarzyFish: checks
Masqb: bets $3
WarzyFish: calls $3
*** TURN *** [Qc Kd 5s] [3h]
WarzyFish: checks
Masqb: bets $6
WarzyFish: calls $6
*** RIVER *** [Qc Kd 5s 3h] [Kh]
WarzyFish: checks
Masqb: checks
*** SHOW DOWN ***
WarzyFish: shows [Qh Tc] (two pair, Kings and Queens)
Masqb: mucks hand
WarzyFish collected $29.50 from pot
*** SUMMARY ***
Total pot $30 | Rake $0.50
Board [Qc Kd 5s 3h Kh]
Seat 9: Masqb (button) (small blind) mucked
Seat 10: WarzyFish (big blind) showed [Qh Tc] and won ($29.50) with two pair, Kings and Queens


PokerStars Hand #146958047680:  Hold'em Limit ($3/$6 USD) - 2016/01/13 5:16:43 ET
Table 'Alshain' 10-max Seat #10 is the button
Seat 9: Masqb ($74.76 in chips)
Seat 10: WarzyFish ($127.16 in chips)
WarzyFish: posts small blind $1
Masqb: posts big blind $3
*** HOLE CARDS ***
WarzyFish: raises $3 to $6
Masqb: raises $3 to $9
WarzyFish: calls $3
*** FLOP *** [Ks 4d Jd]
Masqb: bets $3
WarzyFish: calls $3
*** TURN *** [Ks 4d Jd] [8d]
Masqb: checks
WarzyFish: bets $6
Masqb: calls $6
*** RIVER *** [Ks 4d Jd 8d] [9h]
Masqb: checks
WarzyFish: bets $6
Masqb: folds
Uncalled bet ($6) returned to WarzyFish
WarzyFish collected $35.50 from pot
WarzyFish: doesn't show hand
*** SUMMARY ***
Total pot $36 | Rake $0.50
Board [Ks 4d Jd 8d 9h]
Seat 9: Masqb (big blind) folded on the River
Seat 10: WarzyFish (button) (small blind) collected ($35.50)


PokerStars Hand #146958074390:  Hold'em Limit ($3/$6 USD) - 2016/01/13 5:17:40 ET
Table 'Alshain' 10-max Seat #10 is the button
Seat 9: Masqb ($117 in chips)
Seat 10: WarzyFish ($153.30 in chips)
WarzyFish: posts small blind $1
Masqb: posts big blind $3
*** HOLE CARDS ***
WarzyFish: folds
Uncalled bet ($2) returned to Masqb
Masqb collected $2 from pot
Masqb: doesn't show hand
*** SUMMARY ***
Total pot $2 | Rake $0
Seat 9: Masqb (big blind) collected ($2)
Seat 10: WarzyFish (button) (small blind) folded before Flop


PokerStars Hand #146958063004:  Hold'em Limit ($3/$6 USD) - 2016/01/13 5:17:16 ET
Table 'Alshain' 10-max Seat #9 is the button
Seat 9: Masqb ($126 in chips)
Seat 10: WarzyFish ($144.66 in chips)
Masqb: posts small blind $1
WarzyFish: posts big blind $3
*** HOLE CARDS ***
Masqb: raises $3 to $6
WarzyFish: calls $3
*** FLOP *** [Td 5s 2d]
WarzyFish: checks
Masqb: bets $3
WarzyFish: calls $3
*** TURN *** [Td 5s 2d] [Jc]
WarzyFish: checks
Masqb: checks
*** RIVER *** [Td 5s 2d Jc] [Ad]
WarzyFish: checks
Masqb: checks
*** SHOW DOWN ***
WarzyFish: shows [4c 2c] (a pair of Deuces)
Masqb: mucks hand
WarzyFish collected $17.64 from pot
*** SUMMARY ***
Total pot $18 | Rake $0.36
Board [Td 5s 2d Jc Ad]
Seat 9: Masqb (button) (small blind) mucked
Seat 10: WarzyFish (big blind) showed [4c 2c] and won ($17.64) with a pair of Deuces


PokerStars Hand #146958104118:  Hold'em Limit ($3/$6 USD) - 2016/01/13 5:18:43 ET
Table 'Alshain' 10-max Seat #10 is the button
Seat 9: Masqb ($95 in chips)
Seat 10: WarzyFish ($174.44 in chips)
WarzyFish: posts small blind $1
Masqb: posts big blind $3
*** HOLE CARDS ***
WarzyFish: raises $3 to $6
Masqb: calls $3
*** FLOP *** [8s Ad 5h]
Masqb: checks
WarzyFish: bets $3
Masqb: folds
Uncalled bet ($3) returned to WarzyFish
WarzyFish collected $11.76 from pot
WarzyFish: doesn't show hand
*** SUMMARY ***
Total pot $12 | Rake $0.24
Board [8s Ad 5h]
Seat 9: Masqb (big blind) folded on the Flop
Seat 10: WarzyFish (button) (small blind) collected ($11.76)


PokerStars Hand #146958091559:  Hold'em Limit ($3/$6 USD) - 2016/01/13 5:18:16 ET
Table 'Alshain' 10-max Seat #9 is the button
Seat 9: Masqb ($104 in chips)
Seat 10: WarzyFish ($165.80 in chips)
Masqb: posts small blind $1
WarzyFish: posts big blind $3
*** HOLE CARDS ***
Masqb: raises $3 to $6
WarzyFish: calls $3
*** FLOP *** [4s 2d 8s]
WarzyFish: checks
Masqb: bets $3
WarzyFish: calls $3
*** TURN *** [4s 2d 8s] [Ks]
WarzyFish: checks
Masqb: checks
*** RIVER *** [4s 2d 8s Ks] [9s]
WarzyFish: checks
Masqb: checks
*** SHOW DOWN ***
WarzyFish: shows [6s 5d] (a flush, King high)
Masqb: mucks hand
WarzyFish collected $17.64 from pot
*** SUMMARY ***
Total pot $18 | Rake $0.36
Board [4s 2d 8s Ks 9s]
Seat 9: Masqb (button) (small blind) mucked
Seat 10: WarzyFish (big blind) showed [6s 5d] and won ($17.64) with a flush, King high


PokerStars Hand #146958188071:  Hold'em Limit ($3/$6 USD) - 2016/01/13 5:21:45 ET
Table 'Alshain' 10-max Seat #5 is the button
Seat 5: squirejames ($107.22 in chips)
Seat 9: Masqb ($94.76 in chips)
squirejames: posts small blind $1
Masqb: posts big blind $3
*** HOLE CARDS ***
squirejames: raises $3 to $6
Masqb: calls $3
*** FLOP *** [Ac 5d 3c]
Masqb: checks
squirejames: bets $3
Masqb: raises $3 to $6
squirejames: calls $3
*** TURN *** [Ac 5d 3c] [Qs]
Masqb: bets $6
squirejames: calls $6
*** RIVER *** [Ac 5d 3c Qs] [5s]
Masqb: bets $6
squirejames: folds
Uncalled bet ($6) returned to Masqb
Masqb collected $35.50 from pot
Masqb: doesn't show hand
*** SUMMARY ***
Total pot $36 | Rake $0.50
Board [Ac 5d 3c Qs 5s]
Seat 5: squirejames (button) (small blind) folded on the River
Seat 9: Masqb (big blind) collected ($35.50)


PokerStars Hand #146958179884:  Hold'em Limit ($3/$6 USD) - 2016/01/13 5:21:28 ET
Table 'Alshain' 10-max Seat #9 is the button
Seat 5: squirejames ($113.22 in chips)
Seat 9: Masqb ($89 in chips)
Masqb: posts small blind $1
squirejames: posts big blind $3
*** HOLE CARDS ***
Masqb: raises $3 to $6
squirejames: calls $3
*** FLOP *** [Ks 3h Qh]
squirejames: checks
Masqb: bets $3
squirejames: folds
Uncalled bet ($3) returned to Masqb
Masqb collected $11.76 from pot
Masqb: doesn't show hand
*** SUMMARY ***
Total pot $12 | Rake $0.24
Board [Ks 3h Qh]
Seat 5: squirejames (big blind) folded on the Flop
Seat 9: Masqb (button) (small blind) collected ($11.76)


PokerStars Hand #146958215149:  Hold'em Limit ($3/$6 USD) - 2016/01/13 5:22:43 ET
Table 'Alshain' 10-max Seat #5 is the button
Seat 5: squirejames ($83.22 in chips)
Seat 9: Masqb ($118.02 in chips)
squirejames: posts small blind $1
Masqb: posts big blind $3
*** HOLE CARDS ***
squirejames: folds
Uncalled bet ($2) returned to Masqb
Masqb collected $2 from pot
Masqb: doesn't show hand
*** SUMMARY ***
Total pot $2 | Rake $0
Seat 5: squirejames (button) (small blind) folded before Flop
Seat 9: Masqb (big blind) collected ($2)


PokerStars Hand #146958211118:  Hold'em Limit ($3/$6 USD) - 2016/01/13 5:22:34 ET
Table 'Alshain' 10-max Seat #9 is the button
Seat 5: squirejames ($82.22 in chips)
Seat 9: Masqb ($119.02 in chips)
Masqb: posts small blind $1
squirejames: posts big blind $3
*** HOLE CARDS ***
Masqb: folds
Uncalled bet ($2) returned to squirejames
squirejames collected $2 from pot
squirejames: doesn't show hand
*** SUMMARY ***
Total pot $2 | Rake $0
Seat 5: squirejames (big blind) collected ($2)
Seat 9: Masqb (button) (small blind) folded before Flop


PokerStars Hand #146958208916:  Hold'em Limit ($3/$6 USD) - 2016/01/13 5:22:29 ET
Table 'Alshain' 10-max Seat #5 is the button
Seat 5: squirejames ($83.22 in chips)
Seat 9: Masqb ($118.02 in chips)
squirejames: posts small blind $1
Masqb: posts big blind $3
*** HOLE CARDS ***
squirejames: folds
Uncalled bet ($2) returned to Masqb
Masqb collected $2 from pot
Masqb: doesn't show hand
*** SUMMARY ***
Total pot $2 | Rake $0
Seat 5: squirejames (button) (small blind) folded before Flop
Seat 9: Masqb (big blind) collected ($2)


PokerStars Hand #146958200804:  Hold'em Limit ($3/$6 USD) - 2016/01/13 5:22:12 ET
Table 'Alshain' 10-max Seat #9 is the button
Seat 5: squirejames ($89.22 in chips)
Seat 9: Masqb ($112.26 in chips)
Masqb: posts small blind $1
squirejames: posts big blind $3
*** HOLE CARDS ***
Masqb: raises $3 to $6
squirejames: calls $3
*** FLOP *** [2d Th Ac]
squirejames: checks
Masqb: bets $3
squirejames: folds
Uncalled bet ($3) returned to Masqb
Masqb collected $11.76 from pot
Masqb: doesn't show hand
*** SUMMARY ***
Total pot $12 | Rake $0.24
Board [2d Th Ac]
Seat 5: squirejames (big blind) folded on the Flop
Seat 9: Masqb (button) (small blind) collected ($11.76)


PokerStars Hand #146958217767:  Hold'em Limit ($3/$6 USD) - 2016/01/13 5:22:48 ET
Table 'Alshain' 10-max Seat #9 is the button
Seat 5: squirejames ($82.22 in chips)
Seat 9: Masqb ($119.02 in chips)
Masqb: posts small blind $1
squirejames: posts big blind $3
*** HOLE CARDS ***
Masqb: raises $3 to $6
squirejames: calls $3
*** FLOP *** [As 2s 2d]
squirejames: checks
Masqb: bets $3
squirejames: folds
Uncalled bet ($3) returned to Masqb
Masqb collected $11.76 from pot
Masqb: doesn't show hand
*** SUMMARY ***
Total pot $12 | Rake $0.24
Board [As 2s 2d]
Seat 5: squirejames (big blind) folded on the Flop
Seat 9: Masqb (button) (small blind) collected ($11.76)


PokerStars Hand #146958232759:  Hold'em Limit ($3/$6 USD) - 2016/01/13 5:23:20 ET
Table 'Alshain' 10-max Seat #9 is the button
Seat 5: squirejames ($73.22 in chips)
Seat 9: Masqb ($127.66 in chips)
Masqb: posts small blind $1
squirejames: posts big blind $3
*** HOLE CARDS ***
Masqb: raises $3 to $6
squirejames: calls $3
*** FLOP *** [Kh 3s Kc]
squirejames: checks
Masqb: bets $3
squirejames: calls $3
*** TURN *** [Kh 3s Kc] [5c]
squirejames: checks
Masqb: bets $6
squirejames: raises $6 to $12
Masqb: calls $6
*** RIVER *** [Kh 3s Kc 5c] [Jc]
squirejames: bets $6
Masqb: calls $6
*** SHOW DOWN ***
squirejames: shows [Ks 2c] (three of a kind, Kings)
Masqb: mucks hand
squirejames collected $53.50 from pot
*** SUMMARY ***
Total pot $54 | Rake $0.50
Board [Kh 3s Kc 5c Jc]
Seat 5: squirejames (big blind) showed [Ks 2c] and won ($53.50) with three of a kind, Kings
Seat 9: Masqb (button) (small blind) mucked


PokerStars Hand #146958225811:  Hold'em Limit ($3/$6 USD) - 2016/01/13 5:23:06 ET
Table 'Alshain' 10-max Seat #5 is the button
Seat 5: squirejames ($76.22 in chips)
Seat 9: Masqb ($124.78 in chips)
squirejames: posts small blind $1
Masqb: posts big blind $3
*** HOLE CARDS ***
squirejames: calls $2
Masqb: checks
*** FLOP *** [6c 8c 8s]
Masqb: bets $3
squirejames: folds
Uncalled bet ($3) returned to Masqb
Masqb collected $5.88 from pot
Masqb: doesn't show hand
*** SUMMARY ***
Total pot $6 | Rake $0.12
Board [6c 8c 8s]
Seat 5: squirejames (button) (small blind) folded on the Flop
Seat 9: Masqb (big blind) collected ($5.88)


PokerStars Hand #146958253585:  Hold'em Limit ($3/$6 USD) - 2016/01/13 5:24:05 ET
Table 'Alshain' 10-max Seat #5 is the button
Seat 5: squirejames ($99.72 in chips)
Seat 9: Masqb ($100.66 in chips)
squirejames: posts small blind $1
Masqb: posts big blind $3
*** HOLE CARDS ***
RockKillerTY joins the table at seat #6
squirejames: raises $3 to $6
Masqb: raises $3 to $9
squirejames: calls $3
*** FLOP *** [Js Qc Ts]
Masqb: bets $3
squirejames: calls $3
*** TURN *** [Js Qc Ts] [8d]
Masqb: bets $6
squirejames: calls $6
*** RIVER *** [Js Qc Ts 8d] [As]
Masqb: bets $6
squirejames: calls $6
*** SHOW DOWN ***
Masqb: shows [7d Kd] (a straight, Ten to Ace)
squirejames: mucks hand
Masqb collected $47.50 from pot
*** SUMMARY ***
Total pot $48 | Rake $0.50
Board [Js Qc Ts 8d As]
Seat 5: squirejames (button) (small blind) mucked
Seat 9: Masqb (big blind) showed [7d Kd] and won ($47.50) with a straight, Ten to Ace


PokerStars Hand #146958272374:  Hold'em Limit ($3/$6 USD) - 2016/01/13 5:24:45 ET
Table 'Alshain' 10-max Seat #9 is the button
Seat 5: squirejames ($75.72 in chips)
Seat 9: Masqb ($124.16 in chips)
Masqb: posts small blind $1
squirejames: posts big blind $3
*** HOLE CARDS ***
Masqb: folds
Uncalled bet ($2) returned to squirejames
squirejames collected $2 from pot
squirejames: doesn't show hand
*** SUMMARY ***
Total pot $2 | Rake $0
Seat 5: squirejames (big blind) collected ($2)
Seat 9: Masqb (button) (small blind) folded before Flop


PokerStars Hand #146958727249:  Hold'em Limit ($3/$6 USD) - 2016/01/13 5:40:43 ET
Table 'Alshain' 10-max Seat #8 is the button
Seat 7: ucenicul ($122.62 in chips)
Seat 8: B_loJkl ($144 in chips)
B_loJkl: posts small blind $1
Masqb: is sitting out
RockKillerTY: is sitting out
ucenicul: posts big blind $3
*** HOLE CARDS ***
B_loJkl: raises $3 to $6
RockKillerTY leaves the table
ucenicul: calls $3
*** FLOP *** [2s Qc 2h]
ucenicul: checks
B_loJkl: bets $3
ucenicul: folds
Uncalled bet ($3) returned to B_loJkl
B_loJkl collected $11.76 from pot
B_loJkl: doesn't show hand
*** SUMMARY ***
Total pot $12 | Rake $0.24
Board [2s Qc 2h]
Seat 7: ucenicul (big blind) folded on the Flop
Seat 8: B_loJkl (button) (small blind) collected ($11.76)


