PokerStars Hand #149936169735:  Hold'em Limit ($3/$6 USD) - 2016/03/06 12:50:45 ET
Table 'Alshat' 6-max Seat #1 is the button
Seat 1: JayEm82 ($108 in chips)
Seat 4: Mordnilap ($83.64 in chips)
JayEm82: posts small blind $1
Mordnilap: posts big blind $3
*** HOLE CARDS ***
JayEm82: raises $3 to $6
Mordnilap: calls $3
*** FLOP *** [Ah 3h 2h]
Mordnilap: checks
JayEm82: bets $3
Mordnilap: calls $3
*** TURN *** [Ah 3h 2h] [Tc]
Mordnilap: checks
JayEm82: bets $6
Mordnilap: calls $6
*** RIVER *** [Ah 3h 2h Tc] [4d]
Mordnilap: checks
JayEm82: bets $6
Mordnilap: calls $6
*** SHOW DOWN ***
JayEm82: shows [As 9c] (a pair of Aces)
Mordnilap: shows [4s 3s] (two pair, Fours and Threes)
Mordnilap collected $41.50 from pot
*** SUMMARY ***
Total pot $42 | Rake $0.50
Board [Ah 3h 2h Tc 4d]
Seat 1: JayEm82 (button) (small blind) showed [As 9c] and lost with a pair of Aces
Seat 4: Mordnilap (big blind) showed [4s 3s] and won ($41.50) with two pair, Fours and Threes


PokerStars Hand #149936161821:  Hold'em Limit ($3/$6 USD) - 2016/03/06 12:50:38 ET
Table 'Alshat' 6-max Seat #4 is the button
Seat 1: JayEm82 ($111 in chips)
Seat 4: Mordnilap ($80.64 in chips)
Mordnilap: posts small blind $1
JayEm82: posts big blind $3
*** HOLE CARDS ***
Mordnilap: raises $3 to $6
JayEm82: folds
Uncalled bet ($3) returned to Mordnilap
Mordnilap collected $6 from pot
Mordnilap: doesn't show hand
*** SUMMARY ***
Total pot $6 | Rake $0
Seat 1: JayEm82 (big blind) folded before Flop
Seat 4: Mordnilap (button) (small blind) collected ($6)


PokerStars Hand #149936114469:  Hold'em Limit ($3/$6 USD) - 2016/03/06 12:49:52 ET
Table 'Alshat' 6-max Seat #1 is the button
Seat 1: JayEm82 ($120 in chips)
Seat 4: Mordnilap ($72 in chips)
JayEm82: posts small blind $1
Mordnilap: posts big blind $3
*** HOLE CARDS ***
JayEm82: raises $3 to $6
Mordnilap: calls $3
*** FLOP *** [7c 8s Ad]
Mordnilap: checks
JayEm82: bets $3
Mordnilap: calls $3
*** TURN *** [7c 8s Ad] [4s]
Mordnilap: checks
JayEm82: checks
*** RIVER *** [7c 8s Ad 4s] [Kd]
Mordnilap: checks
JayEm82: checks
*** SHOW DOWN ***
Mordnilap: shows [Js Kh] (a pair of Kings)
JayEm82: mucks hand
Mordnilap collected $17.64 from pot
*** SUMMARY ***
Total pot $18 | Rake $0.36
Board [7c 8s Ad 4s Kd]
Seat 1: JayEm82 (button) (small blind) mucked
Seat 4: Mordnilap (big blind) showed [Js Kh] and won ($17.64) with a pair of Kings


PokerStars Hand #149936199461:  Hold'em Limit ($3/$6 USD) - 2016/03/06 12:51:14 ET
Table 'Alshat' 6-max Seat #4 is the button
Seat 1: JayEm82 ($87 in chips)
Seat 4: Mordnilap ($104.14 in chips)
Mordnilap: posts small blind $1
JayEm82: posts big blind $3
*** HOLE CARDS ***
Mordnilap: raises $3 to $6
JayEm82: calls $3
*** FLOP *** [Qs 3d 3s]
JayEm82: checks
Mordnilap: bets $3
JayEm82: calls $3
*** TURN *** [Qs 3d 3s] [Ts]
JayEm82: checks
Mordnilap: bets $6
JayEm82: raises $6 to $12
Mordnilap: folds
Uncalled bet ($6) returned to JayEm82
JayEm82 collected $29.50 from pot
JayEm82: doesn't show hand
*** SUMMARY ***
Total pot $30 | Rake $0.50
Board [Qs 3d 3s Ts]
Seat 1: JayEm82 (big blind) collected ($29.50)
Seat 4: Mordnilap (button) (small blind) folded on the Turn


PokerStars Hand #149936262183:  Hold'em Limit ($3/$6 USD) - 2016/03/06 12:52:13 ET
Table 'Alshat' 6-max Seat #4 is the button
Seat 1: JayEm82 ($83.50 in chips)
Seat 4: Mordnilap ($106.64 in chips)
Mordnilap: posts small blind $1
JayEm82: posts big blind $3
*** HOLE CARDS ***
Mordnilap: raises $3 to $6
JayEm82: calls $3
*** FLOP *** [5d 8d 2h]
JayEm82: checks
Mordnilap: bets $3
JayEm82: raises $3 to $6
Mordnilap: calls $3
*** TURN *** [5d 8d 2h] [Jd]
JayEm82: bets $6
Mordnilap: calls $6
*** RIVER *** [5d 8d 2h Jd] [Qh]
JayEm82: bets $6
Mordnilap: calls $6
*** SHOW DOWN ***
JayEm82: shows [5h 7h] (a pair of Fives)
Mordnilap: shows [7s 8h] (a pair of Eights)
Mordnilap collected $47.50 from pot
*** SUMMARY ***
Total pot $48 | Rake $0.50
Board [5d 8d 2h Jd Qh]
Seat 1: JayEm82 (big blind) showed [5h 7h] and lost with a pair of Fives
Seat 4: Mordnilap (button) (small blind) showed [7s 8h] and won ($47.50) with a pair of Eights


PokerStars Hand #149936227531:  Hold'em Limit ($3/$6 USD) - 2016/03/06 12:51:40 ET
Table 'Alshat' 6-max Seat #1 is the button
Seat 1: JayEm82 ($101.50 in chips)
Seat 4: Mordnilap ($89.14 in chips)
JayEm82: posts small blind $1
Mordnilap: posts big blind $3
*** HOLE CARDS ***
JayEm82: raises $3 to $6
Mordnilap: calls $3
*** FLOP *** [9c Jc As]
Mordnilap: checks
JayEm82: bets $3
Mordnilap: raises $3 to $6
JayEm82: calls $3
*** TURN *** [9c Jc As] [2c]
Mordnilap: bets $6
JayEm82: calls $6
*** RIVER *** [9c Jc As 2c] [5d]
Mordnilap: bets $6
JayEm82: folds
Uncalled bet ($6) returned to Mordnilap
Mordnilap collected $35.50 from pot
Mordnilap: doesn't show hand
*** SUMMARY ***
Total pot $36 | Rake $0.50
Board [9c Jc As 2c 5d]
Seat 1: JayEm82 (button) (small blind) folded on the River
Seat 4: Mordnilap (big blind) collected ($35.50)


PokerStars Hand #149936328772:  Hold'em Limit ($3/$6 USD) - 2016/03/06 12:53:17 ET
Table 'Alshat' 6-max Seat #4 is the button
Seat 1: JayEm82 ($103.76 in chips)
Seat 4: Mordnilap ($145.64 in chips)
Mordnilap: posts small blind $1
JayEm82: posts big blind $3
*** HOLE CARDS ***
Mordnilap: raises $3 to $6
JayEm82: folds
Uncalled bet ($3) returned to Mordnilap
Mordnilap collected $6 from pot
Mordnilap: doesn't show hand
*** SUMMARY ***
Total pot $6 | Rake $0
Seat 1: JayEm82 (big blind) folded before Flop
Seat 4: Mordnilap (button) (small blind) collected ($6)


PokerStars Hand #149936319719:  Hold'em Limit ($3/$6 USD) - 2016/03/06 12:53:08 ET
Table 'Alshat' 6-max Seat #1 is the button
Seat 1: JayEm82 ($98 in chips)
Seat 4: Mordnilap ($151.64 in chips)
JayEm82: posts small blind $1
Mordnilap: posts big blind $3
*** HOLE CARDS ***
JayEm82: raises $3 to $6
Mordnilap: calls $3
*** FLOP *** [Jh 6c As]
Mordnilap: checks
JayEm82: bets $3
Mordnilap: folds
Uncalled bet ($3) returned to JayEm82
JayEm82 collected $11.76 from pot
JayEm82: doesn't show hand
*** SUMMARY ***
Total pot $12 | Rake $0.24
Board [Jh 6c As]
Seat 1: JayEm82 (button) (small blind) collected ($11.76)
Seat 4: Mordnilap (big blind) folded on the Flop


PokerStars Hand #149936313481:  Hold'em Limit ($3/$6 USD) - 2016/03/06 12:53:02 ET
Table 'Alshat' 6-max Seat #4 is the button
Seat 1: JayEm82 ($101 in chips)
Seat 4: Mordnilap ($148.64 in chips)
Mordnilap: posts small blind $1
JayEm82: posts big blind $3
*** HOLE CARDS ***
Mordnilap: raises $3 to $6
JayEm82: folds
Uncalled bet ($3) returned to Mordnilap
Mordnilap collected $6 from pot
Mordnilap: doesn't show hand
*** SUMMARY ***
Total pot $6 | Rake $0
Seat 1: JayEm82 (big blind) folded before Flop
Seat 4: Mordnilap (button) (small blind) collected ($6)


PokerStars Hand #149936297222:  Hold'em Limit ($3/$6 USD) - 2016/03/06 12:52:47 ET
Table 'Alshat' 6-max Seat #1 is the button
Seat 1: JayEm82 ($116 in chips)
Seat 4: Mordnilap ($134.14 in chips)
JayEm82: posts small blind $1
Mordnilap: posts big blind $3
*** HOLE CARDS ***
JayEm82: raises $3 to $6
Mordnilap: calls $3
*** FLOP *** [Js 2d 7s]
Mordnilap: checks
JayEm82: bets $3
Mordnilap: calls $3
*** TURN *** [Js 2d 7s] [4d]
Mordnilap: checks
JayEm82: bets $6
Mordnilap: calls $6
*** RIVER *** [Js 2d 7s 4d] [Kd]
Mordnilap: checks
JayEm82: checks
*** SHOW DOWN ***
Mordnilap: shows [2h 6h] (a pair of Deuces)
JayEm82: mucks hand
Mordnilap collected $29.50 from pot
*** SUMMARY ***
Total pot $30 | Rake $0.50
Board [Js 2d 7s 4d Kd]
Seat 1: JayEm82 (button) (small blind) mucked
Seat 4: Mordnilap (big blind) showed [2h 6h] and won ($29.50) with a pair of Deuces


PokerStars Hand #149936291684:  Hold'em Limit ($3/$6 USD) - 2016/03/06 12:52:41 ET
Table 'Alshat' 6-max Seat #4 is the button
Seat 1: JayEm82 ($119 in chips)
Seat 4: Mordnilap ($131.14 in chips)
Mordnilap: posts small blind $1
JayEm82: posts big blind $3
*** HOLE CARDS ***
Mordnilap: raises $3 to $6
JayEm82: folds
Uncalled bet ($3) returned to Mordnilap
Mordnilap collected $6 from pot
Mordnilap: doesn't show hand
*** SUMMARY ***
Total pot $6 | Rake $0
Seat 1: JayEm82 (big blind) folded before Flop
Seat 4: Mordnilap (button) (small blind) collected ($6)


PokerStars Hand #149936281135:  Hold'em Limit ($3/$6 USD) - 2016/03/06 12:52:31 ET
Table 'Alshat' 6-max Seat #1 is the button
Seat 1: JayEm82 ($120 in chips)
Seat 4: Mordnilap ($130.14 in chips)
JayEm82: posts small blind $1
Mordnilap: posts big blind $3
*** HOLE CARDS ***
JayEm82: folds
Uncalled bet ($2) returned to Mordnilap
Mordnilap collected $2 from pot
Mordnilap: doesn't show hand
*** SUMMARY ***
Total pot $2 | Rake $0
Seat 1: JayEm82 (button) (small blind) folded before Flop
Seat 4: Mordnilap (big blind) collected ($2)


PokerStars Hand #149936382503:  Hold'em Limit ($3/$6 USD) - 2016/03/06 12:54:08 ET
Table 'Alshat' 6-max Seat #4 is the button
Seat 1: JayEm82 ($79.51 in chips)
Seat 4: Mordnilap ($168.89 in chips)
Mordnilap: posts small blind $1
JayEm82: posts big blind $3
*** HOLE CARDS ***
Mordnilap: raises $3 to $6
JayEm82: folds
Uncalled bet ($3) returned to Mordnilap
Mordnilap collected $6 from pot
Mordnilap: doesn't show hand
*** SUMMARY ***
Total pot $6 | Rake $0
Seat 1: JayEm82 (big blind) folded before Flop
Seat 4: Mordnilap (button) (small blind) collected ($6)


PokerStars Hand #149936355604:  Hold'em Limit ($3/$6 USD) - 2016/03/06 12:53:42 ET
Table 'Alshat' 6-max Seat #4 is the button
Seat 1: JayEm82 ($100.51 in chips)
Seat 4: Mordnilap ($148.39 in chips)
Mordnilap: posts small blind $1
JayEm82: posts big blind $3
*** HOLE CARDS ***
Mordnilap: raises $3 to $6
JayEm82: calls $3
*** FLOP *** [5d 7s 7d]
JayEm82: checks
Mordnilap: bets $3
JayEm82: raises $3 to $6
Mordnilap: calls $3
*** TURN *** [5d 7s 7d] [Js]
JayEm82: bets $6
Mordnilap: calls $6
*** RIVER *** [5d 7s 7d Js] [Ad]
JayEm82: bets $6
Mordnilap: calls $6
*** SHOW DOWN ***
JayEm82: shows [5c Ks] (two pair, Sevens and Fives)
Mordnilap: shows [2s Ah] (two pair, Aces and Sevens)
Mordnilap collected $47.50 from pot
*** SUMMARY ***
Total pot $48 | Rake $0.50
Board [5d 7s 7d Js Ad]
Seat 1: JayEm82 (big blind) showed [5c Ks] and lost with two pair, Sevens and Fives
Seat 4: Mordnilap (button) (small blind) showed [2s Ah] and won ($47.50) with two pair, Aces and Sevens


PokerStars Hand #149936370796:  Hold'em Limit ($3/$6 USD) - 2016/03/06 12:53:57 ET
Table 'Alshat' 6-max Seat #1 is the button
Seat 1: JayEm82 ($76.51 in chips)
Seat 4: Mordnilap ($171.89 in chips)
JayEm82: posts small blind $1
Mordnilap: posts big blind $3
*** HOLE CARDS ***
JayEm82: raises $3 to $6
Mordnilap: folds
Uncalled bet ($3) returned to JayEm82
JayEm82 collected $6 from pot
JayEm82: doesn't show hand
*** SUMMARY ***
Total pot $6 | Rake $0
Seat 1: JayEm82 (button) (small blind) collected ($6)
Seat 4: Mordnilap (big blind) folded before Flop


PokerStars Hand #149936334201:  Hold'em Limit ($3/$6 USD) - 2016/03/06 12:53:22 ET
Table 'Alshat' 6-max Seat #1 is the button
Seat 1: JayEm82 ($100.76 in chips)
Seat 4: Mordnilap ($148.64 in chips)
JayEm82: posts small blind $1
Mordnilap: posts big blind $3
*** HOLE CARDS ***
JayEm82: raises $3 to $6
Mordnilap: calls $3
*** FLOP *** [Kh 2s Ks]
Mordnilap: checks
JayEm82: bets $3
Mordnilap: calls $3
*** TURN *** [Kh 2s Ks] [Kd]
Mordnilap: checks
JayEm82: bets $6
Mordnilap: calls $6
*** RIVER *** [Kh 2s Ks Kd] [2h]
Mordnilap: checks
JayEm82: checks
*** SHOW DOWN ***
Mordnilap: shows [3c Ad] (a full house, Kings full of Deuces)
JayEm82: shows [7c 5s] (a full house, Kings full of Deuces)
Mordnilap collected $14.75 from pot
JayEm82 collected $14.75 from pot
*** SUMMARY ***
Total pot $30 | Rake $0.50
Board [Kh 2s Ks Kd 2h]
Seat 1: JayEm82 (button) (small blind) showed [7c 5s] and won ($14.75) with a full house, Kings full of Deuces
Seat 4: Mordnilap (big blind) showed [3c Ad] and won ($14.75) with a full house, Kings full of Deuces


PokerStars Hand #149936410293:  Hold'em Limit ($3/$6 USD) - 2016/03/06 12:54:35 ET
Table 'Alshat' 6-max Seat #4 is the button
Seat 1: JayEm82 ($75.51 in chips)
Seat 4: Mordnilap ($172.89 in chips)
Mordnilap: posts small blind $1
JayEm82: posts big blind $3
*** HOLE CARDS ***
Mordnilap: raises $3 to $6
JayEm82: raises $3 to $9
Mordnilap: calls $3
*** FLOP *** [7h Qd 4h]
JayEm82: bets $3
Mordnilap: calls $3
*** TURN *** [7h Qd 4h] [As]
JayEm82: bets $6
Mordnilap: calls $6
*** RIVER *** [7h Qd 4h As] [8s]
JayEm82: bets $6
Mordnilap: folds
Uncalled bet ($6) returned to JayEm82
JayEm82 collected $35.50 from pot
JayEm82: doesn't show hand
*** SUMMARY ***
Total pot $36 | Rake $0.50
Board [7h Qd 4h As 8s]
Seat 1: JayEm82 (big blind) collected ($35.50)
Seat 4: Mordnilap (button) (small blind) folded on the River


PokerStars Hand #149936442543:  Hold'em Limit ($3/$6 USD) - 2016/03/06 12:55:07 ET
Table 'Alshat' 6-max Seat #1 is the button
Seat 1: JayEm82 ($93.01 in chips)
Seat 4: Mordnilap ($154.89 in chips)
JayEm82: posts small blind $1
Mordnilap: posts big blind $3
*** HOLE CARDS ***
JayEm82: raises $3 to $6
Mordnilap: calls $3
*** FLOP *** [Kd 2s 5h]
Mordnilap: checks
JayEm82: bets $3
Mordnilap: folds
Uncalled bet ($3) returned to JayEm82
JayEm82 collected $11.76 from pot
JayEm82: doesn't show hand
*** SUMMARY ***
Total pot $12 | Rake $0.24
Board [Kd 2s 5h]
Seat 1: JayEm82 (button) (small blind) collected ($11.76)
Seat 4: Mordnilap (big blind) folded on the Flop


PokerStars Hand #149936456245:  Hold'em Limit ($3/$6 USD) - 2016/03/06 12:55:26 ET
Table 'Alshat' 6-max Seat #1 is the button
Seat 1: JayEm82 ($92.77 in chips)
Seat 4: Mordnilap ($154.65 in chips)
JayEm82: posts small blind $1
Mordnilap: posts big blind $3
*** HOLE CARDS ***
JayEm82: folds
Uncalled bet ($2) returned to Mordnilap
Mordnilap collected $2 from pot
Mordnilap: doesn't show hand
*** SUMMARY ***
Total pot $2 | Rake $0
Seat 1: JayEm82 (button) (small blind) folded before Flop
Seat 4: Mordnilap (big blind) collected ($2)


PokerStars Hand #149936450333:  Hold'em Limit ($3/$6 USD) - 2016/03/06 12:55:17 ET
Table 'Alshat' 6-max Seat #4 is the button
Seat 1: JayEm82 ($98.77 in chips)
Seat 4: Mordnilap ($148.89 in chips)
Mordnilap: posts small blind $1
JayEm82: posts big blind $3
*** HOLE CARDS ***
Mordnilap: raises $3 to $6
JayEm82: calls $3
*** FLOP *** [3c As Jh]
JayEm82: checks
Mordnilap: bets $3
JayEm82: folds
Uncalled bet ($3) returned to Mordnilap
Mordnilap collected $11.76 from pot
Mordnilap: doesn't show hand
*** SUMMARY ***
Total pot $12 | Rake $0.24
Board [3c As Jh]
Seat 1: JayEm82 (big blind) folded on the Flop
Seat 4: Mordnilap (button) (small blind) collected ($11.76)


PokerStars Hand #149936403939:  Hold'em Limit ($3/$6 USD) - 2016/03/06 12:54:29 ET
Table 'Alshat' 6-max Seat #1 is the button
Seat 1: JayEm82 ($76.51 in chips)
Seat 4: Mordnilap ($171.89 in chips)
JayEm82: posts small blind $1
Mordnilap: posts big blind $3
*** HOLE CARDS ***
JayEm82: folds
Uncalled bet ($2) returned to Mordnilap
Mordnilap collected $2 from pot
Mordnilap: doesn't show hand
*** SUMMARY ***
Total pot $2 | Rake $0
Seat 1: JayEm82 (button) (small blind) folded before Flop
Seat 4: Mordnilap (big blind) collected ($2)


PokerStars Hand #149936459279:  Hold'em Limit ($3/$6 USD) - 2016/03/06 12:55:30 ET
Table 'Alshat' 6-max Seat #4 is the button
Seat 1: JayEm82 ($91.77 in chips)
Seat 4: Mordnilap ($155.65 in chips)
Mordnilap: posts small blind $1
JayEm82: posts big blind $3
*** HOLE CARDS ***
Mordnilap: raises $3 to $6
JayEm82: folds
Uncalled bet ($3) returned to Mordnilap
Mordnilap collected $6 from pot
Mordnilap: doesn't show hand
*** SUMMARY ***
Total pot $6 | Rake $0
Seat 1: JayEm82 (big blind) folded before Flop
Seat 4: Mordnilap (button) (small blind) collected ($6)


PokerStars Hand #149936465091:  Hold'em Limit ($3/$6 USD) - 2016/03/06 12:55:38 ET
Table 'Alshat' 6-max Seat #1 is the button
Seat 1: JayEm82 ($88.77 in chips)
Seat 4: Mordnilap ($158.65 in chips)
JayEm82: posts small blind $1
Mordnilap: posts big blind $3
*** HOLE CARDS ***
JayEm82: raises $3 to $6
Mordnilap: calls $3
*** FLOP *** [7s 5c 2h]
Mordnilap: checks
JayEm82: bets $3
Mordnilap: calls $3
*** TURN *** [7s 5c 2h] [Qd]
Mordnilap: checks
JayEm82: bets $6
Mordnilap: raises $6 to $12
JayEm82: calls $6
*** RIVER *** [7s 5c 2h Qd] [Kh]
Mordnilap: bets $6
JayEm82: calls $6
*** SHOW DOWN ***
Mordnilap: shows [8d 7c] (a pair of Sevens)
JayEm82: mucks hand
Mordnilap collected $53.50 from pot
*** SUMMARY ***
Total pot $54 | Rake $0.50
Board [7s 5c 2h Qd Kh]
Seat 1: JayEm82 (button) (small blind) mucked
Seat 4: Mordnilap (big blind) showed [8d 7c] and won ($53.50) with a pair of Sevens


PokerStars Hand #149936478208:  Hold'em Limit ($3/$6 USD) - 2016/03/06 12:55:56 ET
Table 'Alshat' 6-max Seat #4 is the button
Seat 1: JayEm82 ($120 in chips)
Seat 4: Mordnilap ($185.15 in chips)
Mordnilap: posts small blind $1
JayEm82: posts big blind $3
*** HOLE CARDS ***
Mordnilap: raises $3 to $6
JayEm82: raises $3 to $9
Mordnilap: calls $3
*** FLOP *** [3h As 4s]
JayEm82: bets $3
Mordnilap: folds
Uncalled bet ($3) returned to JayEm82
JayEm82 collected $17.64 from pot
JayEm82: doesn't show hand
*** SUMMARY ***
Total pot $18 | Rake $0.36
Board [3h As 4s]
Seat 1: JayEm82 (big blind) collected ($17.64)
Seat 4: Mordnilap (button) (small blind) folded on the Flop


PokerStars Hand #149936490021:  Hold'em Limit ($3/$6 USD) - 2016/03/06 12:56:12 ET
Table 'Alshat' 6-max Seat #1 is the button
Seat 1: JayEm82 ($128.64 in chips)
Seat 4: Mordnilap ($176.15 in chips)
JayEm82: posts small blind $1
Mordnilap: posts big blind $3
*** HOLE CARDS ***
JayEm82: raises $3 to $6
Mordnilap: folds
Uncalled bet ($3) returned to JayEm82
JayEm82 collected $6 from pot
JayEm82: doesn't show hand
*** SUMMARY ***
Total pot $6 | Rake $0
Seat 1: JayEm82 (button) (small blind) collected ($6)
Seat 4: Mordnilap (big blind) folded before Flop


PokerStars Hand #149936502056:  Hold'em Limit ($3/$6 USD) - 2016/03/06 12:56:28 ET
Table 'Alshat' 6-max Seat #1 is the button
Seat 1: JayEm82 ($128.64 in chips)
Seat 4: Mordnilap ($176.15 in chips)
JayEm82: posts small blind $1
Mordnilap: posts big blind $3
*** HOLE CARDS ***
JayEm82: folds
Uncalled bet ($2) returned to Mordnilap
Mordnilap collected $2 from pot
Mordnilap: doesn't show hand
*** SUMMARY ***
Total pot $2 | Rake $0
Seat 1: JayEm82 (button) (small blind) folded before Flop
Seat 4: Mordnilap (big blind) collected ($2)


PokerStars Hand #149936496570:  Hold'em Limit ($3/$6 USD) - 2016/03/06 12:56:21 ET
Table 'Alshat' 6-max Seat #4 is the button
Seat 1: JayEm82 ($131.64 in chips)
Seat 4: Mordnilap ($173.15 in chips)
Mordnilap: posts small blind $1
JayEm82: posts big blind $3
*** HOLE CARDS ***
Mordnilap: raises $3 to $6
JayEm82: folds
Uncalled bet ($3) returned to Mordnilap
Mordnilap collected $6 from pot
Mordnilap: doesn't show hand
*** SUMMARY ***
Total pot $6 | Rake $0
Seat 1: JayEm82 (big blind) folded before Flop
Seat 4: Mordnilap (button) (small blind) collected ($6)


PokerStars Hand #149936504939:  Hold'em Limit ($3/$6 USD) - 2016/03/06 12:56:32 ET
Table 'Alshat' 6-max Seat #4 is the button
Seat 1: JayEm82 ($127.64 in chips)
Seat 4: Mordnilap ($177.15 in chips)
Mordnilap: posts small blind $1
JayEm82: posts big blind $3
*** HOLE CARDS ***
Mordnilap: raises $3 to $6
JayEm82: calls $3
*** FLOP *** [3h 2h Kh]
JayEm82: checks
Mordnilap: bets $3
JayEm82: folds
Uncalled bet ($3) returned to Mordnilap
Mordnilap collected $11.76 from pot
Mordnilap: doesn't show hand
*** SUMMARY ***
Total pot $12 | Rake $0.24
Board [3h 2h Kh]
Seat 1: JayEm82 (big blind) folded on the Flop
Seat 4: Mordnilap (button) (small blind) collected ($11.76)


PokerStars Hand #149936511590:  Hold'em Limit ($3/$6 USD) - 2016/03/06 12:56:41 ET
Table 'Alshat' 6-max Seat #1 is the button
Seat 1: JayEm82 ($121.64 in chips)
Seat 4: Mordnilap ($182.91 in chips)
JayEm82: posts small blind $1
Mordnilap: posts big blind $3
*** HOLE CARDS ***
JayEm82: folds
Uncalled bet ($2) returned to Mordnilap
Mordnilap collected $2 from pot
Mordnilap: doesn't show hand
*** SUMMARY ***
Total pot $2 | Rake $0
Seat 1: JayEm82 (button) (small blind) folded before Flop
Seat 4: Mordnilap (big blind) collected ($2)


PokerStars Hand #149936524460:  Hold'em Limit ($3/$6 USD) - 2016/03/06 12:56:59 ET
Table 'Alshat' 6-max Seat #1 is the button
Seat 1: JayEm82 ($114.64 in chips)
Seat 4: Mordnilap ($189.67 in chips)
JayEm82: posts small blind $1
Mordnilap: posts big blind $3
*** HOLE CARDS ***
JayEm82: folds
Uncalled bet ($2) returned to Mordnilap
Mordnilap collected $2 from pot
Mordnilap: doesn't show hand
*** SUMMARY ***
Total pot $2 | Rake $0
Seat 1: JayEm82 (button) (small blind) folded before Flop
Seat 4: Mordnilap (big blind) collected ($2)


PokerStars Hand #149936514646:  Hold'em Limit ($3/$6 USD) - 2016/03/06 12:56:46 ET
Table 'Alshat' 6-max Seat #4 is the button
Seat 1: JayEm82 ($120.64 in chips)
Seat 4: Mordnilap ($183.91 in chips)
Mordnilap: posts small blind $1
JayEm82: posts big blind $3
*** HOLE CARDS ***
Mordnilap: raises $3 to $6
JayEm82: calls $3
*** FLOP *** [8h Js Ts]
JayEm82: checks
Mordnilap: bets $3
JayEm82: folds
Uncalled bet ($3) returned to Mordnilap
Mordnilap collected $11.76 from pot
Mordnilap: doesn't show hand
*** SUMMARY ***
Total pot $12 | Rake $0.24
Board [8h Js Ts]
Seat 1: JayEm82 (big blind) folded on the Flop
Seat 4: Mordnilap (button) (small blind) collected ($11.76)


PokerStars Hand #149936527546:  Hold'em Limit ($3/$6 USD) - 2016/03/06 12:57:03 ET
Table 'Alshat' 6-max Seat #4 is the button
Seat 1: JayEm82 ($113.64 in chips)
Seat 4: Mordnilap ($190.67 in chips)
Mordnilap: posts small blind $1
JayEm82: posts big blind $3
*** HOLE CARDS ***
Mordnilap: raises $3 to $6
JayEm82: folds
Uncalled bet ($3) returned to Mordnilap
Mordnilap collected $6 from pot
Mordnilap: doesn't show hand
*** SUMMARY ***
Total pot $6 | Rake $0
Seat 1: JayEm82 (big blind) folded before Flop
Seat 4: Mordnilap (button) (small blind) collected ($6)


PokerStars Hand #149936534092:  Hold'em Limit ($3/$6 USD) - 2016/03/06 12:57:12 ET
Table 'Alshat' 6-max Seat #1 is the button
Seat 1: JayEm82 ($110.64 in chips)
Seat 4: Mordnilap ($193.67 in chips)
JayEm82: posts small blind $1
Mordnilap: posts big blind $3
*** HOLE CARDS ***
JayEm82: folds
Uncalled bet ($2) returned to Mordnilap
Mordnilap collected $2 from pot
Mordnilap: doesn't show hand
*** SUMMARY ***
Total pot $2 | Rake $0
Seat 1: JayEm82 (button) (small blind) folded before Flop
Seat 4: Mordnilap (big blind) collected ($2)


PokerStars Hand #149936537321:  Hold'em Limit ($3/$6 USD) - 2016/03/06 12:57:17 ET
Table 'Alshat' 6-max Seat #4 is the button
Seat 1: JayEm82 ($109.64 in chips)
Seat 4: Mordnilap ($194.67 in chips)
Mordnilap: posts small blind $1
JayEm82: posts big blind $3
*** HOLE CARDS ***
Mordnilap: raises $3 to $6
JayEm82: calls $3
*** FLOP *** [4s 9d Qh]
JayEm82: checks
Mordnilap: checks
*** TURN *** [4s 9d Qh] [6c]
JayEm82: bets $6
Mordnilap: folds
Uncalled bet ($6) returned to JayEm82
JayEm82 collected $11.76 from pot
JayEm82: doesn't show hand
*** SUMMARY ***
Total pot $12 | Rake $0.24
Board [4s 9d Qh 6c]
Seat 1: JayEm82 (big blind) collected ($11.76)
Seat 4: Mordnilap (button) (small blind) folded on the Turn


PokerStars Hand #149936555232:  Hold'em Limit ($3/$6 USD) - 2016/03/06 12:57:41 ET
Table 'Alshat' 6-max Seat #4 is the button
Seat 1: JayEm82 ($135.90 in chips)
Seat 4: Mordnilap ($167.67 in chips)
Mordnilap: posts small blind $1
JayEm82: posts big blind $3
*** HOLE CARDS ***
Mordnilap: raises $3 to $6
JayEm82: calls $3
*** FLOP *** [9s Ah 2s]
JayEm82: checks
Mordnilap: bets $3
JayEm82: folds
Uncalled bet ($3) returned to Mordnilap
Mordnilap collected $11.76 from pot
Mordnilap: doesn't show hand
*** SUMMARY ***
Total pot $12 | Rake $0.24
Board [9s Ah 2s]
Seat 1: JayEm82 (big blind) folded on the Flop
Seat 4: Mordnilap (button) (small blind) collected ($11.76)


PokerStars Hand #149936568514:  Hold'em Limit ($3/$6 USD) - 2016/03/06 12:57:59 ET
Table 'Alshat' 6-max Seat #1 is the button
Seat 1: JayEm82 ($129.90 in chips)
Seat 4: Mordnilap ($173.43 in chips)
JayEm82: posts small blind $1
Mordnilap: posts big blind $3
*** HOLE CARDS ***
JayEm82: raises $3 to $6
Mordnilap: calls $3
*** FLOP *** [Kh As 8s]
Mordnilap: checks
JayEm82: checks
*** TURN *** [Kh As 8s] [2d]
Mordnilap: checks
JayEm82: checks
*** RIVER *** [Kh As 8s 2d] [5d]
Mordnilap: bets $6
JayEm82: calls $6
*** SHOW DOWN ***
Mordnilap: shows [7s 6h] (high card Ace)
JayEm82: shows [Ks Th] (a pair of Kings)
JayEm82 collected $23.52 from pot
*** SUMMARY ***
Total pot $24 | Rake $0.48
Board [Kh As 8s 2d 5d]
Seat 1: JayEm82 (button) (small blind) showed [Ks Th] and won ($23.52) with a pair of Kings
Seat 4: Mordnilap (big blind) showed [7s 6h] and lost with high card Ace


PokerStars Hand #149936544355:  Hold'em Limit ($3/$6 USD) - 2016/03/06 12:57:26 ET
Table 'Alshat' 6-max Seat #1 is the button
Seat 1: JayEm82 ($115.40 in chips)
Seat 4: Mordnilap ($188.67 in chips)
JayEm82: posts small blind $1
Mordnilap: posts big blind $3
*** HOLE CARDS ***
JayEm82: raises $3 to $6
Mordnilap: calls $3
*** FLOP *** [2s Ts 7s]
Mordnilap: checks
JayEm82: bets $3
Mordnilap: calls $3
*** TURN *** [2s Ts 7s] [Kc]
Mordnilap: checks
JayEm82: bets $6
Mordnilap: calls $6
*** RIVER *** [2s Ts 7s Kc] [8d]
Mordnilap: checks
JayEm82: bets $6
Mordnilap: calls $6
*** SHOW DOWN ***
JayEm82: shows [As Tc] (a pair of Tens)
Mordnilap: mucks hand
JayEm82 collected $41.50 from pot
*** SUMMARY ***
Total pot $42 | Rake $0.50
Board [2s Ts 7s Kc 8d]
Seat 1: JayEm82 (button) (small blind) showed [As Tc] and won ($41.50) with a pair of Tens
Seat 4: Mordnilap (big blind) mucked


PokerStars Hand #149936595684:  Hold'em Limit ($3/$6 USD) - 2016/03/06 12:58:35 ET
Table 'Alshat' 6-max Seat #1 is the button
Seat 1: JayEm82 ($170.92 in chips)
Seat 4: Mordnilap ($131.43 in chips)
JayEm82: posts small blind $1
Mordnilap: posts big blind $3
*** HOLE CARDS ***
JayEm82: raises $3 to $6
Mordnilap: calls $3
*** FLOP *** [Jc Js Ah]
Mordnilap: checks
JayEm82: bets $3
Mordnilap: raises $3 to $6
JayEm82: calls $3
*** TURN *** [Jc Js Ah] [Th]
Mordnilap: bets $6
JayEm82: calls $6
*** RIVER *** [Jc Js Ah Th] [2c]
Mordnilap: bets $6
JayEm82: calls $6
*** SHOW DOWN ***
Mordnilap: shows [Ad Ts] (two pair, Aces and Jacks)
JayEm82: mucks hand
Mordnilap collected $47.50 from pot
*** SUMMARY ***
Total pot $48 | Rake $0.50
Board [Jc Js Ah Th 2c]
Seat 1: JayEm82 (button) (small blind) mucked
Seat 4: Mordnilap (big blind) showed [Ad Ts] and won ($47.50) with two pair, Aces and Jacks


PokerStars Hand #149936607834:  Hold'em Limit ($3/$6 USD) - 2016/03/06 12:58:52 ET
Table 'Alshat' 6-max Seat #4 is the button
Seat 1: JayEm82 ($146.92 in chips)
Seat 4: Mordnilap ($154.93 in chips)
Mordnilap: posts small blind $1
JayEm82: posts big blind $3
*** HOLE CARDS ***
Mordnilap: raises $3 to $6
JayEm82: calls $3
*** FLOP *** [4c 5d Tc]
JayEm82: checks
Mordnilap: bets $3
JayEm82: raises $3 to $6
Mordnilap: calls $3
*** TURN *** [4c 5d Tc] [Jh]
JayEm82: bets $6
Mordnilap: folds
Uncalled bet ($6) returned to JayEm82
JayEm82 collected $23.52 from pot
JayEm82: doesn't show hand
*** SUMMARY ***
Total pot $24 | Rake $0.48
Board [4c 5d Tc Jh]
Seat 1: JayEm82 (big blind) collected ($23.52)
Seat 4: Mordnilap (button) (small blind) folded on the Turn


PokerStars Hand #149936632941:  Hold'em Limit ($3/$6 USD) - 2016/03/06 12:59:26 ET
Table 'Alshat' 6-max Seat #4 is the button
Seat 1: JayEm82 ($157.44 in chips)
Seat 4: Mordnilap ($143.93 in chips)
Mordnilap: posts small blind $1
JayEm82: posts big blind $3
*** HOLE CARDS ***
Mordnilap: folds
Uncalled bet ($2) returned to JayEm82
JayEm82 collected $2 from pot
JayEm82: doesn't show hand
*** SUMMARY ***
Total pot $2 | Rake $0
Seat 1: JayEm82 (big blind) collected ($2)
Seat 4: Mordnilap (button) (small blind) folded before Flop


PokerStars Hand #149936621651:  Hold'em Limit ($3/$6 USD) - 2016/03/06 12:59:10 ET
Table 'Alshat' 6-max Seat #1 is the button
Seat 1: JayEm82 ($158.44 in chips)
Seat 4: Mordnilap ($142.93 in chips)
JayEm82: posts small blind $1
Mordnilap: posts big blind $3
*** HOLE CARDS ***
JayEm82: folds
Uncalled bet ($2) returned to Mordnilap
Mordnilap collected $2 from pot
Mordnilap: doesn't show hand
*** SUMMARY ***
Total pot $2 | Rake $0
Seat 1: JayEm82 (button) (small blind) folded before Flop
Seat 4: Mordnilap (big blind) collected ($2)


PokerStars Hand #149936583015:  Hold'em Limit ($3/$6 USD) - 2016/03/06 12:58:18 ET
Table 'Alshat' 6-max Seat #4 is the button
Seat 1: JayEm82 ($141.42 in chips)
Seat 4: Mordnilap ($161.43 in chips)
Mordnilap: posts small blind $1
JayEm82: posts big blind $3
*** HOLE CARDS ***
Mordnilap: raises $3 to $6
JayEm82: raises $3 to $9
Mordnilap: calls $3
*** FLOP *** [2s Ac 9s]
JayEm82: bets $3
Mordnilap: calls $3
*** TURN *** [2s Ac 9s] [Qc]
JayEm82: bets $6
Mordnilap: raises $6 to $12
JayEm82: raises $6 to $18
Mordnilap: calls $6
*** RIVER *** [2s Ac 9s Qc] [9c]
JayEm82: bets $6
Mordnilap: folds
Uncalled bet ($6) returned to JayEm82
JayEm82 collected $59.50 from pot
JayEm82: doesn't show hand
*** SUMMARY ***
Total pot $60 | Rake $0.50
Board [2s Ac 9s Qc 9c]
Seat 1: JayEm82 (big blind) collected ($59.50)
Seat 4: Mordnilap (button) (small blind) folded on the River


PokerStars Hand #149936642093:  Hold'em Limit ($3/$6 USD) - 2016/03/06 12:59:38 ET
Table 'Alshat' 6-max Seat #4 is the button
Seat 1: JayEm82 ($157.44 in chips)
Seat 4: Mordnilap ($143.93 in chips)
Mordnilap: posts small blind $1
JayEm82: posts big blind $3
*** HOLE CARDS ***
Mordnilap: raises $3 to $6
JayEm82: calls $3
*** FLOP *** [5h Js Qs]
JayEm82: checks
Mordnilap: bets $3
JayEm82: raises $3 to $6
Mordnilap: calls $3
*** TURN *** [5h Js Qs] [4c]
JayEm82: bets $6
Mordnilap: calls $6
*** RIVER *** [5h Js Qs 4c] [7h]
JayEm82: bets $6
Mordnilap: calls $6
*** SHOW DOWN ***
JayEm82: shows [9h Td] (high card Queen)
Mordnilap: shows [8h 8d] (a pair of Eights)
Mordnilap collected $47.50 from pot
*** SUMMARY ***
Total pot $48 | Rake $0.50
Board [5h Js Qs 4c 7h]
Seat 1: JayEm82 (big blind) showed [9h Td] and lost with high card Queen
Seat 4: Mordnilap (button) (small blind) showed [8h 8d] and won ($47.50) with a pair of Eights


PokerStars Hand #149936652771:  Hold'em Limit ($3/$6 USD) - 2016/03/06 12:59:52 ET
Table 'Alshat' 6-max Seat #1 is the button
Seat 1: JayEm82 ($133.44 in chips)
Seat 4: Mordnilap ($167.43 in chips)
JayEm82: posts small blind $1
Mordnilap: posts big blind $3
*** HOLE CARDS ***
JayEm82: raises $3 to $6
Mordnilap: calls $3
*** FLOP *** [9c 4c 2s]
Mordnilap: checks
JayEm82: bets $3
Mordnilap: calls $3
*** TURN *** [9c 4c 2s] [7h]
Mordnilap: checks
JayEm82: checks
*** RIVER *** [9c 4c 2s 7h] [2c]
Mordnilap: bets $6
JayEm82: folds
Uncalled bet ($6) returned to Mordnilap
Mordnilap collected $17.64 from pot
Mordnilap: doesn't show hand
*** SUMMARY ***
Total pot $18 | Rake $0.36
Board [9c 4c 2s 7h 2c]
Seat 1: JayEm82 (button) (small blind) folded on the River
Seat 4: Mordnilap (big blind) collected ($17.64)


PokerStars Hand #149936638298:  Hold'em Limit ($3/$6 USD) - 2016/03/06 12:59:33 ET
Table 'Alshat' 6-max Seat #1 is the button
Seat 1: JayEm82 ($158.44 in chips)
Seat 4: Mordnilap ($142.93 in chips)
JayEm82: posts small blind $1
Mordnilap: posts big blind $3
*** HOLE CARDS ***
JayEm82: folds
Uncalled bet ($2) returned to Mordnilap
Mordnilap collected $2 from pot
Mordnilap: doesn't show hand
*** SUMMARY ***
Total pot $2 | Rake $0
Seat 1: JayEm82 (button) (small blind) folded before Flop
Seat 4: Mordnilap (big blind) collected ($2)


PokerStars Hand #149936680756:  Hold'em Limit ($3/$6 USD) - 2016/03/06 13:00:28 ET
Table 'Alshat' 6-max Seat #4 is the button
Seat 1: JayEm82 ($124.44 in chips)
Seat 4: Mordnilap ($176.07 in chips)
Mordnilap: posts small blind $1
JayEm82: posts big blind $3
*** HOLE CARDS ***
Mordnilap: raises $3 to $6
JayEm82: calls $3
*** FLOP *** [Jc 6c As]
JayEm82: checks
Mordnilap: bets $3
JayEm82: calls $3
*** TURN *** [Jc 6c As] [8h]
JayEm82: checks
Mordnilap: bets $6
JayEm82: raises $6 to $12
Mordnilap: calls $6
*** RIVER *** [Jc 6c As 8h] [Td]
JayEm82: bets $6
Mordnilap: raises $6 to $12
JayEm82: calls $6
*** SHOW DOWN ***
Mordnilap: shows [Th 8d] (two pair, Tens and Eights)
JayEm82: shows [8c Ah] (two pair, Aces and Eights)
JayEm82 collected $65.50 from pot
*** SUMMARY ***
Total pot $66 | Rake $0.50
Board [Jc 6c As 8h Td]
Seat 1: JayEm82 (big blind) showed [8c Ah] and won ($65.50) with two pair, Aces and Eights
Seat 4: Mordnilap (button) (small blind) showed [Th 8d] and lost with two pair, Tens and Eights


PokerStars Hand #149936705691:  Hold'em Limit ($3/$6 USD) - 2016/03/06 13:00:58 ET
Table 'Alshat' 6-max Seat #1 is the button
Seat 1: JayEm82 ($156.94 in chips)
Seat 4: Mordnilap ($143.07 in chips)
JayEm82: posts small blind $1
Mordnilap: posts big blind $3
*** HOLE CARDS ***
JayEm82: raises $3 to $6
Mordnilap: calls $3
*** FLOP *** [Ac Qh Qd]
Mordnilap: checks
JayEm82: checks
*** TURN *** [Ac Qh Qd] [2c]
Mordnilap: checks
JayEm82: checks
*** RIVER *** [Ac Qh Qd 2c] [4h]
Mordnilap: bets $6
JayEm82: raises $6 to $12
Mordnilap: folds
Uncalled bet ($6) returned to JayEm82
JayEm82 collected $23.52 from pot
JayEm82: doesn't show hand
*** SUMMARY ***
Total pot $24 | Rake $0.48
Board [Ac Qh Qd 2c 4h]
Seat 1: JayEm82 (button) (small blind) collected ($23.52)
Seat 4: Mordnilap (big blind) folded on the River


PokerStars Hand #149936728185:  Hold'em Limit ($3/$6 USD) - 2016/03/06 13:01:24 ET
Table 'Alshat' 6-max Seat #4 is the button
Seat 1: JayEm82 ($168.46 in chips)
Seat 4: Mordnilap ($131.07 in chips)
Mordnilap: posts small blind $1
JayEm82: posts big blind $3
*** HOLE CARDS ***
Mordnilap: raises $3 to $6
JayEm82: calls $3
*** FLOP *** [Jc 9d 3c]
JayEm82: checks
Mordnilap: checks
*** TURN *** [Jc 9d 3c] [Kh]
JayEm82: bets $6
Mordnilap: calls $6
*** RIVER *** [Jc 9d 3c Kh] [5s]
JayEm82: bets $6
Mordnilap: raises $6 to $12
chip_diddler joins the table at seat #5
JayEm82: calls $6
*** SHOW DOWN ***
Mordnilap: shows [Kc 7d] (a pair of Kings)
JayEm82: mucks hand
Mordnilap collected $47.50 from pot
*** SUMMARY ***
Total pot $48 | Rake $0.50
Board [Jc 9d 3c Kh 5s]
Seat 1: JayEm82 (big blind) mucked
Seat 4: Mordnilap (button) (small blind) showed [Kc 7d] and won ($47.50) with a pair of Kings


PokerStars Hand #149936760091:  Hold'em Limit ($3/$6 USD) - 2016/03/06 13:01:59 ET
Table 'Alshat' 6-max Seat #1 is the button
Seat 1: JayEm82 ($144.46 in chips)
Seat 4: Mordnilap ($154.57 in chips)
JayEm82: posts small blind $1
Mordnilap: posts big blind $3
*** HOLE CARDS ***
JayEm82: raises $3 to $6
Mordnilap: calls $3
*** FLOP *** [Jh Jc Td]
Mordnilap: checks
JayEm82: checks
*** TURN *** [Jh Jc Td] [Js]
Mordnilap: checks
JayEm82: checks
*** RIVER *** [Jh Jc Td Js] [Qh]
killerfurbel joins the table at seat #6
Mordnilap: checks
JayEm82: checks
*** SHOW DOWN ***
Mordnilap: shows [5h 9c] (three of a kind, Jacks)
JayEm82: shows [Kc 4h] (three of a kind, Jacks - King kicker)
JayEm82 collected $11.76 from pot
*** SUMMARY ***
Total pot $12 | Rake $0.24
Board [Jh Jc Td Js Qh]
Seat 1: JayEm82 (button) (small blind) showed [Kc 4h] and won ($11.76) with three of a kind, Jacks
Seat 4: Mordnilap (big blind) showed [5h 9c] and lost with three of a kind, Jacks


PokerStars Hand #149937286114:  Hold'em Limit ($3/$6 USD) - 2016/03/06 13:10:11 ET
Table 'Alshat' 6-max Seat #1 is the button
Seat 1: JayEm82 ($120.10 in chips)
Seat 6: killerfurbel ($295.19 in chips)
JayEm82: posts small blind $1
killerfurbel: posts big blind $3
*** HOLE CARDS ***
JayEm82: folds
Uncalled bet ($2) returned to killerfurbel
killerfurbel collected $2 from pot
killerfurbel: doesn't show hand
*** SUMMARY ***
Total pot $2 | Rake $0
Seat 1: JayEm82 (button) (small blind) folded before Flop
Seat 6: killerfurbel (big blind) collected ($2)


