PokerStars Hand #166190038201:  Hold'em Limit ($3/$6 USD) - 2017/02/14 5:20:45 ET
Table 'Alstede II' 6-max Seat #1 is the button
Seat 1: reed 2000 ($30 in chips)
Seat 2: kolaz03 ($72 in chips)
reed 2000: posts small blind $1
kolaz03: posts big blind $3
*** HOLE CARDS ***
reed 2000: raises $3 to $6
Agrotait leaves the table
kolaz03: raises $3 to $9
reed 2000: calls $3
*** FLOP *** [9h 8h Jd]
kolaz03: bets $3
reed 2000: calls $3
*** TURN *** [9h 8h Jd] [2d]
kolaz03: bets $6
reed 2000: folds
Uncalled bet ($6) returned to kolaz03
kolaz03 collected $23.52 from pot
kolaz03: doesn't show hand
*** SUMMARY ***
Total pot $24 | Rake $0.48
Board [9h 8h Jd 2d]
Seat 1: reed 2000 (button) (small blind) folded on the Turn
Seat 2: kolaz03 (big blind) collected ($23.52)


PokerStars Hand #166190059325:  Hold'em Limit ($3/$6 USD) - 2017/02/14 5:21:35 ET
Table 'Alstede II' 6-max Seat #1 is the button
Seat 1: reed 2000 ($12 in chips)
Seat 2: kolaz03 ($89.28 in chips)
reed 2000: posts small blind $1
kolaz03: posts big blind $3
*** HOLE CARDS ***
reed 2000: folds
Uncalled bet ($2) returned to kolaz03
kolaz03 collected $2 from pot
kolaz03: doesn't show hand
*** SUMMARY ***
Total pot $2 | Rake $0
Seat 1: reed 2000 (button) (small blind) folded before Flop
Seat 2: kolaz03 (big blind) collected ($2)


PokerStars Hand #166190052109:  Hold'em Limit ($3/$6 USD) - 2017/02/14 5:21:18 ET
Table 'Alstede II' 6-max Seat #2 is the button
Seat 1: reed 2000 ($18 in chips)
Seat 2: kolaz03 ($83.52 in chips)
kolaz03: posts small blind $1
reed 2000: posts big blind $3
*** HOLE CARDS ***
kolaz03: raises $3 to $6
reed 2000: calls $3
*** FLOP *** [7c Kd Ks]
reed 2000: checks
kolaz03: bets $3
reed 2000: folds
Uncalled bet ($3) returned to kolaz03
kolaz03 collected $11.76 from pot
kolaz03: doesn't show hand
*** SUMMARY ***
Total pot $12 | Rake $0.24
Board [7c Kd Ks]
Seat 1: reed 2000 (big blind) folded on the Flop
Seat 2: kolaz03 (button) (small blind) collected ($11.76)


PokerStars Hand #166190077687:  Hold'em Limit ($3/$6 USD) - 2017/02/14 5:22:17 ET
Table 'Alstede II' 6-max Seat #1 is the button
Seat 1: reed 2000 ($21.56 in chips)
Seat 2: kolaz03 ($79.28 in chips)
reed 2000: posts small blind $1
kolaz03: posts big blind $3
*** HOLE CARDS ***
reed 2000: raises $3 to $6
kolaz03: folds
Uncalled bet ($3) returned to reed 2000
reed 2000 collected $6 from pot
reed 2000: doesn't show hand
*** SUMMARY ***
Total pot $6 | Rake $0
Seat 1: reed 2000 (button) (small blind) collected ($6)
Seat 2: kolaz03 (big blind) folded before Flop


PokerStars Hand #166190073053:  Hold'em Limit ($3/$6 USD) - 2017/02/14 5:22:06 ET
Table 'Alstede II' 6-max Seat #2 is the button
Seat 1: reed 2000 ($20.56 in chips)
Seat 2: kolaz03 ($80.28 in chips)
kolaz03: posts small blind $1
reed 2000: posts big blind $3
*** HOLE CARDS ***
kolaz03: folds
Uncalled bet ($2) returned to reed 2000
reed 2000 collected $2 from pot
reed 2000: doesn't show hand
*** SUMMARY ***
Total pot $2 | Rake $0
Seat 1: reed 2000 (big blind) collected ($2)
Seat 2: kolaz03 (button) (small blind) folded before Flop


PokerStars Hand #166190063741:  Hold'em Limit ($3/$6 USD) - 2017/02/14 5:21:45 ET
Table 'Alstede II' 6-max Seat #2 is the button
Seat 1: reed 2000 ($11 in chips)
Seat 2: kolaz03 ($90.28 in chips)
kolaz03: posts small blind $1
reed 2000: posts big blind $3
*** HOLE CARDS ***
kolaz03: raises $3 to $6
reed 2000: raises $3 to $9
kolaz03: raises $3 to $12
Betting is capped
reed 2000: calls $2 and is all-in
Uncalled bet ($1) returned to kolaz03
*** FLOP *** [9c 9h 4d]
*** TURN *** [9c 9h 4d] [Qh]
*** RIVER *** [9c 9h 4d Qh] [3s]
*** SHOW DOWN ***
reed 2000: shows [5h Js] (a pair of Nines)
kolaz03: shows [8c Tc] (a pair of Nines - lower kicker)
reed 2000 collected $21.56 from pot
*** SUMMARY ***
Total pot $22 | Rake $0.44
Board [9c 9h 4d Qh 3s]
Seat 1: reed 2000 (big blind) showed [5h Js] and won ($21.56) with a pair of Nines
Seat 2: kolaz03 (button) (small blind) showed [8c Tc] and lost with a pair of Nines


PokerStars Hand #166190070859:  Hold'em Limit ($3/$6 USD) - 2017/02/14 5:22:01 ET
Table 'Alstede II' 6-max Seat #1 is the button
Seat 1: reed 2000 ($21.56 in chips)
Seat 2: kolaz03 ($79.28 in chips)
reed 2000: posts small blind $1
kolaz03: posts big blind $3
*** HOLE CARDS ***
reed 2000: folds
Uncalled bet ($2) returned to kolaz03
kolaz03 collected $2 from pot
kolaz03: doesn't show hand
*** SUMMARY ***
Total pot $2 | Rake $0
Seat 1: reed 2000 (button) (small blind) folded before Flop
Seat 2: kolaz03 (big blind) collected ($2)


PokerStars Hand #166190080342:  Hold'em Limit ($3/$6 USD) - 2017/02/14 5:22:23 ET
Table 'Alstede II' 6-max Seat #2 is the button
Seat 1: reed 2000 ($24.56 in chips)
Seat 2: kolaz03 ($76.28 in chips)
kolaz03: posts small blind $1
reed 2000: posts big blind $3
*** HOLE CARDS ***
kolaz03: raises $3 to $6
reed 2000: calls $3
*** FLOP *** [2d 3h Td]
reed 2000: checks
kolaz03: bets $3
reed 2000: raises $3 to $6
kolaz03: calls $3
*** TURN *** [2d 3h Td] [Qs]
reed 2000: bets $6
kolaz03: raises $6 to $12
reed 2000: raises $0.56 to $12.56 and is all-in
kolaz03: calls $0.56
*** RIVER *** [2d 3h Td Qs] [5h]
*** SHOW DOWN ***
reed 2000: shows [6s 9c] (high card Queen)
kolaz03: shows [8h 8s] (a pair of Eights)
kolaz03 collected $48.62 from pot
*** SUMMARY ***
Total pot $49.12 | Rake $0.50
Board [2d 3h Td Qs 5h]
Seat 1: reed 2000 (big blind) showed [6s 9c] and lost with high card Queen
Seat 2: kolaz03 (button) (small blind) showed [8h 8s] and won ($48.62) with a pair of Eights


