PokerStars Hand #151257687018:  Hold'em Limit ($3/$6 USD) - 2016/04/01 6:13:55 ET
Table 'Alstede' 6-max Seat #5 is the button
Seat 4: Mudager ($132.64 in chips)
Seat 5: Zeeon ($100 in chips)
Zeeon: posts small blind $1
Mudager: posts big blind $3
*** HOLE CARDS ***
Zeeon: folds
Uncalled bet ($2) returned to Mudager
Mudager collected $2 from pot
*** SUMMARY ***
Total pot $2 | Rake $0
Seat 4: Mudager (big blind) collected ($2)
Seat 5: Zeeon (button) (small blind) folded before Flop


PokerStars Hand #151257691003:  Hold'em Limit ($3/$6 USD) - 2016/04/01 6:14:04 ET
Table 'Alstede' 6-max Seat #4 is the button
Seat 4: Mudager ($133.64 in chips)
Seat 5: Zeeon ($99 in chips)
Mudager: posts small blind $1
Zeeon: posts big blind $3
*** HOLE CARDS ***
Mudager: raises $3 to $6
Zeeon: folds
Uncalled bet ($3) returned to Mudager
Mudager collected $6 from pot
Mudager: doesn't show hand
*** SUMMARY ***
Total pot $6 | Rake $0
Seat 4: Mudager (button) (small blind) collected ($6)
Seat 5: Zeeon (big blind) folded before Flop


PokerStars Hand #151257694390:  Hold'em Limit ($3/$6 USD) - 2016/04/01 6:14:12 ET
Table 'Alstede' 6-max Seat #5 is the button
Seat 4: Mudager ($136.64 in chips)
Seat 5: Zeeon ($96 in chips)
Zeeon: posts small blind $1
Mudager: posts big blind $3
*** HOLE CARDS ***
Zeeon: folds
Uncalled bet ($2) returned to Mudager
Mudager collected $2 from pot
Mudager: doesn't show hand
*** SUMMARY ***
Total pot $2 | Rake $0
Seat 4: Mudager (big blind) collected ($2)
Seat 5: Zeeon (button) (small blind) folded before Flop


PokerStars Hand #151257708951:  Hold'em Limit ($3/$6 USD) - 2016/04/01 6:14:45 ET
Table 'Alstede' 6-max Seat #5 is the button
Seat 4: Mudager ($149.40 in chips)
Seat 5: Zeeon ($83 in chips)
Zeeon: posts small blind $1
Mudager: posts big blind $3
*** HOLE CARDS ***
Zeeon: raises $3 to $6
Mudager: calls $3
*** FLOP *** [8s Jc 5c]
Mudager: checks
Zeeon: checks
*** TURN *** [8s Jc 5c] [Qc]
Mudager: bets $6
Zeeon: folds
Uncalled bet ($6) returned to Mudager
Mudager collected $11.76 from pot
Mudager: doesn't show hand
*** SUMMARY ***
Total pot $12 | Rake $0.24
Board [8s Jc 5c Qc]
Seat 4: Mudager (big blind) collected ($11.76)
Seat 5: Zeeon (button) (small blind) folded on the Turn


PokerStars Hand #151257700342:  Hold'em Limit ($3/$6 USD) - 2016/04/01 6:14:26 ET
Table 'Alstede' 6-max Seat #5 is the button
Seat 4: Mudager ($140.64 in chips)
Seat 5: Zeeon ($92 in chips)
Zeeon: posts small blind $1
Mudager: posts big blind $3
*** HOLE CARDS ***
Zeeon: raises $3 to $6
Mudager: calls $3
*** FLOP *** [3h 3d 6h]
Mudager: checks
Zeeon: checks
*** TURN *** [3h 3d 6h] [2d]
Mudager: bets $6
Zeeon: folds
Uncalled bet ($6) returned to Mudager
Mudager collected $11.76 from pot
Mudager: doesn't show hand
*** SUMMARY ***
Total pot $12 | Rake $0.24
Board [3h 3d 6h 2d]
Seat 4: Mudager (big blind) collected ($11.76)
Seat 5: Zeeon (button) (small blind) folded on the Turn


PokerStars Hand #151257706601:  Hold'em Limit ($3/$6 USD) - 2016/04/01 6:14:40 ET
Table 'Alstede' 6-max Seat #4 is the button
Seat 4: Mudager ($146.40 in chips)
Seat 5: Zeeon ($86 in chips)
Mudager: posts small blind $1
Zeeon: posts big blind $3
*** HOLE CARDS ***
Mudager: raises $3 to $6
Zeeon: folds
Uncalled bet ($3) returned to Mudager
Mudager collected $6 from pot
Mudager: doesn't show hand
*** SUMMARY ***
Total pot $6 | Rake $0
Seat 4: Mudager (button) (small blind) collected ($6)
Seat 5: Zeeon (big blind) folded before Flop


PokerStars Hand #151257696355:  Hold'em Limit ($3/$6 USD) - 2016/04/01 6:14:17 ET
Table 'Alstede' 6-max Seat #4 is the button
Seat 4: Mudager ($137.64 in chips)
Seat 5: Zeeon ($95 in chips)
Mudager: posts small blind $1
Zeeon: posts big blind $3
*** HOLE CARDS ***
Mudager: raises $3 to $6
Zeeon: folds
Uncalled bet ($3) returned to Mudager
Mudager collected $6 from pot
Mudager: doesn't show hand
*** SUMMARY ***
Total pot $6 | Rake $0
Seat 4: Mudager (button) (small blind) collected ($6)
Seat 5: Zeeon (big blind) folded before Flop


PokerStars Hand #151257722369:  Hold'em Limit ($3/$6 USD) - 2016/04/01 6:15:16 ET
Table 'Alstede' 6-max Seat #5 is the button
Seat 4: Mudager ($154.16 in chips)
Seat 5: Zeeon ($78 in chips)
Zeeon: posts small blind $1
Mudager: posts big blind $3
*** HOLE CARDS ***
Zeeon: folds
Uncalled bet ($2) returned to Mudager
Mudager collected $2 from pot
Mudager: doesn't show hand
*** SUMMARY ***
Total pot $2 | Rake $0
Seat 4: Mudager (big blind) collected ($2)
Seat 5: Zeeon (button) (small blind) folded before Flop


PokerStars Hand #151257728154:  Hold'em Limit ($3/$6 USD) - 2016/04/01 6:15:29 ET
Table 'Alstede' 6-max Seat #4 is the button
Seat 4: Mudager ($155.16 in chips)
Seat 5: Zeeon ($77 in chips)
Mudager: posts small blind $1
Zeeon: posts big blind $3
*** HOLE CARDS ***
Mudager: raises $3 to $6
Zeeon: calls $3
*** FLOP *** [Th 4h 6d]
Zeeon: checks
Mudager: bets $3
Zeeon: raises $3 to $6
glottis88 joins the table at seat #3
Mudager: calls $3
*** TURN *** [Th 4h 6d] [Ad]
Zeeon: checks
Mudager: bets $6
Zeeon: calls $6
*** RIVER *** [Th 4h 6d Ad] [8h]
Zeeon: checks
Mudager: checks
*** SHOW DOWN ***
Zeeon: shows [Tc Kh] (a pair of Tens)
Mudager: mucks hand
Zeeon collected $35.50 from pot
*** SUMMARY ***
Total pot $36 | Rake $0.50
Board [Th 4h 6d Ad 8h]
Seat 4: Mudager (button) (small blind) mucked
Seat 5: Zeeon (big blind) showed [Tc Kh] and won ($35.50) with a pair of Tens


PokerStars Hand #151257719345:  Hold'em Limit ($3/$6 USD) - 2016/04/01 6:15:09 ET
Table 'Alstede' 6-max Seat #4 is the button
Seat 4: Mudager ($155.16 in chips)
Seat 5: Zeeon ($77 in chips)
Mudager: posts small blind $1
Zeeon: posts big blind $3
*** HOLE CARDS ***
Mudager: folds
Uncalled bet ($2) returned to Zeeon
Zeeon collected $2 from pot
*** SUMMARY ***
Total pot $2 | Rake $0
Seat 4: Mudager (button) (small blind) folded before Flop
Seat 5: Zeeon (big blind) collected ($2)


PokerStars Hand #151260352931:  Hold'em Limit ($3/$6 USD) - 2016/04/01 7:47:23 ET
Table 'Alstede' 6-max Seat #4 is the button
Seat 1: hookonhook ($115.76 in chips)
Seat 4: VolkovDmitri ($150.69 in chips)
VolkovDmitri: posts small blind $1
abatic: is sitting out
hookonhook: posts big blind $3
*** HOLE CARDS ***
VolkovDmitri: raises $3 to $6
abatic leaves the table
hookonhook: calls $3
*** FLOP *** [3c Tc Ah]
hookonhook: checks
VolkovDmitri: bets $3
hookonhook: raises $3 to $6
VolkovDmitri: folds
Uncalled bet ($3) returned to hookonhook
hookonhook collected $17.64 from pot
*** SUMMARY ***
Total pot $18 | Rake $0.36
Board [3c Tc Ah]
Seat 1: hookonhook (big blind) collected ($17.64)
Seat 4: VolkovDmitri (button) (small blind) folded on the Flop


PokerStars Hand #151260362986:  Hold'em Limit ($3/$6 USD) - 2016/04/01 7:47:42 ET
Table 'Alstede' 6-max Seat #1 is the button
Seat 1: hookonhook ($124.40 in chips)
Seat 4: VolkovDmitri ($141.69 in chips)
hookonhook: posts small blind $1
VolkovDmitri: posts big blind $3
*** HOLE CARDS ***
hookonhook: raises $3 to $6
VolkovDmitri: raises $3 to $9
hookonhook: calls $3
*** FLOP *** [5c 8s 3c]
VolkovDmitri: bets $3
hookonhook: calls $3
*** TURN *** [5c 8s 3c] [4s]
VolkovDmitri: checks
hookonhook: checks
*** RIVER *** [5c 8s 3c 4s] [5h]
VolkovDmitri: checks
hookonhook: bets $6
VolkovDmitri: calls $6
*** SHOW DOWN ***
hookonhook: shows [7d Kc] (a pair of Fives)
VolkovDmitri: shows [Th Kh] (a pair of Fives - King+Ten kicker)
VolkovDmitri collected $35.50 from pot
*** SUMMARY ***
Total pot $36 | Rake $0.50
Board [5c 8s 3c 4s 5h]
Seat 1: hookonhook (button) (small blind) showed [7d Kc] and lost with a pair of Fives
Seat 4: VolkovDmitri (big blind) showed [Th Kh] and won ($35.50) with a pair of Fives


