PokerStars Hand #169553278692:  Hold'em Limit ($3/$6 USD) - 2017/04/25 16:10:16 ET
Table 'Alstede' 10-max Seat #5 is the button
Seat 5: simper11 ($120 in chips)
Seat 10: Jojje_G ($172.99 in chips)
simper11: posts small blind $1
Jojje_G: posts big blind $3
*** HOLE CARDS ***
simper11: raises $3 to $6
Jojje_G: calls $3
*** FLOP *** [7h Ac 2h]
Jojje_G: checks
xxRGx joins the table at seat #3
simper11: bets $3
Jojje_G: folds
Uncalled bet ($3) returned to simper11
simper11 collected $11.76 from pot
simper11: doesn't show hand
*** SUMMARY ***
Total pot $12 | Rake $0.24
Board [7h Ac 2h]
Seat 5: simper11 (button) (small blind) collected ($11.76)
Seat 10: Jojje_G (big blind) folded on the Flop


PokerStars Hand #169553260741:  Hold'em Limit ($3/$6 USD) - 2017/04/25 16:09:56 ET
Table 'Alstede' 10-max Seat #10 is the button
Seat 5: simper11 ($120 in chips)
Seat 10: Jojje_G ($152.49 in chips)
Jojje_G: posts small blind $1
simper11: posts big blind $3
*** HOLE CARDS ***
Evgenia56 joins the table at seat #1
Jojje_G: raises $3 to $6
simper11: calls $3
*** FLOP *** [7d 5c 3d]
simper11: checks
Jojje_G: bets $3
simper11: calls $3
*** TURN *** [7d 5c 3d] [Kh]
simper11: checks
Jojje_G: bets $6
simper11: calls $6
*** RIVER *** [7d 5c 3d Kh] [5h]
simper11: checks
Jojje_G: bets $6
simper11: calls $6
*** SHOW DOWN ***
Jojje_G: shows [7s Ac] (two pair, Sevens and Fives)
simper11: mucks hand
Jojje_G collected $41.50 from pot
*** SUMMARY ***
Total pot $42 | Rake $0.50
Board [7d 5c 3d Kh 5h]
Seat 5: simper11 (big blind) mucked
Seat 10: Jojje_G (button) (small blind) showed [7s Ac] and won ($41.50) with two pair, Sevens and Fives


PokerStars Hand #169553242472:  Hold'em Limit ($3/$6 USD) - 2017/04/25 16:09:36 ET
Table 'Alstede' 10-max Seat #5 is the button
Seat 5: simper11 ($121 in chips)
Seat 10: Jojje_G ($128.99 in chips)
simper11: posts small blind $1
Jojje_G: posts big blind $3
*** HOLE CARDS ***
simper11: raises $3 to $6
Jojje_G: calls $3
*** FLOP *** [3c 7h Tc]
Jojje_G: checks
simper11: bets $3
Jojje_G: raises $3 to $6
simper11: calls $3
*** TURN *** [3c 7h Tc] [3h]
Jojje_G: bets $6
simper11: calls $6
*** RIVER *** [3c 7h Tc 3h] [Kd]
Jojje_G: checks
simper11: bets $6
Jojje_G: calls $6
*** SHOW DOWN ***
simper11: shows [5s 6s] (a pair of Threes)
Jojje_G: shows [9h 7d] (two pair, Sevens and Threes)
Jojje_G collected $47.50 from pot
*** SUMMARY ***
Total pot $48 | Rake $0.50
Board [3c 7h Tc 3h Kd]
Seat 5: simper11 (button) (small blind) showed [5s 6s] and lost with a pair of Threes
Seat 10: Jojje_G (big blind) showed [9h 7d] and won ($47.50) with two pair, Sevens and Threes


PokerStars Hand #169554583139:  Hold'em Limit ($3/$6 USD) - 2017/04/25 16:34:52 ET
Table 'Alstede' 10-max Seat #7 is the button
Seat 2: Chessnok ($130.82 in chips)
Seat 7: Qvidde ($73.61 in chips)
Qvidde: posts small blind $1
calimero63: is sitting out
Chessnok: posts big blind $3
*** HOLE CARDS ***
Qvidde: raises $3 to $6
Chessnok: calls $3
*** FLOP *** [6s Jh 2s]
Chessnok: checks
calimero63 leaves the table
Qvidde: bets $3
Chessnok: calls $3
*** TURN *** [6s Jh 2s] [Kh]
Chessnok: checks
Qvidde: checks
*** RIVER *** [6s Jh 2s Kh] [5d]
Chessnok: bets $6
Qvidde: folds
Uncalled bet ($6) returned to Chessnok
Chessnok collected $17.64 from pot
Chessnok: doesn't show hand
*** SUMMARY ***
Total pot $18 | Rake $0.36
Board [6s Jh 2s Kh 5d]
Seat 2: Chessnok (big blind) collected ($17.64)
Seat 7: Qvidde (button) (small blind) folded on the River


PokerStars Hand #169554616134:  Hold'em Limit ($3/$6 USD) - 2017/04/25 16:35:30 ET
Table 'Alstede' 10-max Seat #2 is the button
Seat 2: Chessnok ($139.46 in chips)
Seat 7: Qvidde ($64.61 in chips)
Chessnok: posts small blind $1
Qvidde: posts big blind $3
*** HOLE CARDS ***
Chessnok: calls $2
Qvidde: raises $3 to $6
Chessnok: calls $3
*** FLOP *** [9s Tc 8h]
Qvidde: bets $3
Chessnok: calls $3
*** TURN *** [9s Tc 8h] [7d]
Qvidde: checks
Chessnok: bets $6
Qvidde: calls $6
*** RIVER *** [9s Tc 8h 7d] [9h]
Qvidde: checks
Chessnok: bets $6
Qvidde: calls $6
*** SHOW DOWN ***
Chessnok: shows [7h 6c] (a straight, Six to Ten)
Qvidde: mucks hand
Chessnok collected $41.50 from pot
*** SUMMARY ***
Total pot $42 | Rake $0.50
Board [9s Tc 8h 7d 9h]
Seat 2: Chessnok (button) (small blind) showed [7h 6c] and won ($41.50) with a straight, Six to Ten
Seat 7: Qvidde (big blind) mucked


