PokerStars Hand #172209375789:  Hold'em Limit ($3/$6 USD) - 2017/06/25 4:34:20 ET
Table 'Alsuhail II' 6-max Seat #2 is the button
Seat 2: hassan67 ($120 in chips)
Seat 3: CatPuppy1999 ($72 in chips)
hassan67: posts small blind $1
CatPuppy1999: posts big blind $3
*** HOLE CARDS ***
hassan67: raises $3 to $6
CatPuppy1999: calls $3
*** FLOP *** [3c Tc Ah]
CatPuppy1999: checks
hassan67: bets $3
CatPuppy1999: calls $3
*** TURN *** [3c Tc Ah] [2s]
CatPuppy1999: checks
hassan67: bets $6
CatPuppy1999: folds
Uncalled bet ($6) returned to hassan67
hassan67 collected $17.64 from pot
hassan67: doesn't show hand
*** SUMMARY ***
Total pot $18 | Rake $0.36
Board [3c Tc Ah 2s]
Seat 2: hassan67 (button) (small blind) collected ($17.64)
Seat 3: CatPuppy1999 (big blind) folded on the Turn


PokerStars Hand #172209373826:  Hold'em Limit ($3/$6 USD) - 2017/06/25 4:34:14 ET
Table 'Alsuhail II' 6-max Seat #3 is the button
Seat 2: hassan67 ($119 in chips)
Seat 3: CatPuppy1999 ($72 in chips)
CatPuppy1999: posts small blind $1
hassan67: posts big blind $3
*** HOLE CARDS ***
CatPuppy1999: folds
Uncalled bet ($2) returned to hassan67
hassan67 collected $2 from pot
hassan67: doesn't show hand
*** SUMMARY ***
Total pot $2 | Rake $0
Seat 2: hassan67 (big blind) collected ($2)
Seat 3: CatPuppy1999 (button) (small blind) folded before Flop


PokerStars Hand #172209368097:  Hold'em Limit ($3/$6 USD) - 2017/06/25 4:33:57 ET
Table 'Alsuhail II' 6-max Seat #2 is the button
Seat 2: hassan67 ($120 in chips)
Seat 3: CatPuppy1999 ($48 in chips)
hassan67: posts small blind $1
CatPuppy1999: posts big blind $3
*** HOLE CARDS ***
hassan67: folds
Uncalled bet ($2) returned to CatPuppy1999
CatPuppy1999 collected $2 from pot
CatPuppy1999: doesn't show hand
*** SUMMARY ***
Total pot $2 | Rake $0
Seat 2: hassan67 (button) (small blind) folded before Flop
Seat 3: CatPuppy1999 (big blind) collected ($2)


PokerStars Hand #172209395166:  Hold'em Limit ($3/$6 USD) - 2017/06/25 4:35:16 ET
Table 'Alsuhail II' 6-max Seat #2 is the button
Seat 2: hassan67 ($125.64 in chips)
Seat 3: CatPuppy1999 ($75 in chips)
hassan67: posts small blind $1
CatPuppy1999: posts big blind $3
*** HOLE CARDS ***
hassan67: raises $3 to $6
CatPuppy1999: calls $3
*** FLOP *** [6d 2s 3d]
CatPuppy1999: checks
hassan67: bets $3
CatPuppy1999: folds
Uncalled bet ($3) returned to hassan67
hassan67 collected $11.76 from pot
hassan67: doesn't show hand
*** SUMMARY ***
Total pot $12 | Rake $0.24
Board [6d 2s 3d]
Seat 2: hassan67 (button) (small blind) collected ($11.76)
Seat 3: CatPuppy1999 (big blind) folded on the Flop


PokerStars Hand #172209388743:  Hold'em Limit ($3/$6 USD) - 2017/06/25 4:34:58 ET
Table 'Alsuhail II' 6-max Seat #3 is the button
Seat 2: hassan67 ($128.64 in chips)
Seat 3: CatPuppy1999 ($72 in chips)
CatPuppy1999: posts small blind $1
hassan67: posts big blind $3
*** HOLE CARDS ***
CatPuppy1999: raises $3 to $6
hassan67: folds
Uncalled bet ($3) returned to CatPuppy1999
CatPuppy1999 collected $6 from pot
CatPuppy1999: doesn't show hand
*** SUMMARY ***
Total pot $6 | Rake $0
Seat 2: hassan67 (big blind) folded before Flop
Seat 3: CatPuppy1999 (button) (small blind) collected ($6)


PokerStars Hand #172209423760:  Hold'em Limit ($3/$6 USD) - 2017/06/25 4:36:41 ET
Table 'Alsuhail II' 6-max Seat #3 is the button
Seat 2: hassan67 ($131.16 in chips)
Seat 3: CatPuppy1999 ($72 in chips)
CatPuppy1999: posts small blind $1
hassan67: posts big blind $3
*** HOLE CARDS ***
CatPuppy1999: raises $3 to $6
hassan67: folds
Uncalled bet ($3) returned to CatPuppy1999
CatPuppy1999 collected $6 from pot
CatPuppy1999: doesn't show hand
*** SUMMARY ***
Total pot $6 | Rake $0
Seat 2: hassan67 (big blind) folded before Flop
Seat 3: CatPuppy1999 (button) (small blind) collected ($6)


PokerStars Hand #172209415403:  Hold'em Limit ($3/$6 USD) - 2017/06/25 4:36:16 ET
Table 'Alsuhail II' 6-max Seat #2 is the button
Seat 2: hassan67 ($125.40 in chips)
Seat 3: CatPuppy1999 ($77.76 in chips)
hassan67: posts small blind $1
CatPuppy1999: posts big blind $3
*** HOLE CARDS ***
hassan67: raises $3 to $6
CatPuppy1999: calls $3
*** FLOP *** [2c Td Jd]
CatPuppy1999: checks
hassan67: bets $3
CatPuppy1999: folds
Uncalled bet ($3) returned to hassan67
hassan67 collected $11.76 from pot
hassan67: doesn't show hand
*** SUMMARY ***
Total pot $12 | Rake $0.24
Board [2c Td Jd]
Seat 2: hassan67 (button) (small blind) collected ($11.76)
Seat 3: CatPuppy1999 (big blind) folded on the Flop


PokerStars Hand #172209404976:  Hold'em Limit ($3/$6 USD) - 2017/06/25 4:35:45 ET
Table 'Alsuhail II' 6-max Seat #3 is the button
Seat 2: hassan67 ($131.40 in chips)
Seat 3: CatPuppy1999 ($72 in chips)
CatPuppy1999: posts small blind $1
hassan67: posts big blind $3
*** HOLE CARDS ***
CatPuppy1999: raises $3 to $6
hassan67: calls $3
*** FLOP *** [9h Ad 7c]
hassan67: checks
CatPuppy1999: bets $3
hassan67: folds
Uncalled bet ($3) returned to CatPuppy1999
CatPuppy1999 collected $11.76 from pot
CatPuppy1999: doesn't show hand
*** SUMMARY ***
Total pot $12 | Rake $0.24
Board [9h Ad 7c]
Seat 2: hassan67 (big blind) folded on the Flop
Seat 3: CatPuppy1999 (button) (small blind) collected ($11.76)


PokerStars Hand #172209426728:  Hold'em Limit ($3/$6 USD) - 2017/06/25 4:36:50 ET
Table 'Alsuhail II' 6-max Seat #2 is the button
Seat 2: hassan67 ($128.16 in chips)
Seat 3: CatPuppy1999 ($75 in chips)
hassan67: posts small blind $1
CatPuppy1999: posts big blind $3
*** HOLE CARDS ***
hassan67: raises $3 to $6
CatPuppy1999: calls $3
*** FLOP *** [Tc 3s 9h]
CatPuppy1999: checks
hassan67: bets $3
CatPuppy1999: raises $3 to $6
hassan67: raises $3 to $9
CatPuppy1999: calls $3
*** TURN *** [Tc 3s 9h] [Js]
CatPuppy1999: checks
hassan67: bets $6
CatPuppy1999: calls $6
*** RIVER *** [Tc 3s 9h Js] [3d]
CatPuppy1999: checks
hassan67: bets $6
CatPuppy1999: calls $6
*** SHOW DOWN ***
hassan67: shows [Td Qs] (two pair, Tens and Threes)
CatPuppy1999: mucks hand
hassan67 collected $53.50 from pot
*** SUMMARY ***
Total pot $54 | Rake $0.50
Board [Tc 3s 9h Js 3d]
Seat 2: hassan67 (button) (small blind) showed [Td Qs] and won ($53.50) with two pair, Tens and Threes
Seat 3: CatPuppy1999 (big blind) mucked


PokerStars Hand #172209466827:  Hold'em Limit ($3/$6 USD) - 2017/06/25 4:38:48 ET
Table 'Alsuhail II' 6-max Seat #3 is the button
Seat 2: hassan67 ($164.16 in chips)
Seat 3: CatPuppy1999 ($77 in chips)
CatPuppy1999: posts small blind $1
hassan67: posts big blind $3
*** HOLE CARDS ***
CatPuppy1999: raises $3 to $6
hassan67: folds
Uncalled bet ($3) returned to CatPuppy1999
CatPuppy1999 collected $6 from pot
CatPuppy1999: doesn't show hand
*** SUMMARY ***
Total pot $6 | Rake $0
Seat 2: hassan67 (big blind) folded before Flop
Seat 3: CatPuppy1999 (button) (small blind) collected ($6)


PokerStars Hand #172209463847:  Hold'em Limit ($3/$6 USD) - 2017/06/25 4:38:39 ET
Table 'Alsuhail II' 6-max Seat #2 is the button
Seat 2: hassan67 ($165.16 in chips)
Seat 3: CatPuppy1999 ($76 in chips)
hassan67: posts small blind $1
CatPuppy1999: posts big blind $3
*** HOLE CARDS ***
hassan67: folds
Uncalled bet ($2) returned to CatPuppy1999
CatPuppy1999 collected $2 from pot
CatPuppy1999: doesn't show hand
*** SUMMARY ***
Total pot $2 | Rake $0
Seat 2: hassan67 (button) (small blind) folded before Flop
Seat 3: CatPuppy1999 (big blind) collected ($2)


PokerStars Hand #172209458653:  Hold'em Limit ($3/$6 USD) - 2017/06/25 4:38:23 ET
Table 'Alsuhail II' 6-max Seat #3 is the button
Seat 2: hassan67 ($168.16 in chips)
Seat 3: CatPuppy1999 ($73 in chips)
CatPuppy1999: posts small blind $1
hassan67: posts big blind $3
*** HOLE CARDS ***
CatPuppy1999: raises $3 to $6
hassan67: folds
Uncalled bet ($3) returned to CatPuppy1999
CatPuppy1999 collected $6 from pot
CatPuppy1999: doesn't show hand
*** SUMMARY ***
Total pot $6 | Rake $0
Seat 2: hassan67 (big blind) folded before Flop
Seat 3: CatPuppy1999 (button) (small blind) collected ($6)


PokerStars Hand #172209456015:  Hold'em Limit ($3/$6 USD) - 2017/06/25 4:38:16 ET
Table 'Alsuhail II' 6-max Seat #2 is the button
Seat 2: hassan67 ($169.16 in chips)
Seat 3: CatPuppy1999 ($72 in chips)
hassan67: posts small blind $1
CatPuppy1999: posts big blind $3
*** HOLE CARDS ***
hassan67: folds
Uncalled bet ($2) returned to CatPuppy1999
CatPuppy1999 collected $2 from pot
CatPuppy1999: doesn't show hand
*** SUMMARY ***
Total pot $2 | Rake $0
Seat 2: hassan67 (button) (small blind) folded before Flop
Seat 3: CatPuppy1999 (big blind) collected ($2)


PokerStars Hand #172209439030:  Hold'em Limit ($3/$6 USD) - 2017/06/25 4:37:26 ET
Table 'Alsuhail II' 6-max Seat #3 is the button
Seat 2: hassan67 ($154.66 in chips)
Seat 3: CatPuppy1999 ($72 in chips)
CatPuppy1999: posts small blind $1
hassan67: posts big blind $3
*** HOLE CARDS ***
CatPuppy1999: raises $3 to $6
hassan67: calls $3
*** FLOP *** [4h Ac 2c]
hassan67: bets $3
CatPuppy1999: calls $3
*** TURN *** [4h Ac 2c] [4d]
hassan67: checks
CatPuppy1999: checks
*** RIVER *** [4h Ac 2c 4d] [3d]
hassan67: bets $6
CatPuppy1999: calls $6
*** SHOW DOWN ***
hassan67: shows [5d Jd] (a straight, Ace to Five)
CatPuppy1999: mucks hand
hassan67 collected $29.50 from pot
*** SUMMARY ***
Total pot $30 | Rake $0.50
Board [4h Ac 2c 4d 3d]
Seat 2: hassan67 (big blind) showed [5d Jd] and won ($29.50) with a straight, Ace to Five
Seat 3: CatPuppy1999 (button) (small blind) mucked


PokerStars Hand #172209473515:  Hold'em Limit ($3/$6 USD) - 2017/06/25 4:39:08 ET
Table 'Alsuhail II' 6-max Seat #3 is the button
Seat 2: hassan67 ($160.16 in chips)
Seat 3: CatPuppy1999 ($81 in chips)
CatPuppy1999: posts small blind $1
hassan67: posts big blind $3
*** HOLE CARDS ***
CatPuppy1999: folds
Uncalled bet ($2) returned to hassan67
hassan67 collected $2 from pot
hassan67: doesn't show hand
*** SUMMARY ***
Total pot $2 | Rake $0
Seat 2: hassan67 (big blind) collected ($2)
Seat 3: CatPuppy1999 (button) (small blind) folded before Flop


PokerStars Hand #172209470170:  Hold'em Limit ($3/$6 USD) - 2017/06/25 4:38:58 ET
Table 'Alsuhail II' 6-max Seat #2 is the button
Seat 2: hassan67 ($161.16 in chips)
Seat 3: CatPuppy1999 ($80 in chips)
hassan67: posts small blind $1
CatPuppy1999: posts big blind $3
*** HOLE CARDS ***
hassan67: folds
Uncalled bet ($2) returned to CatPuppy1999
CatPuppy1999 collected $2 from pot
CatPuppy1999: doesn't show hand
*** SUMMARY ***
Total pot $2 | Rake $0
Seat 2: hassan67 (button) (small blind) folded before Flop
Seat 3: CatPuppy1999 (big blind) collected ($2)


PokerStars Hand #172209494039:  Hold'em Limit ($3/$6 USD) - 2017/06/25 4:40:08 ET
Table 'Alsuhail II' 6-max Seat #3 is the button
Seat 2: hassan67 ($152.16 in chips)
Seat 3: CatPuppy1999 ($88.64 in chips)
CatPuppy1999: posts small blind $1
hassan67: posts big blind $3
*** HOLE CARDS ***
CatPuppy1999: raises $3 to $6
hassan67: calls $3
*** FLOP *** [2d As 6d]
hassan67: checks
CatPuppy1999: bets $3
hassan67: calls $3
*** TURN *** [2d As 6d] [8d]
hassan67: checks
CatPuppy1999: checks
*** RIVER *** [2d As 6d 8d] [7h]
hassan67: bets $6
CatPuppy1999: calls $6
*** SHOW DOWN ***
hassan67: shows [4c 3c] (high card Ace)
CatPuppy1999: shows [Qc 2s] (a pair of Deuces)
CatPuppy1999 collected $29.50 from pot
*** SUMMARY ***
Total pot $30 | Rake $0.50
Board [2d As 6d 8d 7h]
Seat 2: hassan67 (big blind) showed [4c 3c] and lost with high card Ace
Seat 3: CatPuppy1999 (button) (small blind) showed [Qc 2s] and won ($29.50) with a pair of Deuces


PokerStars Hand #172209521660:  Hold'em Limit ($3/$6 USD) - 2017/06/25 4:41:31 ET
Table 'Alsuhail II' 6-max Seat #3 is the button
Seat 2: hassan67 ($122.16 in chips)
Seat 3: CatPuppy1999 ($117.64 in chips)
CatPuppy1999: posts small blind $1
hassan67: posts big blind $3
*** HOLE CARDS ***
CatPuppy1999: raises $3 to $6
hassan67: raises $3 to $9
CatPuppy1999: calls $3
*** FLOP *** [Ad Jc 6c]
hassan67: bets $3
CatPuppy1999: folds
Uncalled bet ($3) returned to hassan67
hassan67 collected $17.64 from pot
hassan67: doesn't show hand
*** SUMMARY ***
Total pot $18 | Rake $0.36
Board [Ad Jc 6c]
Seat 2: hassan67 (big blind) collected ($17.64)
Seat 3: CatPuppy1999 (button) (small blind) folded on the Flop


PokerStars Hand #172209507129:  Hold'em Limit ($3/$6 USD) - 2017/06/25 4:40:47 ET
Table 'Alsuhail II' 6-max Seat #2 is the button
Seat 2: hassan67 ($137.16 in chips)
Seat 3: CatPuppy1999 ($103.14 in chips)
hassan67: posts small blind $1
CatPuppy1999: posts big blind $3
*** HOLE CARDS ***
hassan67: raises $3 to $6
CatPuppy1999: raises $3 to $9
hassan67: raises $3 to $12
Betting is capped
CatPuppy1999: calls $3
*** FLOP *** [9h 8c 2s]
CatPuppy1999: checks
hassan67: bets $3
CatPuppy1999: calls $3
*** TURN *** [9h 8c 2s] [Ah]
CatPuppy1999: checks
hassan67: checks
*** RIVER *** [9h 8c 2s Ah] [5c]
CatPuppy1999: bets $6
hassan67: folds
Uncalled bet ($6) returned to CatPuppy1999
CatPuppy1999 collected $29.50 from pot
CatPuppy1999: doesn't show hand
*** SUMMARY ***
Total pot $30 | Rake $0.50
Board [9h 8c 2s Ah 5c]
Seat 2: hassan67 (button) (small blind) folded on the River
Seat 3: CatPuppy1999 (big blind) collected ($29.50)


PokerStars Hand #172209544810:  Hold'em Limit ($3/$6 USD) - 2017/06/25 4:42:38 ET
Table 'Alsuhail II' 6-max Seat #2 is the button
Seat 2: hassan67 ($118.80 in chips)
Seat 3: CatPuppy1999 ($120.28 in chips)
hassan67: posts small blind $1
CatPuppy1999: posts big blind $3
*** HOLE CARDS ***
hassan67: folds
Uncalled bet ($2) returned to CatPuppy1999
CatPuppy1999 collected $2 from pot
CatPuppy1999: doesn't show hand
*** SUMMARY ***
Total pot $2 | Rake $0
Seat 2: hassan67 (button) (small blind) folded before Flop
Seat 3: CatPuppy1999 (big blind) collected ($2)


PokerStars Hand #172209538643:  Hold'em Limit ($3/$6 USD) - 2017/06/25 4:42:20 ET
Table 'Alsuhail II' 6-max Seat #3 is the button
Seat 2: hassan67 ($121.80 in chips)
Seat 3: CatPuppy1999 ($117.28 in chips)
CatPuppy1999: posts small blind $1
hassan67: posts big blind $3
*** HOLE CARDS ***
CatPuppy1999: raises $3 to $6
hassan67: folds
Uncalled bet ($3) returned to CatPuppy1999
CatPuppy1999 collected $6 from pot
CatPuppy1999: doesn't show hand
*** SUMMARY ***
Total pot $6 | Rake $0
Seat 2: hassan67 (big blind) folded before Flop
Seat 3: CatPuppy1999 (button) (small blind) collected ($6)


PokerStars Hand #172209528497:  Hold'em Limit ($3/$6 USD) - 2017/06/25 4:41:51 ET
Table 'Alsuhail II' 6-max Seat #2 is the button
Seat 2: hassan67 ($130.80 in chips)
Seat 3: CatPuppy1999 ($108.64 in chips)
hassan67: posts small blind $1
CatPuppy1999: posts big blind $3
*** HOLE CARDS ***
hassan67: raises $3 to $6
CatPuppy1999: calls $3
*** FLOP *** [Js 5h Kd]
CatPuppy1999: checks
hassan67: bets $3
CatPuppy1999: calls $3
*** TURN *** [Js 5h Kd] [2d]
CatPuppy1999: checks
hassan67: checks
*** RIVER *** [Js 5h Kd 2d] [4c]
CatPuppy1999: bets $6
hassan67: folds
Uncalled bet ($6) returned to CatPuppy1999
CatPuppy1999 collected $17.64 from pot
CatPuppy1999: doesn't show hand
*** SUMMARY ***
Total pot $18 | Rake $0.36
Board [Js 5h Kd 2d 4c]
Seat 2: hassan67 (button) (small blind) folded on the River
Seat 3: CatPuppy1999 (big blind) collected ($17.64)


PokerStars Hand #172209560131:  Hold'em Limit ($3/$6 USD) - 2017/06/25 4:43:23 ET
Table 'Alsuhail II' 6-max Seat #2 is the button
Seat 2: hassan67 ($96.80 in chips)
Seat 3: CatPuppy1999 ($141.78 in chips)
hassan67: posts small blind $1
CatPuppy1999: posts big blind $3
*** HOLE CARDS ***
hassan67: raises $3 to $6
CatPuppy1999: raises $3 to $9
hassan67: calls $3
*** FLOP *** [8c Ad 6s]
CatPuppy1999: bets $3
hassan67: raises $3 to $6
CatPuppy1999: folds
Uncalled bet ($3) returned to hassan67
hassan67 collected $23.52 from pot
hassan67: doesn't show hand
*** SUMMARY ***
Total pot $24 | Rake $0.48
Board [8c Ad 6s]
Seat 2: hassan67 (button) (small blind) collected ($23.52)
Seat 3: CatPuppy1999 (big blind) folded on the Flop


PokerStars Hand #172209548991:  Hold'em Limit ($3/$6 USD) - 2017/06/25 4:42:51 ET
Table 'Alsuhail II' 6-max Seat #3 is the button
Seat 2: hassan67 ($117.80 in chips)
Seat 3: CatPuppy1999 ($121.28 in chips)
CatPuppy1999: posts small blind $1
hassan67: posts big blind $3
*** HOLE CARDS ***
CatPuppy1999: raises $3 to $6
hassan67: calls $3
*** FLOP *** [2d Ks Jc]
hassan67: checks
CatPuppy1999: bets $3
hassan67: calls $3
*** TURN *** [2d Ks Jc] [7d]
hassan67: checks
CatPuppy1999: checks
*** RIVER *** [2d Ks Jc 7d] [7c]
hassan67: bets $6
CatPuppy1999: raises $6 to $12
hassan67: calls $6
*** SHOW DOWN ***
CatPuppy1999: shows [7h 4s] (three of a kind, Sevens)
hassan67: mucks hand
CatPuppy1999 collected $41.50 from pot
*** SUMMARY ***
Total pot $42 | Rake $0.50
Board [2d Ks Jc 7d 7c]
Seat 2: hassan67 (big blind) mucked
Seat 3: CatPuppy1999 (button) (small blind) showed [7h 4s] and won ($41.50) with three of a kind, Sevens


PokerStars Hand #172209587410:  Hold'em Limit ($3/$6 USD) - 2017/06/25 4:44:42 ET
Table 'Alsuhail II' 6-max Seat #2 is the button
Seat 2: hassan67 ($137.82 in chips)
Seat 3: CatPuppy1999 ($99.78 in chips)
hassan67: posts small blind $1
CatPuppy1999: posts big blind $3
*** HOLE CARDS ***
hassan67: raises $3 to $6
CatPuppy1999: folds
Uncalled bet ($3) returned to hassan67
hassan67 collected $6 from pot
hassan67: doesn't show hand
*** SUMMARY ***
Total pot $6 | Rake $0
Seat 2: hassan67 (button) (small blind) collected ($6)
Seat 3: CatPuppy1999 (big blind) folded before Flop


PokerStars Hand #172209572212:  Hold'em Limit ($3/$6 USD) - 2017/06/25 4:43:58 ET
Table 'Alsuhail II' 6-max Seat #3 is the button
Seat 2: hassan67 ($108.32 in chips)
Seat 3: CatPuppy1999 ($129.78 in chips)
CatPuppy1999: posts small blind $1
hassan67: posts big blind $3
*** HOLE CARDS ***
CatPuppy1999: raises $3 to $6
hassan67: raises $3 to $9
CatPuppy1999: calls $3
*** FLOP *** [Ah 9c 8s]
hassan67: bets $3
CatPuppy1999: calls $3
*** TURN *** [Ah 9c 8s] [6h]
hassan67: bets $6
CatPuppy1999: raises $6 to $12
hassan67: calls $6
*** RIVER *** [Ah 9c 8s 6h] [3h]
hassan67: checks
CatPuppy1999: bets $6
hassan67: calls $6
*** SHOW DOWN ***
CatPuppy1999: shows [Qh Js] (high card Ace)
hassan67: shows [Qc Ac] (a pair of Aces)
hassan67 collected $59.50 from pot
*** SUMMARY ***
Total pot $60 | Rake $0.50
Board [Ah 9c 8s 6h 3h]
Seat 2: hassan67 (big blind) showed [Qc Ac] and won ($59.50) with a pair of Aces
Seat 3: CatPuppy1999 (button) (small blind) showed [Qh Js] and lost with high card Ace


PokerStars Hand #172209595861:  Hold'em Limit ($3/$6 USD) - 2017/06/25 4:45:06 ET
Table 'Alsuhail II' 6-max Seat #2 is the button
Seat 2: hassan67 ($137.82 in chips)
Seat 3: CatPuppy1999 ($99.78 in chips)
hassan67: posts small blind $1
CatPuppy1999: posts big blind $3
*** HOLE CARDS ***
hassan67: raises $3 to $6
CatPuppy1999: calls $3
*** FLOP *** [3c 3s 8s]
CatPuppy1999: checks
hassan67: bets $3
CatPuppy1999: calls $3
*** TURN *** [3c 3s 8s] [2h]
CatPuppy1999: checks
hassan67: bets $6
CatPuppy1999: folds
Uncalled bet ($6) returned to hassan67
hassan67 collected $17.64 from pot
hassan67: doesn't show hand
*** SUMMARY ***
Total pot $18 | Rake $0.36
Board [3c 3s 8s 2h]
Seat 2: hassan67 (button) (small blind) collected ($17.64)
Seat 3: CatPuppy1999 (big blind) folded on the Turn


PokerStars Hand #172209592211:  Hold'em Limit ($3/$6 USD) - 2017/06/25 4:44:55 ET
Table 'Alsuhail II' 6-max Seat #3 is the button
Seat 2: hassan67 ($140.82 in chips)
Seat 3: CatPuppy1999 ($96.78 in chips)
CatPuppy1999: posts small blind $1
hassan67: posts big blind $3
*** HOLE CARDS ***
CatPuppy1999: raises $3 to $6
hassan67: folds
Uncalled bet ($3) returned to CatPuppy1999
CatPuppy1999 collected $6 from pot
CatPuppy1999: doesn't show hand
*** SUMMARY ***
Total pot $6 | Rake $0
Seat 2: hassan67 (big blind) folded before Flop
Seat 3: CatPuppy1999 (button) (small blind) collected ($6)


PokerStars Hand #172209624063:  Hold'em Limit ($3/$6 USD) - 2017/06/25 4:46:26 ET
Table 'Alsuhail II' 6-max Seat #3 is the button
Seat 2: hassan67 ($154.10 in chips)
Seat 3: CatPuppy1999 ($82.78 in chips)
CatPuppy1999: posts small blind $1
hassan67: posts big blind $3
*** HOLE CARDS ***
CatPuppy1999: raises $3 to $6
hassan67: raises $3 to $9
CatPuppy1999: calls $3
*** FLOP *** [As 3d 7c]
hassan67: bets $3
CatPuppy1999: calls $3
*** TURN *** [As 3d 7c] [Qs]
hassan67: bets $6
CatPuppy1999: folds
Uncalled bet ($6) returned to hassan67
hassan67 collected $23.52 from pot
hassan67: doesn't show hand
*** SUMMARY ***
Total pot $24 | Rake $0.48
Board [As 3d 7c Qs]
Seat 2: hassan67 (big blind) collected ($23.52)
Seat 3: CatPuppy1999 (button) (small blind) folded on the Turn


PokerStars Hand #172209621194:  Hold'em Limit ($3/$6 USD) - 2017/06/25 4:46:18 ET
Table 'Alsuhail II' 6-max Seat #2 is the button
Seat 2: hassan67 ($155.10 in chips)
Seat 3: CatPuppy1999 ($81.78 in chips)
hassan67: posts small blind $1
CatPuppy1999: posts big blind $3
*** HOLE CARDS ***
hassan67: folds
Uncalled bet ($2) returned to CatPuppy1999
CatPuppy1999 collected $2 from pot
CatPuppy1999: doesn't show hand
*** SUMMARY ***
Total pot $2 | Rake $0
Seat 2: hassan67 (button) (small blind) folded before Flop
Seat 3: CatPuppy1999 (big blind) collected ($2)


PokerStars Hand #172209612923:  Hold'em Limit ($3/$6 USD) - 2017/06/25 4:45:55 ET
Table 'Alsuhail II' 6-max Seat #3 is the button
Seat 2: hassan67 ($146.46 in chips)
Seat 3: CatPuppy1999 ($90.78 in chips)
CatPuppy1999: posts small blind $1
hassan67: posts big blind $3
*** HOLE CARDS ***
CatPuppy1999: raises $3 to $6
hassan67: calls $3
*** FLOP *** [3d Qh Ts]
hassan67: checks
CatPuppy1999: bets $3
hassan67: raises $3 to $6
CatPuppy1999: folds
Uncalled bet ($3) returned to hassan67
hassan67 collected $17.64 from pot
hassan67: doesn't show hand
*** SUMMARY ***
Total pot $18 | Rake $0.36
Board [3d Qh Ts]
Seat 2: hassan67 (big blind) collected ($17.64)
Seat 3: CatPuppy1999 (button) (small blind) folded on the Flop


PokerStars Hand #172209643661:  Hold'em Limit ($3/$6 USD) - 2017/06/25 4:47:22 ET
Table 'Alsuhail II' 6-max Seat #3 is the button
Seat 2: hassan67 ($167.38 in chips)
Seat 3: CatPuppy1999 ($76 in chips)
CatPuppy1999: posts small blind $1
hassan67: posts big blind $3
*** HOLE CARDS ***
CatPuppy1999: raises $3 to $6
hassan67: calls $3
*** FLOP *** [8h Tc 5s]
hassan67: checks
CatPuppy1999: bets $3
hassan67: calls $3
*** TURN *** [8h Tc 5s] [Jh]
hassan67: checks
CatPuppy1999: checks
*** RIVER *** [8h Tc 5s Jh] [Ks]
hassan67: checks
CatPuppy1999: checks
*** SHOW DOWN ***
hassan67: shows [6d Qd] (high card King)
CatPuppy1999: shows [As 5h] (a pair of Fives)
CatPuppy1999 collected $17.64 from pot
*** SUMMARY ***
Total pot $18 | Rake $0.36
Board [8h Tc 5s Jh Ks]
Seat 2: hassan67 (big blind) showed [6d Qd] and lost with high card King
Seat 3: CatPuppy1999 (button) (small blind) showed [As 5h] and won ($17.64) with a pair of Fives


PokerStars Hand #172209631476:  Hold'em Limit ($3/$6 USD) - 2017/06/25 4:46:47 ET
Table 'Alsuhail II' 6-max Seat #2 is the button
Seat 2: hassan67 ($165.62 in chips)
Seat 3: CatPuppy1999 ($72 in chips)
hassan67: posts small blind $1
CatPuppy1999: posts big blind $3
*** HOLE CARDS ***
hassan67: raises $3 to $6
CatPuppy1999: calls $3
*** FLOP *** [4h 8c 6d]
CatPuppy1999: checks
hassan67: bets $3
CatPuppy1999: folds
Uncalled bet ($3) returned to hassan67
hassan67 collected $11.76 from pot
hassan67: doesn't show hand
*** SUMMARY ***
Total pot $12 | Rake $0.24
Board [4h 8c 6d]
Seat 2: hassan67 (button) (small blind) collected ($11.76)
Seat 3: CatPuppy1999 (big blind) folded on the Flop


PokerStars Hand #172209637433:  Hold'em Limit ($3/$6 USD) - 2017/06/25 4:47:04 ET
Table 'Alsuhail II' 6-max Seat #3 is the button
Seat 2: hassan67 ($171.38 in chips)
Seat 3: CatPuppy1999 ($72 in chips)
CatPuppy1999: posts small blind $1
hassan67: posts big blind $3
*** HOLE CARDS ***
CatPuppy1999: raises $3 to $6
hassan67: folds
Uncalled bet ($3) returned to CatPuppy1999
CatPuppy1999 collected $6 from pot
CatPuppy1999: doesn't show hand
*** SUMMARY ***
Total pot $6 | Rake $0
Seat 2: hassan67 (big blind) folded before Flop
Seat 3: CatPuppy1999 (button) (small blind) collected ($6)


PokerStars Hand #172209641734:  Hold'em Limit ($3/$6 USD) - 2017/06/25 4:47:17 ET
Table 'Alsuhail II' 6-max Seat #2 is the button
Seat 2: hassan67 ($168.38 in chips)
Seat 3: CatPuppy1999 ($75 in chips)
hassan67: posts small blind $1
CatPuppy1999: posts big blind $3
*** HOLE CARDS ***
hassan67: folds
Uncalled bet ($2) returned to CatPuppy1999
CatPuppy1999 collected $2 from pot
CatPuppy1999: doesn't show hand
*** SUMMARY ***
Total pot $2 | Rake $0
Seat 2: hassan67 (button) (small blind) folded before Flop
Seat 3: CatPuppy1999 (big blind) collected ($2)


PokerStars Hand #172209658262:  Hold'em Limit ($3/$6 USD) - 2017/06/25 4:48:03 ET
Table 'Alsuhail II' 6-max Seat #3 is the button
Seat 2: hassan67 ($157.38 in chips)
Seat 3: CatPuppy1999 ($85.64 in chips)
CatPuppy1999: posts small blind $1
hassan67: posts big blind $3
*** HOLE CARDS ***
CatPuppy1999: raises $3 to $6
hassan67: folds
Uncalled bet ($3) returned to CatPuppy1999
CatPuppy1999 collected $6 from pot
CatPuppy1999: doesn't show hand
*** SUMMARY ***
Total pot $6 | Rake $0
Seat 2: hassan67 (big blind) folded before Flop
Seat 3: CatPuppy1999 (button) (small blind) collected ($6)


PokerStars Hand #172209653388:  Hold'em Limit ($3/$6 USD) - 2017/06/25 4:47:50 ET
Table 'Alsuhail II' 6-max Seat #2 is the button
Seat 2: hassan67 ($158.38 in chips)
Seat 3: CatPuppy1999 ($84.64 in chips)
hassan67: posts small blind $1
CatPuppy1999: posts big blind $3
*** HOLE CARDS ***
hassan67: folds
Uncalled bet ($2) returned to CatPuppy1999
CatPuppy1999 collected $2 from pot
CatPuppy1999: doesn't show hand
*** SUMMARY ***
Total pot $2 | Rake $0
Seat 2: hassan67 (button) (small blind) folded before Flop
Seat 3: CatPuppy1999 (big blind) collected ($2)


PokerStars Hand #172209660711:  Hold'em Limit ($3/$6 USD) - 2017/06/25 4:48:11 ET
Table 'Alsuhail II' 6-max Seat #2 is the button
Seat 2: hassan67 ($154.38 in chips)
Seat 3: CatPuppy1999 ($88.64 in chips)
hassan67: posts small blind $1
CatPuppy1999: posts big blind $3
*** HOLE CARDS ***
hassan67: folds
Uncalled bet ($2) returned to CatPuppy1999
CatPuppy1999 collected $2 from pot
CatPuppy1999: doesn't show hand
*** SUMMARY ***
Total pot $2 | Rake $0
Seat 2: hassan67 (button) (small blind) folded before Flop
Seat 3: CatPuppy1999 (big blind) collected ($2)


PokerStars Hand #172209663433:  Hold'em Limit ($3/$6 USD) - 2017/06/25 4:48:18 ET
Table 'Alsuhail II' 6-max Seat #3 is the button
Seat 2: hassan67 ($153.38 in chips)
Seat 3: CatPuppy1999 ($89.64 in chips)
CatPuppy1999: posts small blind $1
hassan67: posts big blind $3
*** HOLE CARDS ***
CatPuppy1999: folds
Uncalled bet ($2) returned to hassan67
hassan67 collected $2 from pot
hassan67: doesn't show hand
*** SUMMARY ***
Total pot $2 | Rake $0
Seat 2: hassan67 (big blind) collected ($2)
Seat 3: CatPuppy1999 (button) (small blind) folded before Flop


PokerStars Hand #172209665439:  Hold'em Limit ($3/$6 USD) - 2017/06/25 4:48:24 ET
Table 'Alsuhail II' 6-max Seat #2 is the button
Seat 2: hassan67 ($154.38 in chips)
Seat 3: CatPuppy1999 ($88.64 in chips)
hassan67: posts small blind $1
CatPuppy1999: posts big blind $3
*** HOLE CARDS ***
hassan67: folds
Uncalled bet ($2) returned to CatPuppy1999
CatPuppy1999 collected $2 from pot
CatPuppy1999: doesn't show hand
*** SUMMARY ***
Total pot $2 | Rake $0
Seat 2: hassan67 (button) (small blind) folded before Flop
Seat 3: CatPuppy1999 (big blind) collected ($2)


PokerStars Hand #172209669075:  Hold'em Limit ($3/$6 USD) - 2017/06/25 4:48:35 ET
Table 'Alsuhail II' 6-max Seat #3 is the button
Seat 2: hassan67 ($153.38 in chips)
Seat 3: CatPuppy1999 ($89.64 in chips)
CatPuppy1999: posts small blind $1
hassan67: posts big blind $3
*** HOLE CARDS ***
CatPuppy1999: raises $3 to $6
hassan67: raises $3 to $9
CatPuppy1999: calls $3
*** FLOP *** [6c Js Ah]
hassan67: bets $3
CatPuppy1999: folds
Uncalled bet ($3) returned to hassan67
hassan67 collected $17.64 from pot
hassan67: doesn't show hand
*** SUMMARY ***
Total pot $18 | Rake $0.36
Board [6c Js Ah]
Seat 2: hassan67 (big blind) collected ($17.64)
Seat 3: CatPuppy1999 (button) (small blind) folded on the Flop


PokerStars Hand #172209675342:  Hold'em Limit ($3/$6 USD) - 2017/06/25 4:48:52 ET
Table 'Alsuhail II' 6-max Seat #2 is the button
Seat 2: hassan67 ($162.02 in chips)
Seat 3: CatPuppy1999 ($80.64 in chips)
hassan67: posts small blind $1
CatPuppy1999: posts big blind $3
*** HOLE CARDS ***
hassan67: raises $3 to $6
CatPuppy1999: calls $3
*** FLOP *** [6s Jc Kc]
CatPuppy1999: checks
hassan67: bets $3
CatPuppy1999: folds
Uncalled bet ($3) returned to hassan67
hassan67 collected $11.76 from pot
hassan67: doesn't show hand
*** SUMMARY ***
Total pot $12 | Rake $0.24
Board [6s Jc Kc]
Seat 2: hassan67 (button) (small blind) collected ($11.76)
Seat 3: CatPuppy1999 (big blind) folded on the Flop


PokerStars Hand #172209683226:  Hold'em Limit ($3/$6 USD) - 2017/06/25 4:49:14 ET
Table 'Alsuhail II' 6-max Seat #2 is the button
Seat 2: hassan67 ($164.78 in chips)
Seat 3: CatPuppy1999 ($77.64 in chips)
hassan67: posts small blind $1
CatPuppy1999: posts big blind $3
*** HOLE CARDS ***
hassan67: folds
Uncalled bet ($2) returned to CatPuppy1999
CatPuppy1999 collected $2 from pot
CatPuppy1999: doesn't show hand
*** SUMMARY ***
Total pot $2 | Rake $0
Seat 2: hassan67 (button) (small blind) folded before Flop
Seat 3: CatPuppy1999 (big blind) collected ($2)


PokerStars Hand #172209680014:  Hold'em Limit ($3/$6 USD) - 2017/06/25 4:49:05 ET
Table 'Alsuhail II' 6-max Seat #3 is the button
Seat 2: hassan67 ($167.78 in chips)
Seat 3: CatPuppy1999 ($74.64 in chips)
CatPuppy1999: posts small blind $1
hassan67: posts big blind $3
*** HOLE CARDS ***
CatPuppy1999: raises $3 to $6
hassan67: folds
Uncalled bet ($3) returned to CatPuppy1999
CatPuppy1999 collected $6 from pot
CatPuppy1999: doesn't show hand
*** SUMMARY ***
Total pot $6 | Rake $0
Seat 2: hassan67 (big blind) folded before Flop
Seat 3: CatPuppy1999 (button) (small blind) collected ($6)


PokerStars Hand #172209685253:  Hold'em Limit ($3/$6 USD) - 2017/06/25 4:49:20 ET
Table 'Alsuhail II' 6-max Seat #3 is the button
Seat 2: hassan67 ($163.78 in chips)
Seat 3: CatPuppy1999 ($78.64 in chips)
CatPuppy1999: posts small blind $1
hassan67: posts big blind $3
*** HOLE CARDS ***
CatPuppy1999: raises $3 to $6
hassan67: calls $3
*** FLOP *** [8s 9s 7s]
hassan67: checks
CatPuppy1999: bets $3
hassan67: calls $3
*** TURN *** [8s 9s 7s] [Ts]
hassan67: checks
CatPuppy1999: checks
*** RIVER *** [8s 9s 7s Ts] [Ks]
hassan67: checks
CatPuppy1999: bets $6
hassan67: calls $6
*** SHOW DOWN ***
CatPuppy1999: shows [7c Th] (a flush, King high)
hassan67: shows [3h 4s] (a flush, King high)
hassan67 collected $14.75 from pot
CatPuppy1999 collected $14.75 from pot
*** SUMMARY ***
Total pot $30 | Rake $0.50
Board [8s 9s 7s Ts Ks]
Seat 2: hassan67 (big blind) showed [3h 4s] and won ($14.75) with a flush, King high
Seat 3: CatPuppy1999 (button) (small blind) showed [7c Th] and won ($14.75) with a flush, King high


PokerStars Hand #172209696223:  Hold'em Limit ($3/$6 USD) - 2017/06/25 4:49:51 ET
Table 'Alsuhail II' 6-max Seat #2 is the button
Seat 2: hassan67 ($163.53 in chips)
Seat 3: CatPuppy1999 ($78.39 in chips)
hassan67: posts small blind $1
CatPuppy1999: posts big blind $3
*** HOLE CARDS ***
hassan67: raises $3 to $6
CatPuppy1999: calls $3
*** FLOP *** [2h Qc 9d]
CatPuppy1999: checks
hassan67: bets $3
CatPuppy1999: folds
Uncalled bet ($3) returned to hassan67
hassan67 collected $11.76 from pot
hassan67: doesn't show hand
*** SUMMARY ***
Total pot $12 | Rake $0.24
Board [2h Qc 9d]
Seat 2: hassan67 (button) (small blind) collected ($11.76)
Seat 3: CatPuppy1999 (big blind) folded on the Flop


PokerStars Hand #172209704200:  Hold'em Limit ($3/$6 USD) - 2017/06/25 4:50:14 ET
Table 'Alsuhail II' 6-max Seat #3 is the button
Seat 2: hassan67 ($169.29 in chips)
Seat 3: CatPuppy1999 ($72.39 in chips)
CatPuppy1999: posts small blind $1
hassan67: posts big blind $3
*** HOLE CARDS ***
CatPuppy1999: raises $3 to $6
hassan67: calls $3
*** FLOP *** [7s Th 7h]
hassan67: bets $3
CatPuppy1999: calls $3
*** TURN *** [7s Th 7h] [4s]
hassan67: bets $6
CatPuppy1999: calls $6
*** RIVER *** [7s Th 7h 4s] [4c]
hassan67: checks
CatPuppy1999: checks
*** SHOW DOWN ***
hassan67: shows [Qs 8c] (two pair, Sevens and Fours)
CatPuppy1999: shows [9s As] (two pair, Sevens and Fours - Ace kicker)
CatPuppy1999 collected $29.50 from pot
*** SUMMARY ***
Total pot $30 | Rake $0.50
Board [7s Th 7h 4s 4c]
Seat 2: hassan67 (big blind) showed [Qs 8c] and lost with two pair, Sevens and Fours
Seat 3: CatPuppy1999 (button) (small blind) showed [9s As] and won ($29.50) with two pair, Sevens and Fours


PokerStars Hand #172209714626:  Hold'em Limit ($3/$6 USD) - 2017/06/25 4:50:43 ET
Table 'Alsuhail II' 6-max Seat #2 is the button
Seat 2: hassan67 ($154.29 in chips)
Seat 3: CatPuppy1999 ($86.89 in chips)
hassan67: posts small blind $1
CatPuppy1999: posts big blind $3
*** HOLE CARDS ***
hassan67: raises $3 to $6
CatPuppy1999: calls $3
*** FLOP *** [Tc Ks 4d]
CatPuppy1999: checks
hassan67: bets $3
CatPuppy1999: calls $3
*** TURN *** [Tc Ks 4d] [2s]
CatPuppy1999: checks
hassan67: bets $6
CatPuppy1999: folds
Uncalled bet ($6) returned to hassan67
hassan67 collected $17.64 from pot
hassan67: doesn't show hand
*** SUMMARY ***
Total pot $18 | Rake $0.36
Board [Tc Ks 4d 2s]
Seat 2: hassan67 (button) (small blind) collected ($17.64)
Seat 3: CatPuppy1999 (big blind) folded on the Turn


PokerStars Hand #172209729855:  Hold'em Limit ($3/$6 USD) - 2017/06/25 4:51:26 ET
Table 'Alsuhail II' 6-max Seat #2 is the button
Seat 2: hassan67 ($159.93 in chips)
Seat 3: CatPuppy1999 ($80.89 in chips)
hassan67: posts small blind $1
CatPuppy1999: posts big blind $3
*** HOLE CARDS ***
hassan67: folds
Uncalled bet ($2) returned to CatPuppy1999
CatPuppy1999 collected $2 from pot
CatPuppy1999: doesn't show hand
*** SUMMARY ***
Total pot $2 | Rake $0
Seat 2: hassan67 (button) (small blind) folded before Flop
Seat 3: CatPuppy1999 (big blind) collected ($2)


PokerStars Hand #172209727158:  Hold'em Limit ($3/$6 USD) - 2017/06/25 4:51:18 ET
Table 'Alsuhail II' 6-max Seat #3 is the button
Seat 2: hassan67 ($162.93 in chips)
Seat 3: CatPuppy1999 ($77.89 in chips)
CatPuppy1999: posts small blind $1
hassan67: posts big blind $3
*** HOLE CARDS ***
CatPuppy1999: raises $3 to $6
hassan67: folds
Uncalled bet ($3) returned to CatPuppy1999
CatPuppy1999 collected $6 from pot
CatPuppy1999: doesn't show hand
*** SUMMARY ***
Total pot $6 | Rake $0
Seat 2: hassan67 (big blind) folded before Flop
Seat 3: CatPuppy1999 (button) (small blind) collected ($6)


PokerStars Hand #172209731985:  Hold'em Limit ($3/$6 USD) - 2017/06/25 4:51:32 ET
Table 'Alsuhail II' 6-max Seat #3 is the button
Seat 2: hassan67 ($158.93 in chips)
Seat 3: CatPuppy1999 ($81.89 in chips)
CatPuppy1999: posts small blind $1
hassan67: posts big blind $3
*** HOLE CARDS ***
CatPuppy1999: raises $3 to $6
hassan67: calls $3
*** FLOP *** [6s 8d 3d]
hassan67: checks
CatPuppy1999: bets $3
hassan67: calls $3
*** TURN *** [6s 8d 3d] [Ts]
hassan67: checks
CatPuppy1999: bets $6
hassan67: calls $6
*** RIVER *** [6s 8d 3d Ts] [8h]
hassan67: checks
CatPuppy1999: bets $6
hassan67: calls $6
*** SHOW DOWN ***
CatPuppy1999: shows [6d Kd] (two pair, Eights and Sixes)
hassan67: mucks hand
CatPuppy1999 collected $41.50 from pot
*** SUMMARY ***
Total pot $42 | Rake $0.50
Board [6s 8d 3d Ts 8h]
Seat 2: hassan67 (big blind) mucked
Seat 3: CatPuppy1999 (button) (small blind) showed [6d Kd] and won ($41.50) with two pair, Eights and Sixes


PokerStars Hand #172209742763:  Hold'em Limit ($3/$6 USD) - 2017/06/25 4:52:02 ET
Table 'Alsuhail II' 6-max Seat #2 is the button
Seat 2: hassan67 ($137.93 in chips)
Seat 3: CatPuppy1999 ($102.39 in chips)
hassan67: posts small blind $1
CatPuppy1999: posts big blind $3
*** HOLE CARDS ***
hassan67: raises $3 to $6
CatPuppy1999: calls $3
*** FLOP *** [Tc 7h 6d]
CatPuppy1999: checks
hassan67: bets $3
CatPuppy1999: raises $3 to $6
hassan67: calls $3
*** TURN *** [Tc 7h 6d] [Ks]
CatPuppy1999: bets $6
hassan67: raises $6 to $12
CatPuppy1999: calls $6
*** RIVER *** [Tc 7h 6d Ks] [9s]
CatPuppy1999: checks
hassan67: bets $6
CatPuppy1999: raises $6 to $12
hassan67: calls $6
*** SHOW DOWN ***
CatPuppy1999: shows [6c 8s] (a straight, Six to Ten)
hassan67: shows [Jc Qh] (a straight, Nine to King)
hassan67 collected $71.50 from pot
*** SUMMARY ***
Total pot $72 | Rake $0.50
Board [Tc 7h 6d Ks 9s]
Seat 2: hassan67 (button) (small blind) showed [Jc Qh] and won ($71.50) with a straight, Nine to King
Seat 3: CatPuppy1999 (big blind) showed [6c 8s] and lost with a straight, Six to Ten


PokerStars Hand #172209753200:  Hold'em Limit ($3/$6 USD) - 2017/06/25 4:52:32 ET
Table 'Alsuhail II' 6-max Seat #3 is the button
Seat 2: hassan67 ($173.43 in chips)
Seat 3: CatPuppy1999 ($72 in chips)
CatPuppy1999: posts small blind $1
hassan67: posts big blind $3
*** HOLE CARDS ***
CatPuppy1999: raises $3 to $6
hassan67: raises $3 to $9
CatPuppy1999: calls $3
*** FLOP *** [Jh 2s 2c]
hassan67: bets $3
CatPuppy1999: calls $3
*** TURN *** [Jh 2s 2c] [6c]
hassan67: bets $6
CatPuppy1999: folds
Uncalled bet ($6) returned to hassan67
hassan67 collected $23.52 from pot
hassan67: doesn't show hand
*** SUMMARY ***
Total pot $24 | Rake $0.48
Board [Jh 2s 2c 6c]
Seat 2: hassan67 (big blind) collected ($23.52)
Seat 3: CatPuppy1999 (button) (small blind) folded on the Turn


