PokerStars Hand #162285591711:  Hold'em Limit ($3/$6 USD) - 2016/12/02 7:56:49 ET
Table 'Alsuhail' 6-max Seat #4 is the button
Seat 3: robertass84 ($120 in chips)
Seat 4: Agrotait ($73 in chips)
Agrotait: posts small blind $1
robertass84: posts big blind $3
*** HOLE CARDS ***
Agrotait: raises $3 to $6
robertass84: raises $3 to $9
Agrotait: calls $3
*** FLOP *** [6c 2s 3h]
robertass84: bets $3
Agrotait: raises $3 to $6
robertass84: raises $3 to $9
Agrotait: raises $3 to $12
Betting is capped
robertass84: calls $3
*** TURN *** [6c 2s 3h] [Td]
robertass84: bets $6
Agrotait: raises $6 to $12
robertass84: raises $6 to $18
Agrotait: raises $6 to $24
Betting is capped
robertass84: calls $6
*** RIVER *** [6c 2s 3h Td] [Qh]
robertass84: bets $6
Agrotait: raises $6 to $12
robertass84: calls $6
*** SHOW DOWN ***
Agrotait: shows [5h 4h] (a straight, Deuce to Six)
robertass84: mucks hand
Agrotait collected $113.50 from pot
*** SUMMARY ***
Total pot $114 | Rake $0.50
Board [6c 2s 3h Td Qh]
Seat 3: robertass84 (big blind) mucked
Seat 4: Agrotait (button) (small blind) showed [5h 4h] and won ($113.50) with a straight, Deuce to Six


PokerStars Hand #162285611171:  Hold'em Limit ($3/$6 USD) - 2016/12/02 7:57:28 ET
Table 'Alsuhail' 6-max Seat #3 is the button
Seat 3: robertass84 ($120 in chips)
Seat 4: Agrotait ($129.50 in chips)
robertass84: posts small blind $1
Agrotait: posts big blind $3
*** HOLE CARDS ***
robertass84: raises $3 to $6
Agrotait: calls $3
*** FLOP *** [2d Qs 3s]
Agrotait: checks
robertass84: bets $3
Agrotait: folds
Uncalled bet ($3) returned to robertass84
robertass84 collected $11.76 from pot
robertass84: doesn't show hand
*** SUMMARY ***
Total pot $12 | Rake $0.24
Board [2d Qs 3s]
Seat 3: robertass84 (button) (small blind) collected ($11.76)
Seat 4: Agrotait (big blind) folded on the Flop


PokerStars Hand #162285625381:  Hold'em Limit ($3/$6 USD) - 2016/12/02 7:57:57 ET
Table 'Alsuhail' 6-max Seat #4 is the button
Seat 3: robertass84 ($125.76 in chips)
Seat 4: Agrotait ($123.50 in chips)
Agrotait: posts small blind $1
robertass84: posts big blind $3
*** HOLE CARDS ***
Agrotait: folds
Uncalled bet ($2) returned to robertass84
robertass84 collected $2 from pot
robertass84: doesn't show hand
*** SUMMARY ***
Total pot $2 | Rake $0
Seat 3: robertass84 (big blind) collected ($2)
Seat 4: Agrotait (button) (small blind) folded before Flop


PokerStars Hand #162285630538:  Hold'em Limit ($3/$6 USD) - 2016/12/02 7:58:07 ET
Table 'Alsuhail' 6-max Seat #3 is the button
Seat 3: robertass84 ($126.76 in chips)
Seat 4: Agrotait ($122.50 in chips)
robertass84: posts small blind $1
Agrotait: posts big blind $3
*** HOLE CARDS ***
robertass84: raises $3 to $6
Agrotait: calls $3
*** FLOP *** [7h 8h 4s]
Agrotait: checks
robertass84 is disconnected
robertass84 has timed out while disconnected
robertass84: checks
*** TURN *** [7h 8h 4s] [Qh]
Agrotait: bets $6
robertass84 has timed out while disconnected
robertass84: folds
Uncalled bet ($6) returned to Agrotait
Agrotait collected $11.76 from pot
Agrotait: doesn't show hand
*** SUMMARY ***
Total pot $12 | Rake $0.24
Board [7h 8h 4s Qh]
Seat 3: robertass84 (button) (small blind) folded on the Turn
Seat 4: Agrotait (big blind) collected ($11.76)


