PokerStars Hand #166885189816:  Hold'em Limit ($3/$6 USD) - 2017/02/27 23:32:00 ET
Table 'Altair' 6-max Seat #1 is the button
Seat 1: LifeisagameX ($84 in chips)
Seat 2: ArLeKen ($94.88 in chips)
LifeisagameX: posts small blind $1
ArLeKen: posts big blind $3
*** HOLE CARDS ***
LifeisagameX: raises $3 to $6
ArLeKen: calls $3
*** FLOP *** [4s 7h Ts]
ArLeKen: bets $3
LifeisagameX: folds
Uncalled bet ($3) returned to ArLeKen
ArLeKen collected $11.76 from pot
*** SUMMARY ***
Total pot $12 | Rake $0.24
Board [4s 7h Ts]
Seat 1: LifeisagameX (button) (small blind) folded on the Flop
Seat 2: ArLeKen (big blind) collected ($11.76)


PokerStars Hand #166885208066:  Hold'em Limit ($3/$6 USD) - 2017/02/27 23:33:00 ET
Table 'Altair' 6-max Seat #2 is the button
Seat 1: LifeisagameX ($88 in chips)
Seat 2: ArLeKen ($96.64 in chips)
ArLeKen: posts small blind $1
LifeisagameX: posts big blind $3
*** HOLE CARDS ***
ArLeKen: calls $2
LifeisagameX: raises $3 to $6
ArLeKen: calls $3
*** FLOP *** [Td 6s 8d]
LifeisagameX: bets $3
ArLeKen: folds
Uncalled bet ($3) returned to LifeisagameX
LifeisagameX collected $11.76 from pot
LifeisagameX: doesn't show hand
*** SUMMARY ***
Total pot $12 | Rake $0.24
Board [Td 6s 8d]
Seat 1: LifeisagameX (big blind) collected ($11.76)
Seat 2: ArLeKen (button) (small blind) folded on the Flop


PokerStars Hand #166885204576:  Hold'em Limit ($3/$6 USD) - 2017/02/27 23:32:49 ET
Table 'Altair' 6-max Seat #1 is the button
Seat 1: LifeisagameX ($85 in chips)
Seat 2: ArLeKen ($99.64 in chips)
LifeisagameX: posts small blind $1
ArLeKen: posts big blind $3
*** HOLE CARDS ***
LifeisagameX: raises $3 to $6
ArLeKen: folds
Uncalled bet ($3) returned to LifeisagameX
LifeisagameX collected $6 from pot
LifeisagameX: doesn't show hand
*** SUMMARY ***
Total pot $6 | Rake $0
Seat 1: LifeisagameX (button) (small blind) collected ($6)
Seat 2: ArLeKen (big blind) folded before Flop


PokerStars Hand #166885200901:  Hold'em Limit ($3/$6 USD) - 2017/02/27 23:32:36 ET
Table 'Altair' 6-max Seat #2 is the button
Seat 1: LifeisagameX ($84 in chips)
Seat 2: ArLeKen ($100.64 in chips)
ArLeKen: posts small blind $1
LifeisagameX: posts big blind $3
*** HOLE CARDS ***
ArLeKen: folds
Uncalled bet ($2) returned to LifeisagameX
LifeisagameX collected $2 from pot
LifeisagameX: doesn't show hand
*** SUMMARY ***
Total pot $2 | Rake $0
Seat 1: LifeisagameX (big blind) collected ($2)
Seat 2: ArLeKen (button) (small blind) folded before Flop


PokerStars Hand #166885228558:  Hold'em Limit ($3/$6 USD) - 2017/02/27 23:34:08 ET
Table 'Altair' 6-max Seat #2 is the button
Seat 1: LifeisagameX ($84.76 in chips)
Seat 2: ArLeKen ($99.28 in chips)
ArLeKen: posts small blind $1
LifeisagameX: posts big blind $3
*** HOLE CARDS ***
ArLeKen: folds
Uncalled bet ($2) returned to LifeisagameX
LifeisagameX collected $2 from pot
LifeisagameX: doesn't show hand
*** SUMMARY ***
Total pot $2 | Rake $0
Seat 1: LifeisagameX (big blind) collected ($2)
Seat 2: ArLeKen (button) (small blind) folded before Flop


PokerStars Hand #166885218184:  Hold'em Limit ($3/$6 USD) - 2017/02/27 23:33:34 ET
Table 'Altair' 6-max Seat #1 is the button
Seat 1: LifeisagameX ($93.76 in chips)
Seat 2: ArLeKen ($90.64 in chips)
LifeisagameX: posts small blind $1
ArLeKen: posts big blind $3
*** HOLE CARDS ***
LifeisagameX: raises $3 to $6
ArLeKen: calls $3
*** FLOP *** [8s 5s 5c]
ArLeKen: bets $3
LifeisagameX: calls $3
*** TURN *** [8s 5s 5c] [Kd]
ArLeKen: bets $6
LifeisagameX: folds
Uncalled bet ($6) returned to ArLeKen
ArLeKen collected $17.64 from pot
*** SUMMARY ***
Total pot $18 | Rake $0.36
Board [8s 5s 5c Kd]
Seat 1: LifeisagameX (button) (small blind) folded on the Turn
Seat 2: ArLeKen (big blind) collected ($17.64)


PokerStars Hand #166885252477:  Hold'em Limit ($3/$6 USD) - 2017/02/27 23:35:27 ET
Table 'Altair' 6-max Seat #2 is the button
Seat 1: LifeisagameX ($84 in chips)
Seat 2: ArLeKen ($130.78 in chips)
ArLeKen: posts small blind $1
LifeisagameX: posts big blind $3
*** HOLE CARDS ***
ArLeKen: folds
Uncalled bet ($2) returned to LifeisagameX
LifeisagameX collected $2 from pot
LifeisagameX: doesn't show hand
*** SUMMARY ***
Total pot $2 | Rake $0
Seat 1: LifeisagameX (big blind) collected ($2)
Seat 2: ArLeKen (button) (small blind) folded before Flop


PokerStars Hand #166885231025:  Hold'em Limit ($3/$6 USD) - 2017/02/27 23:34:16 ET
Table 'Altair' 6-max Seat #1 is the button
Seat 1: LifeisagameX ($85.76 in chips)
Seat 2: ArLeKen ($98.28 in chips)
LifeisagameX: posts small blind $1
ArLeKen: posts big blind $3
*** HOLE CARDS ***
LifeisagameX: raises $3 to $6
ArLeKen: raises $3 to $9
LifeisagameX: calls $3
*** FLOP *** [5h Qs 6s]
ArLeKen: checks
LifeisagameX: bets $3
ArLeKen: raises $3 to $6
LifeisagameX: calls $3
*** TURN *** [5h Qs 6s] [9h]
ArLeKen: checks
LifeisagameX: bets $6
ArLeKen: calls $6
*** RIVER *** [5h Qs 6s 9h] [Ah]
ArLeKen: checks
LifeisagameX: bets $6
ArLeKen: raises $6 to $12
LifeisagameX: calls $6
*** SHOW DOWN ***
ArLeKen: shows [5c As] (two pair, Aces and Fives)
LifeisagameX: mucks hand
ArLeKen collected $65.50 from pot
*** SUMMARY ***
Total pot $66 | Rake $0.50
Board [5h Qs 6s 9h Ah]
Seat 1: LifeisagameX (button) (small blind) mucked
Seat 2: ArLeKen (big blind) showed [5c As] and won ($65.50) with two pair, Aces and Fives


PokerStars Hand #166885262455:  Hold'em Limit ($3/$6 USD) - 2017/02/27 23:36:00 ET
Table 'Altair' 6-max Seat #2 is the button
Seat 1: LifeisagameX ($93.64 in chips)
Seat 2: ArLeKen ($120.78 in chips)
ArLeKen: posts small blind $1
LifeisagameX: posts big blind $3
*** HOLE CARDS ***
ArLeKen: calls $2
LifeisagameX: checks
*** FLOP *** [Qs Ac 2s]
stinkjuice joins the table at seat #3
LifeisagameX: checks
Koraseg joins the table at seat #4
ArLeKen: bets $3
LifeisagameX: raises $3 to $6
ArLeKen: folds
Uncalled bet ($3) returned to LifeisagameX
LifeisagameX collected $11.76 from pot
LifeisagameX: doesn't show hand
*** SUMMARY ***
Total pot $12 | Rake $0.24
Board [Qs Ac 2s]
Seat 1: LifeisagameX (big blind) collected ($11.76)
Seat 2: ArLeKen (button) (small blind) folded on the Flop


PokerStars Hand #166885255491:  Hold'em Limit ($3/$6 USD) - 2017/02/27 23:35:37 ET
Table 'Altair' 6-max Seat #1 is the button
Seat 1: LifeisagameX ($85 in chips)
Seat 2: ArLeKen ($129.78 in chips)
LifeisagameX: posts small blind $1
ArLeKen: posts big blind $3
*** HOLE CARDS ***
LifeisagameX: raises $3 to $6
ArLeKen: calls $3
*** FLOP *** [9c Qh Jd]
ArLeKen: bets $3
LifeisagameX: raises $3 to $6
ArLeKen: folds
Uncalled bet ($3) returned to LifeisagameX
LifeisagameX collected $17.64 from pot
LifeisagameX: doesn't show hand
*** SUMMARY ***
Total pot $18 | Rake $0.36
Board [9c Qh Jd]
Seat 1: LifeisagameX (button) (small blind) collected ($17.64)
Seat 2: ArLeKen (big blind) folded on the Flop


PokerStars Hand #166885281625:  Hold'em Limit ($3/$6 USD) - 2017/02/27 23:36:39 ET
Table 'Altair' 6-max Seat #1 is the button
Seat 1: LifeisagameX ($99.40 in chips)
Seat 2: ArLeKen ($114.78 in chips)
LifeisagameX: posts small blind $1
ArLeKen: posts big blind $3
*** HOLE CARDS ***
LifeisagameX: raises $3 to $6
ArLeKen: raises $3 to $9
LifeisagameX: calls $3
*** FLOP *** [9h Tc 9s]
ArLeKen: bets $3
LifeisagameX: calls $3
*** TURN *** [9h Tc 9s] [5s]
ArLeKen: bets $6
LifeisagameX: calls $6
*** RIVER *** [9h Tc 9s 5s] [Ks]
ArLeKen: checks
LifeisagameX: bets $6
ArLeKen: folds
Uncalled bet ($6) returned to LifeisagameX
LifeisagameX collected $35.50 from pot
LifeisagameX: doesn't show hand
*** SUMMARY ***
Total pot $36 | Rake $0.50
Board [9h Tc 9s 5s Ks]
Seat 1: LifeisagameX (button) (small blind) collected ($35.50)
Seat 2: ArLeKen (big blind) folded on the River


PokerStars Hand #166885486384:  Hold'em Limit ($3/$6 USD) - 2017/02/27 23:48:13 ET
Table 'Altair' 6-max Seat #4 is the button
Seat 2: ArLeKen ($91.12 in chips)
Seat 4: Koraseg ($132.36 in chips)
Koraseg: posts small blind $1
ArLeKen: posts big blind $3
*** HOLE CARDS ***
Koraseg: raises $3 to $6
ArLeKen: calls $3
*** FLOP *** [Ad 9d Tc]
ArLeKen: bets $3
Koraseg: raises $3 to $6
ArLeKen: calls $3
*** TURN *** [Ad 9d Tc] [Td]
ArLeKen: checks
Koraseg: checks
*** RIVER *** [Ad 9d Tc Td] [4c]
ArLeKen: checks
Koraseg: bets $6
ArLeKen: folds
Uncalled bet ($6) returned to Koraseg
Koraseg collected $23.52 from pot
Koraseg: doesn't show hand
*** SUMMARY ***
Total pot $24 | Rake $0.48
Board [Ad 9d Tc Td 4c]
Seat 2: ArLeKen (big blind) folded on the River
Seat 4: Koraseg (button) (small blind) collected ($23.52)


PokerStars Hand #166885496054:  Hold'em Limit ($3/$6 USD) - 2017/02/27 23:48:46 ET
Table 'Altair' 6-max Seat #2 is the button
Seat 2: ArLeKen ($79.12 in chips)
Seat 4: Koraseg ($143.88 in chips)
ArLeKen: posts small blind $1
Koraseg: posts big blind $3
*** HOLE CARDS ***
ArLeKen: folds
Uncalled bet ($2) returned to Koraseg
Koraseg collected $2 from pot
Koraseg: doesn't show hand
*** SUMMARY ***
Total pot $2 | Rake $0
Seat 2: ArLeKen (button) (small blind) folded before Flop
Seat 4: Koraseg (big blind) collected ($2)


