PokerStars Hand #144889005985:  Hold'em Limit ($3/$6 USD) - 2015/12/05 20:20:33 ET
Table 'Altais' 6-max Seat #1 is the button
Seat 1: mdif ($126.76 in chips)
Seat 5: perten ($93 in chips)
mdif: posts small blind $1
perten: posts big blind $3
*** HOLE CARDS ***
mdif: raises $3 to $6
perten: raises $3 to $9
mdif: calls $3
*** FLOP *** [Qc Kh 4h]
perten: bets $3
mdif: folds
Uncalled bet ($3) returned to perten
perten collected $17.64 from pot
perten: doesn't show hand
*** SUMMARY ***
Total pot $18 | Rake $0.36
Board [Qc Kh 4h]
Seat 1: mdif (button) (small blind) folded on the Flop
Seat 5: perten (big blind) collected ($17.64)


PokerStars Hand #144889003465:  Hold'em Limit ($3/$6 USD) - 2015/12/05 20:20:28 ET
Table 'Altais' 6-max Seat #5 is the button
Seat 1: mdif ($125.76 in chips)
Seat 5: perten ($94 in chips)
perten: posts small blind $1
mdif: posts big blind $3
*** HOLE CARDS ***
perten: folds
Uncalled bet ($2) returned to mdif
mdif collected $2 from pot
mdif: doesn't show hand
*** SUMMARY ***
Total pot $2 | Rake $0
Seat 1: mdif (big blind) collected ($2)
Seat 5: perten (button) (small blind) folded before Flop


PokerStars Hand #144889012237:  Hold'em Limit ($3/$6 USD) - 2015/12/05 20:20:44 ET
Table 'Altais' 6-max Seat #5 is the button
Seat 1: mdif ($120 in chips)
Seat 5: perten ($101.64 in chips)
perten: posts small blind $1
mdif: posts big blind $3
*** HOLE CARDS ***
LWNS joins the table at seat #2
perten: raises $3 to $6
mdif: raises $3 to $9
perten: calls $3
*** FLOP *** [7h Ah As]
mdif: bets $3
perten: raises $3 to $6
mdif: calls $3
*** TURN *** [7h Ah As] [Tc]
LWNS leaves the table
mdif: checks
perten: bets $6
mdif: calls $6
*** RIVER *** [7h Ah As Tc] [Td]
mdif: checks
perten: bets $6
mdif: calls $6
*** SHOW DOWN ***
perten: shows [2h Ad] (a full house, Aces full of Tens)
mdif: mucks hand
perten collected $53.50 from pot
*** SUMMARY ***
Total pot $54 | Rake $0.50
Board [7h Ah As Tc Td]
Seat 1: mdif (big blind) mucked
Seat 5: perten (button) (small blind) showed [2h Ad] and won ($53.50) with a full house, Aces full of Tens


PokerStars Hand #144889094191:  Hold'em Limit ($3/$6 USD) - 2015/12/05 20:23:16 ET
Table 'Altais' 6-max Seat #1 is the button
Seat 1: mdif ($120 in chips)
Seat 2: fluit83 ($54 in chips)
mdif: posts small blind $1
fluit83: posts big blind $3
*** HOLE CARDS ***
mdif: raises $3 to $6
fluit83: raises $3 to $9
mdif: calls $3
*** FLOP *** [5h 2s 4h]
SmellyToes4u joins the table at seat #3
fluit83: bets $3
mdif: calls $3
*** TURN *** [5h 2s 4h] [2d]
fluit83: bets $6
mdif: folds
Uncalled bet ($6) returned to fluit83
fluit83 collected $23.52 from pot
fluit83: doesn't show hand
*** SUMMARY ***
Total pot $24 | Rake $0.48
Board [5h 2s 4h 2d]
Seat 1: mdif (button) (small blind) folded on the Turn
Seat 2: fluit83 (big blind) collected ($23.52)


PokerStars Hand #144889159164:  Hold'em Limit ($3/$6 USD) - 2015/12/05 20:25:16 ET
Table 'Altais' 6-max Seat #1 is the button
Seat 1: mdif ($140.19 in chips)
Seat 3: SmellyToes4u ($102.50 in chips)
artiZzt will be allowed to play after the button
mdif: posts small blind $1
SmellyToes4u: posts big blind $3
*** HOLE CARDS ***
mdif: raises $3 to $6
SmellyToes4u: raises $3 to $9
mdif: calls $3
*** FLOP *** [9d Ad 9s]
SmellyToes4u: bets $3
mdif: calls $3
*** TURN *** [9d Ad 9s] [6c]
SmellyToes4u: checks
mdif: bets $6
SmellyToes4u: calls $6
*** RIVER *** [9d Ad 9s 6c] [7s]
SmellyToes4u: checks
mdif: checks
*** SHOW DOWN ***
SmellyToes4u: shows [8c 8h] (two pair, Nines and Eights)
mdif: mucks hand
SmellyToes4u collected $35.50 from pot
*** SUMMARY ***
Total pot $36 | Rake $0.50
Board [9d Ad 9s 6c 7s]
Seat 1: mdif (button) (small blind) mucked
Seat 3: SmellyToes4u (big blind) showed [8c 8h] and won ($35.50) with two pair, Nines and Eights


PokerStars Hand #144891509714:  Hold'em Limit ($3/$6 USD) - 2015/12/05 21:47:57 ET
Table 'Altais' 6-max Seat #3 is the button
Seat 3: Chessnok ($61 in chips)
Seat 6: scorpio04 ($204.99 in chips)
Chessnok: posts small blind $1
Modidred: is sitting out
Modidred leaves the table
scorpio04: posts big blind $3
*** HOLE CARDS ***
Chessnok: raises $3 to $6
scorpio04: calls $3
*** FLOP *** [Ks Qc 9h]
scorpio04: checks
Chessnok: bets $3
scorpio04: calls $3
*** TURN *** [Ks Qc 9h] [4c]
scorpio04: checks
Chessnok: bets $6
scorpio04: folds
Uncalled bet ($6) returned to Chessnok
Chessnok collected $17.64 from pot
Chessnok: doesn't show hand
*** SUMMARY ***
Total pot $18 | Rake $0.36
Board [Ks Qc 9h 4c]
Seat 3: Chessnok (button) (small blind) collected ($17.64)
Seat 6: scorpio04 (big blind) folded on the Turn


