PokerStars Hand #167227679151:  Hold'em Limit ($3/$6 USD) - 2017/03/06 21:07:33 ET
Table 'Altair' 6-max Seat #4 is the button
Seat 3: ANIN1337 ($54.50 in chips)
Seat 4: AzureCaper ($73 in chips)
AzureCaper: posts small blind $1
ANIN1337: posts big blind $3
*** HOLE CARDS ***
AzureCaper: raises $3 to $6
ANIN1337: calls $3
*** FLOP *** [Kc 7s Th]
ANIN1337: checks
AzureCaper: bets $3
ANIN1337: folds
Uncalled bet ($3) returned to AzureCaper
AzureCaper collected $11.76 from pot
AzureCaper: doesn't show hand
*** SUMMARY ***
Total pot $12 | Rake $0.24
Board [Kc 7s Th]
Seat 3: ANIN1337 (big blind) folded on the Flop
Seat 4: AzureCaper (button) (small blind) collected ($11.76)


PokerStars Hand #167227677047:  Hold'em Limit ($3/$6 USD) - 2017/03/06 21:07:28 ET
Table 'Altair' 6-max Seat #3 is the button
Seat 3: ANIN1337 ($55.50 in chips)
Seat 4: AzureCaper ($72 in chips)
ANIN1337: posts small blind $1
AzureCaper: posts big blind $3
*** HOLE CARDS ***
ANIN1337: folds
Uncalled bet ($2) returned to AzureCaper
AzureCaper collected $2 from pot
AzureCaper: doesn't show hand
*** SUMMARY ***
Total pot $2 | Rake $0
Seat 3: ANIN1337 (button) (small blind) folded before Flop
Seat 4: AzureCaper (big blind) collected ($2)


PokerStars Hand #167227673575:  Hold'em Limit ($3/$6 USD) - 2017/03/06 21:07:20 ET
Table 'Altair' 6-max Seat #4 is the button
Seat 3: ANIN1337 ($54.50 in chips)
Seat 4: AzureCaper ($72 in chips)
AzureCaper: posts small blind $1
ANIN1337: posts big blind $3
*** HOLE CARDS ***
AzureCaper: folds
Uncalled bet ($2) returned to ANIN1337
ANIN1337 collected $2 from pot
*** SUMMARY ***
Total pot $2 | Rake $0
Seat 3: ANIN1337 (big blind) collected ($2)
Seat 4: AzureCaper (button) (small blind) folded before Flop


PokerStars Hand #167227661712:  Hold'em Limit ($3/$6 USD) - 2017/03/06 21:06:54 ET
Table 'Altair' 6-max Seat #3 is the button
Seat 3: ANIN1337 ($40 in chips)
Seat 4: AzureCaper ($72 in chips)
ANIN1337: posts small blind $1
AzureCaper: posts big blind $3
*** HOLE CARDS ***
ANIN1337: raises $3 to $6
AzureCaper: calls $3
*** FLOP *** [2h Qs Tc]
AzureCaper: checks
ANIN1337: bets $3
AzureCaper: calls $3
*** TURN *** [2h Qs Tc] [Js]
AzureCaper: checks
ANIN1337: checks
*** RIVER *** [2h Qs Tc Js] [Kd]
AzureCaper: checks
ANIN1337: bets $6
AzureCaper: calls $6
*** SHOW DOWN ***
ANIN1337: shows [2d Ac] (a straight, Ten to Ace)
AzureCaper: mucks hand
ANIN1337 collected $29.50 from pot
*** SUMMARY ***
Total pot $30 | Rake $0.50
Board [2h Qs Tc Js Kd]
Seat 3: ANIN1337 (button) (small blind) showed [2d Ac] and won ($29.50) with a straight, Ten to Ace
Seat 4: AzureCaper (big blind) mucked


PokerStars Hand #167227715590:  Hold'em Limit ($3/$6 USD) - 2017/03/06 21:08:53 ET
Table 'Altair' 6-max Seat #3 is the button
Seat 3: ANIN1337 ($66.64 in chips)
Seat 4: AzureCaper ($72 in chips)
ANIN1337: posts small blind $1
AzureCaper: posts big blind $3
*** HOLE CARDS ***
ANIN1337: raises $3 to $6
AzureCaper: calls $3
*** FLOP *** [Kd 9s Ah]
AzureCaper: checks
ANIN1337: bets $3
AzureCaper: folds
Uncalled bet ($3) returned to ANIN1337
ANIN1337 collected $11.76 from pot
*** SUMMARY ***
Total pot $12 | Rake $0.24
Board [Kd 9s Ah]
Seat 3: ANIN1337 (button) (small blind) collected ($11.76)
Seat 4: AzureCaper (big blind) folded on the Flop


PokerStars Hand #167227705214:  Hold'em Limit ($3/$6 USD) - 2017/03/06 21:08:30 ET
Table 'Altair' 6-max Seat #4 is the button
Seat 3: ANIN1337 ($43.14 in chips)
Seat 4: AzureCaper ($83.26 in chips)
AzureCaper: posts small blind $1
ANIN1337: posts big blind $3
*** HOLE CARDS ***
AzureCaper: raises $3 to $6
ANIN1337: raises $3 to $9
AzureCaper: calls $3
*** FLOP *** [Qs Kd Ad]
ANIN1337: bets $3
AzureCaper: calls $3
*** TURN *** [Qs Kd Ad] [As]
ANIN1337: bets $6
AzureCaper: calls $6
*** RIVER *** [Qs Kd Ad As] [Jc]
ANIN1337: bets $6
AzureCaper: calls $6
*** SHOW DOWN ***
ANIN1337: shows [Js Jd] (a full house, Jacks full of Aces)
AzureCaper: mucks hand
ANIN1337 collected $47.50 from pot
*** SUMMARY ***
Total pot $48 | Rake $0.50
Board [Qs Kd Ad As Jc]
Seat 3: ANIN1337 (big blind) showed [Js Jd] and won ($47.50) with a full house, Jacks full of Aces
Seat 4: AzureCaper (button) (small blind) mucked


PokerStars Hand #167227696648:  Hold'em Limit ($3/$6 USD) - 2017/03/06 21:08:11 ET
Table 'Altair' 6-max Seat #3 is the button
Seat 3: ANIN1337 ($34.50 in chips)
Seat 4: AzureCaper ($92.26 in chips)
ANIN1337: posts small blind $1
AzureCaper: posts big blind $3
*** HOLE CARDS ***
ANIN1337: raises $3 to $6
AzureCaper: calls $3
*** FLOP *** [Th Kc Ah]
AzureCaper: checks
ANIN1337: bets $3
AzureCaper: calls $3
*** TURN *** [Th Kc Ah] [8c]
AzureCaper: checks
ANIN1337: bets $6
AzureCaper: folds
Uncalled bet ($6) returned to ANIN1337
ANIN1337 collected $17.64 from pot
*** SUMMARY ***
Total pot $18 | Rake $0.36
Board [Th Kc Ah 8c]
Seat 3: ANIN1337 (button) (small blind) collected ($17.64)
Seat 4: AzureCaper (big blind) folded on the Turn


PokerStars Hand #167227694373:  Hold'em Limit ($3/$6 USD) - 2017/03/06 21:08:06 ET
Table 'Altair' 6-max Seat #4 is the button
Seat 3: ANIN1337 ($33.50 in chips)
Seat 4: AzureCaper ($93.26 in chips)
AzureCaper: posts small blind $1
ANIN1337: posts big blind $3
*** HOLE CARDS ***
AzureCaper: folds
Uncalled bet ($2) returned to ANIN1337
ANIN1337 collected $2 from pot
*** SUMMARY ***
Total pot $2 | Rake $0
Seat 3: ANIN1337 (big blind) collected ($2)
Seat 4: AzureCaper (button) (small blind) folded before Flop


PokerStars Hand #167227684129:  Hold'em Limit ($3/$6 USD) - 2017/03/06 21:07:44 ET
Table 'Altair' 6-max Seat #3 is the button
Seat 3: ANIN1337 ($48.50 in chips)
Seat 4: AzureCaper ($78.76 in chips)
ANIN1337: posts small blind $1
AzureCaper: posts big blind $3
*** HOLE CARDS ***
ANIN1337: raises $3 to $6
AzureCaper: calls $3
*** FLOP *** [5s 2d Jc]
AzureCaper: checks
ANIN1337: bets $3
AzureCaper: calls $3
*** TURN *** [5s 2d Jc] [9d]
AzureCaper: checks
ANIN1337: checks
*** RIVER *** [5s 2d Jc 9d] [5d]
AzureCaper: bets $6
ANIN1337: calls $6
*** SHOW DOWN ***
AzureCaper: shows [4c 4s] (two pair, Fives and Fours)
ANIN1337: mucks hand
AzureCaper collected $29.50 from pot
*** SUMMARY ***
Total pot $30 | Rake $0.50
Board [5s 2d Jc 9d 5d]
Seat 3: ANIN1337 (button) (small blind) mucked
Seat 4: AzureCaper (big blind) showed [4c 4s] and won ($29.50) with two pair, Fives and Fours


PokerStars Hand #167228656354:  Hold'em Limit ($3/$6 USD) - 2017/03/06 21:45:22 ET
Table 'Altair' 6-max Seat #3 is the button
Seat 3: ZiggyBond ($43.85 in chips)
Seat 4: AzureCaper ($72 in chips)
ZiggyBond: posts small blind $1
AzureCaper: posts big blind $3
*** HOLE CARDS ***
ZiggyBond: raises $3 to $6
AzureCaper: folds
Uncalled bet ($3) returned to ZiggyBond
ZiggyBond collected $6 from pot
*** SUMMARY ***
Total pot $6 | Rake $0
Seat 3: ZiggyBond (button) (small blind) collected ($6)
Seat 4: AzureCaper (big blind) folded before Flop


PokerStars Hand #167228653114:  Hold'em Limit ($3/$6 USD) - 2017/03/06 21:45:14 ET
Table 'Altair' 6-max Seat #4 is the button
Seat 3: ZiggyBond ($42.85 in chips)
Seat 4: AzureCaper ($72 in chips)
AzureCaper: posts small blind $1
ZiggyBond: posts big blind $3
*** HOLE CARDS ***
AzureCaper: folds
Uncalled bet ($2) returned to ZiggyBond
ZiggyBond collected $2 from pot
*** SUMMARY ***
Total pot $2 | Rake $0
Seat 3: ZiggyBond (big blind) collected ($2)
Seat 4: AzureCaper (button) (small blind) folded before Flop


PokerStars Hand #167228773914:  Hold'em Limit ($3/$6 USD) - 2017/03/06 21:50:17 ET
Table 'Altair' 6-max Seat #5 is the button
Seat 4: AzureCaper ($72 in chips)
Seat 5: ZiggyBond ($74.48 in chips)
ZiggyBond: posts small blind $1
AzureCaper: posts big blind $3
*** HOLE CARDS ***
ZiggyBond: folds
Uncalled bet ($2) returned to AzureCaper
AzureCaper collected $2 from pot
AzureCaper: doesn't show hand
*** SUMMARY ***
Total pot $2 | Rake $0
Seat 4: AzureCaper (big blind) collected ($2)
Seat 5: ZiggyBond (button) (small blind) folded before Flop


PokerStars Hand #167228777152:  Hold'em Limit ($3/$6 USD) - 2017/03/06 21:50:26 ET
Table 'Altair' 6-max Seat #4 is the button
Seat 4: AzureCaper ($73 in chips)
Seat 5: ZiggyBond ($73.48 in chips)
AzureCaper: posts small blind $1
ZiggyBond: posts big blind $3
*** HOLE CARDS ***
AzureCaper: raises $3 to $6
ZiggyBond: raises $3 to $9
AzureCaper: calls $3
*** FLOP *** [7c Ac 3s]
ZiggyBond: bets $3
AzureCaper: folds
Uncalled bet ($3) returned to ZiggyBond
ZiggyBond collected $17.64 from pot
*** SUMMARY ***
Total pot $18 | Rake $0.36
Board [7c Ac 3s]
Seat 4: AzureCaper (button) (small blind) folded on the Flop
Seat 5: ZiggyBond (big blind) collected ($17.64)


PokerStars Hand #167228796191:  Hold'em Limit ($3/$6 USD) - 2017/03/06 21:51:14 ET
Table 'Altair' 6-max Seat #4 is the button
Seat 4: AzureCaper ($83.52 in chips)
Seat 5: ZiggyBond ($70.12 in chips)
AzureCaper: posts small blind $1
ZiggyBond: posts big blind $3
*** HOLE CARDS ***
AzureCaper: raises $3 to $6
ZiggyBond: calls $3
*** FLOP *** [Js 8d Jc]
ZiggyBond: checks
AzureCaper: bets $3
AMA2347 joins the table at seat #3
ZiggyBond: raises $3 to $6
AzureCaper: raises $3 to $9
ZiggyBond: calls $3
*** TURN *** [Js 8d Jc] [8c]
ZiggyBond: checks
AzureCaper: checks
*** RIVER *** [Js 8d Jc 8c] [Kc]
ZiggyBond: checks
GoliafUa joins the table at seat #1
AzureCaper: bets $6
ZiggyBond: calls $6
*** SHOW DOWN ***
AzureCaper: shows [Td 8h] (a full house, Eights full of Jacks)
ZiggyBond: mucks hand
AzureCaper collected $41.50 from pot
*** SUMMARY ***
Total pot $42 | Rake $0.50
Board [Js 8d Jc 8c Kc]
Seat 4: AzureCaper (button) (small blind) showed [Td 8h] and won ($41.50) with a full house, Eights full of Jacks
Seat 5: ZiggyBond (big blind) mucked


PokerStars Hand #167229342939:  Hold'em Limit ($3/$6 USD) - 2017/03/06 22:15:18 ET
Table 'Altair' 6-max Seat #3 is the button
Seat 1: GoliafUa ($79.85 in chips)
Seat 3: AMA2347 ($90.75 in chips)
AMA2347: posts small blind $1
Johnliu: is sitting out
GoliafUa: posts big blind $3
*** HOLE CARDS ***
AMA2347: raises $3 to $6
GoliafUa: calls $3
*** FLOP *** [Js 6d 6h]
GoliafUa: checks
AMA2347: bets $3
GoliafUa: raises $3 to $6
AMA2347: calls $3
*** TURN *** [Js 6d 6h] [Jh]
GoliafUa: bets $6
AMA2347: calls $6
*** RIVER *** [Js 6d 6h Jh] [3h]
Johnliu leaves the table
GoliafUa: bets $6
AMA2347: calls $6
*** SHOW DOWN ***
GoliafUa: shows [Jd 2h] (a full house, Jacks full of Sixes)
AMA2347: mucks hand
GoliafUa collected $47.50 from pot
*** SUMMARY ***
Total pot $48 | Rake $0.50
Board [Js 6d 6h Jh 3h]
Seat 1: GoliafUa (big blind) showed [Jd 2h] and won ($47.50) with a full house, Jacks full of Sixes
Seat 3: AMA2347 (button) (small blind) mucked


PokerStars Hand #167229367161:  Hold'em Limit ($3/$6 USD) - 2017/03/06 22:16:23 ET
Table 'Altair' 6-max Seat #1 is the button
Seat 1: GoliafUa ($143.77 in chips)
Seat 3: AMA2347 ($24.75 in chips)
GoliafUa: posts small blind $1
AMA2347: posts big blind $3
*** HOLE CARDS ***
GoliafUa: raises $3 to $6
AMA2347: calls $3
*** FLOP *** [6h 3s 7s]
AMA2347: bets $3
GoliafUa: calls $3
*** TURN *** [6h 3s 7s] [Jc]
AMA2347: bets $6
GoliafUa: calls $6
*** RIVER *** [6h 3s 7s Jc] [3h]
AMA2347: bets $6
GoliafUa: calls $6
*** SHOW DOWN ***
AMA2347: shows [Th 6s] (two pair, Sixes and Threes)
GoliafUa: mucks hand
AMA2347 collected $41.50 from pot
*** SUMMARY ***
Total pot $42 | Rake $0.50
Board [6h 3s 7s Jc 3h]
Seat 1: GoliafUa (button) (small blind) mucked
Seat 3: AMA2347 (big blind) showed [Th 6s] and won ($41.50) with two pair, Sixes and Threes


PokerStars Hand #167229354290:  Hold'em Limit ($3/$6 USD) - 2017/03/06 22:15:48 ET
Table 'Altair' 6-max Seat #3 is the button
Seat 1: GoliafUa ($114.87 in chips)
Seat 3: AMA2347 ($54.75 in chips)
AMA2347: posts small blind $1
GoliafUa: posts big blind $3
*** HOLE CARDS ***
AMA2347: raises $3 to $6
GoliafUa: raises $3 to $9
AMA2347: calls $3
*** FLOP *** [Jd Jc Kh]
GoliafUa: bets $3
AMA2347: folds
Uncalled bet ($3) returned to GoliafUa
GoliafUa collected $17.64 from pot
GoliafUa: doesn't show hand
*** SUMMARY ***
Total pot $18 | Rake $0.36
Board [Jd Jc Kh]
Seat 1: GoliafUa (big blind) collected ($17.64)
Seat 3: AMA2347 (button) (small blind) folded on the Flop


PokerStars Hand #167229349601:  Hold'em Limit ($3/$6 USD) - 2017/03/06 22:15:35 ET
Table 'Altair' 6-max Seat #1 is the button
Seat 1: GoliafUa ($103.35 in chips)
Seat 3: AMA2347 ($66.75 in chips)
GoliafUa: posts small blind $1
AMA2347: posts big blind $3
*** HOLE CARDS ***
GoliafUa: raises $3 to $6
AMA2347: raises $3 to $9
GoliafUa: calls $3
*** FLOP *** [Ks Td Qd]
AMA2347: bets $3
GoliafUa: calls $3
*** TURN *** [Ks Td Qd] [4d]
AMA2347: checks
GoliafUa: bets $6
AMA2347: folds
Uncalled bet ($6) returned to GoliafUa
GoliafUa collected $23.52 from pot
GoliafUa: doesn't show hand
*** SUMMARY ***
Total pot $24 | Rake $0.48
Board [Ks Td Qd 4d]
Seat 1: GoliafUa (button) (small blind) collected ($23.52)
Seat 3: AMA2347 (big blind) folded on the Turn


PokerStars Hand #167229358498:  Hold'em Limit ($3/$6 USD) - 2017/03/06 22:15:59 ET
Table 'Altair' 6-max Seat #1 is the button
Seat 1: GoliafUa ($123.51 in chips)
Seat 3: AMA2347 ($45.75 in chips)
GoliafUa: posts small blind $1
AMA2347: posts big blind $3
*** HOLE CARDS ***
GoliafUa: raises $3 to $6
AMA2347: calls $3
*** FLOP *** [As 7h Qc]
AMA2347: checks
GoliafUa: bets $3
AMA2347: folds
Uncalled bet ($3) returned to GoliafUa
GoliafUa collected $11.76 from pot
GoliafUa: doesn't show hand
*** SUMMARY ***
Total pot $12 | Rake $0.24
Board [As 7h Qc]
Seat 1: GoliafUa (button) (small blind) collected ($11.76)
Seat 3: AMA2347 (big blind) folded on the Flop


PokerStars Hand #167229362351:  Hold'em Limit ($3/$6 USD) - 2017/03/06 22:16:10 ET
Table 'Altair' 6-max Seat #3 is the button
Seat 1: GoliafUa ($129.27 in chips)
Seat 3: AMA2347 ($39.75 in chips)
AMA2347: posts small blind $1
GoliafUa: posts big blind $3
*** HOLE CARDS ***
AMA2347: calls $2
GoliafUa: checks
*** FLOP *** [Th Js 8d]
GoliafUa: checks
AMA2347: checks
*** TURN *** [Th Js 8d] [Qc]
GoliafUa: bets $6
AMA2347: calls $6
*** RIVER *** [Th Js 8d Qc] [4c]
GoliafUa: bets $6
AMA2347: calls $6
*** SHOW DOWN ***
GoliafUa: shows [8c Jc] (two pair, Jacks and Eights)
AMA2347: mucks hand
GoliafUa collected $29.50 from pot
*** SUMMARY ***
Total pot $30 | Rake $0.50
Board [Th Js 8d Qc 4c]
Seat 1: GoliafUa (big blind) showed [8c Jc] and won ($29.50) with two pair, Jacks and Eights
Seat 3: AMA2347 (button) (small blind) mucked


PokerStars Hand #167229394910:  Hold'em Limit ($3/$6 USD) - 2017/03/06 22:17:38 ET
Table 'Altair' 6-max Seat #1 is the button
Seat 1: GoliafUa ($140.03 in chips)
Seat 3: AMA2347 ($26.89 in chips)
GoliafUa: posts small blind $1
AMA2347: posts big blind $3
*** HOLE CARDS ***
GoliafUa: folds
Uncalled bet ($2) returned to AMA2347
AMA2347 collected $2 from pot
AMA2347: doesn't show hand
*** SUMMARY ***
Total pot $2 | Rake $0
Seat 1: GoliafUa (button) (small blind) folded before Flop
Seat 3: AMA2347 (big blind) collected ($2)


PokerStars Hand #167229393210:  Hold'em Limit ($3/$6 USD) - 2017/03/06 22:17:33 ET
Table 'Altair' 6-max Seat #3 is the button
Seat 1: GoliafUa ($139.03 in chips)
Seat 3: AMA2347 ($27.89 in chips)
AMA2347: posts small blind $1
GoliafUa: posts big blind $3
*** HOLE CARDS ***
AMA2347: folds
Uncalled bet ($2) returned to GoliafUa
GoliafUa collected $2 from pot
GoliafUa: doesn't show hand
*** SUMMARY ***
Total pot $2 | Rake $0
Seat 1: GoliafUa (big blind) collected ($2)
Seat 3: AMA2347 (button) (small blind) folded before Flop


PokerStars Hand #167229388746:  Hold'em Limit ($3/$6 USD) - 2017/03/06 22:17:21 ET
Table 'Altair' 6-max Seat #1 is the button
Seat 1: GoliafUa ($133.27 in chips)
Seat 3: AMA2347 ($33.89 in chips)
GoliafUa: posts small blind $1
AMA2347: posts big blind $3
*** HOLE CARDS ***
GoliafUa: raises $3 to $6
AMA2347: calls $3
*** FLOP *** [6h 8c 6c]
AMA2347: checks
GoliafUa: bets $3
AMA2347: folds
Uncalled bet ($3) returned to GoliafUa
GoliafUa collected $11.76 from pot
GoliafUa: doesn't show hand
*** SUMMARY ***
Total pot $12 | Rake $0.24
Board [6h 8c 6c]
Seat 1: GoliafUa (button) (small blind) collected ($11.76)
Seat 3: AMA2347 (big blind) folded on the Flop


PokerStars Hand #167229379632:  Hold'em Limit ($3/$6 USD) - 2017/03/06 22:16:57 ET
Table 'Altair' 6-max Seat #1 is the button
Seat 1: GoliafUa ($127.77 in chips)
Seat 3: AMA2347 ($40.25 in chips)
GoliafUa: posts small blind $1
AMA2347: posts big blind $3
*** HOLE CARDS ***
GoliafUa: raises $3 to $6
AMA2347: calls $3
*** FLOP *** [5c 9s 7h]
AMA2347: bets $3
GoliafUa: calls $3
*** TURN *** [5c 9s 7h] [Td]
AMA2347: bets $6
GoliafUa: raises $6 to $12
AMA2347: folds
Uncalled bet ($6) returned to GoliafUa
GoliafUa collected $29.50 from pot
GoliafUa: doesn't show hand
*** SUMMARY ***
Total pot $30 | Rake $0.50
Board [5c 9s 7h Td]
Seat 1: GoliafUa (button) (small blind) collected ($29.50)
Seat 3: AMA2347 (big blind) folded on the Turn


PokerStars Hand #167229377809:  Hold'em Limit ($3/$6 USD) - 2017/03/06 22:16:52 ET
Table 'Altair' 6-max Seat #3 is the button
Seat 1: GoliafUa ($126.77 in chips)
Seat 3: AMA2347 ($41.25 in chips)
AMA2347: posts small blind $1
GoliafUa: posts big blind $3
*** HOLE CARDS ***
AMA2347: folds
Uncalled bet ($2) returned to GoliafUa
GoliafUa collected $2 from pot
GoliafUa: doesn't show hand
*** SUMMARY ***
Total pot $2 | Rake $0
Seat 1: GoliafUa (big blind) collected ($2)
Seat 3: AMA2347 (button) (small blind) folded before Flop


PokerStars Hand #167229375625:  Hold'em Limit ($3/$6 USD) - 2017/03/06 22:16:46 ET
Table 'Altair' 6-max Seat #1 is the button
Seat 1: GoliafUa ($123.77 in chips)
Seat 3: AMA2347 ($44.25 in chips)
GoliafUa: posts small blind $1
AMA2347: posts big blind $3
*** HOLE CARDS ***
GoliafUa: raises $3 to $6
AMA2347: folds
Uncalled bet ($3) returned to GoliafUa
GoliafUa collected $6 from pot
GoliafUa: doesn't show hand
*** SUMMARY ***
Total pot $6 | Rake $0
Seat 1: GoliafUa (button) (small blind) collected ($6)
Seat 3: AMA2347 (big blind) folded before Flop


PokerStars Hand #167229373800:  Hold'em Limit ($3/$6 USD) - 2017/03/06 22:16:41 ET
Table 'Altair' 6-max Seat #3 is the button
Seat 1: GoliafUa ($122.77 in chips)
Seat 3: AMA2347 ($45.25 in chips)
AMA2347: posts small blind $1
GoliafUa: posts big blind $3
*** HOLE CARDS ***
AMA2347: folds
Uncalled bet ($2) returned to GoliafUa
GoliafUa collected $2 from pot
GoliafUa: doesn't show hand
*** SUMMARY ***
Total pot $2 | Rake $0
Seat 1: GoliafUa (big blind) collected ($2)
Seat 3: AMA2347 (button) (small blind) folded before Flop


PokerStars Hand #167229384661:  Hold'em Limit ($3/$6 USD) - 2017/03/06 22:17:10 ET
Table 'Altair' 6-max Seat #3 is the button
Seat 1: GoliafUa ($142.27 in chips)
Seat 3: AMA2347 ($25.25 in chips)
AMA2347: posts small blind $1
GoliafUa: posts big blind $3
*** HOLE CARDS ***
AMA2347: raises $3 to $6
GoliafUa: calls $3
*** FLOP *** [7c 5c Qs]
GoliafUa: checks
AMA2347: bets $3
GoliafUa: calls $3
*** TURN *** [7c 5c Qs] [2h]
GoliafUa: checks
AMA2347: bets $6
GoliafUa: folds
Uncalled bet ($6) returned to AMA2347
AMA2347 collected $17.64 from pot
AMA2347: doesn't show hand
*** SUMMARY ***
Total pot $18 | Rake $0.36
Board [7c 5c Qs 2h]
Seat 1: GoliafUa (big blind) folded on the Turn
Seat 3: AMA2347 (button) (small blind) collected ($17.64)


PokerStars Hand #167229411113:  Hold'em Limit ($3/$6 USD) - 2017/03/06 22:18:21 ET
Table 'Altair' 6-max Seat #1 is the button
Seat 1: GoliafUa ($124.64 in chips)
Seat 3: AMA2347 ($41.28 in chips)
GoliafUa: posts small blind $1
AMA2347: posts big blind $3
*** HOLE CARDS ***
GoliafUa: raises $3 to $6
AMA2347: calls $3
*** FLOP *** [Js 2c 7h]
AMA2347: checks
GoliafUa: bets $3
AMA2347: folds
Uncalled bet ($3) returned to GoliafUa
GoliafUa collected $11.76 from pot
GoliafUa: doesn't show hand
*** SUMMARY ***
Total pot $12 | Rake $0.24
Board [Js 2c 7h]
Seat 1: GoliafUa (button) (small blind) collected ($11.76)
Seat 3: AMA2347 (big blind) folded on the Flop


PokerStars Hand #167229396881:  Hold'em Limit ($3/$6 USD) - 2017/03/06 22:17:43 ET
Table 'Altair' 6-max Seat #3 is the button
Seat 1: GoliafUa ($139.03 in chips)
Seat 3: AMA2347 ($27.89 in chips)
AMA2347: posts small blind $1
GoliafUa: posts big blind $3
*** HOLE CARDS ***
AMA2347: raises $3 to $6
GoliafUa: calls $3
*** FLOP *** [3c Kc Qh]
GoliafUa: checks
AMA2347: bets $3
GoliafUa: raises $3 to $6
AMA2347: raises $3 to $9
GoliafUa: raises $3 to $12
Betting is capped
AMA2347: calls $3
*** TURN *** [3c Kc Qh] [3d]
GoliafUa: bets $6
AMA2347: raises $3.89 to $9.89 and is all-in
GoliafUa: calls $3.89
*** RIVER *** [3c Kc Qh 3d] [6s]
*** SHOW DOWN ***
GoliafUa: shows [Kd 2c] (two pair, Kings and Threes)
AMA2347: shows [4c 3h] (three of a kind, Threes)
AMA2347 collected $55.28 from pot
*** SUMMARY ***
Total pot $55.78 | Rake $0.50
Board [3c Kc Qh 3d 6s]
Seat 1: GoliafUa (big blind) showed [Kd 2c] and lost with two pair, Kings and Threes
Seat 3: AMA2347 (button) (small blind) showed [4c 3h] and won ($55.28) with three of a kind, Threes


PokerStars Hand #167229405983:  Hold'em Limit ($3/$6 USD) - 2017/03/06 22:18:07 ET
Table 'Altair' 6-max Seat #3 is the button
Seat 1: GoliafUa ($110.14 in chips)
Seat 3: AMA2347 ($56.28 in chips)
AMA2347: posts small blind $1
GoliafUa: posts big blind $3
*** HOLE CARDS ***
AMA2347: raises $3 to $6
GoliafUa: calls $3
*** FLOP *** [4s 3c Qs]
GoliafUa: checks
AMA2347: bets $3
GoliafUa: calls $3
*** TURN *** [4s 3c Qs] [9s]
GoliafUa: checks
AMA2347: bets $6
GoliafUa: calls $6
*** RIVER *** [4s 3c Qs 9s] [7d]
GoliafUa: checks
AMA2347: checks
*** SHOW DOWN ***
GoliafUa: shows [9d 7s] (two pair, Nines and Sevens)
AMA2347: mucks hand
GoliafUa collected $29.50 from pot
*** SUMMARY ***
Total pot $30 | Rake $0.50
Board [4s 3c Qs 9s 7d]
Seat 1: GoliafUa (big blind) showed [9d 7s] and won ($29.50) with two pair, Nines and Sevens
Seat 3: AMA2347 (button) (small blind) mucked


PokerStars Hand #167229403684:  Hold'em Limit ($3/$6 USD) - 2017/03/06 22:18:01 ET
Table 'Altair' 6-max Seat #1 is the button
Seat 1: GoliafUa ($111.14 in chips)
Seat 3: AMA2347 ($55.28 in chips)
GoliafUa: posts small blind $1
AMA2347: posts big blind $3
*** HOLE CARDS ***
GoliafUa: folds
Uncalled bet ($2) returned to AMA2347
AMA2347 collected $2 from pot
AMA2347: doesn't show hand
*** SUMMARY ***
Total pot $2 | Rake $0
Seat 1: GoliafUa (button) (small blind) folded before Flop
Seat 3: AMA2347 (big blind) collected ($2)


PokerStars Hand #167229437712:  Hold'em Limit ($3/$6 USD) - 2017/03/06 22:19:34 ET
Table 'Altair' 6-max Seat #1 is the button
Seat 1: GoliafUa ($97.40 in chips)
Seat 3: AMA2347 ($66.94 in chips)
GoliafUa: posts small blind $1
AMA2347: posts big blind $3
*** HOLE CARDS ***
GoliafUa: raises $3 to $6
AMA2347: folds
Uncalled bet ($3) returned to GoliafUa
GoliafUa collected $6 from pot
GoliafUa: doesn't show hand
*** SUMMARY ***
Total pot $6 | Rake $0
Seat 1: GoliafUa (button) (small blind) collected ($6)
Seat 3: AMA2347 (big blind) folded before Flop


PokerStars Hand #167229427911:  Hold'em Limit ($3/$6 USD) - 2017/03/06 22:19:07 ET
Table 'Altair' 6-max Seat #3 is the button
Seat 1: GoliafUa ($110.40 in chips)
Seat 3: AMA2347 ($54.44 in chips)
AMA2347: posts small blind $1
GoliafUa: posts big blind $3
*** HOLE CARDS ***
AMA2347: folds
Uncalled bet ($2) returned to GoliafUa
GoliafUa collected $2 from pot
GoliafUa: doesn't show hand
*** SUMMARY ***
Total pot $2 | Rake $0
Seat 1: GoliafUa (big blind) collected ($2)
Seat 3: AMA2347 (button) (small blind) folded before Flop


PokerStars Hand #167229424356:  Hold'em Limit ($3/$6 USD) - 2017/03/06 22:18:57 ET
Table 'Altair' 6-max Seat #1 is the button
Seat 1: GoliafUa ($119.40 in chips)
Seat 3: AMA2347 ($45.80 in chips)
GoliafUa: posts small blind $1
AMA2347: posts big blind $3
*** HOLE CARDS ***
GoliafUa: raises $3 to $6
AMA2347: raises $3 to $9
GoliafUa: calls $3
*** FLOP *** [9s Kd Qs]
AMA2347: bets $3
GoliafUa: folds
Uncalled bet ($3) returned to AMA2347
AMA2347 collected $17.64 from pot
AMA2347: doesn't show hand
*** SUMMARY ***
Total pot $18 | Rake $0.36
Board [9s Kd Qs]
Seat 1: GoliafUa (button) (small blind) folded on the Flop
Seat 3: AMA2347 (big blind) collected ($17.64)


PokerStars Hand #167229422491:  Hold'em Limit ($3/$6 USD) - 2017/03/06 22:18:52 ET
Table 'Altair' 6-max Seat #3 is the button
Seat 1: GoliafUa ($118.40 in chips)
Seat 3: AMA2347 ($46.80 in chips)
AMA2347: posts small blind $1
GoliafUa: posts big blind $3
*** HOLE CARDS ***
AMA2347: folds
Uncalled bet ($2) returned to GoliafUa
GoliafUa collected $2 from pot
GoliafUa: doesn't show hand
*** SUMMARY ***
Total pot $2 | Rake $0
Seat 1: GoliafUa (big blind) collected ($2)
Seat 3: AMA2347 (button) (small blind) folded before Flop


PokerStars Hand #167229435755:  Hold'em Limit ($3/$6 USD) - 2017/03/06 22:19:28 ET
Table 'Altair' 6-max Seat #3 is the button
Seat 1: GoliafUa ($96.40 in chips)
Seat 3: AMA2347 ($67.94 in chips)
AMA2347: posts small blind $1
GoliafUa: posts big blind $3
*** HOLE CARDS ***
AMA2347: folds
Uncalled bet ($2) returned to GoliafUa
GoliafUa collected $2 from pot
GoliafUa: doesn't show hand
*** SUMMARY ***
Total pot $2 | Rake $0
Seat 1: GoliafUa (big blind) collected ($2)
Seat 3: AMA2347 (button) (small blind) folded before Flop


PokerStars Hand #167229429831:  Hold'em Limit ($3/$6 USD) - 2017/03/06 22:19:12 ET
Table 'Altair' 6-max Seat #1 is the button
Seat 1: GoliafUa ($111.40 in chips)
Seat 3: AMA2347 ($53.44 in chips)
GoliafUa: posts small blind $1
AMA2347: posts big blind $3
*** HOLE CARDS ***
GoliafUa: raises $3 to $6
AMA2347: calls $3
*** FLOP *** [Kc Td Ac]
AMA2347: checks
GoliafUa: bets $3
AMA2347: calls $3
*** TURN *** [Kc Td Ac] [Qd]
AMA2347: checks
GoliafUa: bets $6
AMA2347: raises $6 to $12
GoliafUa: folds
Uncalled bet ($6) returned to AMA2347
AMA2347 collected $29.50 from pot
AMA2347: doesn't show hand
*** SUMMARY ***
Total pot $30 | Rake $0.50
Board [Kc Td Ac Qd]
Seat 1: GoliafUa (button) (small blind) folded on the Turn
Seat 3: AMA2347 (big blind) collected ($29.50)


PokerStars Hand #167229418520:  Hold'em Limit ($3/$6 USD) - 2017/03/06 22:18:41 ET
Table 'Altair' 6-max Seat #1 is the button
Seat 1: GoliafUa ($127.40 in chips)
Seat 3: AMA2347 ($38.16 in chips)
GoliafUa: posts small blind $1
AMA2347: posts big blind $3
*** HOLE CARDS ***
GoliafUa: raises $3 to $6
AMA2347: raises $3 to $9
GoliafUa: calls $3
*** FLOP *** [Jh 9h 3h]
AMA2347: bets $3
GoliafUa: folds
Uncalled bet ($3) returned to AMA2347
AMA2347 collected $17.64 from pot
AMA2347: doesn't show hand
*** SUMMARY ***
Total pot $18 | Rake $0.36
Board [Jh 9h 3h]
Seat 1: GoliafUa (button) (small blind) folded on the Flop
Seat 3: AMA2347 (big blind) collected ($17.64)


PokerStars Hand #167229449633:  Hold'em Limit ($3/$6 USD) - 2017/03/06 22:20:07 ET
Table 'Altair' 6-max Seat #3 is the button
Seat 1: GoliafUa ($108.79 in chips)
Seat 3: AMA2347 ($54.69 in chips)
AMA2347: posts small blind $1
GoliafUa: posts big blind $3
*** HOLE CARDS ***
AMA2347: raises $3 to $6
GoliafUa: calls $3
*** FLOP *** [5s 3d 7s]
GoliafUa: checks
AMA2347: checks
*** TURN *** [5s 3d 7s] [3h]
GoliafUa: checks
AMA2347: checks
*** RIVER *** [5s 3d 7s 3h] [Ah]
GoliafUa: checks
AMA2347: checks
*** SHOW DOWN ***
GoliafUa: shows [8s 9d] (a pair of Threes)
AMA2347: shows [Ks 2h] (a pair of Threes - Ace+King kicker)
AMA2347 collected $11.76 from pot
*** SUMMARY ***
Total pot $12 | Rake $0.24
Board [5s 3d 7s 3h Ah]
Seat 1: GoliafUa (big blind) showed [8s 9d] and lost with a pair of Threes
Seat 3: AMA2347 (button) (small blind) showed [Ks 2h] and won ($11.76) with a pair of Threes


PokerStars Hand #167229444265:  Hold'em Limit ($3/$6 USD) - 2017/03/06 22:19:52 ET
Table 'Altair' 6-max Seat #1 is the button
Seat 1: GoliafUa ($109.04 in chips)
Seat 3: AMA2347 ($54.94 in chips)
GoliafUa: posts small blind $1
AMA2347: posts big blind $3
*** HOLE CARDS ***
GoliafUa: raises $3 to $6
AMA2347: raises $3 to $9
GoliafUa: calls $3
*** FLOP *** [3c 8s Qh]
AMA2347: bets $3
GoliafUa: calls $3
*** TURN *** [3c 8s Qh] [Jh]
AMA2347: bets $6
GoliafUa: calls $6
*** RIVER *** [3c 8s Qh Jh] [7d]
AMA2347: bets $6
GoliafUa: calls $6
*** SHOW DOWN ***
AMA2347: shows [3d 2h] (a pair of Threes)
GoliafUa: shows [4c 3s] (a pair of Threes)
AMA2347 collected $23.75 from pot
GoliafUa collected $23.75 from pot
*** SUMMARY ***
Total pot $48 | Rake $0.50
Board [3c 8s Qh Jh 7d]
Seat 1: GoliafUa (button) (small blind) showed [4c 3s] and won ($23.75) with a pair of Threes
Seat 3: AMA2347 (big blind) showed [3d 2h] and won ($23.75) with a pair of Threes


PokerStars Hand #167229454625:  Hold'em Limit ($3/$6 USD) - 2017/03/06 22:20:20 ET
Table 'Altair' 6-max Seat #1 is the button
Seat 1: GoliafUa ($102.79 in chips)
Seat 3: AMA2347 ($60.45 in chips)
GoliafUa: posts small blind $1
AMA2347: posts big blind $3
*** HOLE CARDS ***
GoliafUa: raises $3 to $6
AMA2347: calls $3
*** FLOP *** [2h Qc 3s]
AMA2347: checks
GoliafUa: bets $3
AMA2347: calls $3
*** TURN *** [2h Qc 3s] [5c]
AMA2347: checks
GoliafUa: checks
*** RIVER *** [2h Qc 3s 5c] [Kc]
AMA2347: bets $6
GoliafUa: folds
Uncalled bet ($6) returned to AMA2347
AMA2347 collected $17.64 from pot
AMA2347: doesn't show hand
*** SUMMARY ***
Total pot $18 | Rake $0.36
Board [2h Qc 3s 5c Kc]
Seat 1: GoliafUa (button) (small blind) folded on the River
Seat 3: AMA2347 (big blind) collected ($17.64)


PokerStars Hand #167229440024:  Hold'em Limit ($3/$6 USD) - 2017/03/06 22:19:40 ET
Table 'Altair' 6-max Seat #3 is the button
Seat 1: GoliafUa ($100.40 in chips)
Seat 3: AMA2347 ($63.94 in chips)
AMA2347: posts small blind $1
GoliafUa: posts big blind $3
*** HOLE CARDS ***
AMA2347: raises $3 to $6
GoliafUa: calls $3
*** FLOP *** [4d Qs Jh]
GoliafUa: checks
AMA2347: bets $3
GoliafUa: raises $3 to $6
AMA2347: folds
Uncalled bet ($3) returned to GoliafUa
GoliafUa collected $17.64 from pot
GoliafUa: doesn't show hand
*** SUMMARY ***
Total pot $18 | Rake $0.36
Board [4d Qs Jh]
Seat 1: GoliafUa (big blind) collected ($17.64)
Seat 3: AMA2347 (button) (small blind) folded on the Flop


PokerStars Hand #167229467238:  Hold'em Limit ($3/$6 USD) - 2017/03/06 22:20:55 ET
Table 'Altair' 6-max Seat #1 is the button
Seat 1: GoliafUa ($63.79 in chips)
Seat 3: AMA2347 ($98.59 in chips)
GoliafUa: posts small blind $1
AMA2347: posts big blind $3
*** HOLE CARDS ***
GoliafUa: raises $3 to $6
AMA2347: calls $3
*** FLOP *** [2d As Jc]
AMA2347: checks
GoliafUa: bets $3
AMA2347: calls $3
*** TURN *** [2d As Jc] [5d]
AMA2347: checks
GoliafUa: bets $6
AMA2347: calls $6
*** RIVER *** [2d As Jc 5d] [9c]
AMA2347: checks
GoliafUa: checks
*** SHOW DOWN ***
AMA2347: shows [Ah 3d] (a pair of Aces)
GoliafUa: mucks hand
AMA2347 collected $29.50 from pot
*** SUMMARY ***
Total pot $30 | Rake $0.50
Board [2d As Jc 5d 9c]
Seat 1: GoliafUa (button) (small blind) mucked
Seat 3: AMA2347 (big blind) showed [Ah 3d] and won ($29.50) with a pair of Aces


PokerStars Hand #167229473846:  Hold'em Limit ($3/$6 USD) - 2017/03/06 22:21:13 ET
Table 'Altair' 6-max Seat #3 is the button
Seat 1: GoliafUa ($108.79 in chips)
Seat 3: AMA2347 ($113.09 in chips)
AMA2347: posts small blind $1
GoliafUa: posts big blind $3
*** HOLE CARDS ***
AMA2347: folds
Uncalled bet ($2) returned to GoliafUa
GoliafUa collected $2 from pot
GoliafUa: doesn't show hand
*** SUMMARY ***
Total pot $2 | Rake $0
Seat 1: GoliafUa (big blind) collected ($2)
Seat 3: AMA2347 (button) (small blind) folded before Flop


PokerStars Hand #167229482425:  Hold'em Limit ($3/$6 USD) - 2017/03/06 22:21:37 ET
Table 'Altair' 6-max Seat #1 is the button
Seat 1: GoliafUa ($98.79 in chips)
Seat 3: AMA2347 ($122.61 in chips)
GoliafUa: posts small blind $1
AMA2347: posts big blind $3
*** HOLE CARDS ***
GoliafUa: folds
Uncalled bet ($2) returned to AMA2347
AMA2347 collected $2 from pot
AMA2347: doesn't show hand
*** SUMMARY ***
Total pot $2 | Rake $0
Seat 1: GoliafUa (button) (small blind) folded before Flop
Seat 3: AMA2347 (big blind) collected ($2)


PokerStars Hand #167229475666:  Hold'em Limit ($3/$6 USD) - 2017/03/06 22:21:19 ET
Table 'Altair' 6-max Seat #1 is the button
Seat 1: GoliafUa ($109.79 in chips)
Seat 3: AMA2347 ($112.09 in chips)
GoliafUa: posts small blind $1
AMA2347: posts big blind $3
*** HOLE CARDS ***
GoliafUa: raises $3 to $6
AMA2347: raises $3 to $9
GoliafUa: calls $3
*** FLOP *** [Kd 4c 2s]
AMA2347: bets $3
GoliafUa: calls $3
*** TURN *** [Kd 4c 2s] [6c]
AMA2347: bets $6
GoliafUa: folds
Uncalled bet ($6) returned to AMA2347
AMA2347 collected $23.52 from pot
AMA2347: doesn't show hand
*** SUMMARY ***
Total pot $24 | Rake $0.48
Board [Kd 4c 2s 6c]
Seat 1: GoliafUa (button) (small blind) folded on the Turn
Seat 3: AMA2347 (big blind) collected ($23.52)


PokerStars Hand #167229484342:  Hold'em Limit ($3/$6 USD) - 2017/03/06 22:21:42 ET
Table 'Altair' 6-max Seat #3 is the button
Seat 1: GoliafUa ($97.79 in chips)
Seat 3: AMA2347 ($123.61 in chips)
AMA2347: posts small blind $1
GoliafUa: posts big blind $3
*** HOLE CARDS ***
AMA2347: folds
Uncalled bet ($2) returned to GoliafUa
GoliafUa collected $2 from pot
GoliafUa: doesn't show hand
*** SUMMARY ***
Total pot $2 | Rake $0
Seat 1: GoliafUa (big blind) collected ($2)
Seat 3: AMA2347 (button) (small blind) folded before Flop


PokerStars Hand #167229486154:  Hold'em Limit ($3/$6 USD) - 2017/03/06 22:21:47 ET
Table 'Altair' 6-max Seat #1 is the button
Seat 1: GoliafUa ($98.79 in chips)
Seat 3: AMA2347 ($122.61 in chips)
GoliafUa: posts small blind $1
AMA2347: posts big blind $3
*** HOLE CARDS ***
GoliafUa: raises $3 to $6
AMA2347: calls $3
*** FLOP *** [8d Ah 3s]
AMA2347: checks
GoliafUa: bets $3
AMA2347: calls $3
*** TURN *** [8d Ah 3s] [8s]
AMA2347: checks
GoliafUa: bets $6
AMA2347: calls $6
*** RIVER *** [8d Ah 3s 8s] [6c]
AMA2347: checks
GoliafUa: checks
*** SHOW DOWN ***
AMA2347: shows [5c 4h] (a pair of Eights)
GoliafUa: shows [6s 9s] (two pair, Eights and Sixes)
GoliafUa collected $29.50 from pot
*** SUMMARY ***
Total pot $30 | Rake $0.50
Board [8d Ah 3s 8s 6c]
Seat 1: GoliafUa (button) (small blind) showed [6s 9s] and won ($29.50) with two pair, Eights and Sixes
Seat 3: AMA2347 (big blind) showed [5c 4h] and lost with a pair of Eights


PokerStars Hand #167229492785:  Hold'em Limit ($3/$6 USD) - 2017/03/06 22:22:06 ET
Table 'Altair' 6-max Seat #3 is the button
Seat 1: GoliafUa ($113.29 in chips)
Seat 3: AMA2347 ($107.61 in chips)
AMA2347: posts small blind $1
GoliafUa: posts big blind $3
*** HOLE CARDS ***
AMA2347: calls $2
GoliafUa: checks
*** FLOP *** [8s 5d 6s]
GoliafUa: bets $3
AMA2347: raises $3 to $6
GoliafUa: calls $3
*** TURN *** [8s 5d 6s] [4d]
GoliafUa: checks
AMA2347: bets $6
GoliafUa: raises $6 to $12
AMA2347: folds
Uncalled bet ($6) returned to GoliafUa
GoliafUa collected $29.50 from pot
GoliafUa: doesn't show hand
*** SUMMARY ***
Total pot $30 | Rake $0.50
Board [8s 5d 6s 4d]
Seat 1: GoliafUa (big blind) collected ($29.50)
Seat 3: AMA2347 (button) (small blind) folded on the Turn


PokerStars Hand #167229514581:  Hold'em Limit ($3/$6 USD) - 2017/03/06 22:23:06 ET
Table 'Altair' 6-max Seat #1 is the button
Seat 1: GoliafUa ($127.43 in chips)
Seat 3: AMA2347 ($92.25 in chips)
GoliafUa: posts small blind $1
AMA2347: posts big blind $3
*** HOLE CARDS ***
GoliafUa: raises $3 to $6
AMA2347: raises $3 to $9
GoliafUa: calls $3
*** FLOP *** [7c Ah Qh]
AMA2347: bets $3
GoliafUa: folds
Uncalled bet ($3) returned to AMA2347
AMA2347 collected $17.64 from pot
AMA2347: doesn't show hand
*** SUMMARY ***
Total pot $18 | Rake $0.36
Board [7c Ah Qh]
Seat 1: GoliafUa (button) (small blind) folded on the Flop
Seat 3: AMA2347 (big blind) collected ($17.64)


PokerStars Hand #167229512369:  Hold'em Limit ($3/$6 USD) - 2017/03/06 22:23:00 ET
Table 'Altair' 6-max Seat #3 is the button
Seat 1: GoliafUa ($130.43 in chips)
Seat 3: AMA2347 ($89.25 in chips)
AMA2347: posts small blind $1
GoliafUa: posts big blind $3
*** HOLE CARDS ***
AMA2347: raises $3 to $6
GoliafUa: folds
Uncalled bet ($3) returned to AMA2347
AMA2347 collected $6 from pot
AMA2347: doesn't show hand
*** SUMMARY ***
Total pot $6 | Rake $0
Seat 1: GoliafUa (big blind) folded before Flop
Seat 3: AMA2347 (button) (small blind) collected ($6)


PokerStars Hand #167229505907:  Hold'em Limit ($3/$6 USD) - 2017/03/06 22:22:42 ET
Table 'Altair' 6-max Seat #3 is the button
Seat 1: GoliafUa ($136.43 in chips)
Seat 3: AMA2347 ($83.61 in chips)
AMA2347: posts small blind $1
GoliafUa: posts big blind $3
*** HOLE CARDS ***
AMA2347: raises $3 to $6
GoliafUa: calls $3
*** FLOP *** [4s 8s 2c]
GoliafUa: checks
AMA2347: bets $3
GoliafUa: calls $3
*** TURN *** [4s 8s 2c] [2d]
GoliafUa: checks
AMA2347: bets $6
GoliafUa: folds
Uncalled bet ($6) returned to AMA2347
AMA2347 collected $17.64 from pot
AMA2347: doesn't show hand
*** SUMMARY ***
Total pot $18 | Rake $0.36
Board [4s 8s 2c 2d]
Seat 1: GoliafUa (big blind) folded on the Turn
Seat 3: AMA2347 (button) (small blind) collected ($17.64)


PokerStars Hand #167229522124:  Hold'em Limit ($3/$6 USD) - 2017/03/06 22:23:27 ET
Table 'Altair' 6-max Seat #1 is the button
Seat 1: GoliafUa ($138.93 in chips)
Seat 3: AMA2347 ($79.89 in chips)
GoliafUa: posts small blind $1
AMA2347: posts big blind $3
*** HOLE CARDS ***
GoliafUa: raises $3 to $6
AMA2347: raises $3 to $9
GoliafUa: calls $3
*** FLOP *** [6h 8h 7c]
AMA2347: bets $3
GoliafUa: calls $3
*** TURN *** [6h 8h 7c] [Td]
AMA2347: bets $6
GoliafUa: calls $6
*** RIVER *** [6h 8h 7c Td] [9h]
AMA2347: checks
GoliafUa: checks
*** SHOW DOWN ***
AMA2347: shows [Qh Ks] (a straight, Six to Ten)
GoliafUa: shows [7d Ah] (a straight, Six to Ten)
AMA2347 collected $17.75 from pot
GoliafUa collected $17.75 from pot
*** SUMMARY ***
Total pot $36 | Rake $0.50
Board [6h 8h 7c Td 9h]
Seat 1: GoliafUa (button) (small blind) showed [7d Ah] and won ($17.75) with a straight, Six to Ten
Seat 3: AMA2347 (big blind) showed [Qh Ks] and won ($17.75) with a straight, Six to Ten


PokerStars Hand #167229517527:  Hold'em Limit ($3/$6 USD) - 2017/03/06 22:23:14 ET
Table 'Altair' 6-max Seat #3 is the button
Seat 1: GoliafUa ($118.43 in chips)
Seat 3: AMA2347 ($100.89 in chips)
AMA2347: posts small blind $1
GoliafUa: posts big blind $3
*** HOLE CARDS ***
AMA2347: raises $3 to $6
GoliafUa: calls $3
*** FLOP *** [9c Ac 5d]
GoliafUa: checks
AMA2347: bets $3
GoliafUa: calls $3
*** TURN *** [9c Ac 5d] [6h]
GoliafUa: checks
AMA2347: bets $6
GoliafUa: calls $6
*** RIVER *** [9c Ac 5d 6h] [Tc]
GoliafUa: checks
AMA2347: bets $6
GoliafUa: calls $6
*** SHOW DOWN ***
AMA2347: shows [7h 6d] (a pair of Sixes)
GoliafUa: shows [9d 4d] (a pair of Nines)
GoliafUa collected $41.50 from pot
*** SUMMARY ***
Total pot $42 | Rake $0.50
Board [9c Ac 5d 6h Tc]
Seat 1: GoliafUa (big blind) showed [9d 4d] and won ($41.50) with a pair of Nines
Seat 3: AMA2347 (button) (small blind) showed [7h 6d] and lost with a pair of Sixes


PokerStars Hand #167229510186:  Hold'em Limit ($3/$6 USD) - 2017/03/06 22:22:54 ET
Table 'Altair' 6-max Seat #1 is the button
Seat 1: GoliafUa ($127.43 in chips)
Seat 3: AMA2347 ($92.25 in chips)
GoliafUa: posts small blind $1
AMA2347: posts big blind $3
*** HOLE CARDS ***
GoliafUa: raises $3 to $6
AMA2347: folds
Uncalled bet ($3) returned to GoliafUa
GoliafUa collected $6 from pot
GoliafUa: doesn't show hand
*** SUMMARY ***
Total pot $6 | Rake $0
Seat 1: GoliafUa (button) (small blind) collected ($6)
Seat 3: AMA2347 (big blind) folded before Flop


PokerStars Hand #167229529239:  Hold'em Limit ($3/$6 USD) - 2017/03/06 22:23:47 ET
Table 'Altair' 6-max Seat #1 is the button
Seat 1: GoliafUa ($139.68 in chips)
Seat 3: AMA2347 ($78.64 in chips)
GoliafUa: posts small blind $1
AMA2347: posts big blind $3
*** HOLE CARDS ***
GoliafUa: raises $3 to $6
AMA2347: raises $3 to $9
GoliafUa: calls $3
*** FLOP *** [Td 5h 2d]
AMA2347: bets $3
GoliafUa: calls $3
*** TURN *** [Td 5h 2d] [2c]
AMA2347: bets $6
GoliafUa: folds
Uncalled bet ($6) returned to AMA2347
AMA2347 collected $23.52 from pot
AMA2347: doesn't show hand
*** SUMMARY ***
Total pot $24 | Rake $0.48
Board [Td 5h 2d 2c]
Seat 1: GoliafUa (button) (small blind) folded on the Turn
Seat 3: AMA2347 (big blind) collected ($23.52)


PokerStars Hand #167229527488:  Hold'em Limit ($3/$6 USD) - 2017/03/06 22:23:42 ET
Table 'Altair' 6-max Seat #3 is the button
Seat 1: GoliafUa ($138.68 in chips)
Seat 3: AMA2347 ($79.64 in chips)
AMA2347: posts small blind $1
GoliafUa: posts big blind $3
*** HOLE CARDS ***
AMA2347: folds
Uncalled bet ($2) returned to GoliafUa
GoliafUa collected $2 from pot
GoliafUa: doesn't show hand
*** SUMMARY ***
Total pot $2 | Rake $0
Seat 1: GoliafUa (big blind) collected ($2)
Seat 3: AMA2347 (button) (small blind) folded before Flop


PokerStars Hand #167229539958:  Hold'em Limit ($3/$6 USD) - 2017/03/06 22:24:17 ET
Table 'Altair' 6-max Seat #1 is the button
Seat 1: GoliafUa ($160.18 in chips)
Seat 3: AMA2347 ($57.16 in chips)
GoliafUa: posts small blind $1
AMA2347: posts big blind $3
*** HOLE CARDS ***
GoliafUa: raises $3 to $6
AMA2347: raises $3 to $9
GoliafUa: calls $3
*** FLOP *** [9s 4h 2h]
AMA2347: bets $3
GoliafUa: calls $3
*** TURN *** [9s 4h 2h] [2d]
AMA2347: bets $6
GoliafUa: calls $6
*** RIVER *** [9s 4h 2h 2d] [3d]
AMA2347: bets $6
GoliafUa: calls $6
*** SHOW DOWN ***
AMA2347: shows [Qc Qs] (two pair, Queens and Deuces)
GoliafUa: mucks hand
AMA2347 collected $47.50 from pot
*** SUMMARY ***
Total pot $48 | Rake $0.50
Board [9s 4h 2h 2d 3d]
Seat 1: GoliafUa (button) (small blind) mucked
Seat 3: AMA2347 (big blind) showed [Qc Qs] and won ($47.50) with two pair, Queens and Deuces


PokerStars Hand #167229533481:  Hold'em Limit ($3/$6 USD) - 2017/03/06 22:23:59 ET
Table 'Altair' 6-max Seat #3 is the button
Seat 1: GoliafUa ($127.68 in chips)
Seat 3: AMA2347 ($90.16 in chips)
AMA2347: posts small blind $1
GoliafUa: posts big blind $3
*** HOLE CARDS ***
AMA2347: raises $3 to $6
GoliafUa: calls $3
*** FLOP *** [7h 5c 5d]
GoliafUa: checks
AMA2347: bets $3
GoliafUa: raises $3 to $6
AMA2347: raises $3 to $9
GoliafUa: calls $3
*** TURN *** [7h 5c 5d] [3d]
GoliafUa: checks
AMA2347: bets $6
GoliafUa: calls $6
*** RIVER *** [7h 5c 5d 3d] [7c]
GoliafUa: checks
AMA2347: bets $6
GoliafUa: raises $6 to $12
AMA2347: calls $6
*** SHOW DOWN ***
GoliafUa: shows [7s 9c] (a full house, Sevens full of Fives)
AMA2347: mucks hand
GoliafUa collected $65.50 from pot
*** SUMMARY ***
Total pot $66 | Rake $0.50
Board [7h 5c 5d 3d 7c]
Seat 1: GoliafUa (big blind) showed [7s 9c] and won ($65.50) with a full house, Sevens full of Fives
Seat 3: AMA2347 (button) (small blind) mucked


PokerStars Hand #167229565764:  Hold'em Limit ($3/$6 USD) - 2017/03/06 22:25:28 ET
Table 'Altair' 6-max Seat #1 is the button
Seat 1: GoliafUa ($91.18 in chips)
Seat 3: AMA2347 ($124.32 in chips)
GoliafUa: posts small blind $1
AMA2347: posts big blind $3
*** HOLE CARDS ***
GoliafUa: folds
Uncalled bet ($2) returned to AMA2347
AMA2347 collected $2 from pot
AMA2347: doesn't show hand
*** SUMMARY ***
Total pot $2 | Rake $0
Seat 1: GoliafUa (button) (small blind) folded before Flop
Seat 3: AMA2347 (big blind) collected ($2)


PokerStars Hand #167229563865:  Hold'em Limit ($3/$6 USD) - 2017/03/06 22:25:23 ET
Table 'Altair' 6-max Seat #3 is the button
Seat 1: GoliafUa ($90.18 in chips)
Seat 3: AMA2347 ($125.32 in chips)
AMA2347: posts small blind $1
GoliafUa: posts big blind $3
*** HOLE CARDS ***
AMA2347: folds
Uncalled bet ($2) returned to GoliafUa
GoliafUa collected $2 from pot
GoliafUa: doesn't show hand
*** SUMMARY ***
Total pot $2 | Rake $0
Seat 1: GoliafUa (big blind) collected ($2)
Seat 3: AMA2347 (button) (small blind) folded before Flop


PokerStars Hand #167229567477:  Hold'em Limit ($3/$6 USD) - 2017/03/06 22:25:33 ET
Table 'Altair' 6-max Seat #3 is the button
Seat 1: GoliafUa ($90.18 in chips)
Seat 3: AMA2347 ($125.32 in chips)
AMA2347: posts small blind $1
GoliafUa: posts big blind $3
*** HOLE CARDS ***
AMA2347: raises $3 to $6
GoliafUa: calls $3
*** FLOP *** [Tc As 5d]
GoliafUa: checks
AMA2347: bets $3
GoliafUa: calls $3
*** TURN *** [Tc As 5d] [Qh]
GoliafUa: checks
AMA2347: bets $6
GoliafUa: folds
Uncalled bet ($6) returned to AMA2347
AMA2347 collected $17.64 from pot
AMA2347: doesn't show hand
*** SUMMARY ***
Total pot $18 | Rake $0.36
Board [Tc As 5d Qh]
Seat 1: GoliafUa (big blind) folded on the Turn
Seat 3: AMA2347 (button) (small blind) collected ($17.64)


PokerStars Hand #167229546366:  Hold'em Limit ($3/$6 USD) - 2017/03/06 22:24:35 ET
Table 'Altair' 6-max Seat #3 is the button
Seat 1: GoliafUa ($136.18 in chips)
Seat 3: AMA2347 ($80.66 in chips)
AMA2347: posts small blind $1
GoliafUa: posts big blind $3
*** HOLE CARDS ***
AMA2347: raises $3 to $6
GoliafUa: calls $3
*** FLOP *** [4s Jc 3d]
GoliafUa: checks
AMA2347: bets $3
GoliafUa: calls $3
*** TURN *** [4s Jc 3d] [Js]
GoliafUa: checks
AMA2347: bets $6
GoliafUa: folds
Uncalled bet ($6) returned to AMA2347
AMA2347 collected $17.64 from pot
AMA2347: doesn't show hand
*** SUMMARY ***
Total pot $18 | Rake $0.36
Board [4s Jc 3d Js]
Seat 1: GoliafUa (big blind) folded on the Turn
Seat 3: AMA2347 (button) (small blind) collected ($17.64)


PokerStars Hand #167229550362:  Hold'em Limit ($3/$6 USD) - 2017/03/06 22:24:45 ET
Table 'Altair' 6-max Seat #1 is the button
Seat 1: GoliafUa ($127.18 in chips)
Seat 3: AMA2347 ($89.30 in chips)
GoliafUa: posts small blind $1
AMA2347: posts big blind $3
*** HOLE CARDS ***
GoliafUa: raises $3 to $6
AMA2347: raises $3 to $9
GoliafUa: calls $3
*** FLOP *** [Js 9d 5d]
AMA2347: bets $3
GoliafUa: calls $3
*** TURN *** [Js 9d 5d] [2s]
AMA2347: checks
GoliafUa: bets $6
AMA2347: calls $6
*** RIVER *** [Js 9d 5d 2s] [Qs]
AMA2347: bets $6
GoliafUa: calls $6
*** SHOW DOWN ***
AMA2347: shows [Ah Qd] (a pair of Queens)
GoliafUa: mucks hand
AMA2347 collected $47.50 from pot
*** SUMMARY ***
Total pot $48 | Rake $0.50
Board [Js 9d 5d 2s Qs]
Seat 1: GoliafUa (button) (small blind) mucked
Seat 3: AMA2347 (big blind) showed [Ah Qd] and won ($47.50) with a pair of Queens


PokerStars Hand #167229561173:  Hold'em Limit ($3/$6 USD) - 2017/03/06 22:25:16 ET
Table 'Altair' 6-max Seat #1 is the button
Seat 1: GoliafUa ($91.18 in chips)
Seat 3: AMA2347 ($124.32 in chips)
GoliafUa: posts small blind $1
AMA2347: posts big blind $3
*** HOLE CARDS ***
GoliafUa: folds
Uncalled bet ($2) returned to AMA2347
AMA2347 collected $2 from pot
AMA2347: doesn't show hand
*** SUMMARY ***
Total pot $2 | Rake $0
Seat 1: GoliafUa (button) (small blind) folded before Flop
Seat 3: AMA2347 (big blind) collected ($2)


PokerStars Hand #167229557155:  Hold'em Limit ($3/$6 USD) - 2017/03/06 22:25:04 ET
Table 'Altair' 6-max Seat #3 is the button
Seat 1: GoliafUa ($103.18 in chips)
Seat 3: AMA2347 ($112.80 in chips)
AMA2347: posts small blind $1
GoliafUa: posts big blind $3
*** HOLE CARDS ***
AMA2347: raises $3 to $6
GoliafUa: calls $3
*** FLOP *** [4s 8s 9h]
GoliafUa: checks
AMA2347: checks
*** TURN *** [4s 8s 9h] [7d]
GoliafUa: bets $6
AMA2347: raises $6 to $12
GoliafUa: folds
Uncalled bet ($6) returned to AMA2347
AMA2347 collected $23.52 from pot
AMA2347: doesn't show hand
*** SUMMARY ***
Total pot $24 | Rake $0.48
Board [4s 8s 9h 7d]
Seat 1: GoliafUa (big blind) folded on the Turn
Seat 3: AMA2347 (button) (small blind) collected ($23.52)


PokerStars Hand #167229581383:  Hold'em Limit ($3/$6 USD) - 2017/03/06 22:26:12 ET
Table 'Altair' 6-max Seat #1 is the button
Seat 1: GoliafUa ($57.18 in chips)
Seat 3: AMA2347 ($157.34 in chips)
GoliafUa: posts small blind $1
AMA2347: posts big blind $3
*** HOLE CARDS ***
GoliafUa: raises $3 to $6
AMA2347: calls $3
*** FLOP *** [6h Qc 9h]
AMA2347: checks
GoliafUa: bets $3
AMA2347: calls $3
*** TURN *** [6h Qc 9h] [2h]
AMA2347: checks
GoliafUa: bets $6
AMA2347: calls $6
*** RIVER *** [6h Qc 9h 2h] [3s]
AMA2347: checks
GoliafUa: checks
*** SHOW DOWN ***
AMA2347: shows [4c Kh] (high card King)
GoliafUa: mucks hand
AMA2347 collected $29.50 from pot
*** SUMMARY ***
Total pot $30 | Rake $0.50
Board [6h Qc 9h 2h 3s]
Seat 1: GoliafUa (button) (small blind) mucked
Seat 3: AMA2347 (big blind) showed [4c Kh] and won ($29.50) with high card King


PokerStars Hand #167229571387:  Hold'em Limit ($3/$6 USD) - 2017/03/06 22:25:44 ET
Table 'Altair' 6-max Seat #1 is the button
Seat 1: GoliafUa ($81.18 in chips)
Seat 3: AMA2347 ($133.96 in chips)
GoliafUa: posts small blind $1
AMA2347: posts big blind $3
*** HOLE CARDS ***
GoliafUa: raises $3 to $6
AMA2347: calls $3
*** FLOP *** [9c Qd 7s]
AMA2347: checks
GoliafUa: bets $3
AMA2347: calls $3
*** TURN *** [9c Qd 7s] [2h]
AMA2347: checks
GoliafUa: bets $6
AMA2347: calls $6
*** RIVER *** [9c Qd 7s 2h] [8s]
AMA2347: bets $6
GoliafUa: calls $6
*** SHOW DOWN ***
AMA2347: shows [8d 7d] (two pair, Eights and Sevens)
GoliafUa: mucks hand
AMA2347 collected $41.50 from pot
*** SUMMARY ***
Total pot $42 | Rake $0.50
Board [9c Qd 7s 2h 8s]
Seat 1: GoliafUa (button) (small blind) mucked
Seat 3: AMA2347 (big blind) showed [8d 7d] and won ($41.50) with two pair, Eights and Sevens


PokerStars Hand #167229597295:  Hold'em Limit ($3/$6 USD) - 2017/03/06 22:26:57 ET
Table 'Altair' 6-max Seat #3 is the button
Seat 1: GoliafUa ($87.18 in chips)
Seat 3: AMA2347 ($186.24 in chips)
AMA2347: posts small blind $1
GoliafUa: posts big blind $3
*** HOLE CARDS ***
AMA2347: folds
Uncalled bet ($2) returned to GoliafUa
GoliafUa collected $2 from pot
GoliafUa: doesn't show hand
*** SUMMARY ***
Total pot $2 | Rake $0
Seat 1: GoliafUa (big blind) collected ($2)
Seat 3: AMA2347 (button) (small blind) folded before Flop


PokerStars Hand #167229593353:  Hold'em Limit ($3/$6 USD) - 2017/03/06 22:26:46 ET
Table 'Altair' 6-max Seat #1 is the button
Seat 1: GoliafUa ($96.18 in chips)
Seat 3: AMA2347 ($177.60 in chips)
GoliafUa: posts small blind $1
AMA2347: posts big blind $3
*** HOLE CARDS ***
GoliafUa: raises $3 to $6
AMA2347: calls $3
*** FLOP *** [5d Jh 8s]
AMA2347: bets $3
GoliafUa: calls $3
*** TURN *** [5d Jh 8s] [6s]
AMA2347: bets $6
GoliafUa: folds
Uncalled bet ($6) returned to AMA2347
AMA2347 collected $17.64 from pot
AMA2347: doesn't show hand
*** SUMMARY ***
Total pot $18 | Rake $0.36
Board [5d Jh 8s 6s]
Seat 1: GoliafUa (button) (small blind) folded on the Turn
Seat 3: AMA2347 (big blind) collected ($17.64)


PokerStars Hand #167229601184:  Hold'em Limit ($3/$6 USD) - 2017/03/06 22:27:08 ET
Table 'Altair' 6-max Seat #3 is the button
Seat 1: GoliafUa ($91.18 in chips)
Seat 3: AMA2347 ($182.24 in chips)
AMA2347: posts small blind $1
GoliafUa: posts big blind $3
*** HOLE CARDS ***
AMA2347: raises $3 to $6
GoliafUa: calls $3
*** FLOP *** [2c 8h Qs]
GoliafUa: checks
AMA2347: bets $3
GoliafUa: raises $3 to $6
AMA2347: calls $3
*** TURN *** [2c 8h Qs] [Ts]
GoliafUa: bets $6
AMA2347: calls $6
*** RIVER *** [2c 8h Qs Ts] [Ac]
GoliafUa: bets $6
AMA2347: folds
Uncalled bet ($6) returned to GoliafUa
GoliafUa collected $35.50 from pot
GoliafUa: doesn't show hand
*** SUMMARY ***
Total pot $36 | Rake $0.50
Board [2c 8h Qs Ts Ac]
Seat 1: GoliafUa (big blind) collected ($35.50)
Seat 3: AMA2347 (button) (small blind) folded on the River


PokerStars Hand #167229599259:  Hold'em Limit ($3/$6 USD) - 2017/03/06 22:27:02 ET
Table 'Altair' 6-max Seat #1 is the button
Seat 1: GoliafUa ($88.18 in chips)
Seat 3: AMA2347 ($185.24 in chips)
GoliafUa: posts small blind $1
AMA2347: posts big blind $3
*** HOLE CARDS ***
GoliafUa: raises $3 to $6
AMA2347: folds
Uncalled bet ($3) returned to GoliafUa
GoliafUa collected $6 from pot
GoliafUa: doesn't show hand
*** SUMMARY ***
Total pot $6 | Rake $0
Seat 1: GoliafUa (button) (small blind) collected ($6)
Seat 3: AMA2347 (big blind) folded before Flop


PokerStars Hand #167229588215:  Hold'em Limit ($3/$6 USD) - 2017/03/06 22:26:32 ET
Table 'Altair' 6-max Seat #3 is the button
Seat 1: GoliafUa ($102.18 in chips)
Seat 3: AMA2347 ($171.84 in chips)
AMA2347: posts small blind $1
GoliafUa: posts big blind $3
*** HOLE CARDS ***
AMA2347: calls $2
GoliafUa: checks
*** FLOP *** [3s 5h Kd]
GoliafUa: bets $3
AMA2347: calls $3
*** TURN *** [3s 5h Kd] [2d]
GoliafUa: checks
AMA2347: bets $6
GoliafUa: folds
Uncalled bet ($6) returned to AMA2347
AMA2347 collected $11.76 from pot
AMA2347: doesn't show hand
*** SUMMARY ***
Total pot $12 | Rake $0.24
Board [3s 5h Kd 2d]
Seat 1: GoliafUa (big blind) folded on the Turn
Seat 3: AMA2347 (button) (small blind) collected ($11.76)


PokerStars Hand #167229613829:  Hold'em Limit ($3/$6 USD) - 2017/03/06 22:27:44 ET
Table 'Altair' 6-max Seat #3 is the button
Seat 1: GoliafUa ($129.18 in chips)
Seat 3: AMA2347 ($143.24 in chips)
AMA2347: posts small blind $1
GoliafUa: posts big blind $3
*** HOLE CARDS ***
raybucks joins the table at seat #2
AMA2347: raises $3 to $6
GoliafUa: raises $3 to $9
AMA2347: calls $3
*** FLOP *** [Jc Jh 3c]
GoliafUa: bets $3
AMA2347: calls $3
*** TURN *** [Jc Jh 3c] [5h]
GoliafUa: bets $6
AMA2347: raises $6 to $12
GoliafUa: folds
Uncalled bet ($6) returned to AMA2347
AMA2347 collected $35.50 from pot
AMA2347: doesn't show hand
*** SUMMARY ***
Total pot $36 | Rake $0.50
Board [Jc Jh 3c 5h]
Seat 1: GoliafUa (big blind) folded on the Turn
Seat 3: AMA2347 (button) (small blind) collected ($35.50)


PokerStars Hand #167229735356:  Hold'em Limit ($3/$6 USD) - 2017/03/06 22:33:06 ET
Table 'Altair' 6-max Seat #4 is the button
Seat 3: AMA2347 ($69.72 in chips)
Seat 4: pulvris ($165.59 in chips)
pulvris: posts small blind $1
AMA2347: posts big blind $3
*** HOLE CARDS ***
pulvris: folds
Uncalled bet ($2) returned to AMA2347
AMA2347 collected $2 from pot
AMA2347: doesn't show hand
*** SUMMARY ***
Total pot $2 | Rake $0
Seat 3: AMA2347 (big blind) collected ($2)
Seat 4: pulvris (button) (small blind) folded before Flop


