PokerStars Hand #152405988362:  Hold'em Limit ($3/$6 USD) - 2016/04/24 20:50:50 ET
Table 'Altaj' 10-max Seat #9 is the button
Seat 1: Zubasa07 ($491 in chips)
Seat 9: graxa66 ($38.64 in chips)
graxa66: posts small blind $1
Zubasa07: posts big blind $3
*** HOLE CARDS ***
graxa66: raises $3 to $6
Zubasa07: raises $3 to $9
graxa66: calls $3
*** FLOP *** [Jc Ks Tc]
Zubasa07: bets $3
graxa66: calls $3
*** TURN *** [Jc Ks Tc] [Qs]
belik555 joins the table at seat #10
Zubasa07: bets $6
graxa66: raises $6 to $12
Zubasa07: raises $6 to $18
graxa66: raises $6 to $24
Betting is capped
Zubasa07: calls $6
*** RIVER *** [Jc Ks Tc Qs] [Ts]
Zubasa07: checks
graxa66: bets $2.64 and is all-in
Zubasa07: calls $2.64
*** SHOW DOWN ***
graxa66: shows [Td Ac] (a straight, Ten to Ace)
Zubasa07: shows [Ad 7h] (a straight, Ten to Ace)
Zubasa07 collected $38.39 from pot
graxa66 collected $38.39 from pot
*** SUMMARY ***
Total pot $77.28 | Rake $0.50
Board [Jc Ks Tc Qs Ts]
Seat 1: Zubasa07 (big blind) showed [Ad 7h] and won ($38.39) with a straight, Ten to Ace
Seat 9: graxa66 (button) (small blind) showed [Td Ac] and won ($38.39) with a straight, Ten to Ace


PokerStars Hand #152406002144:  Hold'em Limit ($3/$6 USD) - 2016/04/24 20:51:23 ET
Table 'Altaj' 10-max Seat #1 is the button
Seat 1: Zubasa07 ($490.75 in chips)
Seat 9: graxa66 ($38.39 in chips)
Zubasa07: posts small blind $1
graxa66: posts big blind $3
*** HOLE CARDS ***
Zubasa07: folds
Uncalled bet ($2) returned to graxa66
graxa66 collected $2 from pot
graxa66: doesn't show hand
*** SUMMARY ***
Total pot $2 | Rake $0
Seat 1: Zubasa07 (button) (small blind) folded before Flop
Seat 9: graxa66 (big blind) collected ($2)


PokerStars Hand #152406486981:  Hold'em Limit ($3/$6 USD) - 2016/04/24 21:11:28 ET
Table 'Altaj' 10-max Seat #10 is the button
Seat 2: Bonkman05 ($186.46 in chips)
Seat 10: Masqb ($81.83 in chips)
Masqb: posts small blind $1
Zubasa07: is sitting out
Bonkman05: posts big blind $3
*** HOLE CARDS ***
happyshine88 joins the table at seat #3
Zubasa07 leaves the table
Masqb: raises $3 to $6
Bonkman05: calls $3
*** FLOP *** [3h 3c As]
Bonkman05: checks
Masqb: checks
*** TURN *** [3h 3c As] [6d]
Bonkman05: checks
Masqb: checks
*** RIVER *** [3h 3c As 6d] [2h]
Bonkman05: checks
Masqb: checks
*** SHOW DOWN ***
Bonkman05: shows [Ks 4d] (a pair of Threes)
Masqb: shows [Kd 9c] (a pair of Threes - Ace+King+Nine kicker)
Masqb collected $11.76 from pot
*** SUMMARY ***
Total pot $12 | Rake $0.24
Board [3h 3c As 6d 2h]
Seat 2: Bonkman05 (big blind) showed [Ks 4d] and lost with a pair of Threes
Seat 10: Masqb (button) (small blind) showed [Kd 9c] and won ($11.76) with a pair of Threes


