PokerStars Hand #146859292614:  Hold'em Limit ($3/$6 USD) - 2016/01/11 11:13:24 ET
Table 'Altaj' 6-max Seat #1 is the button
Seat 1: LolDnkaments ($72 in chips)
Seat 3: KingYang2008 ($166.02 in chips)
LolDnkaments: posts small blind $1
KingYang2008: posts big blind $3
*** HOLE CARDS ***
LolDnkaments: raises $3 to $6
KingYang2008: calls $3
*** FLOP *** [Ad Qd 4h]
KingYang2008: checks
LolDnkaments: bets $3
KingYang2008: calls $3
*** TURN *** [Ad Qd 4h] [4s]
KingYang2008: checks
LolDnkaments: bets $6
KingYang2008: folds
Uncalled bet ($6) returned to LolDnkaments
LolDnkaments collected $17.64 from pot
LolDnkaments: doesn't show hand
*** SUMMARY ***
Total pot $18 | Rake $0.36
Board [Ad Qd 4h 4s]
Seat 1: LolDnkaments (button) (small blind) collected ($17.64)
Seat 3: KingYang2008 (big blind) folded on the Turn


PokerStars Hand #146859283175:  Hold'em Limit ($3/$6 USD) - 2016/01/11 11:13:13 ET
Table 'Altaj' 6-max Seat #3 is the button
Seat 1: LolDnkaments ($72 in chips)
Seat 3: KingYang2008 ($160.26 in chips)
KingYang2008: posts small blind $1
LolDnkaments: posts big blind $3
*** HOLE CARDS ***
KingYang2008: raises $3 to $6
LolDnkaments: calls $3
*** FLOP *** [8h Ac Jc]
LolDnkaments: checks
KingYang2008: checks
*** TURN *** [8h Ac Jc] [Js]
LolDnkaments: checks
KingYang2008: bets $6
LolDnkaments: folds
Uncalled bet ($6) returned to KingYang2008
KingYang2008 collected $11.76 from pot
KingYang2008: doesn't show hand
*** SUMMARY ***
Total pot $12 | Rake $0.24
Board [8h Ac Jc Js]
Seat 1: LolDnkaments (big blind) folded on the Turn
Seat 3: KingYang2008 (button) (small blind) collected ($11.76)


PokerStars Hand #146859269076:  Hold'em Limit ($3/$6 USD) - 2016/01/11 11:12:56 ET
Table 'Altaj' 6-max Seat #1 is the button
Seat 1: LolDnkaments ($77.76 in chips)
Seat 3: KingYang2008 ($139.76 in chips)
LolDnkaments: posts small blind $1
KingYang2008: posts big blind $3
*** HOLE CARDS ***
LolDnkaments: raises $3 to $6
KingYang2008: raises $3 to $9
LolDnkaments: calls $3
*** FLOP *** [Ac 4d 2s]
KingYang2008: checks
LolDnkaments: checks
*** TURN *** [Ac 4d 2s] [Kd]
KingYang2008: bets $6
LolDnkaments: calls $6
*** RIVER *** [Ac 4d 2s Kd] [7d]
KingYang2008: bets $6
LolDnkaments: calls $6
*** SHOW DOWN ***
KingYang2008: shows [8d 5d] (a flush, King high)
LolDnkaments: mucks hand
KingYang2008 collected $41.50 from pot
*** SUMMARY ***
Total pot $42 | Rake $0.50
Board [Ac 4d 2s Kd 7d]
Seat 1: LolDnkaments (button) (small blind) mucked
Seat 3: KingYang2008 (big blind) showed [8d 5d] and won ($41.50) with a flush, King high


PokerStars Hand #146859261007:  Hold'em Limit ($3/$6 USD) - 2016/01/11 11:12:46 ET
Table 'Altaj' 6-max Seat #3 is the button
Seat 1: LolDnkaments ($72 in chips)
Seat 3: KingYang2008 ($145.76 in chips)
KingYang2008: posts small blind $1
LolDnkaments: posts big blind $3
*** HOLE CARDS ***
KingYang2008: raises $3 to $6
LolDnkaments: calls $3
*** FLOP *** [7h 4h Qd]
LolDnkaments: checks
KingYang2008: checks
*** TURN *** [7h 4h Qd] [3d]
LolDnkaments: bets $6
KingYang2008: folds
Uncalled bet ($6) returned to LolDnkaments
LolDnkaments collected $11.76 from pot
LolDnkaments: doesn't show hand
*** SUMMARY ***
Total pot $12 | Rake $0.24
Board [7h 4h Qd 3d]
Seat 1: LolDnkaments (big blind) collected ($11.76)
Seat 3: KingYang2008 (button) (small blind) folded on the Turn


PokerStars Hand #146859242879:  Hold'em Limit ($3/$6 USD) - 2016/01/11 11:12:24 ET
Table 'Altaj' 6-max Seat #1 is the button
Seat 1: LolDnkaments ($80.50 in chips)
Seat 3: KingYang2008 ($110.26 in chips)
LolDnkaments: posts small blind $1
KingYang2008: posts big blind $3
*** HOLE CARDS ***
LolDnkaments: raises $3 to $6
KingYang2008: raises $3 to $9
LolDnkaments: calls $3
*** FLOP *** [3d 5c 2d]
KingYang2008: bets $3
LolDnkaments: calls $3
*** TURN *** [3d 5c 2d] [8c]
KingYang2008: bets $6
LolDnkaments: raises $6 to $12
KingYang2008: calls $6
*** RIVER *** [3d 5c 2d 8c] [Tc]
KingYang2008: checks
LolDnkaments: bets $6
KingYang2008: raises $6 to $12
LolDnkaments: calls $6
*** SHOW DOWN ***
KingYang2008: shows [Ts Th] (three of a kind, Tens)
LolDnkaments: mucks hand
KingYang2008 collected $71.50 from pot
*** SUMMARY ***
Total pot $72 | Rake $0.50
Board [3d 5c 2d 8c Tc]
Seat 1: LolDnkaments (button) (small blind) mucked
Seat 3: KingYang2008 (big blind) showed [Ts Th] and won ($71.50) with three of a kind, Tens


PokerStars Hand #146859303770:  Hold'em Limit ($3/$6 USD) - 2016/01/11 11:13:38 ET
Table 'Altaj' 6-max Seat #3 is the button
Seat 1: LolDnkaments ($80.64 in chips)
Seat 3: KingYang2008 ($157.02 in chips)
KingYang2008: posts small blind $1
LolDnkaments: posts big blind $3
*** HOLE CARDS ***
KingYang2008: raises $3 to $6
LolDnkaments: folds
Uncalled bet ($3) returned to KingYang2008
KingYang2008 collected $6 from pot
KingYang2008: doesn't show hand
*** SUMMARY ***
Total pot $6 | Rake $0
Seat 1: LolDnkaments (big blind) folded before Flop
Seat 3: KingYang2008 (button) (small blind) collected ($6)


PokerStars Hand #146859550470:  Hold'em Limit ($3/$6 USD) - 2016/01/11 11:18:32 ET
Table 'Altaj' 6-max Seat #2 is the button
Seat 1: LolDnkaments ($72 in chips)
Seat 2: wkfatboy ($100.40 in chips)
wkfatboy: posts small blind $1
LolDnkaments: posts big blind $3
*** HOLE CARDS ***
wkfatboy: folds
Uncalled bet ($2) returned to LolDnkaments
LolDnkaments collected $2 from pot
LolDnkaments: doesn't show hand
*** SUMMARY ***
Total pot $2 | Rake $0
Seat 1: LolDnkaments (big blind) collected ($2)
Seat 2: wkfatboy (button) (small blind) folded before Flop


PokerStars Hand #146859534198:  Hold'em Limit ($3/$6 USD) - 2016/01/11 11:18:13 ET
Table 'Altaj' 6-max Seat #1 is the button
Seat 1: LolDnkaments ($78.37 in chips)
Seat 2: wkfatboy ($91.76 in chips)
LolDnkaments: posts small blind $1
wkfatboy: posts big blind $3
*** HOLE CARDS ***
LolDnkaments: raises $3 to $6
wkfatboy: raises $3 to $9
LolDnkaments: calls $3
*** FLOP *** [Qh Ah 5d]
wkfatboy: bets $3
LolDnkaments: folds
Uncalled bet ($3) returned to wkfatboy
wkfatboy collected $17.64 from pot
wkfatboy: doesn't show hand
*** SUMMARY ***
Total pot $18 | Rake $0.36
Board [Qh Ah 5d]
Seat 1: LolDnkaments (button) (small blind) folded on the Flop
Seat 2: wkfatboy (big blind) collected ($17.64)


PokerStars Hand #146859519079:  Hold'em Limit ($3/$6 USD) - 2016/01/11 11:17:55 ET
Table 'Altaj' 6-max Seat #2 is the button
Seat 1: LolDnkaments ($84.37 in chips)
Seat 2: wkfatboy ($86 in chips)
wkfatboy: posts small blind $1
B_loJkl: is sitting out
LolDnkaments: posts big blind $3
*** HOLE CARDS ***
wkfatboy: raises $3 to $6
B_loJkl leaves the table
LolDnkaments: calls $3
*** FLOP *** [Qd Qs Jd]
LolDnkaments: checks
wkfatboy: bets $3
LolDnkaments: folds
Uncalled bet ($3) returned to wkfatboy
wkfatboy collected $11.76 from pot
wkfatboy: doesn't show hand
*** SUMMARY ***
Total pot $12 | Rake $0.24
Board [Qd Qs Jd]
Seat 1: LolDnkaments (big blind) folded on the Flop
Seat 2: wkfatboy (button) (small blind) collected ($11.76)


