PokerStars Hand #150423055317:  Hold'em Limit ($3/$6 USD) - 2016/03/15 22:32:33 ET
Table 'Altais' 6-max Seat #2 is the button
Seat 2: ng777 ($120 in chips)
Seat 4: AzureCaper ($72 in chips)
ng777: posts small blind $1
AzureCaper: posts big blind $3
*** HOLE CARDS ***
ng777: raises $3 to $6
AzureCaper: calls $3
*** FLOP *** [Js Qc 6h]
AzureCaper: checks
ng777: bets $3
AzureCaper: raises $3 to $6
ng777: raises $3 to $9
AzureCaper: calls $3
*** TURN *** [Js Qc 6h] [6s]
AzureCaper: checks
ng777: bets $6
AzureCaper: calls $6
*** RIVER *** [Js Qc 6h 6s] [4s]
AzureCaper: checks
ng777: bets $6
AzureCaper: calls $6
*** SHOW DOWN ***
ng777: shows [7s Qh] (two pair, Queens and Sixes)
AzureCaper: mucks hand
ng777 collected $53.50 from pot
*** SUMMARY ***
Total pot $54 | Rake $0.50
Board [Js Qc 6h 6s 4s]
Seat 2: ng777 (button) (small blind) showed [7s Qh] and won ($53.50) with two pair, Queens and Sixes
Seat 4: AzureCaper (big blind) mucked


PokerStars Hand #150423077242:  Hold'em Limit ($3/$6 USD) - 2016/03/15 22:33:29 ET
Table 'Altais' 6-max Seat #4 is the button
Seat 2: ng777 ($143 in chips)
Seat 4: AzureCaper ($74.50 in chips)
AzureCaper: posts small blind $1
ng777: posts big blind $3
*** HOLE CARDS ***
AzureCaper: raises $3 to $6
ng777: raises $3 to $9
AzureCaper: raises $3 to $12
Betting is capped
ng777: calls $3
*** FLOP *** [2c 2s 9c]
ng777: checks
AzureCaper: bets $3
ng777: raises $3 to $6
AzureCaper: calls $3
*** TURN *** [2c 2s 9c] [8c]
ng777: bets $6
AzureCaper: raises $6 to $12
ng777: calls $6
*** RIVER *** [2c 2s 9c 8c] [Td]
ng777: checks
AzureCaper: bets $6
ng777: calls $6
*** SHOW DOWN ***
AzureCaper: shows [Ac Ah] (two pair, Aces and Deuces)
ng777: mucks hand
AzureCaper collected $71.50 from pot
*** SUMMARY ***
Total pot $72 | Rake $0.50
Board [2c 2s 9c 8c Td]
Seat 2: ng777 (big blind) mucked
Seat 4: AzureCaper (button) (small blind) showed [Ac Ah] and won ($71.50) with two pair, Aces and Deuces


PokerStars Hand #150423070114:  Hold'em Limit ($3/$6 USD) - 2016/03/15 22:33:11 ET
Table 'Altais' 6-max Seat #2 is the button
Seat 2: ng777 ($122.50 in chips)
Seat 4: AzureCaper ($95.50 in chips)
ng777: posts small blind $1
AzureCaper: posts big blind $3
*** HOLE CARDS ***
ng777: raises $3 to $6
AzureCaper: calls $3
*** FLOP *** [Qs Kd Ad]
AzureCaper: checks
ng777: bets $3
AzureCaper: raises $3 to $6
ng777: raises $3 to $9
AzureCaper: calls $3
*** TURN *** [Qs Kd Ad] [Kc]
AzureCaper: checks
ng777: bets $6
AzureCaper: calls $6
*** RIVER *** [Qs Kd Ad Kc] [Js]
AzureCaper: checks
ng777: checks
*** SHOW DOWN ***
AzureCaper: shows [7d 8d] (a pair of Kings)
ng777: shows [6d Ah] (two pair, Aces and Kings)
ng777 collected $41.50 from pot
*** SUMMARY ***
Total pot $42 | Rake $0.50
Board [Qs Kd Ad Kc Js]
Seat 2: ng777 (button) (small blind) showed [6d Ah] and won ($41.50) with two pair, Aces and Kings
Seat 4: AzureCaper (big blind) showed [7d 8d] and lost with a pair of Kings


PokerStars Hand #150423063345:  Hold'em Limit ($3/$6 USD) - 2016/03/15 22:32:54 ET
Table 'Altais' 6-max Seat #4 is the button
Seat 2: ng777 ($146.50 in chips)
Seat 4: AzureCaper ($72 in chips)
AzureCaper: posts small blind $1
ng777: posts big blind $3
*** HOLE CARDS ***
AzureCaper: raises $3 to $6
ng777: calls $3
*** FLOP *** [6d 2s Kd]
ng777: checks
AzureCaper: bets $3
ng777: raises $3 to $6
AzureCaper: calls $3
*** TURN *** [6d 2s Kd] [7d]
ng777: bets $6
AzureCaper: calls $6
*** RIVER *** [6d 2s Kd 7d] [Jc]
ng777: bets $6
AzureCaper: calls $6
*** SHOW DOWN ***
ng777: shows [6c Td] (a pair of Sixes)
AzureCaper: shows [9c Ks] (a pair of Kings)
AzureCaper collected $47.50 from pot
*** SUMMARY ***
Total pot $48 | Rake $0.50
Board [6d 2s Kd 7d Jc]
Seat 2: ng777 (big blind) showed [6c Td] and lost with a pair of Sixes
Seat 4: AzureCaper (button) (small blind) showed [9c Ks] and won ($47.50) with a pair of Kings


PokerStars Hand #150423097231:  Hold'em Limit ($3/$6 USD) - 2016/03/15 22:34:21 ET
Table 'Altais' 6-max Seat #2 is the button
Seat 2: ng777 ($85.88 in chips)
Seat 4: AzureCaper ($130.50 in chips)
ng777: posts small blind $1
AzureCaper: posts big blind $3
*** HOLE CARDS ***
ng777: raises $3 to $6
AzureCaper: calls $3
*** FLOP *** [9h Jc 4h]
AzureCaper: checks
ng777: bets $3
AzureCaper: folds
Uncalled bet ($3) returned to ng777
ng777 collected $11.76 from pot
ng777: doesn't show hand
*** SUMMARY ***
Total pot $12 | Rake $0.24
Board [9h Jc 4h]
Seat 2: ng777 (button) (small blind) collected ($11.76)
Seat 4: AzureCaper (big blind) folded on the Flop


PokerStars Hand #150423090640:  Hold'em Limit ($3/$6 USD) - 2016/03/15 22:34:04 ET
Table 'Altais' 6-max Seat #4 is the button
Seat 2: ng777 ($109.88 in chips)
Seat 4: AzureCaper ($107 in chips)
AzureCaper: posts small blind $1
ng777: posts big blind $3
*** HOLE CARDS ***
Brama Br joins the table at seat #6
AzureCaper: raises $3 to $6
ng777: calls $3
*** FLOP *** [9s Kd 6h]
ng777: checks
AzureCaper: bets $3
ng777: raises $3 to $6
AzureCaper: calls $3
*** TURN *** [9s Kd 6h] [Jd]
ng777: bets $6
AzureCaper: calls $6
*** RIVER *** [9s Kd 6h Jd] [3d]
ng777: bets $6
AzureCaper: calls $6
*** SHOW DOWN ***
ng777: shows [8h 7d] (high card King)
AzureCaper: shows [Jc Ac] (a pair of Jacks)
AzureCaper collected $47.50 from pot
*** SUMMARY ***
Total pot $48 | Rake $0.50
Board [9s Kd 6h Jd 3d]
Seat 2: ng777 (big blind) showed [8h 7d] and lost with high card King
Seat 4: AzureCaper (button) (small blind) showed [Jc Ac] and won ($47.50) with a pair of Jacks


PokerStars Hand #150423086240:  Hold'em Limit ($3/$6 USD) - 2016/03/15 22:33:52 ET
Table 'Altais' 6-max Seat #2 is the button
Seat 2: ng777 ($107 in chips)
Seat 4: AzureCaper ($110 in chips)
ng777: posts small blind $1
AzureCaper: posts big blind $3
*** HOLE CARDS ***
ng777: calls $2
AzureCaper: checks
*** FLOP *** [4d 6c Jd]
AzureCaper: checks
ng777: bets $3
AzureCaper: folds
Uncalled bet ($3) returned to ng777
ng777 collected $5.88 from pot
ng777: doesn't show hand
*** SUMMARY ***
Total pot $6 | Rake $0.12
Board [4d 6c Jd]
Seat 2: ng777 (button) (small blind) collected ($5.88)
Seat 4: AzureCaper (big blind) folded on the Flop


PokerStars Hand #150425470959:  Hold'em Limit ($3/$6 USD) - 2016/03/16 0:37:00 ET
Table 'Altais' 6-max Seat #4 is the button
Seat 3: mishkamoya ($108 in chips)
Seat 4: AzureCaper ($83.52 in chips)
AzureCaper: posts small blind $1
mishkamoya: posts big blind $3
*** HOLE CARDS ***
AzureCaper: folds
Uncalled bet ($2) returned to mishkamoya
mishkamoya collected $2 from pot
mishkamoya: doesn't show hand
*** SUMMARY ***
Total pot $2 | Rake $0
Seat 3: mishkamoya (big blind) collected ($2)
Seat 4: AzureCaper (button) (small blind) folded before Flop


PokerStars Hand #150425466591:  Hold'em Limit ($3/$6 USD) - 2016/03/16 0:36:44 ET
Table 'Altais' 6-max Seat #3 is the button
Seat 3: mishkamoya ($120 in chips)
Seat 4: AzureCaper ($72 in chips)
mishkamoya: posts small blind $1
AzureCaper: posts big blind $3
*** HOLE CARDS ***
mishkamoya: raises $3 to $6
AzureCaper: calls $3
*** FLOP *** [6c Js Qs]
AzureCaper: checks
mishkamoya: checks
*** TURN *** [6c Js Qs] [Qh]
AzureCaper: bets $6
mishkamoya: calls $6
*** RIVER *** [6c Js Qs Qh] [9d]
AzureCaper: bets $6
mishkamoya: folds
Uncalled bet ($6) returned to AzureCaper
AzureCaper collected $23.52 from pot
AzureCaper: doesn't show hand
*** SUMMARY ***
Total pot $24 | Rake $0.48
Board [6c Js Qs Qh 9d]
Seat 3: mishkamoya (button) (small blind) folded on the River
Seat 4: AzureCaper (big blind) collected ($23.52)


PokerStars Hand #150425477805:  Hold'em Limit ($3/$6 USD) - 2016/03/16 0:37:26 ET
Table 'Altais' 6-max Seat #4 is the button
Seat 3: mishkamoya ($91 in chips)
Seat 4: AzureCaper ($100.02 in chips)
AzureCaper: posts small blind $1
mishkamoya: posts big blind $3
*** HOLE CARDS ***
AzureCaper: folds
Uncalled bet ($2) returned to mishkamoya
mishkamoya collected $2 from pot
mishkamoya: doesn't show hand
*** SUMMARY ***
Total pot $2 | Rake $0
Seat 3: mishkamoya (big blind) collected ($2)
Seat 4: AzureCaper (button) (small blind) folded before Flop


PokerStars Hand #150425472779:  Hold'em Limit ($3/$6 USD) - 2016/03/16 0:37:07 ET
Table 'Altais' 6-max Seat #3 is the button
Seat 3: mishkamoya ($109 in chips)
Seat 4: AzureCaper ($82.52 in chips)
mishkamoya: posts small blind $1
AzureCaper: posts big blind $3
*** HOLE CARDS ***
mishkamoya: raises $3 to $6
AzureCaper: raises $3 to $9
mishkamoya: calls $3
*** FLOP *** [3h Kd 7d]
AzureCaper: bets $3
mishkamoya: calls $3
*** TURN *** [3h Kd 7d] [9d]
AzureCaper: checks
mishkamoya: checks
*** RIVER *** [3h Kd 7d 9d] [2c]
AzureCaper: checks
mishkamoya: bets $6
AzureCaper: calls $6
*** SHOW DOWN ***
mishkamoya: shows [Qd 8h] (high card King)
AzureCaper: shows [Ah Th] (high card Ace)
AzureCaper collected $35.50 from pot
*** SUMMARY ***
Total pot $36 | Rake $0.50
Board [3h Kd 7d 9d 2c]
Seat 3: mishkamoya (button) (small blind) showed [Qd 8h] and lost with high card King
Seat 4: AzureCaper (big blind) showed [Ah Th] and won ($35.50) with high card Ace


PokerStars Hand #150425483435:  Hold'em Limit ($3/$6 USD) - 2016/03/16 0:37:46 ET
Table 'Altais' 6-max Seat #4 is the button
Seat 3: mishkamoya ($97.76 in chips)
Seat 4: AzureCaper ($93.02 in chips)
AzureCaper: posts small blind $1
mishkamoya: posts big blind $3
*** HOLE CARDS ***
AzureCaper: folds
Uncalled bet ($2) returned to mishkamoya
mishkamoya collected $2 from pot
mishkamoya: doesn't show hand
*** SUMMARY ***
Total pot $2 | Rake $0
Seat 3: mishkamoya (big blind) collected ($2)
Seat 4: AzureCaper (button) (small blind) folded before Flop


PokerStars Hand #150425479380:  Hold'em Limit ($3/$6 USD) - 2016/03/16 0:37:31 ET
Table 'Altais' 6-max Seat #3 is the button
Seat 3: mishkamoya ($92 in chips)
Seat 4: AzureCaper ($99.02 in chips)
mishkamoya: posts small blind $1
AzureCaper: posts big blind $3
*** HOLE CARDS ***
mishkamoya: raises $3 to $6
AzureCaper: calls $3
*** FLOP *** [Ac 3h 4h]
AzureCaper: checks
mishkamoya: bets $3
AzureCaper: folds
Uncalled bet ($3) returned to mishkamoya
mishkamoya collected $11.76 from pot
mishkamoya: doesn't show hand
*** SUMMARY ***
Total pot $12 | Rake $0.24
Board [Ac 3h 4h]
Seat 3: mishkamoya (button) (small blind) collected ($11.76)
Seat 4: AzureCaper (big blind) folded on the Flop


PokerStars Hand #150425485954:  Hold'em Limit ($3/$6 USD) - 2016/03/16 0:37:56 ET
Table 'Altais' 6-max Seat #4 is the button
Seat 3: mishkamoya ($97.76 in chips)
Seat 4: AzureCaper ($93.02 in chips)
AzureCaper: posts small blind $1
mishkamoya: posts big blind $3
*** HOLE CARDS ***
AzureCaper: raises $3 to $6
mishkamoya: raises $3 to $9
AzureCaper: calls $3
*** FLOP *** [Qc Qh 4s]
mishkamoya: bets $3
AzureCaper: calls $3
*** TURN *** [Qc Qh 4s] [Js]
mishkamoya: checks
AzureCaper: checks
*** RIVER *** [Qc Qh 4s Js] [Ks]
mishkamoya: bets $6
AzureCaper: calls $6
*** SHOW DOWN ***
mishkamoya: shows [Td 8s] (a pair of Queens)
AzureCaper: shows [Kd 7s] (two pair, Kings and Queens)
AzureCaper collected $35.50 from pot
*** SUMMARY ***
Total pot $36 | Rake $0.50
Board [Qc Qh 4s Js Ks]
Seat 3: mishkamoya (big blind) showed [Td 8s] and lost with a pair of Queens
Seat 4: AzureCaper (button) (small blind) showed [Kd 7s] and won ($35.50) with two pair, Kings and Queens


PokerStars Hand #150425490482:  Hold'em Limit ($3/$6 USD) - 2016/03/16 0:38:13 ET
Table 'Altais' 6-max Seat #3 is the button
Seat 3: mishkamoya ($79.76 in chips)
Seat 4: AzureCaper ($110.52 in chips)
mishkamoya: posts small blind $1
AzureCaper: posts big blind $3
*** HOLE CARDS ***
mishkamoya: raises $3 to $6
AzureCaper: calls $3
*** FLOP *** [4d 3c 5h]
AzureCaper: checks
mishkamoya: bets $3
AzureCaper: raises $3 to $6
mishkamoya: raises $3 to $9
AzureCaper: raises $3 to $12
Betting is capped
mishkamoya: calls $3
*** TURN *** [4d 3c 5h] [8s]
AzureCaper: bets $6
mishkamoya: calls $6
*** RIVER *** [4d 3c 5h 8s] [Jc]
AzureCaper: bets $6
mishkamoya: calls $6
*** SHOW DOWN ***
AzureCaper: shows [Ks 5s] (a pair of Fives)
mishkamoya: shows [Qs Qc] (a pair of Queens)
mishkamoya collected $59.50 from pot
*** SUMMARY ***
Total pot $60 | Rake $0.50
Board [4d 3c 5h 8s Jc]
Seat 3: mishkamoya (button) (small blind) showed [Qs Qc] and won ($59.50) with a pair of Queens
Seat 4: AzureCaper (big blind) showed [Ks 5s] and lost with a pair of Fives


PokerStars Hand #150425484710:  Hold'em Limit ($3/$6 USD) - 2016/03/16 0:37:51 ET
Table 'Altais' 6-max Seat #3 is the button
Seat 3: mishkamoya ($98.76 in chips)
Seat 4: AzureCaper ($92.02 in chips)
mishkamoya: posts small blind $1
AzureCaper: posts big blind $3
*** HOLE CARDS ***
mishkamoya: folds
Uncalled bet ($2) returned to AzureCaper
AzureCaper collected $2 from pot
*** SUMMARY ***
Total pot $2 | Rake $0
Seat 3: mishkamoya (button) (small blind) folded before Flop
Seat 4: AzureCaper (big blind) collected ($2)


PokerStars Hand #150425501432:  Hold'em Limit ($3/$6 USD) - 2016/03/16 0:38:53 ET
Table 'Altais' 6-max Seat #3 is the button
Seat 3: mishkamoya ($88.26 in chips)
Seat 4: AzureCaper ($101.02 in chips)
mishkamoya: posts small blind $1
AzureCaper: posts big blind $3
*** HOLE CARDS ***
mishkamoya: raises $3 to $6
AzureCaper: calls $3
*** FLOP *** [Kd Qs 3s]
AzureCaper: checks
mishkamoya: bets $3
AzureCaper: folds
Uncalled bet ($3) returned to mishkamoya
mishkamoya collected $11.76 from pot
mishkamoya: doesn't show hand
*** SUMMARY ***
Total pot $12 | Rake $0.24
Board [Kd Qs 3s]
Seat 3: mishkamoya (button) (small blind) collected ($11.76)
Seat 4: AzureCaper (big blind) folded on the Flop


PokerStars Hand #150425510993:  Hold'em Limit ($3/$6 USD) - 2016/03/16 0:39:29 ET
Table 'Altais' 6-max Seat #3 is the button
Seat 3: mishkamoya ($123.52 in chips)
Seat 4: AzureCaper ($72 in chips)
mishkamoya: posts small blind $1
AzureCaper: posts big blind $3
*** HOLE CARDS ***
mishkamoya: folds
Uncalled bet ($2) returned to AzureCaper
AzureCaper collected $2 from pot
AzureCaper: doesn't show hand
*** SUMMARY ***
Total pot $2 | Rake $0
Seat 3: mishkamoya (button) (small blind) folded before Flop
Seat 4: AzureCaper (big blind) collected ($2)


PokerStars Hand #150425506751:  Hold'em Limit ($3/$6 USD) - 2016/03/16 0:39:13 ET
Table 'Altais' 6-max Seat #4 is the button
Seat 3: mishkamoya ($94.02 in chips)
Seat 4: AzureCaper ($95.02 in chips)
AzureCaper: posts small blind $1
mishkamoya: posts big blind $3
*** HOLE CARDS ***
AzureCaper: raises $3 to $6
mishkamoya: raises $3 to $9
AzureCaper: calls $3
*** FLOP *** [4s 5h 8c]
mishkamoya: bets $3
AzureCaper: calls $3
*** TURN *** [4s 5h 8c] [Qh]
mishkamoya: bets $6
AzureCaper: raises $6 to $12
mishkamoya: calls $6
*** RIVER *** [4s 5h 8c Qh] [Td]
mishkamoya: checks
AzureCaper: bets $6
mishkamoya: raises $6 to $12
AzureCaper: folds
Uncalled bet ($6) returned to mishkamoya
mishkamoya collected $59.50 from pot
mishkamoya: doesn't show hand
*** SUMMARY ***
Total pot $60 | Rake $0.50
Board [4s 5h 8c Qh Td]
Seat 3: mishkamoya (big blind) collected ($59.50)
Seat 4: AzureCaper (button) (small blind) folded on the River


PokerStars Hand #150425512179:  Hold'em Limit ($3/$6 USD) - 2016/03/16 0:39:33 ET
Table 'Altais' 6-max Seat #4 is the button
Seat 3: mishkamoya ($122.52 in chips)
Seat 4: AzureCaper ($73 in chips)
AzureCaper: posts small blind $1
mishkamoya: posts big blind $3
*** HOLE CARDS ***
AzureCaper: folds
Uncalled bet ($2) returned to mishkamoya
mishkamoya collected $2 from pot
mishkamoya: doesn't show hand
*** SUMMARY ***
Total pot $2 | Rake $0
Seat 3: mishkamoya (big blind) collected ($2)
Seat 4: AzureCaper (button) (small blind) folded before Flop


PokerStars Hand #150425500278:  Hold'em Limit ($3/$6 USD) - 2016/03/16 0:38:49 ET
Table 'Altais' 6-max Seat #4 is the button
Seat 3: mishkamoya ($87.26 in chips)
Seat 4: AzureCaper ($102.02 in chips)
AzureCaper: posts small blind $1
mishkamoya: posts big blind $3
*** HOLE CARDS ***
AzureCaper: folds
Uncalled bet ($2) returned to mishkamoya
mishkamoya collected $2 from pot
mishkamoya: doesn't show hand
*** SUMMARY ***
Total pot $2 | Rake $0
Seat 3: mishkamoya (big blind) collected ($2)
Seat 4: AzureCaper (button) (small blind) folded before Flop


PokerStars Hand #150425499051:  Hold'em Limit ($3/$6 USD) - 2016/03/16 0:38:45 ET
Table 'Altais' 6-max Seat #3 is the button
Seat 3: mishkamoya ($88.26 in chips)
Seat 4: AzureCaper ($101.02 in chips)
mishkamoya: posts small blind $1
AzureCaper: posts big blind $3
*** HOLE CARDS ***
mishkamoya: folds
Uncalled bet ($2) returned to AzureCaper
AzureCaper collected $2 from pot
AzureCaper: doesn't show hand
*** SUMMARY ***
Total pot $2 | Rake $0
Seat 3: mishkamoya (button) (small blind) folded before Flop
Seat 4: AzureCaper (big blind) collected ($2)


PokerStars Hand #150425494374:  Hold'em Limit ($3/$6 USD) - 2016/03/16 0:38:27 ET
Table 'Altais' 6-max Seat #4 is the button
Seat 3: mishkamoya ($109.26 in chips)
Seat 4: AzureCaper ($80.52 in chips)
AzureCaper: posts small blind $1
mishkamoya: posts big blind $3
*** HOLE CARDS ***
AzureCaper: raises $3 to $6
mishkamoya: raises $3 to $9
AzureCaper: raises $3 to $12
Betting is capped
mishkamoya: calls $3
*** FLOP *** [Kd 9c 4c]
mishkamoya: checks
AzureCaper: bets $3
mishkamoya: calls $3
*** TURN *** [Kd 9c 4c] [Ac]
mishkamoya: checks
AzureCaper: bets $6
mishkamoya: calls $6
*** RIVER *** [Kd 9c 4c Ac] [Jd]
mishkamoya: checks
AzureCaper: bets $6
mishkamoya: folds
Uncalled bet ($6) returned to AzureCaper
AzureCaper collected $41.50 from pot
AzureCaper: doesn't show hand
*** SUMMARY ***
Total pot $42 | Rake $0.50
Board [Kd 9c 4c Ac Jd]
Seat 3: mishkamoya (big blind) folded on the River
Seat 4: AzureCaper (button) (small blind) collected ($41.50)


PokerStars Hand #150425521461:  Hold'em Limit ($3/$6 USD) - 2016/03/16 0:40:07 ET
Table 'Altais' 6-max Seat #4 is the button
Seat 3: mishkamoya ($99.52 in chips)
Seat 4: AzureCaper ($95.16 in chips)
AzureCaper: posts small blind $1
mishkamoya: posts big blind $3
*** HOLE CARDS ***
AzureCaper: raises $3 to $6
mishkamoya: folds
Uncalled bet ($3) returned to AzureCaper
AzureCaper collected $6 from pot
AzureCaper: doesn't show hand
*** SUMMARY ***
Total pot $6 | Rake $0
Seat 3: mishkamoya (big blind) folded before Flop
Seat 4: AzureCaper (button) (small blind) collected ($6)


PokerStars Hand #150425518304:  Hold'em Limit ($3/$6 USD) - 2016/03/16 0:39:56 ET
Table 'Altais' 6-max Seat #3 is the button
Seat 3: mishkamoya ($111.52 in chips)
Seat 4: AzureCaper ($83.64 in chips)
mishkamoya: posts small blind $1
AzureCaper: posts big blind $3
*** HOLE CARDS ***
mishkamoya: raises $3 to $6
AzureCaper: raises $3 to $9
mishkamoya: calls $3
*** FLOP *** [3d Th 3c]
AzureCaper: bets $3
mishkamoya: calls $3
*** TURN *** [3d Th 3c] [Qh]
AzureCaper: bets $6
mishkamoya: folds
Uncalled bet ($6) returned to AzureCaper
AzureCaper collected $23.52 from pot
AzureCaper: doesn't show hand
*** SUMMARY ***
Total pot $24 | Rake $0.48
Board [3d Th 3c Qh]
Seat 3: mishkamoya (button) (small blind) folded on the Turn
Seat 4: AzureCaper (big blind) collected ($23.52)


PokerStars Hand #150425526055:  Hold'em Limit ($3/$6 USD) - 2016/03/16 0:40:25 ET
Table 'Altais' 6-max Seat #4 is the button
Seat 3: mishkamoya ($102.28 in chips)
Seat 4: AzureCaper ($92.16 in chips)
AzureCaper: posts small blind $1
mishkamoya: posts big blind $3
*** HOLE CARDS ***
AzureCaper: folds
Uncalled bet ($2) returned to mishkamoya
mishkamoya collected $2 from pot
mishkamoya: doesn't show hand
*** SUMMARY ***
Total pot $2 | Rake $0
Seat 3: mishkamoya (big blind) collected ($2)
Seat 4: AzureCaper (button) (small blind) folded before Flop


PokerStars Hand #150425523001:  Hold'em Limit ($3/$6 USD) - 2016/03/16 0:40:13 ET
Table 'Altais' 6-max Seat #3 is the button
Seat 3: mishkamoya ($96.52 in chips)
Seat 4: AzureCaper ($98.16 in chips)
mishkamoya: posts small blind $1
AzureCaper: posts big blind $3
*** HOLE CARDS ***
mishkamoya: raises $3 to $6
AzureCaper: calls $3
*** FLOP *** [6s Qd 8c]
AzureCaper: checks
mishkamoya: checks
*** TURN *** [6s Qd 8c] [6h]
AzureCaper: checks
mishkamoya: bets $6
AzureCaper: folds
Uncalled bet ($6) returned to mishkamoya
mishkamoya collected $11.76 from pot
mishkamoya: doesn't show hand
*** SUMMARY ***
Total pot $12 | Rake $0.24
Board [6s Qd 8c 6h]
Seat 3: mishkamoya (button) (small blind) collected ($11.76)
Seat 4: AzureCaper (big blind) folded on the Turn


PokerStars Hand #150425529050:  Hold'em Limit ($3/$6 USD) - 2016/03/16 0:40:35 ET
Table 'Altais' 6-max Seat #4 is the button
Seat 3: mishkamoya ($106.28 in chips)
Seat 4: AzureCaper ($88.16 in chips)
AzureCaper: posts small blind $1
mishkamoya: posts big blind $3
*** HOLE CARDS ***
AzureCaper: raises $3 to $6
mishkamoya: calls $3
*** FLOP *** [Ah 2c Jd]
mishkamoya: checks
AzureCaper: bets $3
mishkamoya: folds
Uncalled bet ($3) returned to AzureCaper
AzureCaper collected $11.76 from pot
AzureCaper: doesn't show hand
*** SUMMARY ***
Total pot $12 | Rake $0.24
Board [Ah 2c Jd]
Seat 3: mishkamoya (big blind) folded on the Flop
Seat 4: AzureCaper (button) (small blind) collected ($11.76)


PokerStars Hand #150425527314:  Hold'em Limit ($3/$6 USD) - 2016/03/16 0:40:29 ET
Table 'Altais' 6-max Seat #3 is the button
Seat 3: mishkamoya ($103.28 in chips)
Seat 4: AzureCaper ($91.16 in chips)
mishkamoya: posts small blind $1
AzureCaper: posts big blind $3
*** HOLE CARDS ***
mishkamoya: raises $3 to $6
AzureCaper: folds
Uncalled bet ($3) returned to mishkamoya
mishkamoya collected $6 from pot
mishkamoya: doesn't show hand
*** SUMMARY ***
Total pot $6 | Rake $0
Seat 3: mishkamoya (button) (small blind) collected ($6)
Seat 4: AzureCaper (big blind) folded before Flop


PokerStars Hand #150425514022:  Hold'em Limit ($3/$6 USD) - 2016/03/16 0:39:40 ET
Table 'Altais' 6-max Seat #3 is the button
Seat 3: mishkamoya ($123.52 in chips)
Seat 4: AzureCaper ($72 in chips)
mishkamoya: posts small blind $1
AzureCaper: posts big blind $3
*** HOLE CARDS ***
mishkamoya: raises $3 to $6
AzureCaper: calls $3
*** FLOP *** [Ad Ah 8c]
AzureCaper: checks
mishkamoya: bets $3
AzureCaper: raises $3 to $6
mishkamoya: folds
Uncalled bet ($3) returned to AzureCaper
AzureCaper collected $17.64 from pot
AzureCaper: doesn't show hand
*** SUMMARY ***
Total pot $18 | Rake $0.36
Board [Ad Ah 8c]
Seat 3: mishkamoya (button) (small blind) folded on the Flop
Seat 4: AzureCaper (big blind) collected ($17.64)


PokerStars Hand #150425516599:  Hold'em Limit ($3/$6 USD) - 2016/03/16 0:39:49 ET
Table 'Altais' 6-max Seat #4 is the button
Seat 3: mishkamoya ($114.52 in chips)
Seat 4: AzureCaper ($80.64 in chips)
AzureCaper: posts small blind $1
mishkamoya: posts big blind $3
*** HOLE CARDS ***
AzureCaper: raises $3 to $6
mishkamoya: folds
Uncalled bet ($3) returned to AzureCaper
AzureCaper collected $6 from pot
AzureCaper: doesn't show hand
*** SUMMARY ***
Total pot $6 | Rake $0
Seat 3: mishkamoya (big blind) folded before Flop
Seat 4: AzureCaper (button) (small blind) collected ($6)


PokerStars Hand #150425544458:  Hold'em Limit ($3/$6 USD) - 2016/03/16 0:41:32 ET
Table 'Altais' 6-max Seat #4 is the button
Seat 3: mishkamoya ($92.28 in chips)
Seat 4: AzureCaper ($101.44 in chips)
AzureCaper: posts small blind $1
mishkamoya: posts big blind $3
*** HOLE CARDS ***
AzureCaper: raises $3 to $6
mishkamoya: folds
Uncalled bet ($3) returned to AzureCaper
AzureCaper collected $6 from pot
AzureCaper: doesn't show hand
*** SUMMARY ***
Total pot $6 | Rake $0
Seat 3: mishkamoya (big blind) folded before Flop
Seat 4: AzureCaper (button) (small blind) collected ($6)


PokerStars Hand #150425531460:  Hold'em Limit ($3/$6 USD) - 2016/03/16 0:40:44 ET
Table 'Altais' 6-max Seat #3 is the button
Seat 3: mishkamoya ($100.28 in chips)
Seat 4: AzureCaper ($93.92 in chips)
mishkamoya: posts small blind $1
AzureCaper: posts big blind $3
*** HOLE CARDS ***
mishkamoya: raises $3 to $6
AzureCaper: raises $3 to $9
mishkamoya: calls $3
*** FLOP *** [5s Kd Ks]
AzureCaper: bets $3
mishkamoya: calls $3
*** TURN *** [5s Kd Ks] [2s]
AzureCaper: checks
mishkamoya: checks
*** RIVER *** [5s Kd Ks 2s] [Kh]
AzureCaper: checks
mishkamoya: checks
*** SHOW DOWN ***
AzureCaper: shows [Jc Qc] (three of a kind, Kings)
mishkamoya: mucks hand
AzureCaper collected $23.52 from pot
*** SUMMARY ***
Total pot $24 | Rake $0.48
Board [5s Kd Ks 2s Kh]
Seat 3: mishkamoya (button) (small blind) mucked
Seat 4: AzureCaper (big blind) showed [Jc Qc] and won ($23.52) with three of a kind, Kings


PokerStars Hand #150425537633:  Hold'em Limit ($3/$6 USD) - 2016/03/16 0:41:07 ET
Table 'Altais' 6-max Seat #3 is the button
Seat 3: mishkamoya ($89.28 in chips)
Seat 4: AzureCaper ($104.44 in chips)
mishkamoya: posts small blind $1
AzureCaper: posts big blind $3
*** HOLE CARDS ***
mishkamoya: raises $3 to $6
AzureCaper: folds
Uncalled bet ($3) returned to mishkamoya
mishkamoya collected $6 from pot
mishkamoya: doesn't show hand
*** SUMMARY ***
Total pot $6 | Rake $0
Seat 3: mishkamoya (button) (small blind) collected ($6)
Seat 4: AzureCaper (big blind) folded before Flop


PokerStars Hand #150425536444:  Hold'em Limit ($3/$6 USD) - 2016/03/16 0:41:03 ET
Table 'Altais' 6-max Seat #4 is the button
Seat 3: mishkamoya ($88.28 in chips)
Seat 4: AzureCaper ($105.44 in chips)
AzureCaper: posts small blind $1
mishkamoya: posts big blind $3
*** HOLE CARDS ***
AzureCaper: folds
Uncalled bet ($2) returned to mishkamoya
mishkamoya collected $2 from pot
mishkamoya: doesn't show hand
*** SUMMARY ***
Total pot $2 | Rake $0
Seat 3: mishkamoya (big blind) collected ($2)
Seat 4: AzureCaper (button) (small blind) folded before Flop


PokerStars Hand #150425539180:  Hold'em Limit ($3/$6 USD) - 2016/03/16 0:41:13 ET
Table 'Altais' 6-max Seat #4 is the button
Seat 3: mishkamoya ($92.28 in chips)
Seat 4: AzureCaper ($101.44 in chips)
AzureCaper: posts small blind $1
mishkamoya: posts big blind $3
*** HOLE CARDS ***
AzureCaper: raises $3 to $6
mishkamoya: folds
Uncalled bet ($3) returned to AzureCaper
AzureCaper collected $6 from pot
AzureCaper: doesn't show hand
*** SUMMARY ***
Total pot $6 | Rake $0
Seat 3: mishkamoya (big blind) folded before Flop
Seat 4: AzureCaper (button) (small blind) collected ($6)


PokerStars Hand #150425541273:  Hold'em Limit ($3/$6 USD) - 2016/03/16 0:41:20 ET
Table 'Altais' 6-max Seat #3 is the button
Seat 3: mishkamoya ($89.28 in chips)
Seat 4: AzureCaper ($104.44 in chips)
mishkamoya: posts small blind $1
AzureCaper: posts big blind $3
*** HOLE CARDS ***
mishkamoya: raises $3 to $6
AzureCaper: folds
Uncalled bet ($3) returned to mishkamoya
mishkamoya collected $6 from pot
mishkamoya: doesn't show hand
*** SUMMARY ***
Total pot $6 | Rake $0
Seat 3: mishkamoya (button) (small blind) collected ($6)
Seat 4: AzureCaper (big blind) folded before Flop


PokerStars Hand #150425546048:  Hold'em Limit ($3/$6 USD) - 2016/03/16 0:41:39 ET
Table 'Altais' 6-max Seat #3 is the button
Seat 3: mishkamoya ($89.28 in chips)
Seat 4: AzureCaper ($104.44 in chips)
mishkamoya: posts small blind $1
AzureCaper: posts big blind $3
*** HOLE CARDS ***
mishkamoya: raises $3 to $6
AzureCaper: calls $3
*** FLOP *** [As 4c 6c]
AzureCaper: checks
mishkamoya: bets $3
AzureCaper: raises $3 to $6
mishkamoya: folds
Uncalled bet ($3) returned to AzureCaper
AzureCaper collected $17.64 from pot
AzureCaper: doesn't show hand
*** SUMMARY ***
Total pot $18 | Rake $0.36
Board [As 4c 6c]
Seat 3: mishkamoya (button) (small blind) folded on the Flop
Seat 4: AzureCaper (big blind) collected ($17.64)


PokerStars Hand #150425552246:  Hold'em Limit ($3/$6 USD) - 2016/03/16 0:42:01 ET
Table 'Altais' 6-max Seat #4 is the button
Seat 3: mishkamoya ($80.28 in chips)
Seat 4: AzureCaper ($113.08 in chips)
AzureCaper: posts small blind $1
mishkamoya: posts big blind $3
*** HOLE CARDS ***
AzureCaper: raises $3 to $6
mishkamoya: raises $3 to $9
AzureCaper: calls $3
*** FLOP *** [Jd 6s Ts]
mishkamoya: bets $3
AzureCaper: calls $3
*** TURN *** [Jd 6s Ts] [2d]
mishkamoya: bets $6
AzureCaper: calls $6
*** RIVER *** [Jd 6s Ts 2d] [4s]
mishkamoya: bets $6
AzureCaper: calls $6
*** SHOW DOWN ***
mishkamoya: shows [Td 8c] (a pair of Tens)
AzureCaper: shows [Qh Tc] (a pair of Tens - Queen kicker)
AzureCaper collected $47.50 from pot
*** SUMMARY ***
Total pot $48 | Rake $0.50
Board [Jd 6s Ts 2d 4s]
Seat 3: mishkamoya (big blind) showed [Td 8c] and lost with a pair of Tens
Seat 4: AzureCaper (button) (small blind) showed [Qh Tc] and won ($47.50) with a pair of Tens


PokerStars Hand #150425558925:  Hold'em Limit ($3/$6 USD) - 2016/03/16 0:42:26 ET
Table 'Altais' 6-max Seat #4 is the button
Seat 3: mishkamoya ($59.28 in chips)
Seat 4: AzureCaper ($133.58 in chips)
AzureCaper: posts small blind $1
mishkamoya: posts big blind $3
*** HOLE CARDS ***
AzureCaper: raises $3 to $6
mishkamoya: folds
Uncalled bet ($3) returned to AzureCaper
AzureCaper collected $6 from pot
AzureCaper: doesn't show hand
*** SUMMARY ***
Total pot $6 | Rake $0
Seat 3: mishkamoya (big blind) folded before Flop
Seat 4: AzureCaper (button) (small blind) collected ($6)


PokerStars Hand #150425557451:  Hold'em Limit ($3/$6 USD) - 2016/03/16 0:42:21 ET
Table 'Altais' 6-max Seat #3 is the button
Seat 3: mishkamoya ($56.28 in chips)
Seat 4: AzureCaper ($136.58 in chips)
mishkamoya: posts small blind $1
AzureCaper: posts big blind $3
*** HOLE CARDS ***
mishkamoya: raises $3 to $6
AzureCaper: folds
Uncalled bet ($3) returned to mishkamoya
mishkamoya collected $6 from pot
mishkamoya: doesn't show hand
*** SUMMARY ***
Total pot $6 | Rake $0
Seat 3: mishkamoya (button) (small blind) collected ($6)
Seat 4: AzureCaper (big blind) folded before Flop


PokerStars Hand #150425550734:  Hold'em Limit ($3/$6 USD) - 2016/03/16 0:41:56 ET
Table 'Altais' 6-max Seat #3 is the button
Seat 3: mishkamoya ($77.28 in chips)
Seat 4: AzureCaper ($116.08 in chips)
mishkamoya: posts small blind $1
AzureCaper: posts big blind $3
*** HOLE CARDS ***
mishkamoya: raises $3 to $6
AzureCaper: folds
Uncalled bet ($3) returned to mishkamoya
mishkamoya collected $6 from pot
mishkamoya: doesn't show hand
*** SUMMARY ***
Total pot $6 | Rake $0
Seat 3: mishkamoya (button) (small blind) collected ($6)
Seat 4: AzureCaper (big blind) folded before Flop


PokerStars Hand #150425549402:  Hold'em Limit ($3/$6 USD) - 2016/03/16 0:41:51 ET
Table 'Altais' 6-max Seat #4 is the button
Seat 3: mishkamoya ($80.28 in chips)
Seat 4: AzureCaper ($113.08 in chips)
AzureCaper: posts small blind $1
mishkamoya: posts big blind $3
*** HOLE CARDS ***
AzureCaper: raises $3 to $6
mishkamoya: folds
Uncalled bet ($3) returned to AzureCaper
AzureCaper collected $6 from pot
AzureCaper: doesn't show hand
*** SUMMARY ***
Total pot $6 | Rake $0
Seat 3: mishkamoya (big blind) folded before Flop
Seat 4: AzureCaper (button) (small blind) collected ($6)


PokerStars Hand #150425560588:  Hold'em Limit ($3/$6 USD) - 2016/03/16 0:42:32 ET
Table 'Altais' 6-max Seat #3 is the button
Seat 3: mishkamoya ($56.28 in chips)
Seat 4: AzureCaper ($136.58 in chips)
mishkamoya: posts small blind $1
AzureCaper: posts big blind $3
*** HOLE CARDS ***
mishkamoya: raises $3 to $6
AzureCaper: calls $3
*** FLOP *** [Ad 8h 7d]
AzureCaper: checks
mishkamoya: bets $3
AzureCaper: calls $3
*** TURN *** [Ad 8h 7d] [Tc]
AzureCaper: checks
mishkamoya: checks
*** RIVER *** [Ad 8h 7d Tc] [3d]
AzureCaper: checks
mishkamoya: bets $6
AzureCaper: calls $6
*** SHOW DOWN ***
mishkamoya: shows [5c 9c] (high card Ace)
AzureCaper: shows [7h Kh] (a pair of Sevens)
AzureCaper collected $29.50 from pot
*** SUMMARY ***
Total pot $30 | Rake $0.50
Board [Ad 8h 7d Tc 3d]
Seat 3: mishkamoya (button) (small blind) showed [5c 9c] and lost with high card Ace
Seat 4: AzureCaper (big blind) showed [7h Kh] and won ($29.50) with a pair of Sevens


PokerStars Hand #150425565474:  Hold'em Limit ($3/$6 USD) - 2016/03/16 0:42:50 ET
Table 'Altais' 6-max Seat #4 is the button
Seat 3: mishkamoya ($41.28 in chips)
Seat 4: AzureCaper ($151.08 in chips)
AzureCaper: posts small blind $1
mishkamoya: posts big blind $3
*** HOLE CARDS ***
AzureCaper: raises $3 to $6
mishkamoya: folds
Uncalled bet ($3) returned to AzureCaper
mishkamoya leaves the table
AzureCaper collected $6 from pot
AzureCaper: doesn't show hand
*** SUMMARY ***
Total pot $6 | Rake $0
Seat 3: mishkamoya (big blind) folded before Flop
Seat 4: AzureCaper (button) (small blind) collected ($6)


