PokerStars Hand #156208013253:  Hold'em Limit ($3/$6 USD) - 2016/07/20 7:21:29 ET
Table 'Alterf' 6-max Seat #1 is the button
Seat 1: Ag3r0n ($72 in chips)
Seat 2: ulrich80 ($120 in chips)
Ag3r0n: posts small blind $1
ulrich80: posts big blind $3
*** HOLE CARDS ***
Ag3r0n: raises $3 to $6
ulrich80: calls $3
*** FLOP *** [6d 7h Jh]
ulrich80: checks
Ag3r0n: checks
*** TURN *** [6d 7h Jh] [Td]
ulrich80: bets $6
Ag3r0n: folds
Uncalled bet ($6) returned to ulrich80
ulrich80 collected $11.76 from pot
ulrich80: doesn't show hand
B_loJkl joins the table at seat #3
*** SUMMARY ***
Total pot $12 | Rake $0.24
Board [6d 7h Jh Td]
Seat 1: Ag3r0n (button) (small blind) folded on the Turn
Seat 2: ulrich80 (big blind) collected ($11.76)


PokerStars Hand #156208312554:  Hold'em Limit ($3/$6 USD) - 2016/07/20 7:33:36 ET
Table 'Alterf' 6-max Seat #4 is the button
Seat 1: Ag3r0n ($72 in chips)
Seat 4: ABATAPP ($194.11 in chips)
ABATAPP: posts small blind $1
Ag3r0n: posts big blind $3
*** HOLE CARDS ***
ABATAPP: folds
Uncalled bet ($2) returned to Ag3r0n
Ag3r0n collected $2 from pot
*** SUMMARY ***
Total pot $2 | Rake $0
Seat 1: Ag3r0n (big blind) collected ($2)
Seat 4: ABATAPP (button) (small blind) folded before Flop


