PokerStars Hand #148048475984:  Hold'em Limit ($3/$6 USD) - 2016/02/01 8:49:30 ET
Table 'Alterf II' 6-max Seat #1 is the button
Seat 1: Puzanchik 11 ($61.67 in chips)
Seat 2: TbIP-TbIP 88 ($72 in chips)
Puzanchik 11: posts small blind $1
TbIP-TbIP 88: posts big blind $3
*** HOLE CARDS ***
Puzanchik 11: raises $3 to $6
B_loJkl joins the table at seat #3
TbIP-TbIP 88: calls $3
*** FLOP *** [6d 4c 2h]
TbIP-TbIP 88: checks
Puzanchik 11: bets $3
TbIP-TbIP 88: calls $3
*** TURN *** [6d 4c 2h] [9s]
TbIP-TbIP 88: checks
Puzanchik 11: bets $6
TbIP-TbIP 88: calls $6
*** RIVER *** [6d 4c 2h 9s] [Ts]
TbIP-TbIP 88: checks
Puzanchik 11: checks
*** SHOW DOWN ***
TbIP-TbIP 88: shows [Ks 3h] (high card King)
Puzanchik 11: shows [5c 5d] (a pair of Fives)
Puzanchik 11 collected $29.50 from pot
*** SUMMARY ***
Total pot $30 | Rake $0.50
Board [6d 4c 2h 9s Ts]
Seat 1: Puzanchik 11 (button) (small blind) showed [5c 5d] and won ($29.50) with a pair of Fives
Seat 2: TbIP-TbIP 88 (big blind) showed [Ks 3h] and lost with high card King


PokerStars Hand #148048639133:  Hold'em Limit ($3/$6 USD) - 2016/02/01 8:53:20 ET
Table 'Alterf II' 6-max Seat #1 is the button
Seat 1: Puzanchik 11 ($55.17 in chips)
Seat 3: B_loJkl ($178.20 in chips)
Puzanchik 11: posts small blind $1
B_loJkl: posts big blind $3
*** HOLE CARDS ***
Puzanchik 11: raises $3 to $6
B_loJkl: calls $3
*** FLOP *** [9h Ah 9c]
B_loJkl: checks
Puzanchik 11: bets $3
B_loJkl: raises $3 to $6
Puzanchik 11: folds
Uncalled bet ($3) returned to B_loJkl
B_loJkl collected $17.64 from pot
B_loJkl: doesn't show hand
*** SUMMARY ***
Total pot $18 | Rake $0.36
Board [9h Ah 9c]
Seat 1: Puzanchik 11 (button) (small blind) folded on the Flop
Seat 3: B_loJkl (big blind) collected ($17.64)


PokerStars Hand #148048658822:  Hold'em Limit ($3/$6 USD) - 2016/02/01 8:53:47 ET
Table 'Alterf II' 6-max Seat #3 is the button
Seat 1: Puzanchik 11 ($46.17 in chips)
Seat 3: B_loJkl ($186.84 in chips)
B_loJkl: posts small blind $1
Puzanchik 11: posts big blind $3
*** HOLE CARDS ***
B_loJkl: raises $3 to $6
Puzanchik 11: raises $3 to $9
B_loJkl: calls $3
*** FLOP *** [Ah Qc As]
Puzanchik 11: bets $3
B_loJkl: folds
Uncalled bet ($3) returned to Puzanchik 11
Puzanchik 11 collected $17.64 from pot
Puzanchik 11: doesn't show hand
*** SUMMARY ***
Total pot $18 | Rake $0.36
Board [Ah Qc As]
Seat 1: Puzanchik 11 (big blind) collected ($17.64)
Seat 3: B_loJkl (button) (small blind) folded on the Flop


PokerStars Hand #148048675216:  Hold'em Limit ($3/$6 USD) - 2016/02/01 8:54:11 ET
Table 'Alterf II' 6-max Seat #1 is the button
Seat 1: Puzanchik 11 ($54.81 in chips)
Seat 3: B_loJkl ($177.84 in chips)
Puzanchik 11: posts small blind $1
B_loJkl: posts big blind $3
*** HOLE CARDS ***
Puzanchik 11: raises $3 to $6
B_loJkl: calls $3
*** FLOP *** [As 8s 3h]
B_loJkl: checks
Puzanchik 11: checks
*** TURN *** [As 8s 3h] [6d]
B_loJkl: checks
Puzanchik 11: bets $6
B_loJkl: calls $6
*** RIVER *** [As 8s 3h 6d] [8h]
B_loJkl: checks
Puzanchik 11: bets $6
B_loJkl: calls $6
*** SHOW DOWN ***
Puzanchik 11: shows [6h Qh] (two pair, Eights and Sixes)
B_loJkl: mucks hand
Puzanchik 11 collected $35.50 from pot
*** SUMMARY ***
Total pot $36 | Rake $0.50
Board [As 8s 3h 6d 8h]
Seat 1: Puzanchik 11 (button) (small blind) showed [6h Qh] and won ($35.50) with two pair, Eights and Sixes
Seat 3: B_loJkl (big blind) mucked


PokerStars Hand #148048630490:  Hold'em Limit ($3/$6 USD) - 2016/02/01 8:53:07 ET
Table 'Alterf II' 6-max Seat #1 is the button
Seat 1: Puzanchik 11 ($55.17 in chips)
Seat 3: B_loJkl ($178.20 in chips)
Puzanchik 11: posts small blind $1
TbIP-TbIP 88: is sitting out
B_loJkl: posts big blind $3
*** HOLE CARDS ***
Puzanchik 11: folds
Uncalled bet ($2) returned to B_loJkl
TbIP-TbIP 88 leaves the table
B_loJkl collected $2 from pot
B_loJkl: doesn't show hand
*** SUMMARY ***
Total pot $2 | Rake $0
Seat 1: Puzanchik 11 (button) (small blind) folded before Flop
Seat 3: B_loJkl (big blind) collected ($2)


