PokerStars Hand #151328987685:  Hold'em Limit ($3/$6 USD) - 2016/04/02 15:01:16 ET
Table 'Althaea' 6-max Seat #4 is the button
Seat 3: owenheadch ($868.04 in chips)
Seat 4: kolaz03 ($73 in chips)
kolaz03: posts small blind $1
owenheadch: posts big blind $3
*** HOLE CARDS ***
kolaz03: raises $3 to $6
owenheadch: calls $3
*** FLOP *** [Ah Tc 7h]
owenheadch: checks
kolaz03: bets $3
owenheadch: calls $3
*** TURN *** [Ah Tc 7h] [Jd]
owenheadch: checks
kolaz03: bets $6
owenheadch: folds
Uncalled bet ($6) returned to kolaz03
kolaz03 collected $17.64 from pot
kolaz03: doesn't show hand
*** SUMMARY ***
Total pot $18 | Rake $0.36
Board [Ah Tc 7h Jd]
Seat 3: owenheadch (big blind) folded on the Turn
Seat 4: kolaz03 (button) (small blind) collected ($17.64)


PokerStars Hand #151328975733:  Hold'em Limit ($3/$6 USD) - 2016/04/02 15:01:00 ET
Table 'Althaea' 6-max Seat #3 is the button
Seat 3: owenheadch ($869.04 in chips)
Seat 4: kolaz03 ($72 in chips)
owenheadch: posts small blind $1
kolaz03: posts big blind $3
*** HOLE CARDS ***
owenheadch: folds
Uncalled bet ($2) returned to kolaz03
kolaz03 collected $2 from pot
kolaz03: doesn't show hand
*** SUMMARY ***
Total pot $2 | Rake $0
Seat 3: owenheadch (button) (small blind) folded before Flop
Seat 4: kolaz03 (big blind) collected ($2)


PokerStars Hand #151329067146:  Hold'em Limit ($3/$6 USD) - 2016/04/02 15:02:54 ET
Table 'Althaea' 6-max Seat #4 is the button
Seat 3: owenheadch ($809.04 in chips)
Seat 4: kolaz03 ($130.64 in chips)
kolaz03: posts small blind $1
owenheadch: posts big blind $3
*** HOLE CARDS ***
kolaz03: folds
Uncalled bet ($2) returned to owenheadch
owenheadch collected $2 from pot
*** SUMMARY ***
Total pot $2 | Rake $0
Seat 3: owenheadch (big blind) collected ($2)
Seat 4: kolaz03 (button) (small blind) folded before Flop


PokerStars Hand #151329042442:  Hold'em Limit ($3/$6 USD) - 2016/04/02 15:02:24 ET
Table 'Althaea' 6-max Seat #3 is the button
Seat 3: owenheadch ($833.04 in chips)
Seat 4: kolaz03 ($107.14 in chips)
owenheadch: posts small blind $1
kolaz03: posts big blind $3
*** HOLE CARDS ***
owenheadch: raises $3 to $6
kolaz03: calls $3
*** FLOP *** [Kh 5h 3h]
kolaz03: checks
owenheadch: bets $3
kolaz03: raises $3 to $6
owenheadch: calls $3
*** TURN *** [Kh 5h 3h] [4s]
kolaz03: bets $6
owenheadch: calls $6
*** RIVER *** [Kh 5h 3h 4s] [6s]
kolaz03: bets $6
owenheadch: calls $6
*** SHOW DOWN ***
kolaz03: shows [Ks 6d] (two pair, Kings and Sixes)
owenheadch: mucks hand
kolaz03 collected $47.50 from pot
*** SUMMARY ***
Total pot $48 | Rake $0.50
Board [Kh 5h 3h 4s 6s]
Seat 3: owenheadch (button) (small blind) mucked
Seat 4: kolaz03 (big blind) showed [Ks 6d] and won ($47.50) with two pair, Kings and Sixes


PokerStars Hand #151329037393:  Hold'em Limit ($3/$6 USD) - 2016/04/02 15:02:18 ET
Table 'Althaea' 6-max Seat #4 is the button
Seat 3: owenheadch ($832.04 in chips)
Seat 4: kolaz03 ($108.14 in chips)
kolaz03: posts small blind $1
owenheadch: posts big blind $3
*** HOLE CARDS ***
kolaz03: folds
Uncalled bet ($2) returned to owenheadch
owenheadch collected $2 from pot
*** SUMMARY ***
Total pot $2 | Rake $0
Seat 3: owenheadch (big blind) collected ($2)
Seat 4: kolaz03 (button) (small blind) folded before Flop


PokerStars Hand #151329005359:  Hold'em Limit ($3/$6 USD) - 2016/04/02 15:01:39 ET
Table 'Althaea' 6-max Seat #3 is the button
Seat 3: owenheadch ($859.04 in chips)
Seat 4: kolaz03 ($81.64 in chips)
owenheadch: posts small blind $1
kolaz03: posts big blind $3
*** HOLE CARDS ***
owenheadch: raises $3 to $6
kolaz03: raises $3 to $9
owenheadch: calls $3
*** FLOP *** [7c 7h Kc]
kolaz03: bets $3
owenheadch: raises $3 to $6
kolaz03: calls $3
*** TURN *** [7c 7h Kc] [Qh]
kolaz03: checks
owenheadch: bets $6
kolaz03: calls $6
*** RIVER *** [7c 7h Kc Qh] [2h]
kolaz03: checks
owenheadch: bets $6
kolaz03: raises $6 to $12
owenheadch: folds
Uncalled bet ($6) returned to kolaz03
kolaz03 collected $53.50 from pot
kolaz03: doesn't show hand
*** SUMMARY ***
Total pot $54 | Rake $0.50
Board [7c 7h Kc Qh 2h]
Seat 3: owenheadch (button) (small blind) folded on the River
Seat 4: kolaz03 (big blind) collected ($53.50)


PokerStars Hand #151329083400:  Hold'em Limit ($3/$6 USD) - 2016/04/02 15:03:13 ET
Table 'Althaea' 6-max Seat #3 is the button
Seat 3: owenheadch ($814.04 in chips)
Seat 4: kolaz03 ($125.64 in chips)
owenheadch: posts small blind $1
kolaz03: posts big blind $3
*** HOLE CARDS ***
owenheadch: raises $3 to $6
kolaz03: calls $3
*** FLOP *** [Ac 8s Ad]
kolaz03: checks
owenheadch: bets $3
kolaz03: folds
Uncalled bet ($3) returned to owenheadch
owenheadch collected $11.76 from pot
*** SUMMARY ***
Total pot $12 | Rake $0.24
Board [Ac 8s Ad]
Seat 3: owenheadch (button) (small blind) collected ($11.76)
Seat 4: kolaz03 (big blind) folded on the Flop


PokerStars Hand #151329078946:  Hold'em Limit ($3/$6 USD) - 2016/04/02 15:03:08 ET
Table 'Althaea' 6-max Seat #4 is the button
Seat 3: owenheadch ($813.04 in chips)
Seat 4: kolaz03 ($126.64 in chips)
kolaz03: posts small blind $1
owenheadch: posts big blind $3
*** HOLE CARDS ***
kolaz03: folds
Uncalled bet ($2) returned to owenheadch
owenheadch collected $2 from pot
owenheadch: doesn't show hand
*** SUMMARY ***
Total pot $2 | Rake $0
Seat 3: owenheadch (big blind) collected ($2)
Seat 4: kolaz03 (button) (small blind) folded before Flop


PokerStars Hand #151329072441:  Hold'em Limit ($3/$6 USD) - 2016/04/02 15:03:00 ET
Table 'Althaea' 6-max Seat #3 is the button
Seat 3: owenheadch ($810.04 in chips)
Seat 4: kolaz03 ($129.64 in chips)
owenheadch: posts small blind $1
kolaz03: posts big blind $3
*** HOLE CARDS ***
owenheadch: raises $3 to $6
kolaz03: folds
Uncalled bet ($3) returned to owenheadch
owenheadch collected $6 from pot
*** SUMMARY ***
Total pot $6 | Rake $0
Seat 3: owenheadch (button) (small blind) collected ($6)
Seat 4: kolaz03 (big blind) folded before Flop


PokerStars Hand #151329161378:  Hold'em Limit ($3/$6 USD) - 2016/04/02 15:04:45 ET
Table 'Althaea' 6-max Seat #4 is the button
Seat 3: owenheadch ($821.30 in chips)
Seat 4: kolaz03 ($117.16 in chips)
kolaz03: posts small blind $1
owenheadch: posts big blind $3
*** HOLE CARDS ***
kolaz03: raises $3 to $6
owenheadch: folds
Uncalled bet ($3) returned to kolaz03
kolaz03 collected $6 from pot
kolaz03: doesn't show hand
*** SUMMARY ***
Total pot $6 | Rake $0
Seat 3: owenheadch (big blind) folded before Flop
Seat 4: kolaz03 (button) (small blind) collected ($6)


PokerStars Hand #151329156692:  Hold'em Limit ($3/$6 USD) - 2016/04/02 15:04:40 ET
Table 'Althaea' 6-max Seat #3 is the button
Seat 3: owenheadch ($822.30 in chips)
Seat 4: kolaz03 ($116.16 in chips)
owenheadch: posts small blind $1
kolaz03: posts big blind $3
*** HOLE CARDS ***
owenheadch: folds
Uncalled bet ($2) returned to kolaz03
kolaz03 collected $2 from pot
kolaz03: doesn't show hand
*** SUMMARY ***
Total pot $2 | Rake $0
Seat 3: owenheadch (button) (small blind) folded before Flop
Seat 4: kolaz03 (big blind) collected ($2)


PokerStars Hand #151329148951:  Hold'em Limit ($3/$6 USD) - 2016/04/02 15:04:31 ET
Table 'Althaea' 6-max Seat #4 is the button
Seat 3: owenheadch ($825.30 in chips)
Seat 4: kolaz03 ($113.16 in chips)
kolaz03: posts small blind $1
owenheadch: posts big blind $3
*** HOLE CARDS ***
kolaz03: raises $3 to $6
owenheadch: folds
Uncalled bet ($3) returned to kolaz03
kolaz03 collected $6 from pot
kolaz03: doesn't show hand
*** SUMMARY ***
Total pot $6 | Rake $0
Seat 3: owenheadch (big blind) folded before Flop
Seat 4: kolaz03 (button) (small blind) collected ($6)


PokerStars Hand #151329128453:  Hold'em Limit ($3/$6 USD) - 2016/04/02 15:04:06 ET
Table 'Althaea' 6-max Seat #3 is the button
Seat 3: owenheadch ($837.30 in chips)
Seat 4: kolaz03 ($101.64 in chips)
owenheadch: posts small blind $1
kolaz03: posts big blind $3
*** HOLE CARDS ***
owenheadch: raises $3 to $6
kolaz03: calls $3
*** FLOP *** [8c 2c 5h]
kolaz03: checks
owenheadch: bets $3
kolaz03: raises $3 to $6
owenheadch: calls $3
*** TURN *** [8c 2c 5h] [Qc]
kolaz03: bets $6
owenheadch: folds
Uncalled bet ($6) returned to kolaz03
kolaz03 collected $23.52 from pot
kolaz03: doesn't show hand
*** SUMMARY ***
Total pot $24 | Rake $0.48
Board [8c 2c 5h Qc]
Seat 3: owenheadch (button) (small blind) folded on the Turn
Seat 4: kolaz03 (big blind) collected ($23.52)


PokerStars Hand #151329106665:  Hold'em Limit ($3/$6 USD) - 2016/04/02 15:03:41 ET
Table 'Althaea' 6-max Seat #4 is the button
Seat 3: owenheadch ($819.80 in chips)
Seat 4: kolaz03 ($119.64 in chips)
kolaz03: posts small blind $1
owenheadch: posts big blind $3
*** HOLE CARDS ***
kolaz03: raises $3 to $6
owenheadch: raises $3 to $9
kolaz03: calls $3
*** FLOP *** [6c 7c Ts]
owenheadch: bets $3
kolaz03: calls $3
*** TURN *** [6c 7c Ts] [5d]
owenheadch: bets $6
kolaz03: calls $6
*** RIVER *** [6c 7c Ts 5d] [Jd]
owenheadch: checks
kolaz03: checks
*** SHOW DOWN ***
owenheadch: shows [8d Ah] (high card Ace)
kolaz03: mucks hand
owenheadch collected $35.50 from pot
*** SUMMARY ***
Total pot $36 | Rake $0.50
Board [6c 7c Ts 5d Jd]
Seat 3: owenheadch (big blind) showed [8d Ah] and won ($35.50) with high card Ace
Seat 4: kolaz03 (button) (small blind) mucked


PokerStars Hand #151329196710:  Hold'em Limit ($3/$6 USD) - 2016/04/02 15:05:27 ET
Table 'Althaea' 6-max Seat #4 is the button
Seat 3: owenheadch ($831.80 in chips)
Seat 4: kolaz03 ($106.16 in chips)
kolaz03: posts small blind $1
owenheadch: posts big blind $3
*** HOLE CARDS ***
kolaz03: raises $3 to $6
owenheadch: raises $3 to $9
kolaz03: calls $3
*** FLOP *** [9d 5d 7d]
owenheadch: bets $3
kolaz03: calls $3
*** TURN *** [9d 5d 7d] [3c]
owenheadch: bets $6
kolaz03: calls $6
*** RIVER *** [9d 5d 7d 3c] [Kd]
owenheadch: bets $6
kolaz03: calls $6
*** SHOW DOWN ***
owenheadch: shows [Ts 9c] (a pair of Nines)
kolaz03: shows [Kc Qs] (a pair of Kings)
kolaz03 collected $47.50 from pot
*** SUMMARY ***
Total pot $48 | Rake $0.50
Board [9d 5d 7d 3c Kd]
Seat 3: owenheadch (big blind) showed [Ts 9c] and lost with a pair of Nines
Seat 4: kolaz03 (button) (small blind) showed [Kc Qs] and won ($47.50) with a pair of Kings


PokerStars Hand #151329191972:  Hold'em Limit ($3/$6 USD) - 2016/04/02 15:05:21 ET
Table 'Althaea' 6-max Seat #3 is the button
Seat 3: owenheadch ($832.80 in chips)
Seat 4: kolaz03 ($105.16 in chips)
owenheadch: posts small blind $1
kolaz03: posts big blind $3
*** HOLE CARDS ***
owenheadch: folds
Uncalled bet ($2) returned to kolaz03
kolaz03 collected $2 from pot
kolaz03: doesn't show hand
*** SUMMARY ***
Total pot $2 | Rake $0
Seat 3: owenheadch (button) (small blind) folded before Flop
Seat 4: kolaz03 (big blind) collected ($2)


PokerStars Hand #151329186159:  Hold'em Limit ($3/$6 USD) - 2016/04/02 15:05:14 ET
Table 'Althaea' 6-max Seat #4 is the button
Seat 3: owenheadch ($835.80 in chips)
Seat 4: kolaz03 ($102.16 in chips)
kolaz03: posts small blind $1
owenheadch: posts big blind $3
*** HOLE CARDS ***
kolaz03: raises $3 to $6
owenheadch: folds
Uncalled bet ($3) returned to kolaz03
kolaz03 collected $6 from pot
kolaz03: doesn't show hand
*** SUMMARY ***
Total pot $6 | Rake $0
Seat 3: owenheadch (big blind) folded before Flop
Seat 4: kolaz03 (button) (small blind) collected ($6)


PokerStars Hand #151329167251:  Hold'em Limit ($3/$6 USD) - 2016/04/02 15:04:52 ET
Table 'Althaea' 6-max Seat #3 is the button
Seat 3: owenheadch ($818.30 in chips)
Seat 4: kolaz03 ($120.16 in chips)
owenheadch: posts small blind $1
kolaz03: posts big blind $3
*** HOLE CARDS ***
owenheadch: raises $3 to $6
kolaz03: calls $3
*** FLOP *** [Jd Kc 6d]
kolaz03: checks
owenheadch: bets $3
kolaz03: raises $3 to $6
owenheadch: calls $3
*** TURN *** [Jd Kc 6d] [2h]
kolaz03: bets $6
owenheadch: calls $6
*** RIVER *** [Jd Kc 6d 2h] [3h]
kolaz03: checks
owenheadch: checks
*** SHOW DOWN ***
kolaz03: shows [Qd Th] (high card King)
owenheadch: shows [9s 9d] (a pair of Nines)
owenheadch collected $35.50 from pot
*** SUMMARY ***
Total pot $36 | Rake $0.50
Board [Jd Kc 6d 2h 3h]
Seat 3: owenheadch (button) (small blind) showed [9s 9d] and won ($35.50) with a pair of Nines
Seat 4: kolaz03 (big blind) showed [Qd Th] and lost with high card King


PokerStars Hand #151329261817:  Hold'em Limit ($3/$6 USD) - 2016/04/02 15:06:44 ET
Table 'Althaea' 6-max Seat #4 is the button
Seat 3: owenheadch ($808.30 in chips)
Seat 4: kolaz03 ($128.16 in chips)
kolaz03: posts small blind $1
owenheadch: posts big blind $3
*** HOLE CARDS ***
kolaz03: raises $3 to $6
owenheadch: folds
Uncalled bet ($3) returned to kolaz03
kolaz03 collected $6 from pot
kolaz03: doesn't show hand
*** SUMMARY ***
Total pot $6 | Rake $0
Seat 3: owenheadch (big blind) folded before Flop
Seat 4: kolaz03 (button) (small blind) collected ($6)


PokerStars Hand #151329244985:  Hold'em Limit ($3/$6 USD) - 2016/04/02 15:06:24 ET
Table 'Althaea' 6-max Seat #3 is the button
Seat 3: owenheadch ($784.80 in chips)
Seat 4: kolaz03 ($152.16 in chips)
owenheadch: posts small blind $1
kolaz03: posts big blind $3
*** HOLE CARDS ***
owenheadch: raises $3 to $6
kolaz03: calls $3
*** FLOP *** [4c Ks 9s]
kolaz03: checks
owenheadch: bets $3
kolaz03: raises $3 to $6
owenheadch: calls $3
*** TURN *** [4c Ks 9s] [3s]
kolaz03: bets $6
owenheadch: calls $6
*** RIVER *** [4c Ks 9s 3s] [As]
kolaz03: checks
owenheadch: bets $6
kolaz03: calls $6
*** SHOW DOWN ***
owenheadch: shows [Qs Ad] (a flush, Ace high)
kolaz03: mucks hand
owenheadch collected $47.50 from pot
*** SUMMARY ***
Total pot $48 | Rake $0.50
Board [4c Ks 9s 3s As]
Seat 3: owenheadch (button) (small blind) showed [Qs Ad] and won ($47.50) with a flush, Ace high
Seat 4: kolaz03 (big blind) mucked


PokerStars Hand #151329240377:  Hold'em Limit ($3/$6 USD) - 2016/04/02 15:06:19 ET
Table 'Althaea' 6-max Seat #4 is the button
Seat 3: owenheadch ($783.80 in chips)
Seat 4: kolaz03 ($153.16 in chips)
kolaz03: posts small blind $1
owenheadch: posts big blind $3
*** HOLE CARDS ***
kolaz03: folds
Uncalled bet ($2) returned to owenheadch
owenheadch collected $2 from pot
*** SUMMARY ***
Total pot $2 | Rake $0
Seat 3: owenheadch (big blind) collected ($2)
Seat 4: kolaz03 (button) (small blind) folded before Flop


PokerStars Hand #151329219005:  Hold'em Limit ($3/$6 USD) - 2016/04/02 15:05:53 ET
Table 'Althaea' 6-max Seat #3 is the button
Seat 3: owenheadch ($807.80 in chips)
Seat 4: kolaz03 ($129.66 in chips)
owenheadch: posts small blind $1
kolaz03: posts big blind $3
*** HOLE CARDS ***
owenheadch: raises $3 to $6
kolaz03: raises $3 to $9
owenheadch: raises $3 to $12
Betting is capped
kolaz03: calls $3
*** FLOP *** [9c Qd 5s]
kolaz03: checks
owenheadch: checks
*** TURN *** [9c Qd 5s] [4d]
kolaz03: bets $6
owenheadch: calls $6
*** RIVER *** [9c Qd 5s 4d] [5h]
kolaz03: bets $6
owenheadch: calls $6
*** SHOW DOWN ***
kolaz03: shows [9d 9s] (a full house, Nines full of Fives)
owenheadch: mucks hand
kolaz03 collected $47.50 from pot
*** SUMMARY ***
Total pot $48 | Rake $0.50
Board [9c Qd 5s 4d 5h]
Seat 3: owenheadch (button) (small blind) mucked
Seat 4: kolaz03 (big blind) showed [9d 9s] and won ($47.50) with a full house, Nines full of Fives


PokerStars Hand #151329310160:  Hold'em Limit ($3/$6 USD) - 2016/04/02 15:07:42 ET
Table 'Althaea' 6-max Seat #4 is the button
Seat 3: owenheadch ($793.80 in chips)
Seat 4: kolaz03 ($141.66 in chips)
kolaz03: posts small blind $1
owenheadch: posts big blind $3
*** HOLE CARDS ***
kolaz03: raises $3 to $6
owenheadch: calls $3
*** FLOP *** [9c Ks 9d]
owenheadch: checks
kolaz03: bets $3
owenheadch: folds
Uncalled bet ($3) returned to kolaz03
kolaz03 collected $11.76 from pot
kolaz03: doesn't show hand
*** SUMMARY ***
Total pot $12 | Rake $0.24
Board [9c Ks 9d]
Seat 3: owenheadch (big blind) folded on the Flop
Seat 4: kolaz03 (button) (small blind) collected ($11.76)


PokerStars Hand #151329291186:  Hold'em Limit ($3/$6 USD) - 2016/04/02 15:07:19 ET
Table 'Althaea' 6-max Seat #3 is the button
Seat 3: owenheadch ($820.80 in chips)
Seat 4: kolaz03 ($115.16 in chips)
owenheadch: posts small blind $1
kolaz03: posts big blind $3
*** HOLE CARDS ***
owenheadch: raises $3 to $6
kolaz03: calls $3
*** FLOP *** [8c 5s Kh]
kolaz03: checks
owenheadch: bets $3
kolaz03: calls $3
*** TURN *** [8c 5s Kh] [2s]
kolaz03: checks
owenheadch: bets $6
kolaz03: raises $6 to $12
owenheadch: calls $6
*** RIVER *** [8c 5s Kh 2s] [Kc]
kolaz03: bets $6
owenheadch: calls $6
*** SHOW DOWN ***
kolaz03: shows [Ks 9h] (three of a kind, Kings)
owenheadch: shows [7c 7h] (two pair, Kings and Sevens)
kolaz03 collected $53.50 from pot
*** SUMMARY ***
Total pot $54 | Rake $0.50
Board [8c 5s Kh 2s Kc]
Seat 3: owenheadch (button) (small blind) showed [7c 7h] and lost with two pair, Kings and Sevens
Seat 4: kolaz03 (big blind) showed [Ks 9h] and won ($53.50) with three of a kind, Kings


PokerStars Hand #151329281997:  Hold'em Limit ($3/$6 USD) - 2016/04/02 15:07:08 ET
Table 'Althaea' 6-max Seat #4 is the button
Seat 3: owenheadch ($819.80 in chips)
Seat 4: kolaz03 ($116.16 in chips)
kolaz03: posts small blind $1
owenheadch: posts big blind $3
*** HOLE CARDS ***
kolaz03: folds
Uncalled bet ($2) returned to owenheadch
owenheadch collected $2 from pot
*** SUMMARY ***
Total pot $2 | Rake $0
Seat 3: owenheadch (big blind) collected ($2)
Seat 4: kolaz03 (button) (small blind) folded before Flop


PokerStars Hand #151329267057:  Hold'em Limit ($3/$6 USD) - 2016/04/02 15:06:50 ET
Table 'Althaea' 6-max Seat #3 is the button
Seat 3: owenheadch ($805.30 in chips)
Seat 4: kolaz03 ($131.16 in chips)
owenheadch: posts small blind $1
kolaz03: posts big blind $3
*** HOLE CARDS ***
owenheadch: raises $3 to $6
kolaz03: calls $3
*** FLOP *** [5h 3s Qc]
kolaz03: checks
owenheadch: bets $3
kolaz03: calls $3
*** TURN *** [5h 3s Qc] [8c]
kolaz03: checks
owenheadch: bets $6
kolaz03: calls $6
*** RIVER *** [5h 3s Qc 8c] [2d]
kolaz03: checks
owenheadch: checks
*** SHOW DOWN ***
kolaz03: shows [7c Ks] (high card King)
owenheadch: shows [9c Ah] (high card Ace)
owenheadch collected $29.50 from pot
*** SUMMARY ***
Total pot $30 | Rake $0.50
Board [5h 3s Qc 8c 2d]
Seat 3: owenheadch (button) (small blind) showed [9c Ah] and won ($29.50) with high card Ace
Seat 4: kolaz03 (big blind) showed [7c Ks] and lost with high card King


PokerStars Hand #151329344778:  Hold'em Limit ($3/$6 USD) - 2016/04/02 15:08:23 ET
Table 'Althaea' 6-max Seat #3 is the button
Seat 3: owenheadch ($772.80 in chips)
Seat 4: kolaz03 ($161.82 in chips)
owenheadch: posts small blind $1
kolaz03: posts big blind $3
*** HOLE CARDS ***
owenheadch: folds
Uncalled bet ($2) returned to kolaz03
kolaz03 collected $2 from pot
kolaz03: doesn't show hand
*** SUMMARY ***
Total pot $2 | Rake $0
Seat 3: owenheadch (button) (small blind) folded before Flop
Seat 4: kolaz03 (big blind) collected ($2)


PokerStars Hand #151329337082:  Hold'em Limit ($3/$6 USD) - 2016/04/02 15:08:14 ET
Table 'Althaea' 6-max Seat #4 is the button
Seat 3: owenheadch ($778.80 in chips)
Seat 4: kolaz03 ($156.06 in chips)
kolaz03: posts small blind $1
owenheadch: posts big blind $3
*** HOLE CARDS ***
kolaz03: raises $3 to $6
owenheadch: calls $3
*** FLOP *** [2d 3h Th]
owenheadch: checks
kolaz03: bets $3
owenheadch: folds
Uncalled bet ($3) returned to kolaz03
kolaz03 collected $11.76 from pot
kolaz03: doesn't show hand
*** SUMMARY ***
Total pot $12 | Rake $0.24
Board [2d 3h Th]
Seat 3: owenheadch (big blind) folded on the Flop
Seat 4: kolaz03 (button) (small blind) collected ($11.76)


PokerStars Hand #151329318449:  Hold'em Limit ($3/$6 USD) - 2016/04/02 15:07:51 ET
Table 'Althaea' 6-max Seat #3 is the button
Seat 3: owenheadch ($787.80 in chips)
Seat 4: kolaz03 ($147.42 in chips)
owenheadch: posts small blind $1
kolaz03: posts big blind $3
*** HOLE CARDS ***
owenheadch: raises $3 to $6
kolaz03: calls $3
*** FLOP *** [5c Ks 2s]
kolaz03: checks
owenheadch: bets $3
kolaz03: calls $3
*** TURN *** [5c Ks 2s] [6h]
kolaz03: checks
owenheadch: checks
*** RIVER *** [5c Ks 2s 6h] [Qs]
kolaz03: bets $6
owenheadch: folds
Uncalled bet ($6) returned to kolaz03
kolaz03 collected $17.64 from pot
kolaz03: doesn't show hand
*** SUMMARY ***
Total pot $18 | Rake $0.36
Board [5c Ks 2s 6h Qs]
Seat 3: owenheadch (button) (small blind) folded on the River
Seat 4: kolaz03 (big blind) collected ($17.64)


PokerStars Hand #151329407772:  Hold'em Limit ($3/$6 USD) - 2016/04/02 15:09:38 ET
Table 'Althaea' 6-max Seat #3 is the button
Seat 3: owenheadch ($772.32 in chips)
Seat 4: kolaz03 ($161.34 in chips)
owenheadch: posts small blind $1
kolaz03: posts big blind $3
*** HOLE CARDS ***
owenheadch: raises $3 to $6
kolaz03: calls $3
*** FLOP *** [4c 2d 9c]
kolaz03: checks
owenheadch: bets $3
kolaz03: raises $3 to $6
owenheadch: calls $3
*** TURN *** [4c 2d 9c] [5s]
kolaz03: bets $6
owenheadch: calls $6
*** RIVER *** [4c 2d 9c 5s] [6c]
kolaz03: bets $6
owenheadch: raises $6 to $12
kolaz03: folds
Uncalled bet ($6) returned to owenheadch
owenheadch collected $47.50 from pot
*** SUMMARY ***
Total pot $48 | Rake $0.50
Board [4c 2d 9c 5s 6c]
Seat 3: owenheadch (button) (small blind) collected ($47.50)
Seat 4: kolaz03 (big blind) folded on the River


PokerStars Hand #151329402407:  Hold'em Limit ($3/$6 USD) - 2016/04/02 15:09:32 ET
Table 'Althaea' 6-max Seat #4 is the button
Seat 3: owenheadch ($771.32 in chips)
Seat 4: kolaz03 ($162.34 in chips)
kolaz03: posts small blind $1
owenheadch: posts big blind $3
*** HOLE CARDS ***
kolaz03: folds
Uncalled bet ($2) returned to owenheadch
owenheadch collected $2 from pot
owenheadch: doesn't show hand
*** SUMMARY ***
Total pot $2 | Rake $0
Seat 3: owenheadch (big blind) collected ($2)
Seat 4: kolaz03 (button) (small blind) folded before Flop


PokerStars Hand #151329382898:  Hold'em Limit ($3/$6 USD) - 2016/04/02 15:09:09 ET
Table 'Althaea' 6-max Seat #3 is the button
Seat 3: owenheadch ($783.32 in chips)
Seat 4: kolaz03 ($150.82 in chips)
owenheadch: posts small blind $1
kolaz03: posts big blind $3
*** HOLE CARDS ***
owenheadch: raises $3 to $6
kolaz03: raises $3 to $9
owenheadch: calls $3
*** FLOP *** [6d Jd Ac]
kolaz03: bets $3
owenheadch: calls $3
*** TURN *** [6d Jd Ac] [Kc]
kolaz03: bets $6
owenheadch: folds
Uncalled bet ($6) returned to kolaz03
kolaz03 collected $23.52 from pot
kolaz03: doesn't show hand
*** SUMMARY ***
Total pot $24 | Rake $0.48
Board [6d Jd Ac Kc]
Seat 3: owenheadch (button) (small blind) folded on the Turn
Seat 4: kolaz03 (big blind) collected ($23.52)


PokerStars Hand #151329350133:  Hold'em Limit ($3/$6 USD) - 2016/04/02 15:08:30 ET
Table 'Althaea' 6-max Seat #4 is the button
Seat 3: owenheadch ($771.80 in chips)
Seat 4: kolaz03 ($162.82 in chips)
kolaz03: posts small blind $1
owenheadch: posts big blind $3
*** HOLE CARDS ***
kolaz03: raises $3 to $6
owenheadch: raises $3 to $9
kolaz03: calls $3
*** FLOP *** [5h Js Tc]
owenheadch: bets $3
kolaz03: calls $3
*** TURN *** [5h Js Tc] [4c]
owenheadch: bets $6
kolaz03: folds
Uncalled bet ($6) returned to owenheadch
owenheadch collected $23.52 from pot
*** SUMMARY ***
Total pot $24 | Rake $0.48
Board [5h Js Tc 4c]
Seat 3: owenheadch (big blind) collected ($23.52)
Seat 4: kolaz03 (button) (small blind) folded on the Turn


PokerStars Hand #151329449938:  Hold'em Limit ($3/$6 USD) - 2016/04/02 15:10:29 ET
Table 'Althaea' 6-max Seat #4 is the button
Seat 3: owenheadch ($768.82 in chips)
Seat 4: kolaz03 ($163.60 in chips)
kolaz03: posts small blind $1
owenheadch: posts big blind $3
*** HOLE CARDS ***
kolaz03: folds
Uncalled bet ($2) returned to owenheadch
owenheadch collected $2 from pot
owenheadch: doesn't show hand
*** SUMMARY ***
Total pot $2 | Rake $0
Seat 3: owenheadch (big blind) collected ($2)
Seat 4: kolaz03 (button) (small blind) folded before Flop


PokerStars Hand #151329433043:  Hold'em Limit ($3/$6 USD) - 2016/04/02 15:10:08 ET
Table 'Althaea' 6-max Seat #3 is the button
Seat 3: owenheadch ($789.82 in chips)
Seat 4: kolaz03 ($143.10 in chips)
owenheadch: posts small blind $1
kolaz03: posts big blind $3
*** HOLE CARDS ***
owenheadch: raises $3 to $6
kolaz03: calls $3
*** FLOP *** [5h 8d Qs]
kolaz03: checks
owenheadch: bets $3
kolaz03: calls $3
*** TURN *** [5h 8d Qs] [Ac]
kolaz03: checks
owenheadch: bets $6
kolaz03: calls $6
*** RIVER *** [5h 8d Qs Ac] [3h]
kolaz03: checks
owenheadch: bets $6
kolaz03: calls $6
*** SHOW DOWN ***
owenheadch: shows [7d 6s] (high card Ace)
kolaz03: shows [5c Jd] (a pair of Fives)
kolaz03 collected $41.50 from pot
*** SUMMARY ***
Total pot $42 | Rake $0.50
Board [5h 8d Qs Ac 3h]
Seat 3: owenheadch (button) (small blind) showed [7d 6s] and lost with high card Ace
Seat 4: kolaz03 (big blind) showed [5c Jd] and won ($41.50) with a pair of Fives


PokerStars Hand #151329423484:  Hold'em Limit ($3/$6 USD) - 2016/04/02 15:09:57 ET
Table 'Althaea' 6-max Seat #4 is the button
Seat 3: owenheadch ($795.82 in chips)
Seat 4: kolaz03 ($137.34 in chips)
kolaz03: posts small blind $1
owenheadch: posts big blind $3
*** HOLE CARDS ***
kolaz03: raises $3 to $6
owenheadch: calls $3
*** FLOP *** [Jd Qc Ks]
owenheadch: checks
kolaz03: bets $3
owenheadch: folds
Uncalled bet ($3) returned to kolaz03
kolaz03 collected $11.76 from pot
kolaz03: doesn't show hand
*** SUMMARY ***
Total pot $12 | Rake $0.24
Board [Jd Qc Ks]
Seat 3: owenheadch (big blind) folded on the Flop
Seat 4: kolaz03 (button) (small blind) collected ($11.76)


PokerStars Hand #151333837252:  Hold'em Limit ($3/$6 USD) - 2016/04/02 16:37:11 ET
Table 'Althaea' 6-max Seat #3 is the button
Seat 3: zapo1 ($67.14 in chips)
Seat 6: anetkaapro ($72 in chips)
zapo1: posts small blind $1
anetkaapro: posts big blind $3
*** HOLE CARDS ***
zapo1: calls $2
anetkaapro: checks
*** FLOP *** [6c 8h 8s]
anetkaapro: bets $3
zapo1: calls $3
*** TURN *** [6c 8h 8s] [9h]
anetkaapro: checks
zapo1: bets $6
anetkaapro: folds
Uncalled bet ($6) returned to zapo1
zapo1 collected $11.76 from pot
zapo1: doesn't show hand
*** SUMMARY ***
Total pot $12 | Rake $0.24
Board [6c 8h 8s 9h]
Seat 3: zapo1 (button) (small blind) collected ($11.76)
Seat 6: anetkaapro (big blind) folded on the Turn


PokerStars Hand #151333823216:  Hold'em Limit ($3/$6 USD) - 2016/04/02 16:36:55 ET
Table 'Althaea' 6-max Seat #6 is the button
Seat 3: zapo1 ($67.32 in chips)
Seat 6: anetkaapro ($72 in chips)
anetkaapro: posts small blind $1
zapo1: posts big blind $3
*** HOLE CARDS ***
anetkaapro: raises $3 to $6
zapo1: calls $3
*** FLOP *** [4s 9c Qs]
zapo1: checks
anetkaapro: bets $3
zapo1: calls $3
*** TURN *** [4s 9c Qs] [8d]
zapo1: checks
anetkaapro: checks
*** RIVER *** [4s 9c Qs 8d] [Kc]
zapo1: checks
anetkaapro: checks
*** SHOW DOWN ***
zapo1: shows [2h 4d] (a pair of Fours)
anetkaapro: shows [4c 5h] (a pair of Fours)
zapo1 collected $8.82 from pot
anetkaapro collected $8.82 from pot
*** SUMMARY ***
Total pot $18 | Rake $0.36
Board [4s 9c Qs 8d Kc]
Seat 3: zapo1 (big blind) showed [2h 4d] and won ($8.82) with a pair of Fours
Seat 6: anetkaapro (button) (small blind) showed [4c 5h] and won ($8.82) with a pair of Fours


PokerStars Hand #151333787735:  Hold'em Limit ($3/$6 USD) - 2016/04/02 16:36:14 ET
Table 'Althaea' 6-max Seat #3 is the button
Seat 3: zapo1 ($33.91 in chips)
Seat 6: anetkaapro ($82.52 in chips)
zapo1: posts small blind $1
anetkaapro: posts big blind $3
*** HOLE CARDS ***
zapo1: raises $3 to $6
anetkaapro: calls $3
*** FLOP *** [4h 4s 3d]
anetkaapro: checks
zapo1: bets $3
anetkaapro: calls $3
*** TURN *** [4h 4s 3d] [9s]
anetkaapro: checks
zapo1: bets $6
anetkaapro: raises $6 to $12
zapo1: raises $6 to $18
anetkaapro: raises $6 to $24
Betting is capped
zapo1: calls $6
*** RIVER *** [4h 4s 3d 9s] [7h]
anetkaapro: bets $6
zapo1: calls $0.91 and is all-in
Uncalled bet ($5.09) returned to anetkaapro
*** SHOW DOWN ***
anetkaapro: shows [6s 9c] (two pair, Nines and Fours)
zapo1: shows [Ac As] (two pair, Aces and Fours)
zapo1 collected $67.32 from pot
*** SUMMARY ***
Total pot $67.82 | Rake $0.50
Board [4h 4s 3d 9s 7h]
Seat 3: zapo1 (button) (small blind) showed [Ac As] and won ($67.32) with two pair, Aces and Fours
Seat 6: anetkaapro (big blind) showed [6s 9c] and lost with two pair, Nines and Fours


PokerStars Hand #151333899714:  Hold'em Limit ($3/$6 USD) - 2016/04/02 16:38:24 ET
Table 'Althaea' 6-max Seat #3 is the button
Seat 3: zapo1 ($53.90 in chips)
Seat 6: anetkaapro ($90.52 in chips)
zapo1: posts small blind $1
anetkaapro: posts big blind $3
*** HOLE CARDS ***
zapo1: raises $3 to $6
anetkaapro: raises $3 to $9
zapo1: calls $3
*** FLOP *** [Kh 4s 8s]
anetkaapro: bets $3
zapo1: folds
Uncalled bet ($3) returned to anetkaapro
anetkaapro collected $17.64 from pot
anetkaapro: doesn't show hand
*** SUMMARY ***
Total pot $18 | Rake $0.36
Board [Kh 4s 8s]
Seat 3: zapo1 (button) (small blind) folded on the Flop
Seat 6: anetkaapro (big blind) collected ($17.64)


PokerStars Hand #151333894488:  Hold'em Limit ($3/$6 USD) - 2016/04/02 16:38:18 ET
Table 'Althaea' 6-max Seat #6 is the button
Seat 3: zapo1 ($56.90 in chips)
Seat 6: anetkaapro ($87.52 in chips)
anetkaapro: posts small blind $1
zapo1: posts big blind $3
*** HOLE CARDS ***
anetkaapro: raises $3 to $6
zapo1: folds
Uncalled bet ($3) returned to anetkaapro
anetkaapro collected $6 from pot
anetkaapro: doesn't show hand
*** SUMMARY ***
Total pot $6 | Rake $0
Seat 3: zapo1 (big blind) folded before Flop
Seat 6: anetkaapro (button) (small blind) collected ($6)


PokerStars Hand #151333890047:  Hold'em Limit ($3/$6 USD) - 2016/04/02 16:38:13 ET
Table 'Althaea' 6-max Seat #3 is the button
Seat 3: zapo1 ($57.90 in chips)
Seat 6: anetkaapro ($86.52 in chips)
zapo1: posts small blind $1
anetkaapro: posts big blind $3
*** HOLE CARDS ***
zapo1: folds
Uncalled bet ($2) returned to anetkaapro
anetkaapro collected $2 from pot
anetkaapro: doesn't show hand
*** SUMMARY ***
Total pot $2 | Rake $0
Seat 3: zapo1 (button) (small blind) folded before Flop
Seat 6: anetkaapro (big blind) collected ($2)


PokerStars Hand #151333884302:  Hold'em Limit ($3/$6 USD) - 2016/04/02 16:38:06 ET
Table 'Althaea' 6-max Seat #6 is the button
Seat 3: zapo1 ($60.90 in chips)
Seat 6: anetkaapro ($83.52 in chips)
anetkaapro: posts small blind $1
zapo1: posts big blind $3
*** HOLE CARDS ***
anetkaapro: raises $3 to $6
zapo1: folds
Uncalled bet ($3) returned to anetkaapro
anetkaapro collected $6 from pot
anetkaapro: doesn't show hand
*** SUMMARY ***
Total pot $6 | Rake $0
Seat 3: zapo1 (big blind) folded before Flop
Seat 6: anetkaapro (button) (small blind) collected ($6)


PokerStars Hand #151333870532:  Hold'em Limit ($3/$6 USD) - 2016/04/02 16:37:50 ET
Table 'Althaea' 6-max Seat #3 is the button
Seat 3: zapo1 ($66.90 in chips)
Seat 6: anetkaapro ($77.76 in chips)
zapo1: posts small blind $1
anetkaapro: posts big blind $3
*** HOLE CARDS ***
zapo1: calls $2
anetkaapro: checks
*** FLOP *** [6h 9c 8d]
anetkaapro: bets $3
zapo1: calls $3
*** TURN *** [6h 9c 8d] [Qh]
anetkaapro: bets $6
zapo1: folds
Uncalled bet ($6) returned to anetkaapro
anetkaapro collected $11.76 from pot
anetkaapro: doesn't show hand
*** SUMMARY ***
Total pot $12 | Rake $0.24
Board [6h 9c 8d Qh]
Seat 3: zapo1 (button) (small blind) folded on the Turn
Seat 6: anetkaapro (big blind) collected ($11.76)


PokerStars Hand #151333857540:  Hold'em Limit ($3/$6 USD) - 2016/04/02 16:37:35 ET
Table 'Althaea' 6-max Seat #6 is the button
Seat 3: zapo1 ($72.90 in chips)
Seat 6: anetkaapro ($72 in chips)
anetkaapro: posts small blind $1
zapo1: posts big blind $3
*** HOLE CARDS ***
anetkaapro: raises $3 to $6
zapo1: calls $3
*** FLOP *** [Qd 9c Jh]
zapo1: checks
anetkaapro: bets $3
zapo1: folds
Uncalled bet ($3) returned to anetkaapro
anetkaapro collected $11.76 from pot
anetkaapro: doesn't show hand
*** SUMMARY ***
Total pot $12 | Rake $0.24
Board [Qd 9c Jh]
Seat 3: zapo1 (big blind) folded on the Flop
Seat 6: anetkaapro (button) (small blind) collected ($11.76)


PokerStars Hand #151333971917:  Hold'em Limit ($3/$6 USD) - 2016/04/02 16:39:36 ET
Table 'Althaea' 6-max Seat #3 is the button
Seat 3: zapo1 ($42.42 in chips)
Seat 6: anetkaapro ($100.66 in chips)
zapo1: posts small blind $1
anetkaapro: posts big blind $3
*** HOLE CARDS ***
zapo1: raises $3 to $6
anetkaapro: folds
Uncalled bet ($3) returned to zapo1
zapo1 collected $6 from pot
zapo1: doesn't show hand
*** SUMMARY ***
Total pot $6 | Rake $0
Seat 3: zapo1 (button) (small blind) collected ($6)
Seat 6: anetkaapro (big blind) folded before Flop


PokerStars Hand #151333964318:  Hold'em Limit ($3/$6 USD) - 2016/04/02 16:39:28 ET
Table 'Althaea' 6-max Seat #6 is the button
Seat 3: zapo1 ($41.42 in chips)
Seat 6: anetkaapro ($101.66 in chips)
anetkaapro: posts small blind $1
zapo1: posts big blind $3
*** HOLE CARDS ***
anetkaapro: folds
Uncalled bet ($2) returned to zapo1
zapo1 collected $2 from pot
zapo1: doesn't show hand
*** SUMMARY ***
Total pot $2 | Rake $0
Seat 3: zapo1 (big blind) collected ($2)
Seat 6: anetkaapro (button) (small blind) folded before Flop


PokerStars Hand #151333949263:  Hold'em Limit ($3/$6 USD) - 2016/04/02 16:39:10 ET
Table 'Althaea' 6-max Seat #3 is the button
Seat 3: zapo1 ($29.90 in chips)
Seat 6: anetkaapro ($113.66 in chips)
zapo1: posts small blind $1
anetkaapro: posts big blind $3
*** HOLE CARDS ***
zapo1: raises $3 to $6
anetkaapro: calls $3
*** FLOP *** [6h Qd 8d]
anetkaapro: checks
zapo1: checks
*** TURN *** [6h Qd 8d] [9h]
anetkaapro: bets $6
zapo1: raises $6 to $12
anetkaapro: folds
Uncalled bet ($6) returned to zapo1
zapo1 collected $23.52 from pot
zapo1: doesn't show hand
*** SUMMARY ***
Total pot $24 | Rake $0.48
Board [6h Qd 8d 9h]
Seat 3: zapo1 (button) (small blind) collected ($23.52)
Seat 6: anetkaapro (big blind) folded on the Turn


PokerStars Hand #151333937269:  Hold'em Limit ($3/$6 USD) - 2016/04/02 16:38:56 ET
Table 'Althaea' 6-max Seat #6 is the button
Seat 3: zapo1 ($44.90 in chips)
Seat 6: anetkaapro ($99.16 in chips)
anetkaapro: posts small blind $1
zapo1: posts big blind $3
*** HOLE CARDS ***
anetkaapro: raises $3 to $6
zapo1: calls $3
*** FLOP *** [5h Js Ts]
zapo1: checks
anetkaapro: bets $3
zapo1: calls $3
*** TURN *** [5h Js Ts] [6s]
zapo1: checks
anetkaapro: bets $6
zapo1: calls $6
*** RIVER *** [5h Js Ts 6s] [9h]
zapo1: checks
anetkaapro: checks
*** SHOW DOWN ***
zapo1: shows [5c Ad] (a pair of Fives)
anetkaapro: shows [8d 8c] (a pair of Eights)
anetkaapro collected $29.50 from pot
*** SUMMARY ***
Total pot $30 | Rake $0.50
Board [5h Js Ts 6s 9h]
Seat 3: zapo1 (big blind) showed [5c Ad] and lost with a pair of Fives
Seat 6: anetkaapro (button) (small blind) showed [8d 8c] and won ($29.50) with a pair of Eights


PokerStars Hand #151333930965:  Hold'em Limit ($3/$6 USD) - 2016/04/02 16:38:49 ET
Table 'Althaea' 6-max Seat #3 is the button
Seat 3: zapo1 ($41.90 in chips)
Seat 6: anetkaapro ($102.16 in chips)
zapo1: posts small blind $1
anetkaapro: posts big blind $3
*** HOLE CARDS ***
zapo1: raises $3 to $6
anetkaapro: folds
Uncalled bet ($3) returned to zapo1
zapo1 collected $6 from pot
zapo1: doesn't show hand
*** SUMMARY ***
Total pot $6 | Rake $0
Seat 3: zapo1 (button) (small blind) collected ($6)
Seat 6: anetkaapro (big blind) folded before Flop


PokerStars Hand #151333922307:  Hold'em Limit ($3/$6 USD) - 2016/04/02 16:38:39 ET
Table 'Althaea' 6-max Seat #6 is the button
Seat 3: zapo1 ($44.90 in chips)
Seat 6: anetkaapro ($99.16 in chips)
anetkaapro: posts small blind $1
zapo1: posts big blind $3
*** HOLE CARDS ***
anetkaapro: raises $3 to $6
zapo1: folds
Uncalled bet ($3) returned to anetkaapro
anetkaapro collected $6 from pot
anetkaapro: doesn't show hand
*** SUMMARY ***
Total pot $6 | Rake $0
Seat 3: zapo1 (big blind) folded before Flop
Seat 6: anetkaapro (button) (small blind) collected ($6)


PokerStars Hand #151334013757:  Hold'em Limit ($3/$6 USD) - 2016/04/02 16:40:25 ET
Table 'Althaea' 6-max Seat #6 is the button
Seat 3: zapo1 ($62.70 in chips)
Seat 6: anetkaapro ($79.66 in chips)
anetkaapro: posts small blind $1
zapo1: posts big blind $3
*** HOLE CARDS ***
anetkaapro: raises $3 to $6
zapo1: calls $3
*** FLOP *** [3h Ad 8c]
zapo1: checks
anetkaapro: bets $3
zapo1: folds
Uncalled bet ($3) returned to anetkaapro
sawka1995 joins the table at seat #2
anetkaapro collected $11.76 from pot
anetkaapro: doesn't show hand
*** SUMMARY ***
Total pot $12 | Rake $0.24
Board [3h Ad 8c]
Seat 3: zapo1 (big blind) folded on the Flop
Seat 6: anetkaapro (button) (small blind) collected ($11.76)


PokerStars Hand #151334000205:  Hold'em Limit ($3/$6 USD) - 2016/04/02 16:40:09 ET
Table 'Althaea' 6-max Seat #3 is the button
Seat 3: zapo1 ($54.06 in chips)
Seat 6: anetkaapro ($88.66 in chips)
zapo1: posts small blind $1
anetkaapro: posts big blind $3
*** HOLE CARDS ***
zapo1: calls $2
anetkaapro: checks
*** FLOP *** [5s 3h 8d]
anetkaapro: bets $3
zapo1: raises $3 to $6
anetkaapro: calls $3
*** TURN *** [5s 3h 8d] [As]
anetkaapro: checks
zapo1: bets $6
anetkaapro: folds
Uncalled bet ($6) returned to zapo1
zapo1 collected $17.64 from pot
zapo1: doesn't show hand
*** SUMMARY ***
Total pot $18 | Rake $0.36
Board [5s 3h 8d As]
Seat 3: zapo1 (button) (small blind) collected ($17.64)
Seat 6: anetkaapro (big blind) folded on the Turn


PokerStars Hand #151333977477:  Hold'em Limit ($3/$6 USD) - 2016/04/02 16:39:43 ET
Table 'Althaea' 6-max Seat #6 is the button
Seat 3: zapo1 ($45.42 in chips)
Seat 6: anetkaapro ($97.66 in chips)
anetkaapro: posts small blind $1
zapo1: posts big blind $3
*** HOLE CARDS ***
anetkaapro: raises $3 to $6
zapo1: calls $3
*** FLOP *** [Jd 5s Th]
zapo1: checks
anetkaapro: bets $3
zapo1: calls $3
*** TURN *** [Jd 5s Th] [4s]
zapo1: checks
anetkaapro: checks
*** RIVER *** [Jd 5s Th 4s] [5c]
zapo1: bets $6
anetkaapro: folds
Uncalled bet ($6) returned to zapo1
zapo1 collected $17.64 from pot
zapo1: doesn't show hand
*** SUMMARY ***
Total pot $18 | Rake $0.36
Board [Jd 5s Th 4s 5c]
Seat 3: zapo1 (big blind) collected ($17.64)
Seat 6: anetkaapro (button) (small blind) folded on the River


PokerStars Hand #151334022133:  Hold'em Limit ($3/$6 USD) - 2016/04/02 16:40:34 ET
Table 'Althaea' 6-max Seat #3 is the button
Seat 3: zapo1 ($56.70 in chips)
Seat 6: anetkaapro ($85.42 in chips)
zapo1: posts small blind $1
anetkaapro: posts big blind $3
*** HOLE CARDS ***
zapo1: calls $2
anetkaapro: checks
*** FLOP *** [2c 5c 2s]
anetkaapro: bets $3
zapo1: folds
Uncalled bet ($3) returned to anetkaapro
anetkaapro collected $5.88 from pot
anetkaapro: doesn't show hand
*** SUMMARY ***
Total pot $6 | Rake $0.12
Board [2c 5c 2s]
Seat 3: zapo1 (button) (small blind) folded on the Flop
Seat 6: anetkaapro (big blind) collected ($5.88)


PokerStars Hand #151334117589:  Hold'em Limit ($3/$6 USD) - 2016/04/02 16:42:25 ET
Table 'Althaea' 6-max Seat #6 is the button
Seat 3: zapo1 ($29.70 in chips)
Seat 6: anetkaapro ($82.76 in chips)
anetkaapro: posts small blind $1
zapo1: posts big blind $3
*** HOLE CARDS ***
anetkaapro: raises $3 to $6
zapo1: raises $3 to $9
anetkaapro: calls $3
*** FLOP *** [3c 8d 5h]
zapo1: bets $3
anetkaapro: calls $3
*** TURN *** [3c 8d 5h] [Jd]
zapo1: checks
anetkaapro: bets $6
zapo1: calls $6
*** RIVER *** [3c 8d 5h Jd] [Ac]
zapo1: bets $6
anetkaapro: raises $6 to $12
zapo1: calls $5.70 and is all-in
Uncalled bet ($0.30) returned to anetkaapro
*** SHOW DOWN ***
anetkaapro: shows [3d As] (two pair, Aces and Threes)
zapo1: shows [Ah Kc] (a pair of Aces)
anetkaapro collected $58.90 from pot
*** SUMMARY ***
Total pot $59.40 | Rake $0.50
Board [3c 8d 5h Jd Ac]
Seat 3: zapo1 (big blind) showed [Ah Kc] and lost with a pair of Aces
Seat 6: anetkaapro (button) (small blind) showed [3d As] and won ($58.90) with two pair, Aces and Threes


PokerStars Hand #151334532223:  Hold'em Limit ($3/$6 USD) - 2016/04/02 16:49:38 ET
Table 'Althaea' 6-max Seat #6 is the button
Seat 3: napol ($32 in chips)
Seat 6: anetkaapro ($127.48 in chips)
anetkaapro: posts small blind $1
napol: posts big blind $3
*** HOLE CARDS ***
anetkaapro: raises $3 to $6
napol: calls $3
*** FLOP *** [Js 8h Ac]
napol: checks
anetkaapro: bets $3
napol: calls $3
*** TURN *** [Js 8h Ac] [5s]
napol: checks
anetkaapro: checks
*** RIVER *** [Js 8h Ac 5s] [7d]
napol: bets $6
anetkaapro: raises $6 to $12
napol: raises $6 to $18
anetkaapro: calls $6
*** SHOW DOWN ***
napol: shows [As 2d] (a pair of Aces)
anetkaapro: shows [7c 8c] (two pair, Eights and Sevens)
anetkaapro collected $53.50 from pot
*** SUMMARY ***
Total pot $54 | Rake $0.50
Board [Js 8h Ac 5s 7d]
Seat 3: napol (big blind) showed [As 2d] and lost with a pair of Aces
Seat 6: anetkaapro (button) (small blind) showed [7c 8c] and won ($53.50) with two pair, Eights and Sevens


PokerStars Hand #151334556424:  Hold'em Limit ($3/$6 USD) - 2016/04/02 16:49:59 ET
Table 'Althaea' 6-max Seat #3 is the button
Seat 3: napol ($5 in chips)
Seat 6: anetkaapro ($153.98 in chips)
napol: posts small blind $1
anetkaapro: posts big blind $3
*** HOLE CARDS ***
napol: raises $2 to $5 and is all-in
anetkaapro: calls $2
*** FLOP *** [Js 8s Qd]
*** TURN *** [Js 8s Qd] [Qs]
*** RIVER *** [Js 8s Qd Qs] [Jh]
*** SHOW DOWN ***
anetkaapro: shows [7c Th] (two pair, Queens and Jacks)
napol: shows [7d Ah] (two pair, Queens and Jacks - Ace kicker)
napol collected $9.80 from pot
*** SUMMARY ***
Total pot $10 | Rake $0.20
Board [Js 8s Qd Qs Jh]
Seat 3: napol (button) (small blind) showed [7d Ah] and won ($9.80) with two pair, Queens and Jacks
Seat 6: anetkaapro (big blind) showed [7c Th] and lost with two pair, Queens and Jacks


PokerStars Hand #151334569729:  Hold'em Limit ($3/$6 USD) - 2016/04/02 16:50:12 ET
Table 'Althaea' 6-max Seat #6 is the button
Seat 3: napol ($9.80 in chips)
Seat 6: anetkaapro ($148.98 in chips)
anetkaapro: posts small blind $1
napol: posts big blind $3
*** HOLE CARDS ***
anetkaapro: raises $3 to $6
napol: calls $3
*** FLOP *** [2d 8h 5d]
napol: checks
anetkaapro: bets $3
napol: raises $0.80 to $3.80 and is all-in
anetkaapro: calls $0.80
*** TURN *** [2d 8h 5d] [Qs]
*** RIVER *** [2d 8h 5d Qs] [Jh]
*** SHOW DOWN ***
napol: shows [Kh 4s] (high card King)
anetkaapro: shows [Ah 7s] (high card Ace)
anetkaapro collected $19.21 from pot
*** SUMMARY ***
Total pot $19.60 | Rake $0.39
Board [2d 8h 5d Qs Jh]
Seat 3: napol (big blind) showed [Kh 4s] and lost with high card King
Seat 6: anetkaapro (button) (small blind) showed [Ah 7s] and won ($19.21) with high card Ace


PokerStars Hand #151334929063:  Hold'em Limit ($3/$6 USD) - 2016/04/02 16:56:18 ET
Table 'Althaea' 6-max Seat #5 is the button
Seat 5: biermann78 ($36 in chips)
Seat 6: anetkaapro ($181.53 in chips)
biermann78: posts small blind $1
anetkaapro: posts big blind $3
*** HOLE CARDS ***
biermann78: raises $3 to $6
anetkaapro: calls $3
*** FLOP *** [Kd 6d 5s]
anetkaapro: checks
biermann78: checks
*** TURN *** [Kd 6d 5s] [6s]
anetkaapro: bets $6
biermann78: calls $6
*** RIVER *** [Kd 6d 5s 6s] [6c]
anetkaapro: bets $6
biermann78: calls $6
*** SHOW DOWN ***
anetkaapro: shows [5h 3h] (a full house, Sixes full of Fives)
biermann78: mucks hand
anetkaapro collected $35.50 from pot
*** SUMMARY ***
Total pot $36 | Rake $0.50
Board [Kd 6d 5s 6s 6c]
Seat 5: biermann78 (button) (small blind) mucked
Seat 6: anetkaapro (big blind) showed [5h 3h] and won ($35.50) with a full house, Sixes full of Fives


PokerStars Hand #151334916034:  Hold'em Limit ($3/$6 USD) - 2016/04/02 16:55:59 ET
Table 'Althaea' 6-max Seat #6 is the button
Seat 5: biermann78 ($51 in chips)
Seat 6: anetkaapro ($167.03 in chips)
anetkaapro: posts small blind $1
biermann78: posts big blind $3
*** HOLE CARDS ***
anetkaapro: raises $3 to $6
biermann78: calls $3
*** FLOP *** [Kh Ad Ts]
biermann78: bets $3
anetkaapro: calls $3
*** TURN *** [Kh Ad Ts] [2s]
biermann78: bets $6
anetkaapro: raises $6 to $12
biermann78: folds
Uncalled bet ($6) returned to anetkaapro
anetkaapro collected $29.50 from pot
anetkaapro: doesn't show hand
*** SUMMARY ***
Total pot $30 | Rake $0.50
Board [Kh Ad Ts 2s]
Seat 5: biermann78 (big blind) folded on the Turn
Seat 6: anetkaapro (button) (small blind) collected ($29.50)


PokerStars Hand #151334959240:  Hold'em Limit ($3/$6 USD) - 2016/04/02 16:57:02 ET
Table 'Althaea' 6-max Seat #5 is the button
Seat 5: biermann78 ($23.76 in chips)
Seat 6: anetkaapro ($193.03 in chips)
biermann78: posts small blind $1
anetkaapro: posts big blind $3
*** HOLE CARDS ***
biermann78: folds
Uncalled bet ($2) returned to anetkaapro
anetkaapro collected $2 from pot
anetkaapro: doesn't show hand
*** SUMMARY ***
Total pot $2 | Rake $0
Seat 5: biermann78 (button) (small blind) folded before Flop
Seat 6: anetkaapro (big blind) collected ($2)


PokerStars Hand #151334941367:  Hold'em Limit ($3/$6 USD) - 2016/04/02 16:56:36 ET
Table 'Althaea' 6-max Seat #6 is the button
Seat 5: biermann78 ($18 in chips)
Seat 6: anetkaapro ($199.03 in chips)
anetkaapro: posts small blind $1
biermann78: posts big blind $3
*** HOLE CARDS ***
anetkaapro: raises $3 to $6
biermann78: calls $3
*** FLOP *** [Td Qh Qs]
biermann78: bets $3
anetkaapro: folds
Uncalled bet ($3) returned to biermann78
biermann78 collected $11.76 from pot
biermann78: doesn't show hand
*** SUMMARY ***
Total pot $12 | Rake $0.24
Board [Td Qh Qs]
Seat 5: biermann78 (big blind) collected ($11.76)
Seat 6: anetkaapro (button) (small blind) folded on the Flop


PokerStars Hand #151334962454:  Hold'em Limit ($3/$6 USD) - 2016/04/02 16:57:07 ET
Table 'Althaea' 6-max Seat #6 is the button
Seat 5: biermann78 ($22.76 in chips)
Seat 6: anetkaapro ($194.03 in chips)
anetkaapro: posts small blind $1
biermann78: posts big blind $3
*** HOLE CARDS ***
anetkaapro: raises $3 to $6
biermann78: calls $3
*** FLOP *** [5h 6d Qd]
biermann78: bets $3
anetkaapro: calls $3
*** TURN *** [5h 6d Qd] [6h]
biermann78: bets $6
anetkaapro: calls $6
*** RIVER *** [5h 6d Qd 6h] [Ad]
biermann78: checks
anetkaapro: bets $6
biermann78: calls $6
*** SHOW DOWN ***
anetkaapro: shows [Tc Ac] (two pair, Aces and Sixes)
biermann78: mucks hand
anetkaapro collected $41.50 from pot
*** SUMMARY ***
Total pot $42 | Rake $0.50
Board [5h 6d Qd 6h Ad]
Seat 5: biermann78 (big blind) mucked
Seat 6: anetkaapro (button) (small blind) showed [Tc Ac] and won ($41.50) with two pair, Aces and Sixes


