PokerStars Hand #153141570058:  Hold'em Limit ($3/$6 USD) - 2016/05/10 20:55:59 ET
Table 'Althaea III' 10-max Seat #6 is the button
Seat 5: GoliafUa ($119.75 in chips)
Seat 6: BonneCrêpe29 ($91.47 in chips)
BonneCrêpe29: posts small blind $1
GoliafUa: posts big blind $3
*** HOLE CARDS ***
BonneCrêpe29: folds
Uncalled bet ($2) returned to GoliafUa
GoliafUa collected $2 from pot
*** SUMMARY ***
Total pot $2 | Rake $0
Seat 5: GoliafUa (big blind) collected ($2)
Seat 6: BonneCrêpe29 (button) (small blind) folded before Flop


PokerStars Hand #153141559978:  Hold'em Limit ($3/$6 USD) - 2016/05/10 20:55:32 ET
Table 'Althaea III' 10-max Seat #5 is the button
Seat 5: GoliafUa ($120 in chips)
Seat 6: BonneCrêpe29 ($91.72 in chips)
GoliafUa: posts small blind $1
BonneCrêpe29: posts big blind $3
*** HOLE CARDS ***
GoliafUa: raises $3 to $6
BonneCrêpe29 said, "finally the monk plays"
BonneCrêpe29: calls $3
*** FLOP *** [Qd 2d Jh]
BonneCrêpe29: checks
GoliafUa: bets $3
BonneCrêpe29: calls $3
*** TURN *** [Qd 2d Jh] [Ac]
BonneCrêpe29: checks
GoliafUa: checks
*** RIVER *** [Qd 2d Jh Ac] [Qh]
BonneCrêpe29: checks
GoliafUa: bets $6
BonneCrêpe29: calls $6
*** SHOW DOWN ***
GoliafUa: shows [6s Jd] (two pair, Queens and Jacks)
BonneCrêpe29: shows [Js 2h] (two pair, Queens and Jacks)
BonneCrêpe29 collected $14.75 from pot
GoliafUa collected $14.75 from pot
*** SUMMARY ***
Total pot $30 | Rake $0.50
Board [Qd 2d Jh Ac Qh]
Seat 5: GoliafUa (button) (small blind) showed [6s Jd] and won ($14.75) with two pair, Queens and Jacks
Seat 6: BonneCrêpe29 (big blind) showed [Js 2h] and won ($14.75) with two pair, Queens and Jacks


PokerStars Hand #153141598843:  Hold'em Limit ($3/$6 USD) - 2016/05/10 20:57:16 ET
Table 'Althaea III' 10-max Seat #6 is the button
Seat 5: GoliafUa ($110.75 in chips)
Seat 6: BonneCrêpe29 ($98.13 in chips)
BonneCrêpe29: posts small blind $1
GoliafUa: posts big blind $3
*** HOLE CARDS ***
BonneCrêpe29: folds
Uncalled bet ($2) returned to GoliafUa
GoliafUa collected $2 from pot
*** SUMMARY ***
Total pot $2 | Rake $0
Seat 5: GoliafUa (big blind) collected ($2)
Seat 6: BonneCrêpe29 (button) (small blind) folded before Flop


PokerStars Hand #153141592992:  Hold'em Limit ($3/$6 USD) - 2016/05/10 20:57:01 ET
Table 'Althaea III' 10-max Seat #5 is the button
Seat 5: GoliafUa ($75.25 in chips)
Seat 6: BonneCrêpe29 ($134.13 in chips)
GoliafUa: posts small blind $1
BonneCrêpe29: posts big blind $3
*** HOLE CARDS ***
GoliafUa: raises $3 to $6
BonneCrêpe29: raises $3 to $9
GoliafUa: calls $3
*** FLOP *** [8s Th 4s]
BonneCrêpe29: bets $3
GoliafUa: calls $3
*** TURN *** [8s Th 4s] [3d]
BonneCrêpe29: bets $6
GoliafUa: raises $6 to $12
BonneCrêpe29: raises $6 to $18
GoliafUa: raises $6 to $24
Betting is capped
BonneCrêpe29: calls $6
*** RIVER *** [8s Th 4s 3d] [3s]
BonneCrêpe29: checks
GoliafUa: checks
*** SHOW DOWN ***
BonneCrêpe29: shows [9h 9d] (two pair, Nines and Threes)
GoliafUa: shows [8d Tc] (two pair, Tens and Eights)
GoliafUa collected $71.50 from pot
*** SUMMARY ***
Total pot $72 | Rake $0.50
Board [8s Th 4s 3d 3s]
Seat 5: GoliafUa (button) (small blind) showed [8d Tc] and won ($71.50) with two pair, Tens and Eights
Seat 6: BonneCrêpe29 (big blind) showed [9h 9d] and lost with two pair, Nines and Threes


PokerStars Hand #153141586288:  Hold'em Limit ($3/$6 USD) - 2016/05/10 20:56:43 ET
Table 'Althaea III' 10-max Seat #6 is the button
Seat 5: GoliafUa ($114.25 in chips)
Seat 6: BonneCrêpe29 ($95.63 in chips)
BonneCrêpe29: posts small blind $1
GoliafUa: posts big blind $3
*** HOLE CARDS ***
BonneCrêpe29: raises $3 to $6
GoliafUa: raises $3 to $9
BonneCrêpe29: calls $3
*** FLOP *** [5c 9c 5s]
GoliafUa: bets $3
BonneCrêpe29: raises $3 to $6
GoliafUa: calls $3
*** TURN *** [5c 9c 5s] [Ks]
GoliafUa: checks
BonneCrêpe29: bets $6
GoliafUa: raises $6 to $12
BonneCrêpe29: raises $6 to $18
GoliafUa: calls $6
*** RIVER *** [5c 9c 5s Ks] [4s]
GoliafUa: checks
BonneCrêpe29: bets $6
GoliafUa: calls $6
*** SHOW DOWN ***
BonneCrêpe29: shows [4h 5h] (a full house, Fives full of Fours)
GoliafUa: mucks hand
BonneCrêpe29 collected $77.50 from pot
*** SUMMARY ***
Total pot $78 | Rake $0.50
Board [5c 9c 5s Ks 4s]
Seat 5: GoliafUa (big blind) mucked
Seat 6: BonneCrêpe29 (button) (small blind) showed [4h 5h] and won ($77.50) with a full house, Fives full of Fours


PokerStars Hand #153141581384:  Hold'em Limit ($3/$6 USD) - 2016/05/10 20:56:29 ET
Table 'Althaea III' 10-max Seat #5 is the button
Seat 5: GoliafUa ($126.25 in chips)
Seat 6: BonneCrêpe29 ($84.11 in chips)
GoliafUa: posts small blind $1
BonneCrêpe29: posts big blind $3
*** HOLE CARDS ***
GoliafUa: raises $3 to $6
BonneCrêpe29: raises $3 to $9
GoliafUa: calls $3
*** FLOP *** [4s 8s Qh]
BonneCrêpe29: bets $3
GoliafUa: calls $3
*** TURN *** [4s 8s Qh] [5h]
BonneCrêpe29: bets $6
GoliafUa: folds
Uncalled bet ($6) returned to BonneCrêpe29
BonneCrêpe29 collected $23.52 from pot
*** SUMMARY ***
Total pot $24 | Rake $0.48
Board [4s 8s Qh 5h]
Seat 5: GoliafUa (button) (small blind) folded on the Turn
Seat 6: BonneCrêpe29 (big blind) collected ($23.52)


PokerStars Hand #153141576380:  Hold'em Limit ($3/$6 USD) - 2016/05/10 20:56:16 ET
Table 'Althaea III' 10-max Seat #6 is the button
Seat 5: GoliafUa ($135.25 in chips)
Seat 6: BonneCrêpe29 ($75.47 in chips)
BonneCrêpe29: posts small blind $1
GoliafUa: posts big blind $3
*** HOLE CARDS ***
BonneCrêpe29: raises $3 to $6
GoliafUa: calls $3
*** FLOP *** [4s 6c Ks]
GoliafUa: checks
BonneCrêpe29: bets $3
GoliafUa: calls $3
*** TURN *** [4s 6c Ks] [Tc]
GoliafUa: checks
BonneCrêpe29: bets $6
GoliafUa: folds
Uncalled bet ($6) returned to BonneCrêpe29
BonneCrêpe29 collected $17.64 from pot
*** SUMMARY ***
Total pot $18 | Rake $0.36
Board [4s 6c Ks Tc]
Seat 5: GoliafUa (big blind) folded on the Turn
Seat 6: BonneCrêpe29 (button) (small blind) collected ($17.64)


PokerStars Hand #153141620878:  Hold'em Limit ($3/$6 USD) - 2016/05/10 20:58:16 ET
Table 'Althaea III' 10-max Seat #6 is the button
Seat 5: GoliafUa ($110.79 in chips)
Seat 6: BonneCrêpe29 ($96.41 in chips)
BonneCrêpe29: posts small blind $1
GoliafUa: posts big blind $3
*** HOLE CARDS ***
BonneCrêpe29: raises $3 to $6
GoliafUa: folds
Uncalled bet ($3) returned to BonneCrêpe29
BonneCrêpe29 collected $6 from pot
*** SUMMARY ***
Total pot $6 | Rake $0
Seat 5: GoliafUa (big blind) folded before Flop
Seat 6: BonneCrêpe29 (button) (small blind) collected ($6)


PokerStars Hand #153141618046:  Hold'em Limit ($3/$6 USD) - 2016/05/10 20:58:08 ET
Table 'Althaea III' 10-max Seat #5 is the button
Seat 5: GoliafUa ($119.79 in chips)
Seat 6: BonneCrêpe29 ($87.77 in chips)
GoliafUa: posts small blind $1
BonneCrêpe29: posts big blind $3
*** HOLE CARDS ***
GoliafUa: raises $3 to $6
BonneCrêpe29: raises $3 to $9
GoliafUa: calls $3
*** FLOP *** [8h 7s Ad]
BonneCrêpe29: bets $3
GoliafUa: folds
Uncalled bet ($3) returned to BonneCrêpe29
BonneCrêpe29 collected $17.64 from pot
*** SUMMARY ***
Total pot $18 | Rake $0.36
Board [8h 7s Ad]
Seat 5: GoliafUa (button) (small blind) folded on the Flop
Seat 6: BonneCrêpe29 (big blind) collected ($17.64)


PokerStars Hand #153141616397:  Hold'em Limit ($3/$6 USD) - 2016/05/10 20:58:04 ET
Table 'Althaea III' 10-max Seat #6 is the button
Seat 5: GoliafUa ($122.79 in chips)
Seat 6: BonneCrêpe29 ($84.77 in chips)
BonneCrêpe29: posts small blind $1
GoliafUa: posts big blind $3
*** HOLE CARDS ***
BonneCrêpe29: raises $3 to $6
GoliafUa: folds
Uncalled bet ($3) returned to BonneCrêpe29
BonneCrêpe29 collected $6 from pot
*** SUMMARY ***
Total pot $6 | Rake $0
Seat 5: GoliafUa (big blind) folded before Flop
Seat 6: BonneCrêpe29 (button) (small blind) collected ($6)


PokerStars Hand #153141613718:  Hold'em Limit ($3/$6 USD) - 2016/05/10 20:57:57 ET
Table 'Althaea III' 10-max Seat #5 is the button
Seat 5: GoliafUa ($117.03 in chips)
Seat 6: BonneCrêpe29 ($90.77 in chips)
GoliafUa: posts small blind $1
BonneCrêpe29: posts big blind $3
*** HOLE CARDS ***
GoliafUa: raises $3 to $6
BonneCrêpe29: calls $3
*** FLOP *** [Ah 8s Kh]
BonneCrêpe29: checks
GoliafUa: bets $3
BonneCrêpe29: folds
Uncalled bet ($3) returned to GoliafUa
GoliafUa collected $11.76 from pot
*** SUMMARY ***
Total pot $12 | Rake $0.24
Board [Ah 8s Kh]
Seat 5: GoliafUa (button) (small blind) collected ($11.76)
Seat 6: BonneCrêpe29 (big blind) folded on the Flop


PokerStars Hand #153141610963:  Hold'em Limit ($3/$6 USD) - 2016/05/10 20:57:49 ET
Table 'Althaea III' 10-max Seat #6 is the button
Seat 5: GoliafUa ($120.03 in chips)
Seat 6: BonneCrêpe29 ($87.77 in chips)
BonneCrêpe29: posts small blind $1
GoliafUa: posts big blind $3
*** HOLE CARDS ***
BonneCrêpe29: raises $3 to $6
GoliafUa: folds
Uncalled bet ($3) returned to BonneCrêpe29
BonneCrêpe29 collected $6 from pot
*** SUMMARY ***
Total pot $6 | Rake $0
Seat 5: GoliafUa (big blind) folded before Flop
Seat 6: BonneCrêpe29 (button) (small blind) collected ($6)


PokerStars Hand #153141608216:  Hold'em Limit ($3/$6 USD) - 2016/05/10 20:57:42 ET
Table 'Althaea III' 10-max Seat #5 is the button
Seat 5: GoliafUa ($129.03 in chips)
Seat 6: BonneCrêpe29 ($79.13 in chips)
GoliafUa: posts small blind $1
BonneCrêpe29: posts big blind $3
*** HOLE CARDS ***
GoliafUa: raises $3 to $6
BonneCrêpe29: raises $3 to $9
GoliafUa: calls $3
*** FLOP *** [Td 7d Jd]
BonneCrêpe29: bets $3
GoliafUa: folds
Uncalled bet ($3) returned to BonneCrêpe29
BonneCrêpe29 collected $17.64 from pot
*** SUMMARY ***
Total pot $18 | Rake $0.36
Board [Td 7d Jd]
Seat 5: GoliafUa (button) (small blind) folded on the Flop
Seat 6: BonneCrêpe29 (big blind) collected ($17.64)


PokerStars Hand #153141603844:  Hold'em Limit ($3/$6 USD) - 2016/05/10 20:57:30 ET
Table 'Althaea III' 10-max Seat #6 is the button
Seat 5: GoliafUa ($117.51 in chips)
Seat 6: BonneCrêpe29 ($91.13 in chips)
BonneCrêpe29: posts small blind $1
GoliafUa: posts big blind $3
*** HOLE CARDS ***
BonneCrêpe29: calls $2
GoliafUa: checks
*** FLOP *** [9s 7d 9h]
GoliafUa: checks
BonneCrêpe29: bets $3
GoliafUa: calls $3
*** TURN *** [9s 7d 9h] [Kh]
GoliafUa: checks
BonneCrêpe29: checks
*** RIVER *** [9s 7d 9h Kh] [As]
GoliafUa: checks
BonneCrêpe29: bets $6
GoliafUa: calls $6
*** SHOW DOWN ***
BonneCrêpe29: shows [8d 6c] (a pair of Nines)
GoliafUa: shows [3d 3c] (two pair, Nines and Threes)
GoliafUa collected $23.52 from pot
*** SUMMARY ***
Total pot $24 | Rake $0.48
Board [9s 7d 9h Kh As]
Seat 5: GoliafUa (big blind) showed [3d 3c] and won ($23.52) with two pair, Nines and Threes
Seat 6: BonneCrêpe29 (button) (small blind) showed [8d 6c] and lost with a pair of Nines


PokerStars Hand #153141600460:  Hold'em Limit ($3/$6 USD) - 2016/05/10 20:57:21 ET
Table 'Althaea III' 10-max Seat #5 is the button
Seat 5: GoliafUa ($111.75 in chips)
Seat 6: BonneCrêpe29 ($97.13 in chips)
GoliafUa: posts small blind $1
BonneCrêpe29: posts big blind $3
*** HOLE CARDS ***
GoliafUa: raises $3 to $6
BonneCrêpe29: calls $3
*** FLOP *** [Ac Ts Ad]
BonneCrêpe29: checks
GoliafUa: bets $3
BonneCrêpe29: folds
Uncalled bet ($3) returned to GoliafUa
GoliafUa collected $11.76 from pot
*** SUMMARY ***
Total pot $12 | Rake $0.24
Board [Ac Ts Ad]
Seat 5: GoliafUa (button) (small blind) collected ($11.76)
Seat 6: BonneCrêpe29 (big blind) folded on the Flop


PokerStars Hand #153141648859:  Hold'em Limit ($3/$6 USD) - 2016/05/10 20:59:15 ET
Table 'Althaea III' 10-max Seat #5 is the button
Seat 5: GoliafUa ($148.81 in chips)
Seat 6: BonneCrêpe29 ($56.69 in chips)
GoliafUa: posts small blind $1
BonneCrêpe29: posts big blind $3
*** HOLE CARDS ***
GoliafUa: raises $3 to $6
BonneCrêpe29: raises $3 to $9
GoliafUa: calls $3
*** FLOP *** [Jd Kc 6c]
BonneCrêpe29: bets $3
GoliafUa: folds
Uncalled bet ($3) returned to BonneCrêpe29
BonneCrêpe29 collected $17.64 from pot
*** SUMMARY ***
Total pot $18 | Rake $0.36
Board [Jd Kc 6c]
Seat 5: GoliafUa (button) (small blind) folded on the Flop
Seat 6: BonneCrêpe29 (big blind) collected ($17.64)


PokerStars Hand #153141646736:  Hold'em Limit ($3/$6 USD) - 2016/05/10 20:59:10 ET
Table 'Althaea III' 10-max Seat #6 is the button
Seat 5: GoliafUa ($151.81 in chips)
Seat 6: BonneCrêpe29 ($53.69 in chips)
BonneCrêpe29: posts small blind $1
GoliafUa: posts big blind $3
*** HOLE CARDS ***
BonneCrêpe29: raises $3 to $6
GoliafUa: folds
Uncalled bet ($3) returned to BonneCrêpe29
BonneCrêpe29 collected $6 from pot
*** SUMMARY ***
Total pot $6 | Rake $0
Seat 5: GoliafUa (big blind) folded before Flop
Seat 6: BonneCrêpe29 (button) (small blind) collected ($6)


PokerStars Hand #153141643036:  Hold'em Limit ($3/$6 USD) - 2016/05/10 20:59:00 ET
Table 'Althaea III' 10-max Seat #5 is the button
Seat 5: GoliafUa ($163.81 in chips)
Seat 6: BonneCrêpe29 ($42.17 in chips)
GoliafUa: posts small blind $1
BonneCrêpe29: posts big blind $3
*** HOLE CARDS ***
GoliafUa: raises $3 to $6
BonneCrêpe29: calls $3
*** FLOP *** [6d Qh 7c]
BonneCrêpe29: checks
GoliafUa: bets $3
BonneCrêpe29: raises $3 to $6
GoliafUa: calls $3
*** TURN *** [6d Qh 7c] [7d]
BonneCrêpe29: bets $6
GoliafUa: folds
Uncalled bet ($6) returned to BonneCrêpe29
BonneCrêpe29 collected $23.52 from pot
*** SUMMARY ***
Total pot $24 | Rake $0.48
Board [6d Qh 7c 7d]
Seat 5: GoliafUa (button) (small blind) folded on the Turn
Seat 6: BonneCrêpe29 (big blind) collected ($23.52)


PokerStars Hand #153141640573:  Hold'em Limit ($3/$6 USD) - 2016/05/10 20:58:53 ET
Table 'Althaea III' 10-max Seat #6 is the button
Seat 5: GoliafUa ($169.81 in chips)
Seat 6: BonneCrêpe29 ($36.41 in chips)
BonneCrêpe29: posts small blind $1
GoliafUa: posts big blind $3
*** HOLE CARDS ***
BonneCrêpe29: raises $3 to $6
GoliafUa: calls $3
*** FLOP *** [4h As Jc]
GoliafUa: checks
BonneCrêpe29: bets $3
GoliafUa: folds
Uncalled bet ($3) returned to BonneCrêpe29
BonneCrêpe29 collected $11.76 from pot
*** SUMMARY ***
Total pot $12 | Rake $0.24
Board [4h As Jc]
Seat 5: GoliafUa (big blind) folded on the Flop
Seat 6: BonneCrêpe29 (button) (small blind) collected ($11.76)


PokerStars Hand #153141637597:  Hold'em Limit ($3/$6 USD) - 2016/05/10 20:58:45 ET
Table 'Althaea III' 10-max Seat #5 is the button
Seat 5: GoliafUa ($164.05 in chips)
Seat 6: BonneCrêpe29 ($42.41 in chips)
GoliafUa: posts small blind $1
BonneCrêpe29: posts big blind $3
*** HOLE CARDS ***
GoliafUa: raises $3 to $6
BonneCrêpe29: calls $3
*** FLOP *** [2s Ad Kh]
BonneCrêpe29: checks
GoliafUa: bets $3
BonneCrêpe29: folds
Uncalled bet ($3) returned to GoliafUa
GoliafUa collected $11.76 from pot
*** SUMMARY ***
Total pot $12 | Rake $0.24
Board [2s Ad Kh]
Seat 5: GoliafUa (button) (small blind) collected ($11.76)
Seat 6: BonneCrêpe29 (big blind) folded on the Flop


PokerStars Hand #153141631140:  Hold'em Limit ($3/$6 USD) - 2016/05/10 20:58:27 ET
Table 'Althaea III' 10-max Seat #6 is the button
Seat 5: GoliafUa ($113.55 in chips)
Seat 6: BonneCrêpe29 ($93.41 in chips)
BonneCrêpe29: posts small blind $1
GoliafUa: posts big blind $3
*** HOLE CARDS ***
BonneCrêpe29: raises $3 to $6
GoliafUa: calls $3
*** FLOP *** [5s 8h 4h]
GoliafUa: checks
BonneCrêpe29: bets $3
GoliafUa: calls $3
*** TURN *** [5s 8h 4h] [9c]
GoliafUa: checks
BonneCrêpe29: bets $6
GoliafUa: raises $6 to $12
BonneCrêpe29: raises $6 to $18
GoliafUa: raises $6 to $24
Betting is capped
BonneCrêpe29: calls $6
*** RIVER *** [5s 8h 4h 9c] [Jc]
GoliafUa: bets $6
BonneCrêpe29: raises $6 to $12
GoliafUa: raises $6 to $18
BonneCrêpe29: calls $6
*** SHOW DOWN ***
GoliafUa: shows [7c 6d] (a straight, Five to Nine)
BonneCrêpe29: mucks hand
GoliafUa collected $101.50 from pot
*** SUMMARY ***
Total pot $102 | Rake $0.50
Board [5s 8h 4h 9c Jc]
Seat 5: GoliafUa (big blind) showed [7c 6d] and won ($101.50) with a straight, Five to Nine
Seat 6: BonneCrêpe29 (button) (small blind) mucked


PokerStars Hand #153141622551:  Hold'em Limit ($3/$6 USD) - 2016/05/10 20:58:20 ET
Table 'Althaea III' 10-max Seat #5 is the button
Seat 5: GoliafUa ($107.79 in chips)
Seat 6: BonneCrêpe29 ($99.41 in chips)
GoliafUa: posts small blind $1
BonneCrêpe29: posts big blind $3
*** HOLE CARDS ***
GoliafUa: raises $3 to $6
BonneCrêpe29: calls $3
*** FLOP *** [4d As Th]
BonneCrêpe29: checks
GoliafUa: bets $3
BonneCrêpe29: folds
Uncalled bet ($3) returned to GoliafUa
GoliafUa collected $11.76 from pot
*** SUMMARY ***
Total pot $12 | Rake $0.24
Board [4d As Th]
Seat 5: GoliafUa (button) (small blind) collected ($11.76)
Seat 6: BonneCrêpe29 (big blind) folded on the Flop


PokerStars Hand #153141656235:  Hold'em Limit ($3/$6 USD) - 2016/05/10 20:59:35 ET
Table 'Althaea III' 10-max Seat #5 is the button
Seat 5: GoliafUa ($124.81 in chips)
Seat 6: BonneCrêpe29 ($79.83 in chips)
GoliafUa: posts small blind $1
BonneCrêpe29: posts big blind $3
*** HOLE CARDS ***
GoliafUa: raises $3 to $6
BonneCrêpe29: calls $3
*** FLOP *** [6d 9s As]
BonneCrêpe29: checks
GoliafUa: bets $3
BonneCrêpe29: raises $3 to $6
GoliafUa: calls $3
*** TURN *** [6d 9s As] [Qd]
BonneCrêpe29: bets $6
GoliafUa: raises $6 to $12
BonneCrêpe29: calls $6
*** RIVER *** [6d 9s As Qd] [7s]
BonneCrêpe29: checks
GoliafUa: bets $6
BonneCrêpe29: raises $6 to $12
GoliafUa: calls $6
*** SHOW DOWN ***
BonneCrêpe29: shows [4s Qs] (a flush, Ace high)
GoliafUa: mucks hand
BonneCrêpe29 collected $71.50 from pot
*** SUMMARY ***
Total pot $72 | Rake $0.50
Board [6d 9s As Qd 7s]
Seat 5: GoliafUa (button) (small blind) mucked
Seat 6: BonneCrêpe29 (big blind) showed [4s Qs] and won ($71.50) with a flush, Ace high


PokerStars Hand #153141651680:  Hold'em Limit ($3/$6 USD) - 2016/05/10 20:59:23 ET
Table 'Althaea III' 10-max Seat #6 is the button
Seat 5: GoliafUa ($139.81 in chips)
Seat 6: BonneCrêpe29 ($65.33 in chips)
BonneCrêpe29: posts small blind $1
GoliafUa: posts big blind $3
*** HOLE CARDS ***
BonneCrêpe29: raises $3 to $6
GoliafUa: calls $3
*** FLOP *** [2c 6d 6h]
GoliafUa: checks
BonneCrêpe29: bets $3
GoliafUa: calls $3
*** TURN *** [2c 6d 6h] [9h]
GoliafUa: checks
BonneCrêpe29: bets $6
GoliafUa: calls $6
*** RIVER *** [2c 6d 6h 9h] [4h]
GoliafUa: checks
BonneCrêpe29: bets $6
GoliafUa: folds
Uncalled bet ($6) returned to BonneCrêpe29
BonneCrêpe29 collected $29.50 from pot
*** SUMMARY ***
Total pot $30 | Rake $0.50
Board [2c 6d 6h 9h 4h]
Seat 5: GoliafUa (big blind) folded on the River
Seat 6: BonneCrêpe29 (button) (small blind) collected ($29.50)


PokerStars Hand #153141667784:  Hold'em Limit ($3/$6 USD) - 2016/05/10 21:00:07 ET
Table 'Althaea III' 10-max Seat #5 is the button
Seat 5: GoliafUa ($73.81 in chips)
Seat 6: BonneCrêpe29 ($129.83 in chips)
GoliafUa: posts small blind $1
BonneCrêpe29: posts big blind $3
*** HOLE CARDS ***
GoliafUa: raises $3 to $6
BonneCrêpe29: raises $3 to $9
GoliafUa: calls $3
*** FLOP *** [Jd Ad Tc]
BonneCrêpe29: bets $3
GoliafUa: folds
Uncalled bet ($3) returned to BonneCrêpe29
BonneCrêpe29 collected $17.64 from pot
*** SUMMARY ***
Total pot $18 | Rake $0.36
Board [Jd Ad Tc]
Seat 5: GoliafUa (button) (small blind) folded on the Flop
Seat 6: BonneCrêpe29 (big blind) collected ($17.64)


PokerStars Hand #153141662216:  Hold'em Limit ($3/$6 USD) - 2016/05/10 20:59:52 ET
Table 'Althaea III' 10-max Seat #6 is the button
Seat 5: GoliafUa ($88.81 in chips)
Seat 6: BonneCrêpe29 ($115.33 in chips)
BonneCrêpe29: posts small blind $1
GoliafUa: posts big blind $3
*** HOLE CARDS ***
BonneCrêpe29: raises $3 to $6
GoliafUa: raises $3 to $9
BonneCrêpe29: raises $3 to $12
Betting is capped
GoliafUa: calls $3
*** FLOP *** [4c 3c Qc]
GoliafUa: checks
BonneCrêpe29: bets $3
GoliafUa: calls $3
*** TURN *** [4c 3c Qc] [Jh]
GoliafUa: checks
BonneCrêpe29: checks
*** RIVER *** [4c 3c Qc Jh] [2s]
GoliafUa: checks
BonneCrêpe29: bets $6
GoliafUa: folds
Uncalled bet ($6) returned to BonneCrêpe29
BonneCrêpe29 collected $29.50 from pot
*** SUMMARY ***
Total pot $30 | Rake $0.50
Board [4c 3c Qc Jh 2s]
Seat 5: GoliafUa (big blind) folded on the River
Seat 6: BonneCrêpe29 (button) (small blind) collected ($29.50)


PokerStars Hand #153141670362:  Hold'em Limit ($3/$6 USD) - 2016/05/10 21:00:13 ET
Table 'Althaea III' 10-max Seat #6 is the button
Seat 5: GoliafUa ($124.81 in chips)
Seat 6: BonneCrêpe29 ($138.47 in chips)
BonneCrêpe29: posts small blind $1
GoliafUa: posts big blind $3
*** HOLE CARDS ***
BonneCrêpe29: raises $3 to $6
GoliafUa: calls $3
*** FLOP *** [9s 2c Jc]
GoliafUa: checks
BonneCrêpe29: bets $3
GoliafUa: folds
Uncalled bet ($3) returned to BonneCrêpe29
BonneCrêpe29 collected $11.76 from pot
*** SUMMARY ***
Total pot $12 | Rake $0.24
Board [9s 2c Jc]
Seat 5: GoliafUa (big blind) folded on the Flop
Seat 6: BonneCrêpe29 (button) (small blind) collected ($11.76)


PokerStars Hand #153141675009:  Hold'em Limit ($3/$6 USD) - 2016/05/10 21:00:25 ET
Table 'Althaea III' 10-max Seat #6 is the button
Seat 5: GoliafUa ($121.81 in chips)
Seat 6: BonneCrêpe29 ($141.23 in chips)
BonneCrêpe29: posts small blind $1
GoliafUa: posts big blind $3
*** HOLE CARDS ***
BonneCrêpe29: raises $3 to $6
GoliafUa: calls $3
*** FLOP *** [Ts Th Tc]
GoliafUa: checks
BonneCrêpe29: bets $3
GoliafUa: calls $3
*** TURN *** [Ts Th Tc] [7d]
GoliafUa: checks
BonneCrêpe29: checks
*** RIVER *** [Ts Th Tc 7d] [6d]
GoliafUa: checks
BonneCrêpe29: bets $6
GoliafUa: calls $6
*** SHOW DOWN ***
BonneCrêpe29: shows [Jc 2s] (three of a kind, Tens)
GoliafUa: shows [Ad 2c] (three of a kind, Tens - Ace kicker)
GoliafUa collected $29.50 from pot
*** SUMMARY ***
Total pot $30 | Rake $0.50
Board [Ts Th Tc 7d 6d]
Seat 5: GoliafUa (big blind) showed [Ad 2c] and won ($29.50) with three of a kind, Tens
Seat 6: BonneCrêpe29 (button) (small blind) showed [Jc 2s] and lost with three of a kind, Tens


PokerStars Hand #153141679675:  Hold'em Limit ($3/$6 USD) - 2016/05/10 21:00:37 ET
Table 'Althaea III' 10-max Seat #5 is the button
Seat 5: GoliafUa ($136.31 in chips)
Seat 6: BonneCrêpe29 ($126.23 in chips)
GoliafUa: posts small blind $1
BonneCrêpe29: posts big blind $3
*** HOLE CARDS ***
GoliafUa: raises $3 to $6
BonneCrêpe29: calls $3
*** FLOP *** [Kd 8c Js]
BonneCrêpe29: checks
GoliafUa: bets $3
BonneCrêpe29: raises $3 to $6
GoliafUa: folds
Uncalled bet ($3) returned to BonneCrêpe29
BonneCrêpe29 collected $17.64 from pot
*** SUMMARY ***
Total pot $18 | Rake $0.36
Board [Kd 8c Js]
Seat 5: GoliafUa (button) (small blind) folded on the Flop
Seat 6: BonneCrêpe29 (big blind) collected ($17.64)


PokerStars Hand #153141683223:  Hold'em Limit ($3/$6 USD) - 2016/05/10 21:00:46 ET
Table 'Althaea III' 10-max Seat #6 is the button
Seat 5: GoliafUa ($127.31 in chips)
Seat 6: BonneCrêpe29 ($134.87 in chips)
BonneCrêpe29: posts small blind $1
GoliafUa: posts big blind $3
*** HOLE CARDS ***
BonneCrêpe29: raises $3 to $6
GoliafUa: calls $3
*** FLOP *** [8d 7d Kh]
GoliafUa: checks
BonneCrêpe29: bets $3
GoliafUa: calls $3
*** TURN *** [8d 7d Kh] [Ah]
GoliafUa: checks
BonneCrêpe29: checks
*** RIVER *** [8d 7d Kh Ah] [Ac]
GoliafUa: bets $6
BonneCrêpe29: calls $6
*** SHOW DOWN ***
GoliafUa: shows [Ad 4s] (three of a kind, Aces)
BonneCrêpe29: mucks hand
GoliafUa collected $29.50 from pot
*** SUMMARY ***
Total pot $30 | Rake $0.50
Board [8d 7d Kh Ah Ac]
Seat 5: GoliafUa (big blind) showed [Ad 4s] and won ($29.50) with three of a kind, Aces
Seat 6: BonneCrêpe29 (button) (small blind) mucked


PokerStars Hand #153141690835:  Hold'em Limit ($3/$6 USD) - 2016/05/10 21:01:05 ET
Table 'Althaea III' 10-max Seat #5 is the button
Seat 5: GoliafUa ($141.81 in chips)
Seat 6: BonneCrêpe29 ($119.87 in chips)
GoliafUa: posts small blind $1
BonneCrêpe29: posts big blind $3
*** HOLE CARDS ***
GoliafUa: raises $3 to $6
BonneCrêpe29: calls $3
*** FLOP *** [6d Td 2d]
BonneCrêpe29: checks
GoliafUa: checks
*** TURN *** [6d Td 2d] [8c]
BonneCrêpe29: bets $6
GoliafUa: folds
Uncalled bet ($6) returned to BonneCrêpe29
BonneCrêpe29 collected $11.76 from pot
*** SUMMARY ***
Total pot $12 | Rake $0.24
Board [6d Td 2d 8c]
Seat 5: GoliafUa (button) (small blind) folded on the Turn
Seat 6: BonneCrêpe29 (big blind) collected ($11.76)


PokerStars Hand #153141698207:  Hold'em Limit ($3/$6 USD) - 2016/05/10 21:01:23 ET
Table 'Althaea III' 10-max Seat #5 is the button
Seat 5: GoliafUa ($132.81 in chips)
Seat 6: BonneCrêpe29 ($128.63 in chips)
GoliafUa: posts small blind $1
BonneCrêpe29: posts big blind $3
*** HOLE CARDS ***
GoliafUa: folds
Uncalled bet ($2) returned to BonneCrêpe29
BonneCrêpe29 collected $2 from pot
*** SUMMARY ***
Total pot $2 | Rake $0
Seat 5: GoliafUa (button) (small blind) folded before Flop
Seat 6: BonneCrêpe29 (big blind) collected ($2)


PokerStars Hand #153141696139:  Hold'em Limit ($3/$6 USD) - 2016/05/10 21:01:18 ET
Table 'Althaea III' 10-max Seat #6 is the button
Seat 5: GoliafUa ($135.81 in chips)
Seat 6: BonneCrêpe29 ($125.63 in chips)
BonneCrêpe29: posts small blind $1
GoliafUa: posts big blind $3
*** HOLE CARDS ***
BonneCrêpe29: raises $3 to $6
GoliafUa: folds
Uncalled bet ($3) returned to BonneCrêpe29
BonneCrêpe29 collected $6 from pot
*** SUMMARY ***
Total pot $6 | Rake $0
Seat 5: GoliafUa (big blind) folded before Flop
Seat 6: BonneCrêpe29 (button) (small blind) collected ($6)


PokerStars Hand #153141701866:  Hold'em Limit ($3/$6 USD) - 2016/05/10 21:01:31 ET
Table 'Althaea III' 10-max Seat #5 is the button
Seat 5: GoliafUa ($128.81 in chips)
Seat 6: BonneCrêpe29 ($132.63 in chips)
GoliafUa: posts small blind $1
BonneCrêpe29: posts big blind $3
*** HOLE CARDS ***
GoliafUa: folds
Uncalled bet ($2) returned to BonneCrêpe29
BonneCrêpe29 collected $2 from pot
*** SUMMARY ***
Total pot $2 | Rake $0
Seat 5: GoliafUa (button) (small blind) folded before Flop
Seat 6: BonneCrêpe29 (big blind) collected ($2)


PokerStars Hand #153141700079:  Hold'em Limit ($3/$6 USD) - 2016/05/10 21:01:27 ET
Table 'Althaea III' 10-max Seat #6 is the button
Seat 5: GoliafUa ($131.81 in chips)
Seat 6: BonneCrêpe29 ($129.63 in chips)
BonneCrêpe29: posts small blind $1
GoliafUa: posts big blind $3
*** HOLE CARDS ***
BonneCrêpe29: raises $3 to $6
GoliafUa: folds
Uncalled bet ($3) returned to BonneCrêpe29
BonneCrêpe29 collected $6 from pot
*** SUMMARY ***
Total pot $6 | Rake $0
Seat 5: GoliafUa (big blind) folded before Flop
Seat 6: BonneCrêpe29 (button) (small blind) collected ($6)


PokerStars Hand #153141703764:  Hold'em Limit ($3/$6 USD) - 2016/05/10 21:01:36 ET
Table 'Althaea III' 10-max Seat #6 is the button
Seat 5: GoliafUa ($127.81 in chips)
Seat 6: BonneCrêpe29 ($133.63 in chips)
BonneCrêpe29: posts small blind $1
GoliafUa: posts big blind $3
*** HOLE CARDS ***
BonneCrêpe29: raises $3 to $6
GoliafUa: calls $3
*** FLOP *** [8c Qs 7c]
GoliafUa: checks
BonneCrêpe29: bets $3
GoliafUa: calls $3
*** TURN *** [8c Qs 7c] [5h]
GoliafUa: checks
BonneCrêpe29: checks
*** RIVER *** [8c Qs 7c 5h] [7h]
GoliafUa: bets $6
BonneCrêpe29: folds
Uncalled bet ($6) returned to GoliafUa
GoliafUa collected $17.64 from pot
*** SUMMARY ***
Total pot $18 | Rake $0.36
Board [8c Qs 7c 5h 7h]
Seat 5: GoliafUa (big blind) collected ($17.64)
Seat 6: BonneCrêpe29 (button) (small blind) folded on the River


PokerStars Hand #153141708414:  Hold'em Limit ($3/$6 USD) - 2016/05/10 21:01:47 ET
Table 'Althaea III' 10-max Seat #5 is the button
Seat 5: GoliafUa ($136.45 in chips)
Seat 6: BonneCrêpe29 ($124.63 in chips)
GoliafUa: posts small blind $1
BonneCrêpe29: posts big blind $3
*** HOLE CARDS ***
GoliafUa: raises $3 to $6
BonneCrêpe29: raises $3 to $9
GoliafUa: calls $3
*** FLOP *** [7h 6d 2s]
BonneCrêpe29: bets $3
GoliafUa: calls $3
*** TURN *** [7h 6d 2s] [3s]
BonneCrêpe29: bets $6
GoliafUa: folds
Uncalled bet ($6) returned to BonneCrêpe29
BonneCrêpe29 collected $23.52 from pot
*** SUMMARY ***
Total pot $24 | Rake $0.48
Board [7h 6d 2s 3s]
Seat 5: GoliafUa (button) (small blind) folded on the Turn
Seat 6: BonneCrêpe29 (big blind) collected ($23.52)


PokerStars Hand #153141714881:  Hold'em Limit ($3/$6 USD) - 2016/05/10 21:02:01 ET
Table 'Althaea III' 10-max Seat #5 is the button
Seat 5: GoliafUa ($118.45 in chips)
Seat 6: BonneCrêpe29 ($141.91 in chips)
GoliafUa: posts small blind $1
BonneCrêpe29: posts big blind $3
*** HOLE CARDS ***
GoliafUa: folds
Uncalled bet ($2) returned to BonneCrêpe29
BonneCrêpe29 collected $2 from pot
*** SUMMARY ***
Total pot $2 | Rake $0
Seat 5: GoliafUa (button) (small blind) folded before Flop
Seat 6: BonneCrêpe29 (big blind) collected ($2)


PokerStars Hand #153141711877:  Hold'em Limit ($3/$6 USD) - 2016/05/10 21:01:54 ET
Table 'Althaea III' 10-max Seat #6 is the button
Seat 5: GoliafUa ($124.45 in chips)
Seat 6: BonneCrêpe29 ($136.15 in chips)
BonneCrêpe29: posts small blind $1
GoliafUa: posts big blind $3
*** HOLE CARDS ***
BonneCrêpe29: raises $3 to $6
GoliafUa: calls $3
*** FLOP *** [Ts Js Jh]
GoliafUa: checks
BonneCrêpe29: bets $3
GoliafUa: folds
Uncalled bet ($3) returned to BonneCrêpe29
BonneCrêpe29 collected $11.76 from pot
*** SUMMARY ***
Total pot $12 | Rake $0.24
Board [Ts Js Jh]
Seat 5: GoliafUa (big blind) folded on the Flop
Seat 6: BonneCrêpe29 (button) (small blind) collected ($11.76)


PokerStars Hand #153141716756:  Hold'em Limit ($3/$6 USD) - 2016/05/10 21:02:05 ET
Table 'Althaea III' 10-max Seat #6 is the button
Seat 5: GoliafUa ($117.45 in chips)
Seat 6: BonneCrêpe29 ($142.91 in chips)
BonneCrêpe29: posts small blind $1
GoliafUa: posts big blind $3
*** HOLE CARDS ***
BonneCrêpe29: raises $3 to $6
GoliafUa: folds
Uncalled bet ($3) returned to BonneCrêpe29
BonneCrêpe29 collected $6 from pot
*** SUMMARY ***
Total pot $6 | Rake $0
Seat 5: GoliafUa (big blind) folded before Flop
Seat 6: BonneCrêpe29 (button) (small blind) collected ($6)


PokerStars Hand #153141723070:  Hold'em Limit ($3/$6 USD) - 2016/05/10 21:02:19 ET
Table 'Althaea III' 10-max Seat #6 is the button
Seat 5: GoliafUa ($137.95 in chips)
Seat 6: BonneCrêpe29 ($121.91 in chips)
BonneCrêpe29: posts small blind $1
GoliafUa: posts big blind $3
*** HOLE CARDS ***
BonneCrêpe29: folds
Uncalled bet ($2) returned to GoliafUa
GoliafUa collected $2 from pot
*** SUMMARY ***
Total pot $2 | Rake $0
Seat 5: GoliafUa (big blind) collected ($2)
Seat 6: BonneCrêpe29 (button) (small blind) folded before Flop


PokerStars Hand #153141718773:  Hold'em Limit ($3/$6 USD) - 2016/05/10 21:02:09 ET
Table 'Althaea III' 10-max Seat #5 is the button
Seat 5: GoliafUa ($114.45 in chips)
Seat 6: BonneCrêpe29 ($145.91 in chips)
GoliafUa: posts small blind $1
BonneCrêpe29: posts big blind $3
*** HOLE CARDS ***
GoliafUa: raises $3 to $6
BonneCrêpe29: raises $3 to $9
GoliafUa: calls $3
*** FLOP *** [9c Jh 7c]
BonneCrêpe29: bets $3
GoliafUa: calls $3
*** TURN *** [9c Jh 7c] [Qh]
BonneCrêpe29: bets $6
GoliafUa: calls $6
*** RIVER *** [9c Jh 7c Qh] [7d]
BonneCrêpe29: bets $6
GoliafUa: calls $6
*** SHOW DOWN ***
BonneCrêpe29: shows [Ac Ks] (a pair of Sevens)
GoliafUa: shows [9s 2s] (two pair, Nines and Sevens)
GoliafUa collected $47.50 from pot
*** SUMMARY ***
Total pot $48 | Rake $0.50
Board [9c Jh 7c Qh 7d]
Seat 5: GoliafUa (button) (small blind) showed [9s 2s] and won ($47.50) with two pair, Nines and Sevens
Seat 6: BonneCrêpe29 (big blind) showed [Ac Ks] and lost with a pair of Sevens


PokerStars Hand #153141724921:  Hold'em Limit ($3/$6 USD) - 2016/05/10 21:02:23 ET
Table 'Althaea III' 10-max Seat #5 is the button
Seat 5: GoliafUa ($138.95 in chips)
Seat 6: BonneCrêpe29 ($120.91 in chips)
GoliafUa: posts small blind $1
BonneCrêpe29: posts big blind $3
*** HOLE CARDS ***
GoliafUa: raises $3 to $6
BonneCrêpe29: folds
Uncalled bet ($3) returned to GoliafUa
GoliafUa collected $6 from pot
*** SUMMARY ***
Total pot $6 | Rake $0
Seat 5: GoliafUa (button) (small blind) collected ($6)
Seat 6: BonneCrêpe29 (big blind) folded before Flop


PokerStars Hand #153141727349:  Hold'em Limit ($3/$6 USD) - 2016/05/10 21:02:29 ET
Table 'Althaea III' 10-max Seat #6 is the button
Seat 5: GoliafUa ($141.95 in chips)
Seat 6: BonneCrêpe29 ($117.91 in chips)
BonneCrêpe29: posts small blind $1
GoliafUa: posts big blind $3
*** HOLE CARDS ***
BonneCrêpe29: raises $3 to $6
GoliafUa: raises $3 to $9
BonneCrêpe29: raises $3 to $12
Betting is capped
GoliafUa: calls $3
*** FLOP *** [Qs 3c 3d]
GoliafUa: checks
BonneCrêpe29: bets $3
GoliafUa: calls $3
*** TURN *** [Qs 3c 3d] [9s]
GoliafUa: checks
BonneCrêpe29: checks
*** RIVER *** [Qs 3c 3d 9s] [6h]
Monatik2016 joins the table at seat #4
GoliafUa: bets $6
BonneCrêpe29: calls $6
*** SHOW DOWN ***
GoliafUa: shows [7s 7h] (two pair, Sevens and Threes)
BonneCrêpe29: mucks hand
GoliafUa collected $41.50 from pot
*** SUMMARY ***
Total pot $42 | Rake $0.50
Board [Qs 3c 3d 9s 6h]
Seat 5: GoliafUa (big blind) showed [7s 7h] and won ($41.50) with two pair, Sevens and Threes
Seat 6: BonneCrêpe29 (button) (small blind) mucked


PokerStars Hand #153141733050:  Hold'em Limit ($3/$6 USD) - 2016/05/10 21:02:42 ET
Table 'Althaea III' 10-max Seat #5 is the button
Seat 5: GoliafUa ($162.45 in chips)
Seat 6: BonneCrêpe29 ($96.91 in chips)
GoliafUa: posts small blind $1
BonneCrêpe29: posts big blind $3
*** HOLE CARDS ***
GoliafUa: raises $3 to $6
BonneCrêpe29: folds
Uncalled bet ($3) returned to GoliafUa
GoliafUa collected $6 from pot
*** SUMMARY ***
Total pot $6 | Rake $0
Seat 5: GoliafUa (button) (small blind) collected ($6)
Seat 6: BonneCrêpe29 (big blind) folded before Flop


