PokerStars Hand #173758055284:  Hold'em Limit ($3/$6 USD) - 2017/07/31 15:34:27 ET
Table 'Altona' 6-max Seat #3 is the button
Seat 3: Lufzpumpe ($70.33 in chips)
Seat 4: igorkabmw ($17.64 in chips)
Lufzpumpe: posts small blind $1
igorkabmw: posts big blind $3
*** HOLE CARDS ***
Lufzpumpe: folds
Uncalled bet ($2) returned to igorkabmw
igorkabmw collected $2 from pot
*** SUMMARY ***
Total pot $2 | Rake $0
Seat 3: Lufzpumpe (button) (small blind) folded before Flop
Seat 4: igorkabmw (big blind) collected ($2)


PokerStars Hand #173758040203:  Hold'em Limit ($3/$6 USD) - 2017/07/31 15:34:09 ET
Table 'Altona' 6-max Seat #4 is the button
Seat 3: Lufzpumpe ($79.33 in chips)
Seat 4: igorkabmw ($9 in chips)
igorkabmw: posts small blind $1
Lufzpumpe: posts big blind $3
*** HOLE CARDS ***
igorkabmw: calls $2
Lufzpumpe: checks
*** FLOP *** [4h 2d 3h]
Lufzpumpe: bets $3
igorkabmw: raises $3 to $6 and is all-in
Lufzpumpe: calls $3
*** TURN *** [4h 2d 3h] [Kh]
*** RIVER *** [4h 2d 3h Kh] [7d]
*** SHOW DOWN ***
Lufzpumpe: shows [Th 4c] (a pair of Fours)
igorkabmw: shows [Kd Jd] (a pair of Kings)
igorkabmw collected $17.64 from pot
*** SUMMARY ***
Total pot $18 | Rake $0.36
Board [4h 2d 3h Kh 7d]
Seat 3: Lufzpumpe (big blind) showed [Th 4c] and lost with a pair of Fours
Seat 4: igorkabmw (button) (small blind) showed [Kd Jd] and won ($17.64) with a pair of Kings


PokerStars Hand #173758025528:  Hold'em Limit ($3/$6 USD) - 2017/07/31 15:33:51 ET
Table 'Altona' 6-max Seat #3 is the button
Seat 3: Lufzpumpe ($52.83 in chips)
Seat 4: igorkabmw ($36 in chips)
Lufzpumpe: posts small blind $1
igorkabmw: posts big blind $3
*** HOLE CARDS ***
Lufzpumpe: raises $3 to $6
igorkabmw: calls $3
*** FLOP *** [8s 4d 8c]
igorkabmw: bets $3
Lufzpumpe: calls $3
*** TURN *** [8s 4d 8c] [4s]
igorkabmw: checks
Lufzpumpe: bets $6
igorkabmw: raises $6 to $12
Lufzpumpe: calls $6
*** RIVER *** [8s 4d 8c 4s] [3d]
igorkabmw: bets $6
Lufzpumpe: calls $6
*** SHOW DOWN ***
igorkabmw: shows [Ts 6h] (two pair, Eights and Fours)
Lufzpumpe: shows [6c Ad] (two pair, Eights and Fours - Ace kicker)
Lufzpumpe collected $53.50 from pot
*** SUMMARY ***
Total pot $54 | Rake $0.50
Board [8s 4d 8c 4s 3d]
Seat 3: Lufzpumpe (button) (small blind) showed [6c Ad] and won ($53.50) with two pair, Eights and Fours
Seat 4: igorkabmw (big blind) showed [Ts 6h] and lost with two pair, Eights and Fours


PokerStars Hand #173758059223:  Hold'em Limit ($3/$6 USD) - 2017/07/31 15:34:32 ET
Table 'Altona' 6-max Seat #4 is the button
Seat 3: Lufzpumpe ($69.33 in chips)
Seat 4: igorkabmw ($18.64 in chips)
igorkabmw: posts small blind $1
Lufzpumpe: posts big blind $3
*** HOLE CARDS ***
igorkabmw: raises $3 to $6
Lufzpumpe: calls $3
*** FLOP *** [2h 5s 3c]
Lufzpumpe: bets $3
igorkabmw: calls $3
*** TURN *** [2h 5s 3c] [Js]
Lufzpumpe: checks
igorkabmw: bets $6
Lufzpumpe: calls $6
*** RIVER *** [2h 5s 3c Js] [Kd]
Lufzpumpe: checks
igorkabmw: bets $3.64 and is all-in
Lufzpumpe: calls $3.64
*** SHOW DOWN ***
igorkabmw: shows [8d As] (high card Ace)
Lufzpumpe: shows [5c Tc] (a pair of Fives)
Lufzpumpe collected $36.78 from pot
*** SUMMARY ***
Total pot $37.28 | Rake $0.50
Board [2h 5s 3c Js Kd]
Seat 3: Lufzpumpe (big blind) showed [5c Tc] and won ($36.78) with a pair of Fives
Seat 4: igorkabmw (button) (small blind) showed [8d As] and lost with high card Ace


PokerStars Hand #173758151164:  Hold'em Limit ($3/$6 USD) - 2017/07/31 15:36:27 ET
Table 'Altona' 6-max Seat #3 is the button
Seat 3: Lufzpumpe ($84.35 in chips)
Seat 4: igorkabmw ($41.76 in chips)
Lufzpumpe: posts small blind $1
igorkabmw: posts big blind $3
*** HOLE CARDS ***
Lufzpumpe: calls $2
igorkabmw: checks
*** FLOP *** [8d 3h 3s]
igorkabmw: bets $3
Lufzpumpe: folds
Uncalled bet ($3) returned to igorkabmw
igorkabmw collected $5.88 from pot
*** SUMMARY ***
Total pot $6 | Rake $0.12
Board [8d 3h 3s]
Seat 3: Lufzpumpe (button) (small blind) folded on the Flop
Seat 4: igorkabmw (big blind) collected ($5.88)


PokerStars Hand #173758128526:  Hold'em Limit ($3/$6 USD) - 2017/07/31 15:35:59 ET
Table 'Altona' 6-max Seat #3 is the button
Seat 3: Lufzpumpe ($87.47 in chips)
Seat 4: igorkabmw ($39 in chips)
Lufzpumpe: posts small blind $1
igorkabmw: posts big blind $3
*** HOLE CARDS ***
Lufzpumpe: raises $3 to $6
igorkabmw: calls $3
*** FLOP *** [3c 2s As]
igorkabmw: checks
Lufzpumpe: checks
*** TURN *** [3c 2s As] [Ad]
igorkabmw: bets $6
Lufzpumpe: folds
Uncalled bet ($6) returned to igorkabmw
igorkabmw collected $11.76 from pot
*** SUMMARY ***
Total pot $12 | Rake $0.24
Board [3c 2s As Ad]
Seat 3: Lufzpumpe (button) (small blind) folded on the Turn
Seat 4: igorkabmw (big blind) collected ($11.76)


PokerStars Hand #173758631126:  Hold'em Limit ($3/$6 USD) - 2017/07/31 15:46:25 ET
Table 'Altona' 6-max Seat #5 is the button
Seat 3: Lufzpumpe ($101.84 in chips)
Seat 5: ToDaFelt ($121.58 in chips)
ToDaFelt: posts small blind $1
Lufzpumpe: posts big blind $3
*** HOLE CARDS ***
ToDaFelt: raises $3 to $6
Lufzpumpe: calls $3
*** FLOP *** [Kc 2s 3c]
Lufzpumpe: checks
igorkabmw leaves the table
ToDaFelt: bets $3
Lufzpumpe: folds
Uncalled bet ($3) returned to ToDaFelt
ToDaFelt collected $11.76 from pot
ToDaFelt: doesn't show hand
*** SUMMARY ***
Total pot $12 | Rake $0.24
Board [Kc 2s 3c]
Seat 3: Lufzpumpe (big blind) folded on the Flop
Seat 5: ToDaFelt (button) (small blind) collected ($11.76)


PokerStars Hand #173758640744:  Hold'em Limit ($3/$6 USD) - 2017/07/31 15:46:37 ET
Table 'Altona' 6-max Seat #3 is the button
Seat 3: Lufzpumpe ($95.84 in chips)
Seat 5: ToDaFelt ($127.34 in chips)
Lufzpumpe: posts small blind $1
ToDaFelt: posts big blind $3
*** HOLE CARDS ***
Lufzpumpe: raises $3 to $6
ToDaFelt: raises $3 to $9
Lufzpumpe: calls $3
*** FLOP *** [3d Jh 5c]
ToDaFelt: bets $3
Lufzpumpe: calls $3
*** TURN *** [3d Jh 5c] [9d]
ToDaFelt: bets $6
Lufzpumpe: calls $6
*** RIVER *** [3d Jh 5c 9d] [7h]
ToDaFelt: bets $6
Lufzpumpe: calls $6
*** SHOW DOWN ***
ToDaFelt: shows [Ac Qc] (high card Ace)
Lufzpumpe: shows [5d Td] (a pair of Fives)
Lufzpumpe collected $47.50 from pot
*** SUMMARY ***
Total pot $48 | Rake $0.50
Board [3d Jh 5c 9d 7h]
Seat 3: Lufzpumpe (button) (small blind) showed [5d Td] and won ($47.50) with a pair of Fives
Seat 5: ToDaFelt (big blind) showed [Ac Qc] and lost with high card Ace


PokerStars Hand #173758664806:  Hold'em Limit ($3/$6 USD) - 2017/07/31 15:47:06 ET
Table 'Altona' 6-max Seat #5 is the button
Seat 3: Lufzpumpe ($119.34 in chips)
Seat 5: ToDaFelt ($103.34 in chips)
ToDaFelt: posts small blind $1
Lufzpumpe: posts big blind $3
*** HOLE CARDS ***
ToDaFelt: raises $3 to $6
Lufzpumpe: calls $3
*** FLOP *** [2h 9c 6h]
Lufzpumpe: checks
ToDaFelt: bets $3
Lufzpumpe: calls $3
*** TURN *** [2h 9c 6h] [Ks]
Lufzpumpe: checks
ToDaFelt: bets $6
Lufzpumpe: calls $6
*** RIVER *** [2h 9c 6h Ks] [Qd]
Lufzpumpe: checks
ToDaFelt: checks
*** SHOW DOWN ***
Lufzpumpe: shows [Jh Ts] (a straight, Nine to King)
ToDaFelt: mucks hand
Lufzpumpe collected $29.50 from pot
*** SUMMARY ***
Total pot $30 | Rake $0.50
Board [2h 9c 6h Ks Qd]
Seat 3: Lufzpumpe (big blind) showed [Jh Ts] and won ($29.50) with a straight, Nine to King
Seat 5: ToDaFelt (button) (small blind) mucked


PokerStars Hand #173758692175:  Hold'em Limit ($3/$6 USD) - 2017/07/31 15:47:40 ET
Table 'Altona' 6-max Seat #3 is the button
Seat 3: Lufzpumpe ($133.84 in chips)
Seat 5: ToDaFelt ($88.34 in chips)
Lufzpumpe: posts small blind $1
ToDaFelt: posts big blind $3
*** HOLE CARDS ***
Lufzpumpe: raises $3 to $6
ToDaFelt: calls $3
*** FLOP *** [2h 2d Kc]
ToDaFelt: checks
Lufzpumpe: checks
*** TURN *** [2h 2d Kc] [4h]
ToDaFelt: bets $6
Lufzpumpe: calls $6
*** RIVER *** [2h 2d Kc 4h] [Ks]
ToDaFelt: bets $6
Lufzpumpe: calls $6
*** SHOW DOWN ***
ToDaFelt: shows [5h Ah] (two pair, Kings and Deuces)
Lufzpumpe: shows [4s Ac] (two pair, Kings and Fours)
Lufzpumpe collected $35.50 from pot
*** SUMMARY ***
Total pot $36 | Rake $0.50
Board [2h 2d Kc 4h Ks]
Seat 3: Lufzpumpe (button) (small blind) showed [4s Ac] and won ($35.50) with two pair, Kings and Fours
Seat 5: ToDaFelt (big blind) showed [5h Ah] and lost with two pair, Kings and Deuces


PokerStars Hand #173758731502:  Hold'em Limit ($3/$6 USD) - 2017/07/31 15:48:29 ET
Table 'Altona' 6-max Seat #3 is the button
Seat 3: Lufzpumpe ($171.84 in chips)
Seat 5: ToDaFelt ($99 in chips)
Lufzpumpe: posts small blind $1
ToDaFelt: posts big blind $3
*** HOLE CARDS ***
Lufzpumpe: folds
Uncalled bet ($2) returned to ToDaFelt
ToDaFelt collected $2 from pot
ToDaFelt: doesn't show hand
*** SUMMARY ***
Total pot $2 | Rake $0
Seat 3: Lufzpumpe (button) (small blind) folded before Flop
Seat 5: ToDaFelt (big blind) collected ($2)


PokerStars Hand #173758711407:  Hold'em Limit ($3/$6 USD) - 2017/07/31 15:48:04 ET
Table 'Altona' 6-max Seat #5 is the button
Seat 3: Lufzpumpe ($151.34 in chips)
Seat 5: ToDaFelt ($120 in chips)
ToDaFelt: posts small blind $1
Lufzpumpe: posts big blind $3
*** HOLE CARDS ***
ToDaFelt: raises $3 to $6
Lufzpumpe: calls $3
*** FLOP *** [6d 5d 5s]
Lufzpumpe: checks
ToDaFelt: bets $3
Lufzpumpe: calls $3
*** TURN *** [6d 5d 5s] [2c]
Lufzpumpe: checks
ToDaFelt: bets $6
Lufzpumpe: calls $6
*** RIVER *** [6d 5d 5s 2c] [Tc]
Lufzpumpe: checks
ToDaFelt: bets $6
Lufzpumpe: calls $6
*** SHOW DOWN ***
ToDaFelt: shows [Js 4d] (a pair of Fives)
Lufzpumpe: shows [3h 3c] (two pair, Fives and Threes)
Lufzpumpe collected $41.50 from pot
*** SUMMARY ***
Total pot $42 | Rake $0.50
Board [6d 5d 5s 2c Tc]
Seat 3: Lufzpumpe (big blind) showed [3h 3c] and won ($41.50) with two pair, Fives and Threes
Seat 5: ToDaFelt (button) (small blind) showed [Js 4d] and lost with a pair of Fives


PokerStars Hand #173758735697:  Hold'em Limit ($3/$6 USD) - 2017/07/31 15:48:34 ET
Table 'Altona' 6-max Seat #5 is the button
Seat 3: Lufzpumpe ($170.84 in chips)
Seat 5: ToDaFelt ($100 in chips)
ToDaFelt: posts small blind $1
Lufzpumpe: posts big blind $3
*** HOLE CARDS ***
ToDaFelt: raises $3 to $6
Lufzpumpe: calls $3
*** FLOP *** [8c 3c Qs]
Lufzpumpe: checks
ToDaFelt: bets $3
Lufzpumpe: calls $3
*** TURN *** [8c 3c Qs] [3d]
Lufzpumpe: checks
ToDaFelt: bets $6
Lufzpumpe: calls $6
*** RIVER *** [8c 3c Qs 3d] [7d]
Lufzpumpe: bets $6
ToDaFelt: raises $6 to $12
Lufzpumpe: calls $6
*** SHOW DOWN ***
ToDaFelt: shows [Ad Ac] (two pair, Aces and Threes)
Lufzpumpe: mucks hand
ToDaFelt collected $53.50 from pot
*** SUMMARY ***
Total pot $54 | Rake $0.50
Board [8c 3c Qs 3d 7d]
Seat 3: Lufzpumpe (big blind) mucked
Seat 5: ToDaFelt (button) (small blind) showed [Ad Ac] and won ($53.50) with two pair, Aces and Threes


PokerStars Hand #173758776960:  Hold'em Limit ($3/$6 USD) - 2017/07/31 15:49:25 ET
Table 'Altona' 6-max Seat #5 is the button
Seat 3: Lufzpumpe ($146.72 in chips)
Seat 5: ToDaFelt ($123.50 in chips)
ToDaFelt: posts small blind $1
Lufzpumpe: posts big blind $3
*** HOLE CARDS ***
ToDaFelt: raises $3 to $6
Lufzpumpe: folds
Uncalled bet ($3) returned to ToDaFelt
Lufzpumpe leaves the table
ToDaFelt collected $6 from pot
ToDaFelt: doesn't show hand
*** SUMMARY ***
Total pot $6 | Rake $0
Seat 3: Lufzpumpe (big blind) folded before Flop
Seat 5: ToDaFelt (button) (small blind) collected ($6)


PokerStars Hand #173758758379:  Hold'em Limit ($3/$6 USD) - 2017/07/31 15:49:02 ET
Table 'Altona' 6-max Seat #3 is the button
Seat 3: Lufzpumpe ($143.84 in chips)
Seat 5: ToDaFelt ($126.50 in chips)
Lufzpumpe: posts small blind $1
ToDaFelt: posts big blind $3
*** HOLE CARDS ***
Lufzpumpe: calls $2
ToDaFelt: checks
*** FLOP *** [4s 9d Ks]
ToDaFelt: checks
Lufzpumpe: checks
*** TURN *** [4s 9d Ks] [Kc]
ToDaFelt: checks
Lufzpumpe: checks
*** RIVER *** [4s 9d Ks Kc] [6h]
ToDaFelt: checks
Lufzpumpe: checks
*** SHOW DOWN ***
ToDaFelt: shows [Ts 5c] (a pair of Kings)
Lufzpumpe: shows [3d Ac] (a pair of Kings - Ace kicker)
Lufzpumpe collected $5.88 from pot
*** SUMMARY ***
Total pot $6 | Rake $0.12
Board [4s 9d Ks Kc 6h]
Seat 3: Lufzpumpe (button) (small blind) showed [3d Ac] and won ($5.88) with a pair of Kings
Seat 5: ToDaFelt (big blind) showed [Ts 5c] and lost with a pair of Kings


PokerStars Hand #173759391901:  Hold'em Limit ($3/$6 USD) - 2017/07/31 16:03:09 ET
Table 'Altona' 6-max Seat #4 is the button
Seat 4: igorkabmw ($48.38 in chips)
Seat 5: TinaTurner72 ($80.50 in chips)
igorkabmw: posts small blind $1
TinaTurner72: posts big blind $3
*** HOLE CARDS ***
igorkabmw: raises $3 to $6
TinaTurner72: calls $3
*** FLOP *** [9c Ah Td]
TinaTurner72: checks
igorkabmw: bets $3
TinaTurner72: folds
Uncalled bet ($3) returned to igorkabmw
igorkabmw collected $11.76 from pot
*** SUMMARY ***
Total pot $12 | Rake $0.24
Board [9c Ah Td]
Seat 4: igorkabmw (button) (small blind) collected ($11.76)
Seat 5: TinaTurner72 (big blind) folded on the Flop


PokerStars Hand #173759370732:  Hold'em Limit ($3/$6 USD) - 2017/07/31 16:02:42 ET
Table 'Altona' 6-max Seat #5 is the button
Seat 4: igorkabmw ($69.38 in chips)
Seat 5: TinaTurner72 ($60 in chips)
TinaTurner72: posts small blind $1
igorkabmw: posts big blind $3
*** HOLE CARDS ***
TinaTurner72: raises $3 to $6
igorkabmw: calls $3
*** FLOP *** [Ac 8h 2d]
igorkabmw: bets $3
TinaTurner72: calls $3
*** TURN *** [Ac 8h 2d] [5s]
nashmed99 joins the table at seat #2
igorkabmw: checks
TinaTurner72: bets $6
igorkabmw: calls $6
*** RIVER *** [Ac 8h 2d 5s] [As]
igorkabmw: checks
TinaTurner72: bets $6
igorkabmw: calls $6
*** SHOW DOWN ***
TinaTurner72: shows [8d Th] (two pair, Aces and Eights)
igorkabmw: mucks hand
TinaTurner72 collected $41.50 from pot
*** SUMMARY ***
Total pot $42 | Rake $0.50
Board [Ac 8h 2d 5s As]
Seat 4: igorkabmw (big blind) mucked
Seat 5: TinaTurner72 (button) (small blind) showed [8d Th] and won ($41.50) with two pair, Aces and Eights


PokerStars Hand #173759877574:  Hold'em Limit ($3/$6 USD) - 2017/07/31 16:13:08 ET
Table 'Altona' 6-max Seat #6 is the button
Seat 5: TinaTurner72 ($124.63 in chips)
Seat 6: ToDaFelt ($149.11 in chips)
ToDaFelt: posts small blind $1
Isenvaden: is sitting out
TinaTurner72: posts big blind $3
*** HOLE CARDS ***
ToDaFelt: raises $3 to $6
TinaTurner72: folds
Uncalled bet ($3) returned to ToDaFelt
Isenvaden leaves the table
ToDaFelt collected $6 from pot
ToDaFelt: doesn't show hand
*** SUMMARY ***
Total pot $6 | Rake $0
Seat 5: TinaTurner72 (big blind) folded before Flop
Seat 6: ToDaFelt (button) (small blind) collected ($6)


