PokerStars Hand #150593682123:  Hold'em Limit ($3/$6 USD) - 2016/03/19 11:32:44 ET
Table 'Altona' 6-max Seat #3 is the button
Seat 3: KingYang2008 ($108.32 in chips)
Seat 4: AzureCaper ($72 in chips)
KingYang2008: posts small blind $1
AzureCaper: posts big blind $3
*** HOLE CARDS ***
KingYang2008: raises $3 to $6
AzureCaper: folds
Uncalled bet ($3) returned to KingYang2008
KingYang2008 collected $6 from pot
KingYang2008: doesn't show hand
*** SUMMARY ***
Total pot $6 | Rake $0
Seat 3: KingYang2008 (button) (small blind) collected ($6)
Seat 4: AzureCaper (big blind) folded before Flop


PokerStars Hand #150593730778:  Hold'em Limit ($3/$6 USD) - 2016/03/19 11:33:42 ET
Table 'Altona' 6-max Seat #3 is the button
Seat 3: KingYang2008 ($128.82 in chips)
Seat 4: AzureCaper ($75 in chips)
KingYang2008: posts small blind $1
AzureCaper: posts big blind $3
*** HOLE CARDS ***
KingYang2008: raises $3 to $6
AzureCaper: calls $3
*** FLOP *** [Kh As Ts]
giorkis27 joins the table at seat #5
AzureCaper: checks
KingYang2008: bets $3
AzureCaper: calls $3
*** TURN *** [Kh As Ts] [Qs]
AzureCaper: checks
KingYang2008: checks
*** RIVER *** [Kh As Ts Qs] [Qd]
AzureCaper: checks
KingYang2008: bets $6
AzureCaper: calls $6
*** SHOW DOWN ***
KingYang2008: shows [8d Kd] (two pair, Kings and Queens)
AzureCaper: mucks hand
KingYang2008 collected $29.50 from pot
*** SUMMARY ***
Total pot $30 | Rake $0.50
Board [Kh As Ts Qs Qd]
Seat 3: KingYang2008 (button) (small blind) showed [8d Kd] and won ($29.50) with two pair, Kings and Queens
Seat 4: AzureCaper (big blind) mucked


PokerStars Hand #150593726333:  Hold'em Limit ($3/$6 USD) - 2016/03/19 11:33:37 ET
Table 'Altona' 6-max Seat #4 is the button
Seat 3: KingYang2008 ($131.82 in chips)
Seat 4: AzureCaper ($72 in chips)
AzureCaper: posts small blind $1
KingYang2008: posts big blind $3
*** HOLE CARDS ***
AzureCaper: raises $3 to $6
KingYang2008: folds
Uncalled bet ($3) returned to AzureCaper
AzureCaper collected $6 from pot
AzureCaper: doesn't show hand
*** SUMMARY ***
Total pot $6 | Rake $0
Seat 3: KingYang2008 (big blind) folded before Flop
Seat 4: AzureCaper (button) (small blind) collected ($6)


PokerStars Hand #150593699712:  Hold'em Limit ($3/$6 USD) - 2016/03/19 11:33:05 ET
Table 'Altona' 6-max Seat #3 is the button
Seat 3: KingYang2008 ($108.32 in chips)
Seat 4: AzureCaper ($75 in chips)
KingYang2008: posts small blind $1
AzureCaper: posts big blind $3
*** HOLE CARDS ***
KingYang2008: raises $3 to $6
AzureCaper: calls $3
*** FLOP *** [8d 2s Kh]
AzureCaper: checks
KingYang2008: bets $3
AzureCaper: raises $3 to $6
KingYang2008: calls $3
*** TURN *** [8d 2s Kh] [Qc]
AzureCaper: bets $6
KingYang2008: calls $6
*** RIVER *** [8d 2s Kh Qc] [4c]
AzureCaper: bets $6
KingYang2008: calls $6
*** SHOW DOWN ***
AzureCaper: shows [6s 8s] (a pair of Eights)
KingYang2008: shows [8c 7c] (a pair of Eights - King+Queen+Seven kicker)
KingYang2008 collected $47.50 from pot
*** SUMMARY ***
Total pot $48 | Rake $0.50
Board [8d 2s Kh Qc 4c]
Seat 3: KingYang2008 (button) (small blind) showed [8c 7c] and won ($47.50) with a pair of Eights
Seat 4: AzureCaper (big blind) showed [6s 8s] and lost with a pair of Eights


PokerStars Hand #150593693385:  Hold'em Limit ($3/$6 USD) - 2016/03/19 11:32:57 ET
Table 'Altona' 6-max Seat #4 is the button
Seat 3: KingYang2008 ($111.32 in chips)
Seat 4: AzureCaper ($72 in chips)
AzureCaper: posts small blind $1
KingYang2008: posts big blind $3
*** HOLE CARDS ***
AzureCaper: raises $3 to $6
KingYang2008: folds
Uncalled bet ($3) returned to AzureCaper
AzureCaper collected $6 from pot
AzureCaper: doesn't show hand
*** SUMMARY ***
Total pot $6 | Rake $0
Seat 3: KingYang2008 (big blind) folded before Flop
Seat 4: AzureCaper (button) (small blind) collected ($6)


