PokerStars Hand #168084035380:  Hold'em Limit ($3/$6 USD) - 2017/03/25 9:23:39 ET
Table 'Altona II' 6-max Seat #3 is the button
Seat 3: majekk ($120 in chips)
Seat 5: B_loJkl ($150 in chips)
majekk: posts small blind $1
B_loJkl: posts big blind $3
*** HOLE CARDS ***
majekk: folds
Uncalled bet ($2) returned to B_loJkl
B_loJkl collected $2 from pot
B_loJkl: doesn't show hand
*** SUMMARY ***
Total pot $2 | Rake $0
Seat 3: majekk (button) (small blind) folded before Flop
Seat 5: B_loJkl (big blind) collected ($2)


PokerStars Hand #168084053291:  Hold'em Limit ($3/$6 USD) - 2017/03/25 9:24:09 ET
Table 'Altona II' 6-max Seat #5 is the button
Seat 3: majekk ($121.76 in chips)
Seat 5: B_loJkl ($148 in chips)
B_loJkl: posts small blind $1
majekk: posts big blind $3
*** HOLE CARDS ***
B_loJkl: raises $3 to $6
majekk: calls $3
*** FLOP *** [9c 3d 7h]
majekk: checks
B_loJkl: bets $3
majekk: raises $3 to $6
B_loJkl: calls $3
*** TURN *** [9c 3d 7h] [2d]
majekk: bets $6
B_loJkl: folds
Uncalled bet ($6) returned to majekk
majekk collected $23.52 from pot
majekk: doesn't show hand
*** SUMMARY ***
Total pot $24 | Rake $0.48
Board [9c 3d 7h 2d]
Seat 3: majekk (big blind) collected ($23.52)
Seat 5: B_loJkl (button) (small blind) folded on the Turn


PokerStars Hand #168084039995:  Hold'em Limit ($3/$6 USD) - 2017/03/25 9:23:46 ET
Table 'Altona II' 6-max Seat #5 is the button
Seat 3: majekk ($119 in chips)
Seat 5: B_loJkl ($151 in chips)
B_loJkl: posts small blind $1
majekk: posts big blind $3
*** HOLE CARDS ***
B_loJkl: raises $3 to $6
majekk: folds
Uncalled bet ($3) returned to B_loJkl
B_loJkl collected $6 from pot
B_loJkl: doesn't show hand
*** SUMMARY ***
Total pot $6 | Rake $0
Seat 3: majekk (big blind) folded before Flop
Seat 5: B_loJkl (button) (small blind) collected ($6)


PokerStars Hand #168084046571:  Hold'em Limit ($3/$6 USD) - 2017/03/25 9:23:57 ET
Table 'Altona II' 6-max Seat #3 is the button
Seat 3: majekk ($116 in chips)
Seat 5: B_loJkl ($154 in chips)
majekk: posts small blind $1
B_loJkl: posts big blind $3
*** HOLE CARDS ***
majekk: raises $3 to $6
B_loJkl: calls $3
*** FLOP *** [Ah 7d 6s]
B_loJkl: checks
majekk: bets $3
B_loJkl: folds
Uncalled bet ($3) returned to majekk
majekk collected $11.76 from pot
majekk: doesn't show hand
*** SUMMARY ***
Total pot $12 | Rake $0.24
Board [Ah 7d 6s]
Seat 3: majekk (button) (small blind) collected ($11.76)
Seat 5: B_loJkl (big blind) folded on the Flop


PokerStars Hand #168084075869:  Hold'em Limit ($3/$6 USD) - 2017/03/25 9:24:47 ET
Table 'Altona II' 6-max Seat #3 is the button
Seat 3: majekk ($133.28 in chips)
Seat 5: B_loJkl ($136 in chips)
majekk: posts small blind $1
B_loJkl: posts big blind $3
*** HOLE CARDS ***
majekk: calls $2
B_loJkl: raises $3 to $6
majekk: calls $3
*** FLOP *** [4s Kh 6c]
B_loJkl: checks
majekk: checks
*** TURN *** [4s Kh 6c] [8s]
B_loJkl: bets $6
majekk: folds
Uncalled bet ($6) returned to B_loJkl
B_loJkl collected $11.76 from pot
B_loJkl: doesn't show hand
*** SUMMARY ***
Total pot $12 | Rake $0.24
Board [4s Kh 6c 8s]
Seat 3: majekk (button) (small blind) folded on the Turn
Seat 5: B_loJkl (big blind) collected ($11.76)


PokerStars Hand #168084101893:  Hold'em Limit ($3/$6 USD) - 2017/03/25 9:25:31 ET
Table 'Altona II' 6-max Seat #5 is the button
Seat 3: majekk ($127.28 in chips)
Seat 5: B_loJkl ($141.76 in chips)
B_loJkl: posts small blind $1
majekk: posts big blind $3
*** HOLE CARDS ***
B_loJkl: folds
Uncalled bet ($2) returned to majekk
majekk collected $2 from pot
majekk: doesn't show hand
*** SUMMARY ***
Total pot $2 | Rake $0
Seat 3: majekk (big blind) collected ($2)
Seat 5: B_loJkl (button) (small blind) folded before Flop


PokerStars Hand #168084108901:  Hold'em Limit ($3/$6 USD) - 2017/03/25 9:25:42 ET
Table 'Altona II' 6-max Seat #5 is the button
Seat 3: majekk ($127.28 in chips)
Seat 5: B_loJkl ($141.76 in chips)
B_loJkl: posts small blind $1
majekk: posts big blind $3
*** HOLE CARDS ***
B_loJkl: raises $3 to $6
majekk: calls $3
*** FLOP *** [Qd 3s 9d]
majekk: checks
B_loJkl: bets $3
majekk: calls $3
*** TURN *** [Qd 3s 9d] [4h]
majekk: checks
B_loJkl: bets $6
majekk: raises $6 to $12
B_loJkl: calls $6
*** RIVER *** [Qd 3s 9d 4h] [Qh]
majekk: checks
B_loJkl: checks
*** SHOW DOWN ***
majekk: shows [5c 9h] (two pair, Queens and Nines)
B_loJkl: mucks hand
majekk collected $41.50 from pot
*** SUMMARY ***
Total pot $42 | Rake $0.50
Board [Qd 3s 9d 4h Qh]
Seat 3: majekk (big blind) showed [5c 9h] and won ($41.50) with two pair, Queens and Nines
Seat 5: B_loJkl (button) (small blind) mucked


PokerStars Hand #168084124620:  Hold'em Limit ($3/$6 USD) - 2017/03/25 9:26:09 ET
Table 'Altona II' 6-max Seat #3 is the button
Seat 3: majekk ($147.78 in chips)
Seat 5: B_loJkl ($120.76 in chips)
majekk: posts small blind $1
B_loJkl: posts big blind $3
*** HOLE CARDS ***
majekk: raises $3 to $6
B_loJkl: calls $3
*** FLOP *** [9h 3c 9d]
B_loJkl: checks
majekk: bets $3
B_loJkl: folds
Uncalled bet ($3) returned to majekk
majekk collected $11.76 from pot
majekk: doesn't show hand
*** SUMMARY ***
Total pot $12 | Rake $0.24
Board [9h 3c 9d]
Seat 3: majekk (button) (small blind) collected ($11.76)
Seat 5: B_loJkl (big blind) folded on the Flop


PokerStars Hand #168084142702:  Hold'em Limit ($3/$6 USD) - 2017/03/25 9:26:39 ET
Table 'Altona II' 6-max Seat #5 is the button
Seat 3: majekk ($153.54 in chips)
Seat 5: B_loJkl ($114.76 in chips)
B_loJkl: posts small blind $1
majekk: posts big blind $3
*** HOLE CARDS ***
B_loJkl: folds
Uncalled bet ($2) returned to majekk
majekk collected $2 from pot
majekk: doesn't show hand
*** SUMMARY ***
Total pot $2 | Rake $0
Seat 3: majekk (big blind) collected ($2)
Seat 5: B_loJkl (button) (small blind) folded before Flop


PokerStars Hand #168084147944:  Hold'em Limit ($3/$6 USD) - 2017/03/25 9:26:47 ET
Table 'Altona II' 6-max Seat #3 is the button
Seat 3: majekk ($154.54 in chips)
Seat 5: B_loJkl ($113.76 in chips)
majekk: posts small blind $1
B_loJkl: posts big blind $3
*** HOLE CARDS ***
majekk: raises $3 to $6
B_loJkl: calls $3
*** FLOP *** [Kc Ad 3h]
B_loJkl: checks
majekk: bets $3
B_loJkl: calls $3
*** TURN *** [Kc Ad 3h] [5d]
B_loJkl: checks
majekk: bets $6
B_loJkl: folds
Uncalled bet ($6) returned to majekk
majekk collected $17.64 from pot
majekk: doesn't show hand
*** SUMMARY ***
Total pot $18 | Rake $0.36
Board [Kc Ad 3h 5d]
Seat 3: majekk (button) (small blind) collected ($17.64)
Seat 5: B_loJkl (big blind) folded on the Turn


PokerStars Hand #168084205307:  Hold'em Limit ($3/$6 USD) - 2017/03/25 9:28:23 ET
Table 'Altona II' 6-max Seat #3 is the button
Seat 3: majekk ($145.18 in chips)
Seat 5: B_loJkl ($122.26 in chips)
majekk: posts small blind $1
B_loJkl: posts big blind $3
*** HOLE CARDS ***
majekk: folds
Uncalled bet ($2) returned to B_loJkl
B_loJkl collected $2 from pot
B_loJkl: doesn't show hand
*** SUMMARY ***
Total pot $2 | Rake $0
Seat 3: majekk (button) (small blind) folded before Flop
Seat 5: B_loJkl (big blind) collected ($2)


PokerStars Hand #168084170109:  Hold'em Limit ($3/$6 USD) - 2017/03/25 9:27:25 ET
Table 'Altona II' 6-max Seat #5 is the button
Seat 3: majekk ($163.18 in chips)
Seat 5: B_loJkl ($104.76 in chips)
B_loJkl: posts small blind $1
majekk: posts big blind $3
*** HOLE CARDS ***
B_loJkl: raises $3 to $6
majekk: raises $3 to $9
B_loJkl: calls $3
*** FLOP *** [4c 6h Jh]
majekk: bets $3
B_loJkl: calls $3
*** TURN *** [4c 6h Jh] [Qs]
majekk: bets $6
B_loJkl: calls $6
*** RIVER *** [4c 6h Jh Qs] [6c]
majekk: checks
B_loJkl: bets $6
majekk: folds
Uncalled bet ($6) returned to B_loJkl
B_loJkl collected $35.50 from pot
B_loJkl: doesn't show hand
*** SUMMARY ***
Total pot $36 | Rake $0.50
Board [4c 6h Jh Qs 6c]
Seat 3: majekk (big blind) folded on the River
Seat 5: B_loJkl (button) (small blind) collected ($35.50)


PokerStars Hand #168084208521:  Hold'em Limit ($3/$6 USD) - 2017/03/25 9:28:29 ET
Table 'Altona II' 6-max Seat #5 is the button
Seat 3: majekk ($144.18 in chips)
Seat 5: B_loJkl ($123.26 in chips)
B_loJkl: posts small blind $1
majekk: posts big blind $3
*** HOLE CARDS ***
B_loJkl: raises $3 to $6
majekk: calls $3
*** FLOP *** [Ah 8c 4s]
majekk: checks
B_loJkl: bets $3
majekk: calls $3
*** TURN *** [Ah 8c 4s] [5c]
majekk: checks
B_loJkl: bets $6
majekk: raises $6 to $12
B_loJkl: raises $6 to $18
majekk: calls $6
*** RIVER *** [Ah 8c 4s 5c] [Tc]
majekk: checks
B_loJkl: bets $6
majekk: calls $6
*** SHOW DOWN ***
B_loJkl: shows [5d As] (two pair, Aces and Fives)
majekk: mucks hand
B_loJkl collected $65.50 from pot
*** SUMMARY ***
Total pot $66 | Rake $0.50
Board [Ah 8c 4s 5c Tc]
Seat 3: majekk (big blind) mucked
Seat 5: B_loJkl (button) (small blind) showed [5d As] and won ($65.50) with two pair, Aces and Fives


PokerStars Hand #168084265611:  Hold'em Limit ($3/$6 USD) - 2017/03/25 9:30:04 ET
Table 'Altona II' 6-max Seat #5 is the button
Seat 3: majekk ($114.18 in chips)
Seat 5: B_loJkl ($152.76 in chips)
B_loJkl: posts small blind $1
majekk: posts big blind $3
*** HOLE CARDS ***
B_loJkl: raises $3 to $6
majekk: calls $3
*** FLOP *** [2s 6h Ah]
majekk: checks
B_loJkl: bets $3
majekk: calls $3
*** TURN *** [2s 6h Ah] [7h]
majekk: checks
B_loJkl: checks
*** RIVER *** [2s 6h Ah 7h] [8c]
majekk: bets $6
B_loJkl: calls $6
*** SHOW DOWN ***
majekk: shows [3h Ac] (a pair of Aces)
B_loJkl: mucks hand
majekk collected $29.50 from pot
*** SUMMARY ***
Total pot $30 | Rake $0.50
Board [2s 6h Ah 7h 8c]
Seat 3: majekk (big blind) showed [3h Ac] and won ($29.50) with a pair of Aces
Seat 5: B_loJkl (button) (small blind) mucked


PokerStars Hand #168084251020:  Hold'em Limit ($3/$6 USD) - 2017/03/25 9:29:39 ET
Table 'Altona II' 6-max Seat #3 is the button
Seat 3: majekk ($111.18 in chips)
Seat 5: B_loJkl ($155.76 in chips)
majekk: posts small blind $1
B_loJkl: posts big blind $3
*** HOLE CARDS ***
majekk: raises $3 to $6
B_loJkl: folds
Uncalled bet ($3) returned to majekk
majekk collected $6 from pot
majekk: doesn't show hand
*** SUMMARY ***
Total pot $6 | Rake $0
Seat 3: majekk (button) (small blind) collected ($6)
Seat 5: B_loJkl (big blind) folded before Flop


