PokerStars Hand #166235423984:  Hold'em Limit ($3/$6 USD) - 2017/02/15 3:36:43 ET
Table 'Altona' 6-max Seat #1 is the button
Seat 1: AzureCaper ($107.83 in chips)
Seat 3: AA_ILI ($96.46 in chips)
AzureCaper: posts small blind $1
AA_ILI: posts big blind $3
*** HOLE CARDS ***
AzureCaper: folds
Uncalled bet ($2) returned to AA_ILI
DirtyDouble2 leaves the table
AA_ILI collected $2 from pot
*** SUMMARY ***
Total pot $2 | Rake $0
Seat 1: AzureCaper (button) (small blind) folded before Flop
Seat 3: AA_ILI (big blind) collected ($2)


PokerStars Hand #166235430862:  Hold'em Limit ($3/$6 USD) - 2017/02/15 3:37:04 ET
Table 'Altona' 6-max Seat #1 is the button
Seat 1: AzureCaper ($100.83 in chips)
Seat 3: AA_ILI ($103.22 in chips)
AzureCaper: posts small blind $1
AA_ILI: posts big blind $3
*** HOLE CARDS ***
AzureCaper: folds
Uncalled bet ($2) returned to AA_ILI
AA_ILI collected $2 from pot
*** SUMMARY ***
Total pot $2 | Rake $0
Seat 1: AzureCaper (button) (small blind) folded before Flop
Seat 3: AA_ILI (big blind) collected ($2)


PokerStars Hand #166235425996:  Hold'em Limit ($3/$6 USD) - 2017/02/15 3:36:49 ET
Table 'Altona' 6-max Seat #3 is the button
Seat 1: AzureCaper ($106.83 in chips)
Seat 3: AA_ILI ($97.46 in chips)
AA_ILI: posts small blind $1
AzureCaper: posts big blind $3
*** HOLE CARDS ***
AA_ILI: raises $3 to $6
AzureCaper: calls $3
*** FLOP *** [Ks 7s 3h]
AzureCaper: checks
AA_ILI: bets $3
AzureCaper: folds
Uncalled bet ($3) returned to AA_ILI
AA_ILI collected $11.76 from pot
*** SUMMARY ***
Total pot $12 | Rake $0.24
Board [Ks 7s 3h]
Seat 1: AzureCaper (big blind) folded on the Flop
Seat 3: AA_ILI (button) (small blind) collected ($11.76)


PokerStars Hand #166235437031:  Hold'em Limit ($3/$6 USD) - 2017/02/15 3:37:22 ET
Table 'Altona' 6-max Seat #1 is the button
Seat 1: AzureCaper ($100.83 in chips)
Seat 3: AA_ILI ($103.22 in chips)
AzureCaper: posts small blind $1
AA_ILI: posts big blind $3
*** HOLE CARDS ***
AzureCaper: folds
Uncalled bet ($2) returned to AA_ILI
AA_ILI collected $2 from pot
*** SUMMARY ***
Total pot $2 | Rake $0
Seat 1: AzureCaper (button) (small blind) folded before Flop
Seat 3: AA_ILI (big blind) collected ($2)


PokerStars Hand #166235459913:  Hold'em Limit ($3/$6 USD) - 2017/02/15 3:38:31 ET
Table 'Altona' 6-max Seat #1 is the button
Seat 1: AzureCaper ($118.09 in chips)
Seat 3: AA_ILI ($85.22 in chips)
AzureCaper: posts small blind $1
AA_ILI: posts big blind $3
*** HOLE CARDS ***
AzureCaper: folds
Uncalled bet ($2) returned to AA_ILI
AA_ILI collected $2 from pot
*** SUMMARY ***
Total pot $2 | Rake $0
Seat 1: AzureCaper (button) (small blind) folded before Flop
Seat 3: AA_ILI (big blind) collected ($2)


PokerStars Hand #166235457492:  Hold'em Limit ($3/$6 USD) - 2017/02/15 3:38:24 ET
Table 'Altona' 6-max Seat #3 is the button
Seat 1: AzureCaper ($121.09 in chips)
Seat 3: AA_ILI ($82.22 in chips)
AA_ILI: posts small blind $1
AzureCaper: posts big blind $3
*** HOLE CARDS ***
AA_ILI: raises $3 to $6
AzureCaper: folds
Uncalled bet ($3) returned to AA_ILI
AA_ILI collected $6 from pot
*** SUMMARY ***
Total pot $6 | Rake $0
Seat 1: AzureCaper (big blind) folded before Flop
Seat 3: AA_ILI (button) (small blind) collected ($6)


PokerStars Hand #166235461733:  Hold'em Limit ($3/$6 USD) - 2017/02/15 3:38:36 ET
Table 'Altona' 6-max Seat #3 is the button
Seat 1: AzureCaper ($117.09 in chips)
Seat 3: AA_ILI ($86.22 in chips)
AA_ILI: posts small blind $1
AzureCaper: posts big blind $3
*** HOLE CARDS ***
AA_ILI: raises $3 to $6
AzureCaper: folds
Uncalled bet ($3) returned to AA_ILI
AA_ILI collected $6 from pot
*** SUMMARY ***
Total pot $6 | Rake $0
Seat 1: AzureCaper (big blind) folded before Flop
Seat 3: AA_ILI (button) (small blind) collected ($6)


PokerStars Hand #166235455709:  Hold'em Limit ($3/$6 USD) - 2017/02/15 3:38:18 ET
Table 'Altona' 6-max Seat #1 is the button
Seat 1: AzureCaper ($122.09 in chips)
Seat 3: AA_ILI ($81.22 in chips)
AzureCaper: posts small blind $1
AA_ILI: posts big blind $3
*** HOLE CARDS ***
AzureCaper: folds
Uncalled bet ($2) returned to AA_ILI
AA_ILI collected $2 from pot
*** SUMMARY ***
Total pot $2 | Rake $0
Seat 1: AzureCaper (button) (small blind) folded before Flop
Seat 3: AA_ILI (big blind) collected ($2)


PokerStars Hand #166235449251:  Hold'em Limit ($3/$6 USD) - 2017/02/15 3:37:59 ET
Table 'Altona' 6-max Seat #3 is the button
Seat 1: AzureCaper ($116.33 in chips)
Seat 3: AA_ILI ($87.22 in chips)
AA_ILI: posts small blind $1
AzureCaper: posts big blind $3
*** HOLE CARDS ***
AA_ILI: raises $3 to $6
AzureCaper: calls $3
*** FLOP *** [7d Th 9d]
AzureCaper: checks
AA_ILI: checks
*** TURN *** [7d Th 9d] [6s]
AzureCaper: bets $6
AA_ILI: folds
Uncalled bet ($6) returned to AzureCaper
AzureCaper collected $11.76 from pot
AzureCaper: doesn't show hand
*** SUMMARY ***
Total pot $12 | Rake $0.24
Board [7d Th 9d 6s]
Seat 1: AzureCaper (big blind) collected ($11.76)
Seat 3: AA_ILI (button) (small blind) folded on the Turn


PokerStars Hand #166235447470:  Hold'em Limit ($3/$6 USD) - 2017/02/15 3:37:54 ET
Table 'Altona' 6-max Seat #1 is the button
Seat 1: AzureCaper ($117.33 in chips)
Seat 3: AA_ILI ($86.22 in chips)
AzureCaper: posts small blind $1
AA_ILI: posts big blind $3
*** HOLE CARDS ***
AzureCaper: folds
Uncalled bet ($2) returned to AA_ILI
AA_ILI collected $2 from pot
*** SUMMARY ***
Total pot $2 | Rake $0
Seat 1: AzureCaper (button) (small blind) folded before Flop
Seat 3: AA_ILI (big blind) collected ($2)


PokerStars Hand #166235438721:  Hold'em Limit ($3/$6 USD) - 2017/02/15 3:37:27 ET
Table 'Altona' 6-max Seat #3 is the button
Seat 1: AzureCaper ($99.83 in chips)
Seat 3: AA_ILI ($104.22 in chips)
AA_ILI: posts small blind $1
AzureCaper: posts big blind $3
*** HOLE CARDS ***
AA_ILI: raises $3 to $6
AzureCaper: raises $3 to $9
AA_ILI: calls $3
*** FLOP *** [5h 6s 2h]
AzureCaper: bets $3
AA_ILI: calls $3
*** TURN *** [5h 6s 2h] [7d]
AzureCaper: bets $6
AA_ILI: calls $6
*** RIVER *** [5h 6s 2h 7d] [3c]
AzureCaper: bets $6
AA_ILI: folds
Uncalled bet ($6) returned to AzureCaper
AzureCaper collected $35.50 from pot
AzureCaper: doesn't show hand
*** SUMMARY ***
Total pot $36 | Rake $0.50
Board [5h 6s 2h 7d 3c]
Seat 1: AzureCaper (big blind) collected ($35.50)
Seat 3: AA_ILI (button) (small blind) folded on the River


PokerStars Hand #166235465336:  Hold'em Limit ($3/$6 USD) - 2017/02/15 3:38:47 ET
Table 'Altona' 6-max Seat #1 is the button
Seat 1: AzureCaper ($114.09 in chips)
Seat 3: AA_ILI ($89.22 in chips)
AzureCaper: posts small blind $1
AA_ILI: posts big blind $3
*** HOLE CARDS ***
AzureCaper: raises $3 to $6
AA_ILI: calls $3
*** FLOP *** [8h 9c 7c]
AA_ILI: checks
AzureCaper: bets $3
AA_ILI: folds
Uncalled bet ($3) returned to AzureCaper
AzureCaper collected $11.76 from pot
AzureCaper: doesn't show hand
*** SUMMARY ***
Total pot $12 | Rake $0.24
Board [8h 9c 7c]
Seat 1: AzureCaper (button) (small blind) collected ($11.76)
Seat 3: AA_ILI (big blind) folded on the Flop


