PokerStars Hand #168512299832:  Hold'em Limit ($3/$6 USD) - 2017/04/03 7:10:30 ET
Table 'Altona' 6-max Seat #2 is the button
Seat 1: anulu123 ($120 in chips)
Seat 2: Mordnilap ($72 in chips)
Mordnilap: posts small blind $1
anulu123: posts big blind $3
*** HOLE CARDS ***
Mordnilap: raises $3 to $6
anulu123: calls $3
*** FLOP *** [6d 9d 3s]
anulu123: checks
Mordnilap: bets $3
anulu123: folds
Uncalled bet ($3) returned to Mordnilap
Mordnilap collected $11.76 from pot
Mordnilap: doesn't show hand
*** SUMMARY ***
Total pot $12 | Rake $0.24
Board [6d 9d 3s]
Seat 1: anulu123 (big blind) folded on the Flop
Seat 2: Mordnilap (button) (small blind) collected ($11.76)


PokerStars Hand #168512305791:  Hold'em Limit ($3/$6 USD) - 2017/04/03 7:10:44 ET
Table 'Altona' 6-max Seat #1 is the button
Seat 1: anulu123 ($114 in chips)
Seat 2: Mordnilap ($77.76 in chips)
anulu123: posts small blind $1
Mordnilap: posts big blind $3
*** HOLE CARDS ***
anulu123: raises $3 to $6
Mordnilap: calls $3
*** FLOP *** [3d 8d Js]
Mordnilap: checks
anulu123: bets $3
Mordnilap: folds
Uncalled bet ($3) returned to anulu123
anulu123 collected $11.76 from pot
*** SUMMARY ***
Total pot $12 | Rake $0.24
Board [3d 8d Js]
Seat 1: anulu123 (button) (small blind) collected ($11.76)
Seat 2: Mordnilap (big blind) folded on the Flop


PokerStars Hand #168512314361:  Hold'em Limit ($3/$6 USD) - 2017/04/03 7:11:04 ET
Table 'Altona' 6-max Seat #2 is the button
Seat 1: anulu123 ($119.76 in chips)
Seat 2: Mordnilap ($72 in chips)
Mordnilap: posts small blind $1
anulu123: posts big blind $3
*** HOLE CARDS ***
Mordnilap: raises $3 to $6
anulu123: raises $3 to $9
Mordnilap: calls $3
*** FLOP *** [Jd 5d 7d]
anulu123: bets $3
Mordnilap: folds
Uncalled bet ($3) returned to anulu123
anulu123 collected $17.64 from pot
*** SUMMARY ***
Total pot $18 | Rake $0.36
Board [Jd 5d 7d]
Seat 1: anulu123 (big blind) collected ($17.64)
Seat 2: Mordnilap (button) (small blind) folded on the Flop


PokerStars Hand #168512334629:  Hold'em Limit ($3/$6 USD) - 2017/04/03 7:11:50 ET
Table 'Altona' 6-max Seat #1 is the button
Seat 1: anulu123 ($128.40 in chips)
Seat 2: Mordnilap ($72 in chips)
anulu123: posts small blind $1
Mordnilap: posts big blind $3
*** HOLE CARDS ***
anulu123: raises $3 to $6
Mordnilap: calls $3
*** FLOP *** [Js 5h 7h]
Mordnilap: checks
anulu123: bets $3
Mordnilap: calls $3
*** TURN *** [Js 5h 7h] [Ad]
Mordnilap: checks
anulu123: checks
*** RIVER *** [Js 5h 7h Ad] [2s]
Mordnilap: bets $6
anulu123: calls $6
*** SHOW DOWN ***
Mordnilap: shows [4h Ac] (a pair of Aces)
anulu123: mucks hand
Mordnilap collected $29.50 from pot
*** SUMMARY ***
Total pot $30 | Rake $0.50
Board [Js 5h 7h Ad 2s]
Seat 1: anulu123 (button) (small blind) mucked
Seat 2: Mordnilap (big blind) showed [4h Ac] and won ($29.50) with a pair of Aces


PokerStars Hand #168512345845:  Hold'em Limit ($3/$6 USD) - 2017/04/03 7:12:15 ET
Table 'Altona' 6-max Seat #2 is the button
Seat 1: anulu123 ($113.40 in chips)
Seat 2: Mordnilap ($86.50 in chips)
Mordnilap: posts small blind $1
anulu123: posts big blind $3
*** HOLE CARDS ***
Mordnilap: raises $3 to $6
anulu123: calls $3
*** FLOP *** [4c 8h Js]
anulu123: checks
Mordnilap: bets $3
anulu123: calls $3
*** TURN *** [4c 8h Js] [3c]
anulu123: checks
Mordnilap: checks
*** RIVER *** [4c 8h Js 3c] [9d]
anulu123: checks
Mordnilap: checks
*** SHOW DOWN ***
anulu123: shows [5h 7h] (high card Jack)
Mordnilap: shows [Kh 7s] (high card King)
Mordnilap collected $17.64 from pot
*** SUMMARY ***
Total pot $18 | Rake $0.36
Board [4c 8h Js 3c 9d]
Seat 1: anulu123 (big blind) showed [5h 7h] and lost with high card Jack
Seat 2: Mordnilap (button) (small blind) showed [Kh 7s] and won ($17.64) with high card King


PokerStars Hand #168512354246:  Hold'em Limit ($3/$6 USD) - 2017/04/03 7:12:35 ET
Table 'Altona' 6-max Seat #1 is the button
Seat 1: anulu123 ($104.40 in chips)
Seat 2: Mordnilap ($95.14 in chips)
anulu123: posts small blind $1
Mordnilap: posts big blind $3
*** HOLE CARDS ***
anulu123: raises $3 to $6
Mordnilap: calls $3
*** FLOP *** [3h Jc 9s]
Mordnilap: checks
anulu123: bets $3
Mordnilap: calls $3
*** TURN *** [3h Jc 9s] [Qs]
Mordnilap: checks
anulu123: bets $6
Mordnilap: calls $6
*** RIVER *** [3h Jc 9s Qs] [7d]
Mordnilap: checks
anulu123: bets $6
Mordnilap: calls $6
*** SHOW DOWN ***
anulu123: shows [9c Qh] (two pair, Queens and Nines)
Mordnilap: mucks hand
anulu123 collected $41.50 from pot
*** SUMMARY ***
Total pot $42 | Rake $0.50
Board [3h Jc 9s Qs 7d]
Seat 1: anulu123 (button) (small blind) showed [9c Qh] and won ($41.50) with two pair, Queens and Nines
Seat 2: Mordnilap (big blind) mucked


PokerStars Hand #168512652508:  Hold'em Limit ($3/$6 USD) - 2017/04/03 7:23:46 ET
Table 'Altona' 6-max Seat #6 is the button
Seat 3: hookonhook ($330.59 in chips)
Seat 6: Jack_Wu1985 ($209.74 in chips)
Jack_Wu1985: posts small blind $1
Mordnilap: is sitting out
hookonhook: posts big blind $3
*** HOLE CARDS ***
Jack_Wu1985: raises $3 to $6
hookonhook: calls $3
*** FLOP *** [3h 5h 6s]
hookonhook: checks
Jack_Wu1985: bets $3
hookonhook: raises $3 to $6
Jack_Wu1985: calls $3
*** TURN *** [3h 5h 6s] [As]
hookonhook: checks
Jack_Wu1985: bets $6
hookonhook: calls $6
*** RIVER *** [3h 5h 6s As] [Jh]
hookonhook: checks
Jack_Wu1985: bets $6
hookonhook: calls $6
*** SHOW DOWN ***
Jack_Wu1985: shows [4c Ah] (a pair of Aces)
Mordnilap leaves the table
hookonhook: mucks hand
Jack_Wu1985 collected $47.50 from pot
*** SUMMARY ***
Total pot $48 | Rake $0.50
Board [3h 5h 6s As Jh]
Seat 3: hookonhook (big blind) mucked
Seat 6: Jack_Wu1985 (button) (small blind) showed [4c Ah] and won ($47.50) with a pair of Aces


