PokerStars Hand #172678915808:  Hold'em Limit ($3/$6 USD) - 2017/07/06 11:46:00 ET
Table 'Aludra' 6-max Seat #3 is the button
Seat 3: robertass84 ($120 in chips)
Seat 4: Anchig ($124 in chips)
robertass84: posts small blind $1
Anchig: posts big blind $3
*** HOLE CARDS ***
robertass84: raises $3 to $6
Anchig: folds
Uncalled bet ($3) returned to robertass84
robertass84 collected $6 from pot
robertass84: doesn't show hand
*** SUMMARY ***
Total pot $6 | Rake $0
Seat 3: robertass84 (button) (small blind) collected ($6)
Seat 4: Anchig (big blind) folded before Flop


PokerStars Hand #172678920117:  Hold'em Limit ($3/$6 USD) - 2017/07/06 11:46:07 ET
Table 'Aludra' 6-max Seat #4 is the button
Seat 3: robertass84 ($123 in chips)
Seat 4: Anchig ($121 in chips)
Anchig: posts small blind $1
robertass84: posts big blind $3
*** HOLE CARDS ***
Anchig: raises $3 to $6
robertass84: raises $3 to $9
Anchig: calls $3
*** FLOP *** [7s Jh 4h]
robertass84: bets $3
Anchig: calls $3
*** TURN *** [7s Jh 4h] [5c]
robertass84: bets $6
Anchig: calls $6
*** RIVER *** [7s Jh 4h 5c] [Qc]
robertass84: bets $6
Anchig: calls $6
*** SHOW DOWN ***
robertass84: shows [Js 7c] (two pair, Jacks and Sevens)
Anchig: mucks hand
robertass84 collected $47.50 from pot
*** SUMMARY ***
Total pot $48 | Rake $0.50
Board [7s Jh 4h 5c Qc]
Seat 3: robertass84 (big blind) showed [Js 7c] and won ($47.50) with two pair, Jacks and Sevens
Seat 4: Anchig (button) (small blind) mucked


