PokerStars Hand #158782929152:  Hold'em Limit ($3/$6 USD) - 2016/09/18 16:20:07 ET
Table 'Aludra' 6-max Seat #2 is the button
Seat 2: TinaTurner72 ($120 in chips)
Seat 3: holdfast73 ($126.90 in chips)
TinaTurner72: posts small blind $1
holdfast73: posts big blind $3
*** HOLE CARDS ***
TinaTurner72: raises $3 to $6
holdfast73: calls $3
*** FLOP *** [5s 2d 7d]
holdfast73: checks
TinaTurner72: bets $3
holdfast73: raises $3 to $6
TinaTurner72: calls $3
*** TURN *** [5s 2d 7d] [8s]
holdfast73: bets $6
TinaTurner72: calls $6
*** RIVER *** [5s 2d 7d 8s] [Qh]
holdfast73: bets $6
TinaTurner72: calls $6
*** SHOW DOWN ***
holdfast73: shows [4h 6d] (a straight, Four to Eight)
TinaTurner72: mucks hand
holdfast73 collected $47.50 from pot
*** SUMMARY ***
Total pot $48 | Rake $0.50
Board [5s 2d 7d 8s Qh]
Seat 2: TinaTurner72 (button) (small blind) mucked
Seat 3: holdfast73 (big blind) showed [4h 6d] and won ($47.50) with a straight, Four to Eight


PokerStars Hand #158782949457:  Hold'em Limit ($3/$6 USD) - 2016/09/18 16:20:29 ET
Table 'Aludra' 6-max Seat #3 is the button
Seat 2: TinaTurner72 ($96 in chips)
Seat 3: holdfast73 ($150.40 in chips)
holdfast73: posts small blind $1
TinaTurner72: posts big blind $3
*** HOLE CARDS ***
holdfast73: raises $3 to $6
TinaTurner72: calls $3
*** FLOP *** [8s 5d Qs]
TinaTurner72: checks
holdfast73: bets $3
TinaTurner72: raises $3 to $6
holdfast73: raises $3 to $9
TinaTurner72: calls $3
*** TURN *** [8s 5d Qs] [8c]
TinaTurner72: checks
holdfast73: checks
*** RIVER *** [8s 5d Qs 8c] [4h]
TinaTurner72: bets $6
holdfast73: folds
Uncalled bet ($6) returned to TinaTurner72
TinaTurner72 collected $29.50 from pot
TinaTurner72: doesn't show hand
*** SUMMARY ***
Total pot $30 | Rake $0.50
Board [8s 5d Qs 8c 4h]
Seat 2: TinaTurner72 (big blind) collected ($29.50)
Seat 3: holdfast73 (button) (small blind) folded on the River


PokerStars Hand #158782983544:  Hold'em Limit ($3/$6 USD) - 2016/09/18 16:21:06 ET
Table 'Aludra' 6-max Seat #2 is the button
Seat 2: TinaTurner72 ($110.50 in chips)
Seat 3: holdfast73 ($135.40 in chips)
TinaTurner72: posts small blind $1
holdfast73: posts big blind $3
*** HOLE CARDS ***
TinaTurner72: folds
Uncalled bet ($2) returned to holdfast73
holdfast73 collected $2 from pot
holdfast73: doesn't show hand
*** SUMMARY ***
Total pot $2 | Rake $0
Seat 2: TinaTurner72 (button) (small blind) folded before Flop
Seat 3: holdfast73 (big blind) collected ($2)


PokerStars Hand #158782987338:  Hold'em Limit ($3/$6 USD) - 2016/09/18 16:21:10 ET
Table 'Aludra' 6-max Seat #3 is the button
Seat 2: TinaTurner72 ($109.50 in chips)
Seat 3: holdfast73 ($136.40 in chips)
holdfast73: posts small blind $1
TinaTurner72: posts big blind $3
*** HOLE CARDS ***
holdfast73: raises $3 to $6
TinaTurner72: raises $3 to $9
holdfast73: raises $3 to $12
Betting is capped
TinaTurner72: calls $3
*** FLOP *** [Ks 8d 6d]
TinaTurner72: checks
holdfast73: checks
*** TURN *** [Ks 8d 6d] [7c]
cash077 joins the table at seat #1
TinaTurner72: bets $6
holdfast73: calls $6
*** RIVER *** [Ks 8d 6d 7c] [Jh]
TinaTurner72: bets $6
holdfast73: calls $6
*** SHOW DOWN ***
TinaTurner72: shows [9d Ts] (a straight, Seven to Jack)
holdfast73: mucks hand
TinaTurner72 collected $47.50 from pot
*** SUMMARY ***
Total pot $48 | Rake $0.50
Board [Ks 8d 6d 7c Jh]
Seat 2: TinaTurner72 (big blind) showed [9d Ts] and won ($47.50) with a straight, Seven to Jack
Seat 3: holdfast73 (button) (small blind) mucked


PokerStars Hand #158783005404:  Hold'em Limit ($3/$6 USD) - 2016/09/18 16:21:30 ET
Table 'Aludra' 6-max Seat #2 is the button
Seat 2: TinaTurner72 ($133 in chips)
Seat 3: holdfast73 ($112.40 in chips)
TinaTurner72: posts small blind $1
holdfast73: posts big blind $3
*** HOLE CARDS ***
TinaTurner72: raises $3 to $6
holdfast73: calls $3
*** FLOP *** [Jh Qs Tc]
holdfast73: bets $3
TinaTurner72: raises $3 to $6
holdfast73: folds
Uncalled bet ($3) returned to TinaTurner72
TinaTurner72 collected $17.64 from pot
TinaTurner72: doesn't show hand
*** SUMMARY ***
Total pot $18 | Rake $0.36
Board [Jh Qs Tc]
Seat 2: TinaTurner72 (button) (small blind) collected ($17.64)
Seat 3: holdfast73 (big blind) folded on the Flop


PokerStars Hand #158783159132:  Hold'em Limit ($3/$6 USD) - 2016/09/18 16:24:19 ET
Table 'Aludra' 6-max Seat #3 is the button
Seat 1: cash077 ($94.87 in chips)
Seat 3: Azrarn ($105 in chips)
Azrarn: posts small blind $1
Luanto 14: is sitting out
cash077: posts big blind $3
*** HOLE CARDS ***
Azrarn: folds
Uncalled bet ($2) returned to cash077
cash077 collected $2 from pot
cash077: doesn't show hand
*** SUMMARY ***
Total pot $2 | Rake $0
Seat 1: cash077 (big blind) collected ($2)
Seat 3: Azrarn (button) (small blind) folded before Flop


PokerStars Hand #158783172449:  Hold'em Limit ($3/$6 USD) - 2016/09/18 16:24:33 ET
Table 'Aludra' 6-max Seat #1 is the button
Seat 1: cash077 ($95.87 in chips)
Seat 3: Azrarn ($104 in chips)
cash077: posts small blind $1
Azrarn: posts big blind $3
*** HOLE CARDS ***
cash077: raises $3 to $6
Azrarn: calls $3
*** FLOP *** [7d 7s 5d]
Azrarn: checks
cash077: bets $3
Azrarn: calls $3
*** TURN *** [7d 7s 5d] [Kh]
Azrarn: checks
ssnrub joins the table at seat #5
cash077: bets $6
Azrarn: calls $6
*** RIVER *** [7d 7s 5d Kh] [Jc]
Azrarn: checks
cash077: bets $6
Azrarn: calls $6
*** SHOW DOWN ***
cash077: shows [Tc Jd] (two pair, Jacks and Sevens)
Azrarn: mucks hand
cash077 collected $41.50 from pot
*** SUMMARY ***
Total pot $42 | Rake $0.50
Board [7d 7s 5d Kh Jc]
Seat 1: cash077 (button) (small blind) showed [Tc Jd] and won ($41.50) with two pair, Jacks and Sevens
Seat 3: Azrarn (big blind) mucked


PokerStars Hand #158783420068:  Hold'em Limit ($3/$6 USD) - 2016/09/18 16:29:07 ET
Table 'Aludra' 6-max Seat #1 is the button
Seat 1: cash077 ($130.08 in chips)
Seat 4: Luanto 14 ($146.20 in chips)
cash077: posts small blind $1
Luanto 14: posts big blind $3
*** HOLE CARDS ***
cash077: raises $3 to $6
Luanto 14: calls $3
*** FLOP *** [Ad 7d 5h]
Luanto 14: checks
cash077: bets $3
Luanto 14: calls $3
*** TURN *** [Ad 7d 5h] [Js]
Luanto 14: checks
cash077: bets $6
ssnrub leaves the table
Luanto 14: calls $6
*** RIVER *** [Ad 7d 5h Js] [7h]
Luanto 14: checks
cash077: bets $6
Luanto 14: calls $6
*** SHOW DOWN ***
cash077: shows [5d Qs] (two pair, Sevens and Fives)
Luanto 14: mucks hand
cash077 collected $41.50 from pot
*** SUMMARY ***
Total pot $42 | Rake $0.50
Board [Ad 7d 5h Js 7h]
Seat 1: cash077 (button) (small blind) showed [5d Qs] and won ($41.50) with two pair, Sevens and Fives
Seat 4: Luanto 14 (big blind) mucked


PokerStars Hand #158783407316:  Hold'em Limit ($3/$6 USD) - 2016/09/18 16:28:53 ET
Table 'Aludra' 6-max Seat #4 is the button
Seat 1: cash077 ($136.08 in chips)
Seat 4: Luanto 14 ($140.44 in chips)
Luanto 14: posts small blind $1
Azrarn: is sitting out
cash077: posts big blind $3
*** HOLE CARDS ***
Luanto 14: raises $3 to $6
cash077: calls $3
*** FLOP *** [3s 6d Qc]
cash077: checks
Azrarn leaves the table
Luanto 14: bets $3
cash077: folds
Uncalled bet ($3) returned to Luanto 14
Luanto 14 collected $11.76 from pot
Luanto 14: doesn't show hand
*** SUMMARY ***
Total pot $12 | Rake $0.24
Board [3s 6d Qc]
Seat 1: cash077 (big blind) folded on the Flop
Seat 4: Luanto 14 (button) (small blind) collected ($11.76)


PokerStars Hand #158783442607:  Hold'em Limit ($3/$6 USD) - 2016/09/18 16:29:32 ET
Table 'Aludra' 6-max Seat #4 is the button
Seat 1: cash077 ($150.58 in chips)
Seat 4: Luanto 14 ($125.20 in chips)
Luanto 14: posts small blind $1
cash077: posts big blind $3
*** HOLE CARDS ***
Luanto 14: raises $3 to $6
cash077: calls $3
*** FLOP *** [Qc 3h 3d]
cash077: checks
Luanto 14: bets $3
cash077: folds
Uncalled bet ($3) returned to Luanto 14
Luanto 14 collected $11.76 from pot
Luanto 14: doesn't show hand
*** SUMMARY ***
Total pot $12 | Rake $0.24
Board [Qc 3h 3d]
Seat 1: cash077 (big blind) folded on the Flop
Seat 4: Luanto 14 (button) (small blind) collected ($11.76)


PokerStars Hand #158789917082:  Hold'em Limit ($3/$6 USD) - 2016/09/18 18:41:35 ET
Table 'Aludra' 6-max Seat #3 is the button
Seat 2: UNABELIEVE ($100.40 in chips)
Seat 3: masterblstr8 ($140.13 in chips)
masterblstr8: posts small blind $1
UNABELIEVE: posts big blind $3
*** HOLE CARDS ***
masterblstr8: raises $3 to $6
UNABELIEVE: calls $3
*** FLOP *** [Ac Kh 2c]
UNABELIEVE: bets $3
masterblstr8: folds
Uncalled bet ($3) returned to UNABELIEVE
UNABELIEVE collected $11.76 from pot
*** SUMMARY ***
Total pot $12 | Rake $0.24
Board [Ac Kh 2c]
Seat 2: UNABELIEVE (big blind) collected ($11.76)
Seat 3: masterblstr8 (button) (small blind) folded on the Flop


PokerStars Hand #158789899037:  Hold'em Limit ($3/$6 USD) - 2016/09/18 18:41:09 ET
Table 'Aludra' 6-max Seat #2 is the button
Seat 2: UNABELIEVE ($112.40 in chips)
Seat 3: masterblstr8 ($128.61 in chips)
UNABELIEVE: posts small blind $1
masterblstr8: posts big blind $3
*** HOLE CARDS ***
swics1202 leaves the table
UNABELIEVE: raises $3 to $6
masterblstr8: calls $3
*** FLOP *** [Kd 8c 6s]
masterblstr8: checks
UNABELIEVE: bets $3
masterblstr8: raises $3 to $6
UNABELIEVE: calls $3
*** TURN *** [Kd 8c 6s] [3h]
masterblstr8: bets $6
UNABELIEVE: folds
Uncalled bet ($6) returned to masterblstr8
masterblstr8 collected $23.52 from pot
masterblstr8: doesn't show hand
*** SUMMARY ***
Total pot $24 | Rake $0.48
Board [Kd 8c 6s 3h]
Seat 2: UNABELIEVE (button) (small blind) folded on the Turn
Seat 3: masterblstr8 (big blind) collected ($23.52)


PokerStars Hand #158789887270:  Hold'em Limit ($3/$6 USD) - 2016/09/18 18:40:52 ET
Table 'Aludra' 6-max Seat #3 is the button
Seat 2: UNABELIEVE ($118.40 in chips)
Seat 3: masterblstr8 ($122.85 in chips)
masterblstr8: posts small blind $1
swics1202: is sitting out
UNABELIEVE: posts big blind $3
*** HOLE CARDS ***
masterblstr8: raises $3 to $6
UNABELIEVE: calls $3
*** FLOP *** [Ac 6h Qc]
UNABELIEVE: checks
masterblstr8: bets $3
UNABELIEVE: folds
Uncalled bet ($3) returned to masterblstr8
masterblstr8 collected $11.76 from pot
masterblstr8: doesn't show hand
*** SUMMARY ***
Total pot $12 | Rake $0.24
Board [Ac 6h Qc]
Seat 2: UNABELIEVE (big blind) folded on the Flop
Seat 3: masterblstr8 (button) (small blind) collected ($11.76)


PokerStars Hand #158789926343:  Hold'em Limit ($3/$6 USD) - 2016/09/18 18:41:49 ET
Table 'Aludra' 6-max Seat #2 is the button
Seat 2: UNABELIEVE ($106.16 in chips)
Seat 3: masterblstr8 ($134.13 in chips)
UNABELIEVE: posts small blind $1
masterblstr8: posts big blind $3
*** HOLE CARDS ***
UNABELIEVE: raises $3 to $6
masterblstr8: calls $3
*** FLOP *** [4s 7d Jh]
masterblstr8: checks
UNABELIEVE: bets $3
masterblstr8: raises $3 to $6
UNABELIEVE: raises $3 to $9
masterblstr8: calls $3
*** TURN *** [4s 7d Jh] [5s]
masterblstr8: checks
UNABELIEVE: checks
*** RIVER *** [4s 7d Jh 5s] [6d]
masterblstr8: bets $6
UNABELIEVE: calls $6
*** SHOW DOWN ***
masterblstr8: shows [7h 8c] (a straight, Four to Eight)
UNABELIEVE: mucks hand
masterblstr8 collected $41.50 from pot
*** SUMMARY ***
Total pot $42 | Rake $0.50
Board [4s 7d Jh 5s 6d]
Seat 2: UNABELIEVE (button) (small blind) mucked
Seat 3: masterblstr8 (big blind) showed [7h 8c] and won ($41.50) with a straight, Four to Eight


PokerStars Hand #158789943859:  Hold'em Limit ($3/$6 USD) - 2016/09/18 18:42:15 ET
Table 'Aludra' 6-max Seat #3 is the button
Seat 2: UNABELIEVE ($85.16 in chips)
Seat 3: masterblstr8 ($154.63 in chips)
masterblstr8: posts small blind $1
UNABELIEVE: posts big blind $3
*** HOLE CARDS ***
masterblstr8: raises $3 to $6
UNABELIEVE: calls $3
*** FLOP *** [Ah 5h 8d]
UNABELIEVE: checks
masterblstr8: bets $3
UNABELIEVE: calls $3
*** TURN *** [Ah 5h 8d] [7c]
UNABELIEVE: checks
masterblstr8: bets $6
UNABELIEVE: calls $6
*** RIVER *** [Ah 5h 8d 7c] [5c]
UNABELIEVE: bets $6
masterblstr8: calls $6
*** SHOW DOWN ***
UNABELIEVE: shows [Jc 5d] (three of a kind, Fives)
masterblstr8: mucks hand
UNABELIEVE collected $41.50 from pot
*** SUMMARY ***
Total pot $42 | Rake $0.50
Board [Ah 5h 8d 7c 5c]
Seat 2: UNABELIEVE (big blind) showed [Jc 5d] and won ($41.50) with three of a kind, Fives
Seat 3: masterblstr8 (button) (small blind) mucked


PokerStars Hand #158789957209:  Hold'em Limit ($3/$6 USD) - 2016/09/18 18:42:34 ET
Table 'Aludra' 6-max Seat #2 is the button
Seat 2: UNABELIEVE ($105.66 in chips)
Seat 3: masterblstr8 ($133.63 in chips)
UNABELIEVE: posts small blind $1
masterblstr8: posts big blind $3
*** HOLE CARDS ***
UNABELIEVE: raises $3 to $6
masterblstr8: raises $3 to $9
UNABELIEVE: raises $3 to $12
Betting is capped
masterblstr8: calls $3
*** FLOP *** [5c Ks 7h]
masterblstr8: checks
UNABELIEVE: bets $3
masterblstr8: calls $3
*** TURN *** [5c Ks 7h] [3h]
masterblstr8: checks
UNABELIEVE: bets $6
masterblstr8: calls $6
*** RIVER *** [5c Ks 7h 3h] [Jd]
masterblstr8: checks
UNABELIEVE: checks
*** SHOW DOWN ***
masterblstr8: shows [As 3s] (a pair of Threes)
UNABELIEVE: shows [4s 4h] (a pair of Fours)
UNABELIEVE collected $41.50 from pot
*** SUMMARY ***
Total pot $42 | Rake $0.50
Board [5c Ks 7h 3h Jd]
Seat 2: UNABELIEVE (button) (small blind) showed [4s 4h] and won ($41.50) with a pair of Fours
Seat 3: masterblstr8 (big blind) showed [As 3s] and lost with a pair of Threes


PokerStars Hand #158789983678:  Hold'em Limit ($3/$6 USD) - 2016/09/18 18:43:14 ET
Table 'Aludra' 6-max Seat #3 is the button
Seat 2: UNABELIEVE ($126.16 in chips)
Seat 3: masterblstr8 ($112.63 in chips)
masterblstr8: posts small blind $1
UNABELIEVE: posts big blind $3
*** HOLE CARDS ***
masterblstr8: raises $3 to $6
UNABELIEVE: calls $3
*** FLOP *** [4c 6s Jh]
UNABELIEVE: checks
masterblstr8: bets $3
UNABELIEVE: folds
Uncalled bet ($3) returned to masterblstr8
masterblstr8 collected $11.76 from pot
masterblstr8: doesn't show hand
*** SUMMARY ***
Total pot $12 | Rake $0.24
Board [4c 6s Jh]
Seat 2: UNABELIEVE (big blind) folded on the Flop
Seat 3: masterblstr8 (button) (small blind) collected ($11.76)


PokerStars Hand #158789994850:  Hold'em Limit ($3/$6 USD) - 2016/09/18 18:43:30 ET
Table 'Aludra' 6-max Seat #2 is the button
Seat 2: UNABELIEVE ($120.16 in chips)
Seat 3: masterblstr8 ($118.39 in chips)
UNABELIEVE: posts small blind $1
masterblstr8: posts big blind $3
*** HOLE CARDS ***
UNABELIEVE: raises $3 to $6
masterblstr8: calls $3
*** FLOP *** [Js 6s Ah]
masterblstr8: checks
UNABELIEVE: bets $3
masterblstr8: raises $3 to $6
UNABELIEVE: calls $3
*** TURN *** [Js 6s Ah] [3c]
masterblstr8: bets $6
UNABELIEVE: calls $6
*** RIVER *** [Js 6s Ah 3c] [Tc]
masterblstr8: bets $6
UNABELIEVE: folds
Uncalled bet ($6) returned to masterblstr8
masterblstr8 collected $35.50 from pot
masterblstr8: doesn't show hand
*** SUMMARY ***
Total pot $36 | Rake $0.50
Board [Js 6s Ah 3c Tc]
Seat 2: UNABELIEVE (button) (small blind) folded on the River
Seat 3: masterblstr8 (big blind) collected ($35.50)


PokerStars Hand #158790015336:  Hold'em Limit ($3/$6 USD) - 2016/09/18 18:44:00 ET
Table 'Aludra' 6-max Seat #3 is the button
Seat 2: UNABELIEVE ($102.16 in chips)
Seat 3: masterblstr8 ($135.89 in chips)
masterblstr8: posts small blind $1
UNABELIEVE: posts big blind $3
*** HOLE CARDS ***
masterblstr8: folds
Uncalled bet ($2) returned to UNABELIEVE
UNABELIEVE collected $2 from pot
*** SUMMARY ***
Total pot $2 | Rake $0
Seat 2: UNABELIEVE (big blind) collected ($2)
Seat 3: masterblstr8 (button) (small blind) folded before Flop


PokerStars Hand #158790024264:  Hold'em Limit ($3/$6 USD) - 2016/09/18 18:44:13 ET
Table 'Aludra' 6-max Seat #2 is the button
Seat 2: UNABELIEVE ($103.16 in chips)
Seat 3: masterblstr8 ($134.89 in chips)
UNABELIEVE: posts small blind $1
masterblstr8: posts big blind $3
*** HOLE CARDS ***
UNABELIEVE: raises $3 to $6
masterblstr8: calls $3
*** FLOP *** [Ad 6s 6h]
masterblstr8: checks
UNABELIEVE: bets $3
masterblstr8: raises $3 to $6
UNABELIEVE: calls $3
*** TURN *** [Ad 6s 6h] [Qh]
masterblstr8: bets $6
UNABELIEVE: raises $6 to $12
masterblstr8: folds
Uncalled bet ($6) returned to UNABELIEVE
UNABELIEVE collected $35.50 from pot
*** SUMMARY ***
Total pot $36 | Rake $0.50
Board [Ad 6s 6h Qh]
Seat 2: UNABELIEVE (button) (small blind) collected ($35.50)
Seat 3: masterblstr8 (big blind) folded on the Turn


PokerStars Hand #158790045141:  Hold'em Limit ($3/$6 USD) - 2016/09/18 18:44:44 ET
Table 'Aludra' 6-max Seat #3 is the button
Seat 2: UNABELIEVE ($120.66 in chips)
Seat 3: masterblstr8 ($116.89 in chips)
masterblstr8: posts small blind $1
UNABELIEVE: posts big blind $3
*** HOLE CARDS ***
masterblstr8: raises $3 to $6
UNABELIEVE: raises $3 to $9
masterblstr8: raises $3 to $12
Betting is capped
UNABELIEVE: calls $3
*** FLOP *** [6h Jd 5h]
UNABELIEVE: bets $3
masterblstr8: calls $3
*** TURN *** [6h Jd 5h] [Kd]
UNABELIEVE: checks
masterblstr8: bets $6
UNABELIEVE: calls $6
*** RIVER *** [6h Jd 5h Kd] [4s]
UNABELIEVE: checks
masterblstr8: bets $6
UNABELIEVE: calls $6
*** SHOW DOWN ***
masterblstr8: shows [9s Ks] (a pair of Kings)
UNABELIEVE: mucks hand
masterblstr8 collected $53.50 from pot
*** SUMMARY ***
Total pot $54 | Rake $0.50
Board [6h Jd 5h Kd 4s]
Seat 2: UNABELIEVE (big blind) mucked
Seat 3: masterblstr8 (button) (small blind) showed [9s Ks] and won ($53.50) with a pair of Kings


PokerStars Hand #158790067744:  Hold'em Limit ($3/$6 USD) - 2016/09/18 18:45:17 ET
Table 'Aludra' 6-max Seat #2 is the button
Seat 2: UNABELIEVE ($93.66 in chips)
Seat 3: masterblstr8 ($143.39 in chips)
UNABELIEVE: posts small blind $1
masterblstr8: posts big blind $3
*** HOLE CARDS ***
UNABELIEVE: raises $3 to $6
masterblstr8: raises $3 to $9
UNABELIEVE: calls $3
*** FLOP *** [Ah Jd 4s]
masterblstr8: bets $3
UNABELIEVE: folds
Uncalled bet ($3) returned to masterblstr8
masterblstr8 collected $17.64 from pot
masterblstr8: doesn't show hand
*** SUMMARY ***
Total pot $18 | Rake $0.36
Board [Ah Jd 4s]
Seat 2: UNABELIEVE (button) (small blind) folded on the Flop
Seat 3: masterblstr8 (big blind) collected ($17.64)


PokerStars Hand #158790087208:  Hold'em Limit ($3/$6 USD) - 2016/09/18 18:45:46 ET
Table 'Aludra' 6-max Seat #3 is the button
Seat 2: UNABELIEVE ($84.66 in chips)
Seat 3: masterblstr8 ($152.03 in chips)
masterblstr8: posts small blind $1
UNABELIEVE: posts big blind $3
*** HOLE CARDS ***
masterblstr8: raises $3 to $6
UNABELIEVE: raises $3 to $9
masterblstr8: calls $3
*** FLOP *** [3h Kd 4s]
UNABELIEVE: bets $3
masterblstr8: calls $3
*** TURN *** [3h Kd 4s] [Qc]
UNABELIEVE: checks
masterblstr8: checks
*** RIVER *** [3h Kd 4s Qc] [9s]
UNABELIEVE: checks
masterblstr8: checks
*** SHOW DOWN ***
UNABELIEVE: shows [Jd Ac] (high card Ace)
masterblstr8: mucks hand
UNABELIEVE collected $23.52 from pot
*** SUMMARY ***
Total pot $24 | Rake $0.48
Board [3h Kd 4s Qc 9s]
Seat 2: UNABELIEVE (big blind) showed [Jd Ac] and won ($23.52) with high card Ace
Seat 3: masterblstr8 (button) (small blind) mucked


PokerStars Hand #158790100903:  Hold'em Limit ($3/$6 USD) - 2016/09/18 18:46:06 ET
Table 'Aludra' 6-max Seat #2 is the button
Seat 2: UNABELIEVE ($96.18 in chips)
Seat 3: masterblstr8 ($140.03 in chips)
UNABELIEVE: posts small blind $1
masterblstr8: posts big blind $3
*** HOLE CARDS ***
UNABELIEVE: raises $3 to $6
masterblstr8: calls $3
*** FLOP *** [4d Th Jd]
masterblstr8: checks
UNABELIEVE: bets $3
masterblstr8: raises $3 to $6
UNABELIEVE: calls $3
*** TURN *** [4d Th Jd] [2s]
masterblstr8: bets $6
UNABELIEVE: calls $6
*** RIVER *** [4d Th Jd 2s] [8c]
masterblstr8: bets $6
UNABELIEVE: calls $6
*** SHOW DOWN ***
masterblstr8: shows [5s Qd] (high card Queen)
UNABELIEVE: shows [3s 4s] (a pair of Fours)
UNABELIEVE collected $47.50 from pot
*** SUMMARY ***
Total pot $48 | Rake $0.50
Board [4d Th Jd 2s 8c]
Seat 2: UNABELIEVE (button) (small blind) showed [3s 4s] and won ($47.50) with a pair of Fours
Seat 3: masterblstr8 (big blind) showed [5s Qd] and lost with high card Queen


PokerStars Hand #158790122303:  Hold'em Limit ($3/$6 USD) - 2016/09/18 18:46:38 ET
Table 'Aludra' 6-max Seat #3 is the button
Seat 2: UNABELIEVE ($119.68 in chips)
Seat 3: masterblstr8 ($116.03 in chips)
masterblstr8: posts small blind $1
UNABELIEVE: posts big blind $3
*** HOLE CARDS ***
masterblstr8: raises $3 to $6
UNABELIEVE: calls $3
*** FLOP *** [Kh As 7s]
UNABELIEVE: bets $3
masterblstr8: calls $3
*** TURN *** [Kh As 7s] [3d]
UNABELIEVE: bets $6
masterblstr8: raises $6 to $12
UNABELIEVE: calls $6
*** RIVER *** [Kh As 7s 3d] [5s]
UNABELIEVE: checks
masterblstr8: checks
*** SHOW DOWN ***
UNABELIEVE: shows [Ks 2d] (a pair of Kings)
masterblstr8: shows [Jd Kd] (a pair of Kings - Ace+Jack kicker)
masterblstr8 collected $41.50 from pot
*** SUMMARY ***
Total pot $42 | Rake $0.50
Board [Kh As 7s 3d 5s]
Seat 2: UNABELIEVE (big blind) showed [Ks 2d] and lost with a pair of Kings
Seat 3: masterblstr8 (button) (small blind) showed [Jd Kd] and won ($41.50) with a pair of Kings


PokerStars Hand #158790135871:  Hold'em Limit ($3/$6 USD) - 2016/09/18 18:46:59 ET
Table 'Aludra' 6-max Seat #2 is the button
Seat 2: UNABELIEVE ($98.68 in chips)
Seat 3: masterblstr8 ($136.53 in chips)
UNABELIEVE: posts small blind $1
masterblstr8: posts big blind $3
*** HOLE CARDS ***
UNABELIEVE: raises $3 to $6
masterblstr8: calls $3
*** FLOP *** [3c 5h Qc]
masterblstr8: checks
UNABELIEVE: bets $3
masterblstr8: calls $3
*** TURN *** [3c 5h Qc] [3h]
masterblstr8: checks
UNABELIEVE: bets $6
masterblstr8: calls $6
*** RIVER *** [3c 5h Qc 3h] [2h]
masterblstr8: checks
UNABELIEVE: bets $6
masterblstr8: calls $6
*** SHOW DOWN ***
UNABELIEVE: shows [8c Jc] (a pair of Threes)
masterblstr8: shows [9h 5s] (two pair, Fives and Threes)
masterblstr8 collected $41.50 from pot
*** SUMMARY ***
Total pot $42 | Rake $0.50
Board [3c 5h Qc 3h 2h]
Seat 2: UNABELIEVE (button) (small blind) showed [8c Jc] and lost with a pair of Threes
Seat 3: masterblstr8 (big blind) showed [9h 5s] and won ($41.50) with two pair, Fives and Threes


PokerStars Hand #158790161466:  Hold'em Limit ($3/$6 USD) - 2016/09/18 18:47:37 ET
Table 'Aludra' 6-max Seat #3 is the button
Seat 2: UNABELIEVE ($77.68 in chips)
Seat 3: masterblstr8 ($157.03 in chips)
masterblstr8: posts small blind $1
UNABELIEVE: posts big blind $3
*** HOLE CARDS ***
masterblstr8: raises $3 to $6
UNABELIEVE: raises $3 to $9
masterblstr8: calls $3
*** FLOP *** [7c 2d 6h]
UNABELIEVE: bets $3
masterblstr8: calls $3
*** TURN *** [7c 2d 6h] [3h]
UNABELIEVE: bets $6
masterblstr8: folds
Uncalled bet ($6) returned to UNABELIEVE
UNABELIEVE collected $23.52 from pot
*** SUMMARY ***
Total pot $24 | Rake $0.48
Board [7c 2d 6h 3h]
Seat 2: UNABELIEVE (big blind) collected ($23.52)
Seat 3: masterblstr8 (button) (small blind) folded on the Turn


PokerStars Hand #158790180762:  Hold'em Limit ($3/$6 USD) - 2016/09/18 18:48:06 ET
Table 'Aludra' 6-max Seat #2 is the button
Seat 2: UNABELIEVE ($89.20 in chips)
Seat 3: masterblstr8 ($145.03 in chips)
UNABELIEVE: posts small blind $1
masterblstr8: posts big blind $3
*** HOLE CARDS ***
UNABELIEVE: raises $3 to $6
masterblstr8: calls $3
*** FLOP *** [Td 9c Jd]
masterblstr8: checks
UNABELIEVE: bets $3
masterblstr8: raises $3 to $6
UNABELIEVE: folds
Uncalled bet ($3) returned to masterblstr8
masterblstr8 collected $17.64 from pot
masterblstr8: doesn't show hand
*** SUMMARY ***
Total pot $18 | Rake $0.36
Board [Td 9c Jd]
Seat 2: UNABELIEVE (button) (small blind) folded on the Flop
Seat 3: masterblstr8 (big blind) collected ($17.64)


PokerStars Hand #158790202238:  Hold'em Limit ($3/$6 USD) - 2016/09/18 18:48:38 ET
Table 'Aludra' 6-max Seat #2 is the button
Seat 2: UNABELIEVE ($56.20 in chips)
Seat 3: masterblstr8 ($177.17 in chips)
UNABELIEVE: posts small blind $1
masterblstr8: posts big blind $3
*** HOLE CARDS ***
UNABELIEVE: folds
Uncalled bet ($2) returned to masterblstr8
masterblstr8 collected $2 from pot
masterblstr8: doesn't show hand
*** SUMMARY ***
Total pot $2 | Rake $0
Seat 2: UNABELIEVE (button) (small blind) folded before Flop
Seat 3: masterblstr8 (big blind) collected ($2)


PokerStars Hand #158790192867:  Hold'em Limit ($3/$6 USD) - 2016/09/18 18:48:24 ET
Table 'Aludra' 6-max Seat #3 is the button
Seat 2: UNABELIEVE ($80.20 in chips)
Seat 3: masterblstr8 ($153.67 in chips)
masterblstr8: posts small blind $1
UNABELIEVE: posts big blind $3
*** HOLE CARDS ***
masterblstr8: raises $3 to $6
UNABELIEVE: raises $3 to $9
masterblstr8: calls $3
*** FLOP *** [Th 3c 4c]
UNABELIEVE: bets $3
masterblstr8: calls $3
*** TURN *** [Th 3c 4c] [Ks]
UNABELIEVE: bets $6
masterblstr8: raises $6 to $12
UNABELIEVE: calls $6
*** RIVER *** [Th 3c 4c Ks] [7d]
UNABELIEVE: checks
masterblstr8: checks
*** SHOW DOWN ***
UNABELIEVE: shows [8h As] (high card Ace)
masterblstr8: shows [4d 5d] (a pair of Fours)
masterblstr8 collected $47.50 from pot
*** SUMMARY ***
Total pot $48 | Rake $0.50
Board [Th 3c 4c Ks 7d]
Seat 2: UNABELIEVE (big blind) showed [8h As] and lost with high card Ace
Seat 3: masterblstr8 (button) (small blind) showed [4d 5d] and won ($47.50) with a pair of Fours


PokerStars Hand #158790205853:  Hold'em Limit ($3/$6 USD) - 2016/09/18 18:48:44 ET
Table 'Aludra' 6-max Seat #3 is the button
Seat 2: UNABELIEVE ($55.20 in chips)
Seat 3: masterblstr8 ($178.17 in chips)
masterblstr8: posts small blind $1
UNABELIEVE: posts big blind $3
*** HOLE CARDS ***
masterblstr8: raises $3 to $6
UNABELIEVE: calls $3
*** FLOP *** [Ah 8h 3s]
UNABELIEVE: checks
masterblstr8: bets $3
UNABELIEVE: folds
Uncalled bet ($3) returned to masterblstr8
masterblstr8 collected $11.76 from pot
masterblstr8: doesn't show hand
*** SUMMARY ***
Total pot $12 | Rake $0.24
Board [Ah 8h 3s]
Seat 2: UNABELIEVE (big blind) folded on the Flop
Seat 3: masterblstr8 (button) (small blind) collected ($11.76)


PokerStars Hand #158790220606:  Hold'em Limit ($3/$6 USD) - 2016/09/18 18:49:06 ET
Table 'Aludra' 6-max Seat #2 is the button
Seat 2: UNABELIEVE ($49.20 in chips)
Seat 3: masterblstr8 ($183.93 in chips)
UNABELIEVE: posts small blind $1
masterblstr8: posts big blind $3
*** HOLE CARDS ***
UNABELIEVE: raises $3 to $6
masterblstr8: folds
Uncalled bet ($3) returned to UNABELIEVE
UNABELIEVE collected $6 from pot
*** SUMMARY ***
Total pot $6 | Rake $0
Seat 2: UNABELIEVE (button) (small blind) collected ($6)
Seat 3: masterblstr8 (big blind) folded before Flop


PokerStars Hand #158790249321:  Hold'em Limit ($3/$6 USD) - 2016/09/18 18:49:50 ET
Table 'Aludra' 6-max Seat #2 is the button
Seat 2: UNABELIEVE ($60.84 in chips)
Seat 3: masterblstr8 ($171.93 in chips)
UNABELIEVE: posts small blind $1
masterblstr8: posts big blind $3
*** HOLE CARDS ***
UNABELIEVE: raises $3 to $6
masterblstr8: folds
Uncalled bet ($3) returned to UNABELIEVE
UNABELIEVE collected $6 from pot
*** SUMMARY ***
Total pot $6 | Rake $0
Seat 2: UNABELIEVE (button) (small blind) collected ($6)
Seat 3: masterblstr8 (big blind) folded before Flop


PokerStars Hand #158790226347:  Hold'em Limit ($3/$6 USD) - 2016/09/18 18:49:15 ET
Table 'Aludra' 6-max Seat #3 is the button
Seat 2: UNABELIEVE ($52.20 in chips)
Seat 3: masterblstr8 ($180.93 in chips)
masterblstr8: posts small blind $1
UNABELIEVE: posts big blind $3
*** HOLE CARDS ***
masterblstr8: raises $3 to $6
UNABELIEVE: calls $3
*** FLOP *** [Ts 9c Qc]
UNABELIEVE: checks
masterblstr8: bets $3
UNABELIEVE: calls $3
*** TURN *** [Ts 9c Qc] [Qd]
UNABELIEVE: checks
masterblstr8: checks
*** RIVER *** [Ts 9c Qc Qd] [Th]
UNABELIEVE: bets $6
masterblstr8: folds
Uncalled bet ($6) returned to UNABELIEVE
UNABELIEVE collected $17.64 from pot
*** SUMMARY ***
Total pot $18 | Rake $0.36
Board [Ts 9c Qc Qd Th]
Seat 2: UNABELIEVE (big blind) collected ($17.64)
Seat 3: masterblstr8 (button) (small blind) folded on the River


PokerStars Hand #158790265013:  Hold'em Limit ($3/$6 USD) - 2016/09/18 18:50:14 ET
Table 'Aludra' 6-max Seat #2 is the button
Seat 2: UNABELIEVE ($87.34 in chips)
Seat 3: masterblstr8 ($144.93 in chips)
UNABELIEVE: posts small blind $1
masterblstr8: posts big blind $3
*** HOLE CARDS ***
UNABELIEVE: raises $3 to $6
masterblstr8: raises $3 to $9
UNABELIEVE: calls $3
*** FLOP *** [Tc Ks 7h]
masterblstr8: bets $3
UNABELIEVE: raises $3 to $6
masterblstr8: raises $3 to $9
UNABELIEVE: calls $3
*** TURN *** [Tc Ks 7h] [4s]
masterblstr8: bets $6
UNABELIEVE: calls $6
*** RIVER *** [Tc Ks 7h 4s] [Kc]
masterblstr8: checks
UNABELIEVE: checks
*** SHOW DOWN ***
masterblstr8: shows [Ac Js] (a pair of Kings)
UNABELIEVE: shows [7c 6c] (two pair, Kings and Sevens)
UNABELIEVE collected $47.50 from pot
*** SUMMARY ***
Total pot $48 | Rake $0.50
Board [Tc Ks 7h 4s Kc]
Seat 2: UNABELIEVE (button) (small blind) showed [7c 6c] and won ($47.50) with two pair, Kings and Sevens
Seat 3: masterblstr8 (big blind) showed [Ac Js] and lost with a pair of Kings


PokerStars Hand #158790253199:  Hold'em Limit ($3/$6 USD) - 2016/09/18 18:49:56 ET
Table 'Aludra' 6-max Seat #3 is the button
Seat 2: UNABELIEVE ($63.84 in chips)
Seat 3: masterblstr8 ($168.93 in chips)
masterblstr8: posts small blind $1
UNABELIEVE: posts big blind $3
*** HOLE CARDS ***
masterblstr8: raises $3 to $6
UNABELIEVE: raises $3 to $9
masterblstr8: calls $3
*** FLOP *** [7c 3s 8d]
UNABELIEVE: bets $3
masterblstr8: calls $3
*** TURN *** [7c 3s 8d] [Th]
UNABELIEVE: bets $6
masterblstr8: calls $6
*** RIVER *** [7c 3s 8d Th] [9s]
UNABELIEVE: bets $6
masterblstr8: calls $6
*** SHOW DOWN ***
UNABELIEVE: shows [6h 6s] (a straight, Six to Ten)
masterblstr8: mucks hand
UNABELIEVE collected $47.50 from pot
*** SUMMARY ***
Total pot $48 | Rake $0.50
Board [7c 3s 8d Th 9s]
Seat 2: UNABELIEVE (big blind) showed [6h 6s] and won ($47.50) with a straight, Six to Ten
Seat 3: masterblstr8 (button) (small blind) mucked


PokerStars Hand #158790293915:  Hold'em Limit ($3/$6 USD) - 2016/09/18 18:50:58 ET
Table 'Aludra' 6-max Seat #2 is the button
Seat 2: UNABELIEVE ($111.84 in chips)
Seat 3: masterblstr8 ($119.93 in chips)
UNABELIEVE: posts small blind $1
masterblstr8: posts big blind $3
*** HOLE CARDS ***
UNABELIEVE: raises $3 to $6
masterblstr8: folds
Uncalled bet ($3) returned to UNABELIEVE
UNABELIEVE collected $6 from pot
*** SUMMARY ***
Total pot $6 | Rake $0
Seat 2: UNABELIEVE (button) (small blind) collected ($6)
Seat 3: masterblstr8 (big blind) folded before Flop


PokerStars Hand #158790290521:  Hold'em Limit ($3/$6 USD) - 2016/09/18 18:50:53 ET
Table 'Aludra' 6-max Seat #3 is the button
Seat 2: UNABELIEVE ($110.84 in chips)
Seat 3: masterblstr8 ($120.93 in chips)
masterblstr8: posts small blind $1
UNABELIEVE: posts big blind $3
*** HOLE CARDS ***
masterblstr8: folds
Uncalled bet ($2) returned to UNABELIEVE
UNABELIEVE collected $2 from pot
*** SUMMARY ***
Total pot $2 | Rake $0
Seat 2: UNABELIEVE (big blind) collected ($2)
Seat 3: masterblstr8 (button) (small blind) folded before Flop


PokerStars Hand #158790298000:  Hold'em Limit ($3/$6 USD) - 2016/09/18 18:51:04 ET
Table 'Aludra' 6-max Seat #3 is the button
Seat 2: UNABELIEVE ($114.84 in chips)
Seat 3: masterblstr8 ($116.93 in chips)
masterblstr8: posts small blind $1
UNABELIEVE: posts big blind $3
*** HOLE CARDS ***
masterblstr8: raises $3 to $6
UNABELIEVE: calls $3
*** FLOP *** [3s Ad Qc]
UNABELIEVE: checks
masterblstr8: bets $3
UNABELIEVE: folds
Uncalled bet ($3) returned to masterblstr8
masterblstr8 collected $11.76 from pot
masterblstr8: doesn't show hand
*** SUMMARY ***
Total pot $12 | Rake $0.24
Board [3s Ad Qc]
Seat 2: UNABELIEVE (big blind) folded on the Flop
Seat 3: masterblstr8 (button) (small blind) collected ($11.76)


PokerStars Hand #158790318849:  Hold'em Limit ($3/$6 USD) - 2016/09/18 18:51:36 ET
Table 'Aludra' 6-max Seat #2 is the button
Seat 2: UNABELIEVE ($108.84 in chips)
Seat 3: masterblstr8 ($122.69 in chips)
UNABELIEVE: posts small blind $1
masterblstr8: posts big blind $3
*** HOLE CARDS ***
UNABELIEVE: raises $3 to $6
masterblstr8: calls $3
*** FLOP *** [9s Ks Jh]
masterblstr8: checks
UNABELIEVE: bets $3
masterblstr8: folds
Uncalled bet ($3) returned to UNABELIEVE
UNABELIEVE collected $11.76 from pot
*** SUMMARY ***
Total pot $12 | Rake $0.24
Board [9s Ks Jh]
Seat 2: UNABELIEVE (button) (small blind) collected ($11.76)
Seat 3: masterblstr8 (big blind) folded on the Flop


PokerStars Hand #158790327297:  Hold'em Limit ($3/$6 USD) - 2016/09/18 18:51:49 ET
Table 'Aludra' 6-max Seat #3 is the button
Seat 2: UNABELIEVE ($114.60 in chips)
Seat 3: masterblstr8 ($116.69 in chips)
masterblstr8: posts small blind $1
UNABELIEVE: posts big blind $3
*** HOLE CARDS ***
masterblstr8: raises $3 to $6
UNABELIEVE: calls $3
*** FLOP *** [9s 4s Qc]
UNABELIEVE: bets $3
masterblstr8: calls $3
*** TURN *** [9s 4s Qc] [6c]
UNABELIEVE: bets $6
masterblstr8: calls $6
*** RIVER *** [9s 4s Qc 6c] [6d]
UNABELIEVE: bets $6
masterblstr8: calls $6
*** SHOW DOWN ***
UNABELIEVE: shows [8c 9d] (two pair, Nines and Sixes)
masterblstr8: shows [9c Tc] (two pair, Nines and Sixes)
UNABELIEVE collected $20.75 from pot
masterblstr8 collected $20.75 from pot
*** SUMMARY ***
Total pot $42 | Rake $0.50
Board [9s 4s Qc 6c 6d]
Seat 2: UNABELIEVE (big blind) showed [8c 9d] and won ($20.75) with two pair, Nines and Sixes
Seat 3: masterblstr8 (button) (small blind) showed [9c Tc] and won ($20.75) with two pair, Nines and Sixes


PokerStars Hand #158790358301:  Hold'em Limit ($3/$6 USD) - 2016/09/18 18:52:38 ET
Table 'Aludra' 6-max Seat #2 is the button
Seat 2: UNABELIEVE ($114.35 in chips)
Seat 3: masterblstr8 ($116.44 in chips)
UNABELIEVE: posts small blind $1
masterblstr8: posts big blind $3
*** HOLE CARDS ***
UNABELIEVE: raises $3 to $6
masterblstr8: raises $3 to $9
UNABELIEVE: calls $3
*** FLOP *** [7c Ts 3c]
masterblstr8: bets $3
UNABELIEVE: raises $3 to $6
masterblstr8: raises $3 to $9
UNABELIEVE: calls $3
*** TURN *** [7c Ts 3c] [9c]
masterblstr8: bets $6
UNABELIEVE: calls $6
*** RIVER *** [7c Ts 3c 9c] [Qs]
masterblstr8: bets $6
UNABELIEVE: calls $6
*** SHOW DOWN ***
masterblstr8: shows [Kc Ac] (a flush, Ace high)
UNABELIEVE: mucks hand
masterblstr8 collected $59.50 from pot
*** SUMMARY ***
Total pot $60 | Rake $0.50
Board [7c Ts 3c 9c Qs]
Seat 2: UNABELIEVE (button) (small blind) mucked
Seat 3: masterblstr8 (big blind) showed [Kc Ac] and won ($59.50) with a flush, Ace high


PokerStars Hand #158790373935:  Hold'em Limit ($3/$6 USD) - 2016/09/18 18:53:02 ET
Table 'Aludra' 6-max Seat #3 is the button
Seat 2: UNABELIEVE ($84.35 in chips)
Seat 3: masterblstr8 ($145.94 in chips)
masterblstr8: posts small blind $1
UNABELIEVE: posts big blind $3
*** HOLE CARDS ***
masterblstr8: raises $3 to $6
UNABELIEVE: calls $3
*** FLOP *** [6h 3d 3c]
UNABELIEVE: bets $3
masterblstr8: calls $3
*** TURN *** [6h 3d 3c] [8h]
UNABELIEVE: checks
masterblstr8: bets $6
UNABELIEVE: raises $6 to $12
masterblstr8: calls $6
*** RIVER *** [6h 3d 3c 8h] [Jh]
UNABELIEVE: bets $6
masterblstr8: calls $6
*** SHOW DOWN ***
UNABELIEVE: shows [Qh 3h] (a flush, Queen high)
masterblstr8: mucks hand
Zubasa07 joins the table at seat #4
UNABELIEVE collected $53.50 from pot
*** SUMMARY ***
Total pot $54 | Rake $0.50
Board [6h 3d 3c 8h Jh]
Seat 2: UNABELIEVE (big blind) showed [Qh 3h] and won ($53.50) with a flush, Queen high
Seat 3: masterblstr8 (button) (small blind) mucked


PokerStars Hand #158790392718:  Hold'em Limit ($3/$6 USD) - 2016/09/18 18:53:26 ET
Table 'Aludra' 6-max Seat #2 is the button
Seat 2: UNABELIEVE ($110.85 in chips)
Seat 3: masterblstr8 ($118.94 in chips)
UNABELIEVE: posts small blind $1
masterblstr8: posts big blind $3
*** HOLE CARDS ***
UNABELIEVE: raises $3 to $6
masterblstr8: folds
Uncalled bet ($3) returned to UNABELIEVE
UNABELIEVE collected $6 from pot
*** SUMMARY ***
Total pot $6 | Rake $0
Seat 2: UNABELIEVE (button) (small blind) collected ($6)
Seat 3: masterblstr8 (big blind) folded before Flop


PokerStars Hand #158790523397:  Hold'em Limit ($3/$6 USD) - 2016/09/18 18:57:23 ET
Table 'Aludra' 6-max Seat #4 is the button
Seat 3: masterblstr8 ($161.47 in chips)
Seat 4: Zubasa07 ($500.92 in chips)
Zubasa07: posts small blind $1
UNABELIEVE: is sitting out
masterblstr8: posts big blind $3
*** HOLE CARDS ***
Zubasa07: raises $3 to $6
masterblstr8: calls $3
*** FLOP *** [6s Kd Jd]
masterblstr8: checks
Zubasa07: checks
*** TURN *** [6s Kd Jd] [4d]
masterblstr8: bets $6
Zubasa07: calls $6
*** RIVER *** [6s Kd Jd 4d] [Jc]
masterblstr8: bets $6
Zubasa07: raises $6 to $12
masterblstr8: folds
Uncalled bet ($6) returned to Zubasa07
Zubasa07 collected $35.50 from pot
Zubasa07: doesn't show hand
*** SUMMARY ***
Total pot $36 | Rake $0.50
Board [6s Kd Jd 4d Jc]
Seat 3: masterblstr8 (big blind) folded on the River
Seat 4: Zubasa07 (button) (small blind) collected ($35.50)


