PokerStars Hand #162956831819:  Hold'em Limit ($3/$6 USD) - 2016/12/14 18:34:25 ET
Table 'Aludra' 6-max Seat #1 is the button
Seat 1: LifeisagameX ($84 in chips)
Seat 4: Actionni13 ($150 in chips)
LifeisagameX: posts small blind $1
Actionni13: posts big blind $3
*** HOLE CARDS ***
LifeisagameX: raises $3 to $6
Actionni13: calls $3
*** FLOP *** [5c 6h 4c]
Actionni13: bets $3
LifeisagameX: calls $3
*** TURN *** [5c 6h 4c] [Ah]
Actionni13: checks
LifeisagameX: bets $6
Actionni13: calls $6
*** RIVER *** [5c 6h 4c Ah] [Qd]
Actionni13: checks
LifeisagameX: bets $6
Actionni13: raises $6 to $12
LifeisagameX: calls $6
*** SHOW DOWN ***
Actionni13: shows [4h Qh] (two pair, Queens and Fours)
LifeisagameX: mucks hand
Actionni13 collected $53.50 from pot
*** SUMMARY ***
Total pot $54 | Rake $0.50
Board [5c 6h 4c Ah Qd]
Seat 1: LifeisagameX (button) (small blind) mucked
Seat 4: Actionni13 (big blind) showed [4h Qh] and won ($53.50) with two pair, Queens and Fours


PokerStars Hand #162956887245:  Hold'em Limit ($3/$6 USD) - 2016/12/14 18:35:37 ET
Table 'Aludra' 6-max Seat #1 is the button
Seat 1: LifeisagameX ($92.64 in chips)
Seat 4: Actionni13 ($167.50 in chips)
LifeisagameX: posts small blind $1
Actionni13: posts big blind $3
*** HOLE CARDS ***
LifeisagameX: raises $3 to $6
Actionni13: raises $3 to $9
LifeisagameX: calls $3
*** FLOP *** [Ts 3h 2d]
Actionni13: bets $3
LifeisagameX: calls $3
*** TURN *** [Ts 3h 2d] [Ad]
Actionni13: bets $6
LifeisagameX: folds
Uncalled bet ($6) returned to Actionni13
Actionni13 collected $23.52 from pot
*** SUMMARY ***
Total pot $24 | Rake $0.48
Board [Ts 3h 2d Ad]
Seat 1: LifeisagameX (button) (small blind) folded on the Turn
Seat 4: Actionni13 (big blind) collected ($23.52)


PokerStars Hand #162956883543:  Hold'em Limit ($3/$6 USD) - 2016/12/14 18:35:32 ET
Table 'Aludra' 6-max Seat #4 is the button
Seat 1: LifeisagameX ($91.64 in chips)
Seat 4: Actionni13 ($168.50 in chips)
Actionni13: posts small blind $1
LifeisagameX: posts big blind $3
*** HOLE CARDS ***
Actionni13: folds
Uncalled bet ($2) returned to LifeisagameX
LifeisagameX collected $2 from pot
LifeisagameX: doesn't show hand
*** SUMMARY ***
Total pot $2 | Rake $0
Seat 1: LifeisagameX (big blind) collected ($2)
Seat 4: Actionni13 (button) (small blind) folded before Flop


PokerStars Hand #162956877826:  Hold'em Limit ($3/$6 USD) - 2016/12/14 18:35:25 ET
Table 'Aludra' 6-max Seat #1 is the button
Seat 1: LifeisagameX ($92.64 in chips)
Seat 4: Actionni13 ($167.50 in chips)
LifeisagameX: posts small blind $1
Actionni13: posts big blind $3
*** HOLE CARDS ***
LifeisagameX: folds
Uncalled bet ($2) returned to Actionni13
Actionni13 collected $2 from pot
*** SUMMARY ***
Total pot $2 | Rake $0
Seat 1: LifeisagameX (button) (small blind) folded before Flop
Seat 4: Actionni13 (big blind) collected ($2)


PokerStars Hand #162956909672:  Hold'em Limit ($3/$6 USD) - 2016/12/14 18:36:06 ET
Table 'Aludra' 6-max Seat #4 is the button
Seat 1: LifeisagameX ($84 in chips)
Seat 4: Actionni13 ($179.02 in chips)
Actionni13: posts small blind $1
LifeisagameX: posts big blind $3
*** HOLE CARDS ***
Actionni13: raises $3 to $6
LifeisagameX: raises $3 to $9
Actionni13: calls $3
*** FLOP *** [2d 3s 6d]
LifeisagameX: bets $3
Actionni13: calls $3
*** TURN *** [2d 3s 6d] [Jh]
LifeisagameX: checks
Actionni13: checks
*** RIVER *** [2d 3s 6d Jh] [6h]
LifeisagameX: bets $6
Actionni13: folds
Uncalled bet ($6) returned to LifeisagameX
LifeisagameX collected $23.52 from pot
LifeisagameX: doesn't show hand
*** SUMMARY ***
Total pot $24 | Rake $0.48
Board [2d 3s 6d Jh 6h]
Seat 1: LifeisagameX (big blind) collected ($23.52)
Seat 4: Actionni13 (button) (small blind) folded on the River


PokerStars Hand #162956968001:  Hold'em Limit ($3/$6 USD) - 2016/12/14 18:37:22 ET
Table 'Aludra' 6-max Seat #4 is the button
Seat 1: LifeisagameX ($116.02 in chips)
Seat 4: Actionni13 ($150 in chips)
Actionni13: posts small blind $1
LifeisagameX: posts big blind $3
*** HOLE CARDS ***
Actionni13: raises $3 to $6
LifeisagameX: calls $3
*** FLOP *** [Qs Kd 3d]
LifeisagameX: checks
Actionni13: bets $3
LifeisagameX: calls $3
*** TURN *** [Qs Kd 3d] [4d]
LifeisagameX: checks
Actionni13: bets $6
LifeisagameX: calls $6
*** RIVER *** [Qs Kd 3d 4d] [8d]
LifeisagameX: checks
Actionni13: bets $6
LifeisagameX: calls $6
*** SHOW DOWN ***
Actionni13: shows [Qc Td] (a flush, King high)
LifeisagameX: mucks hand
Actionni13 collected $41.50 from pot
*** SUMMARY ***
Total pot $42 | Rake $0.50
Board [Qs Kd 3d 4d 8d]
Seat 1: LifeisagameX (big blind) mucked
Seat 4: Actionni13 (button) (small blind) showed [Qc Td] and won ($41.50) with a flush, King high


PokerStars Hand #162956935040:  Hold'em Limit ($3/$6 USD) - 2016/12/14 18:36:39 ET
Table 'Aludra' 6-max Seat #1 is the button
Seat 1: LifeisagameX ($95.52 in chips)
Seat 4: Actionni13 ($167.02 in chips)
LifeisagameX: posts small blind $1
Actionni13: posts big blind $3
*** HOLE CARDS ***
LifeisagameX: raises $3 to $6
Actionni13: calls $3
*** FLOP *** [4c 6h Jd]
Actionni13: checks
LifeisagameX: bets $3
Actionni13: calls $3
*** TURN *** [4c 6h Jd] [Js]
Actionni13: checks
LifeisagameX: bets $6
Actionni13: calls $6
*** RIVER *** [4c 6h Jd Js] [3h]
Actionni13: checks
LifeisagameX: bets $6
Actionni13: calls $6
*** SHOW DOWN ***
LifeisagameX: shows [Jc Td] (three of a kind, Jacks)
Actionni13: mucks hand
LifeisagameX collected $41.50 from pot
*** SUMMARY ***
Total pot $42 | Rake $0.50
Board [4c 6h Jd Js 3h]
Seat 1: LifeisagameX (button) (small blind) showed [Jc Td] and won ($41.50) with three of a kind, Jacks
Seat 4: Actionni13 (big blind) mucked


PokerStars Hand #162957044634:  Hold'em Limit ($3/$6 USD) - 2016/12/14 18:39:03 ET
Table 'Aludra' 6-max Seat #1 is the button
Seat 1: LifeisagameX ($84 in chips)
Seat 4: Actionni13 ($205.76 in chips)
LifeisagameX: posts small blind $1
Actionni13: posts big blind $3
*** HOLE CARDS ***
LifeisagameX: raises $3 to $6
Actionni13: raises $3 to $9
LifeisagameX: calls $3
*** FLOP *** [Jh 4c 3h]
Actionni13: bets $3
LifeisagameX: calls $3
*** TURN *** [Jh 4c 3h] [Ad]
Actionni13: bets $6
LifeisagameX: folds
Uncalled bet ($6) returned to Actionni13
Actionni13 collected $23.52 from pot
*** SUMMARY ***
Total pot $24 | Rake $0.48
Board [Jh 4c 3h Ad]
Seat 1: LifeisagameX (button) (small blind) folded on the Turn
Seat 4: Actionni13 (big blind) collected ($23.52)


PokerStars Hand #162957036295:  Hold'em Limit ($3/$6 USD) - 2016/12/14 18:38:52 ET
Table 'Aludra' 6-max Seat #4 is the button
Seat 1: LifeisagameX ($84 in chips)
Seat 4: Actionni13 ($200 in chips)
Actionni13: posts small blind $1
LifeisagameX: posts big blind $3
*** HOLE CARDS ***
Actionni13: raises $3 to $6
LifeisagameX: calls $3
*** FLOP *** [3c 7h Ks]
LifeisagameX: checks
Actionni13: bets $3
LifeisagameX: folds
Uncalled bet ($3) returned to Actionni13
Actionni13 collected $11.76 from pot
*** SUMMARY ***
Total pot $12 | Rake $0.24
Board [3c 7h Ks]
Seat 1: LifeisagameX (big blind) folded on the Flop
Seat 4: Actionni13 (button) (small blind) collected ($11.76)


PokerStars Hand #162957005097:  Hold'em Limit ($3/$6 USD) - 2016/12/14 18:38:11 ET
Table 'Aludra' 6-max Seat #1 is the button
Seat 1: LifeisagameX ($95.02 in chips)
Seat 4: Actionni13 ($170.50 in chips)
LifeisagameX: posts small blind $1
Actionni13: posts big blind $3
*** HOLE CARDS ***
LifeisagameX: raises $3 to $6
Actionni13: calls $3
*** FLOP *** [Js 5s 2s]
Actionni13: checks
LifeisagameX: checks
*** TURN *** [Js 5s 2s] [2c]
Actionni13: bets $6
LifeisagameX: calls $6
*** RIVER *** [Js 5s 2s 2c] [Qh]
Actionni13: bets $6
LifeisagameX: raises $6 to $12
Actionni13: raises $6 to $18
LifeisagameX: calls $6
*** SHOW DOWN ***
Actionni13: shows [8s 3s] (a flush, Jack high)
LifeisagameX: mucks hand
Actionni13 collected $59.50 from pot
*** SUMMARY ***
Total pot $60 | Rake $0.50
Board [Js 5s 2s 2c Qh]
Seat 1: LifeisagameX (button) (small blind) mucked
Seat 4: Actionni13 (big blind) showed [8s 3s] and won ($59.50) with a flush, Jack high


PokerStars Hand #162957089271:  Hold'em Limit ($3/$6 USD) - 2016/12/14 18:40:02 ET
Table 'Aludra' 6-max Seat #1 is the button
Seat 1: LifeisagameX ($92.64 in chips)
Seat 4: Actionni13 ($208.28 in chips)
LifeisagameX: posts small blind $1
Actionni13: posts big blind $3
*** HOLE CARDS ***
LifeisagameX: folds
Uncalled bet ($2) returned to Actionni13
Actionni13 collected $2 from pot
*** SUMMARY ***
Total pot $2 | Rake $0
Seat 1: LifeisagameX (button) (small blind) folded before Flop
Seat 4: Actionni13 (big blind) collected ($2)


PokerStars Hand #162957057763:  Hold'em Limit ($3/$6 USD) - 2016/12/14 18:39:20 ET
Table 'Aludra' 6-max Seat #4 is the button
Seat 1: LifeisagameX ($84 in chips)
Seat 4: Actionni13 ($217.28 in chips)
Actionni13: posts small blind $1
LifeisagameX: posts big blind $3
*** HOLE CARDS ***
Actionni13: raises $3 to $6
LifeisagameX: calls $3
*** FLOP *** [Jd 9d Ts]
LifeisagameX: checks
Actionni13: bets $3
LifeisagameX: calls $3
*** TURN *** [Jd 9d Ts] [Kh]
LifeisagameX: checks
Actionni13: checks
*** RIVER *** [Jd 9d Ts Kh] [Ks]
LifeisagameX: checks
Actionni13: checks
*** SHOW DOWN ***
LifeisagameX: shows [Td 3h] (two pair, Kings and Tens)
Actionni13: mucks hand
LifeisagameX collected $17.64 from pot
*** SUMMARY ***
Total pot $18 | Rake $0.36
Board [Jd 9d Ts Kh Ks]
Seat 1: LifeisagameX (big blind) showed [Td 3h] and won ($17.64) with two pair, Kings and Tens
Seat 4: Actionni13 (button) (small blind) mucked


PokerStars Hand #162957096300:  Hold'em Limit ($3/$6 USD) - 2016/12/14 18:40:11 ET
Table 'Aludra' 6-max Seat #4 is the button
Seat 1: LifeisagameX ($91.64 in chips)
Seat 4: Actionni13 ($209.28 in chips)
Actionni13: posts small blind $1
LifeisagameX: posts big blind $3
*** HOLE CARDS ***
kusznak joins the table at seat #2
Actionni13: raises $3 to $6
LifeisagameX: raises $3 to $9
Actionni13: calls $3
*** FLOP *** [9d 8s Ad]
LifeisagameX: bets $3
Actionni13: folds
Uncalled bet ($3) returned to LifeisagameX
LifeisagameX collected $17.64 from pot
LifeisagameX: doesn't show hand
*** SUMMARY ***
Total pot $18 | Rake $0.36
Board [9d 8s Ad]
Seat 1: LifeisagameX (big blind) collected ($17.64)
Seat 4: Actionni13 (button) (small blind) folded on the Flop


