PokerStars Hand #173609743330:  Hold'em Limit ($3/$6 USD) - 2017/07/28 6:23:35 ET
Table 'Aludra' 6-max Seat #1 is the button
Seat 1: Opal10 ($117.50 in chips)
Seat 2: Psynto ($77.76 in chips)
Opal10: posts small blind $1
Psynto: posts big blind $3
*** HOLE CARDS ***
Opal10: calls $2
Psynto: checks
*** FLOP *** [Jc Qc Kh]
Psynto: checks
Opal10: checks
*** TURN *** [Jc Qc Kh] [8d]
Psynto: checks
Opal10: checks
*** RIVER *** [Jc Qc Kh 8d] [Ac]
Psynto: checks
Opal10: bets $6
Psynto: folds
Uncalled bet ($6) returned to Opal10
Opal10 collected $5.88 from pot
Opal10: doesn't show hand
*** SUMMARY ***
Total pot $6 | Rake $0.12
Board [Jc Qc Kh 8d Ac]
Seat 1: Opal10 (button) (small blind) collected ($5.88)
Seat 2: Psynto (big blind) folded on the River


PokerStars Hand #173609739171:  Hold'em Limit ($3/$6 USD) - 2017/07/28 6:23:23 ET
Table 'Aludra' 6-max Seat #2 is the button
Seat 1: Opal10 ($123.50 in chips)
Seat 2: Psynto ($72 in chips)
Psynto: posts small blind $1
Opal10: posts big blind $3
*** HOLE CARDS ***
Psynto: raises $3 to $6
Opal10: calls $3
*** FLOP *** [Kh 3c Jd]
Opal10: checks
Psynto: bets $3
Opal10: folds
Uncalled bet ($3) returned to Psynto
Psynto collected $11.76 from pot
Psynto: doesn't show hand
*** SUMMARY ***
Total pot $12 | Rake $0.24
Board [Kh 3c Jd]
Seat 1: Opal10 (big blind) folded on the Flop
Seat 2: Psynto (button) (small blind) collected ($11.76)


PokerStars Hand #173609733836:  Hold'em Limit ($3/$6 USD) - 2017/07/28 6:23:09 ET
Table 'Aludra' 6-max Seat #1 is the button
Seat 1: Opal10 ($120.62 in chips)
Seat 2: Psynto ($72 in chips)
Opal10: posts small blind $1
Psynto: posts big blind $3
*** HOLE CARDS ***
Opal10: calls $2
Psynto: checks
*** FLOP *** [2d Ad 9d]
Psynto: checks
Opal10: checks
*** TURN *** [2d Ad 9d] [Jc]
Psynto: checks
Opal10: checks
*** RIVER *** [2d Ad 9d Jc] [8d]
Psynto: checks
Opal10: bets $6
Psynto: folds
Uncalled bet ($6) returned to Opal10
Opal10 collected $5.88 from pot
Opal10: doesn't show hand
*** SUMMARY ***
Total pot $6 | Rake $0.12
Board [2d Ad 9d Jc 8d]
Seat 1: Opal10 (button) (small blind) collected ($5.88)
Seat 2: Psynto (big blind) folded on the River


PokerStars Hand #173609752539:  Hold'em Limit ($3/$6 USD) - 2017/07/28 6:23:59 ET
Table 'Aludra' 6-max Seat #1 is the button
Seat 1: Opal10 ($126.14 in chips)
Seat 2: Psynto ($72 in chips)
Opal10: posts small blind $1
Psynto: posts big blind $3
*** HOLE CARDS ***
Opal10: calls $2
Psynto: checks
*** FLOP *** [8c Js 5s]
Psynto: checks
Opal10: bets $3
Psynto: calls $3
*** TURN *** [8c Js 5s] [4d]
Psynto: checks
Opal10: bets $6
Psynto: calls $6
*** RIVER *** [8c Js 5s 4d] [Ah]
Psynto: checks
Opal10: bets $6
Psynto: folds
Uncalled bet ($6) returned to Opal10
Opal10 collected $23.52 from pot
Opal10: doesn't show hand
*** SUMMARY ***
Total pot $24 | Rake $0.48
Board [8c Js 5s 4d Ah]
Seat 1: Opal10 (button) (small blind) collected ($23.52)
Seat 2: Psynto (big blind) folded on the River


PokerStars Hand #173609748438:  Hold'em Limit ($3/$6 USD) - 2017/07/28 6:23:48 ET
Table 'Aludra' 6-max Seat #2 is the button
Seat 1: Opal10 ($120.38 in chips)
Seat 2: Psynto ($74.76 in chips)
Psynto: posts small blind $1
Opal10: posts big blind $3
*** HOLE CARDS ***
Psynto: raises $3 to $6
Opal10: calls $3
*** FLOP *** [7d 5d 8h]
Opal10: checks
Psynto: checks
*** TURN *** [7d 5d 8h] [Jd]
Opal10: bets $6
Psynto: folds
Uncalled bet ($6) returned to Opal10
Opal10 collected $11.76 from pot
Opal10: doesn't show hand
*** SUMMARY ***
Total pot $12 | Rake $0.24
Board [7d 5d 8h Jd]
Seat 1: Opal10 (big blind) collected ($11.76)
Seat 2: Psynto (button) (small blind) folded on the Turn


PokerStars Hand #173610404585:  Hold'em Limit ($3/$6 USD) - 2017/07/28 6:52:27 ET
Table 'Aludra' 6-max Seat #3 is the button
Seat 3: ANIN1337 ($59.50 in chips)
Seat 4: Great_Kang ($123 in chips)
ANIN1337: posts small blind $1
Great_Kang: posts big blind $3
*** HOLE CARDS ***
ANIN1337: folds
Uncalled bet ($2) returned to Great_Kang
Great_Kang collected $2 from pot
Great_Kang: doesn't show hand
*** SUMMARY ***
Total pot $2 | Rake $0
Seat 3: ANIN1337 (button) (small blind) folded before Flop
Seat 4: Great_Kang (big blind) collected ($2)


PokerStars Hand #173610400515:  Hold'em Limit ($3/$6 USD) - 2017/07/28 6:52:16 ET
Table 'Aludra' 6-max Seat #4 is the button
Seat 3: ANIN1337 ($62.50 in chips)
Seat 4: Great_Kang ($120 in chips)
Great_Kang: posts small blind $1
ANIN1337: posts big blind $3
*** HOLE CARDS ***
Great_Kang: raises $3 to $6
ANIN1337: folds
Uncalled bet ($3) returned to Great_Kang
Great_Kang collected $6 from pot
Great_Kang: doesn't show hand
*** SUMMARY ***
Total pot $6 | Rake $0
Seat 3: ANIN1337 (big blind) folded before Flop
Seat 4: Great_Kang (button) (small blind) collected ($6)


PokerStars Hand #173610389931:  Hold'em Limit ($3/$6 USD) - 2017/07/28 6:51:49 ET
Table 'Aludra' 6-max Seat #3 is the button
Seat 3: ANIN1337 ($42 in chips)
Seat 4: Great_Kang ($125.76 in chips)
ANIN1337: posts small blind $1
Great_Kang: posts big blind $3
*** HOLE CARDS ***
ANIN1337: raises $3 to $6
Great_Kang: calls $3
*** FLOP *** [3c Th 7d]
Great_Kang: checks
ANIN1337: bets $3
Great_Kang: calls $3
*** TURN *** [3c Th 7d] [2s]
Great_Kang: checks
ANIN1337: bets $6
Great_Kang: calls $6
*** RIVER *** [3c Th 7d 2s] [Qh]
Great_Kang: checks
ANIN1337: bets $6
Great_Kang: calls $6
*** SHOW DOWN ***
ANIN1337: shows [7c 6s] (a pair of Sevens)
Great_Kang: mucks hand
ANIN1337 collected $41.50 from pot
*** SUMMARY ***
Total pot $42 | Rake $0.50
Board [3c Th 7d 2s Qh]
Seat 3: ANIN1337 (button) (small blind) showed [7c 6s] and won ($41.50) with a pair of Sevens
Seat 4: Great_Kang (big blind) mucked


PokerStars Hand #173610419188:  Hold'em Limit ($3/$6 USD) - 2017/07/28 6:53:05 ET
Table 'Aludra' 6-max Seat #3 is the button
Seat 3: ANIN1337 ($28.50 in chips)
Seat 4: Great_Kang ($153.50 in chips)
ANIN1337: posts small blind $1
Great_Kang: posts big blind $3
*** HOLE CARDS ***
ANIN1337: raises $3 to $6
Great_Kang: calls $3
*** FLOP *** [4s 9s 2d]
Great_Kang: checks
liza3008 joins the table at seat #2
ANIN1337: checks
*** TURN *** [4s 9s 2d] [Kh]
Great_Kang: checks
ANIN1337: bets $6
Great_Kang: calls $6
*** RIVER *** [4s 9s 2d Kh] [Qh]
Great_Kang: checks
ANIN1337: bets $6
Great_Kang: calls $6
*** SHOW DOWN ***
ANIN1337: shows [Jh Qd] (a pair of Queens)
Great_Kang: mucks hand
ANIN1337 collected $35.50 from pot
*** SUMMARY ***
Total pot $36 | Rake $0.50
Board [4s 9s 2d Kh Qh]
Seat 3: ANIN1337 (button) (small blind) showed [Jh Qd] and won ($35.50) with a pair of Queens
Seat 4: Great_Kang (big blind) mucked


PokerStars Hand #173610406626:  Hold'em Limit ($3/$6 USD) - 2017/07/28 6:52:32 ET
Table 'Aludra' 6-max Seat #4 is the button
Seat 3: ANIN1337 ($58.50 in chips)
Seat 4: Great_Kang ($124 in chips)
Great_Kang: posts small blind $1
ANIN1337: posts big blind $3
*** HOLE CARDS ***
Great_Kang: raises $3 to $6
ANIN1337: raises $3 to $9
Great_Kang: calls $3
*** FLOP *** [6s 7h 7c]
ANIN1337: bets $3
Great_Kang: calls $3
*** TURN *** [6s 7h 7c] [4h]
ANIN1337: bets $6
Great_Kang: raises $6 to $12
ANIN1337: calls $6
*** RIVER *** [6s 7h 7c 4h] [9c]
ANIN1337: checks
Great_Kang: bets $6
ANIN1337: calls $6
*** SHOW DOWN ***
Great_Kang: shows [5s 9d] (two pair, Nines and Sevens)
ANIN1337: mucks hand
Great_Kang collected $59.50 from pot
*** SUMMARY ***
Total pot $60 | Rake $0.50
Board [6s 7h 7c 4h 9c]
Seat 3: ANIN1337 (big blind) mucked
Seat 4: Great_Kang (button) (small blind) showed [5s 9d] and won ($59.50) with two pair, Nines and Sevens


PokerStars Hand #173612088156:  Hold'em Limit ($3/$6 USD) - 2017/07/28 8:02:03 ET
Table 'Aludra' 6-max Seat #4 is the button
Seat 1: Psynto ($279.32 in chips)
Seat 4: liza3008 ($115.56 in chips)
liza3008: posts small blind $1
Psynto: posts big blind $3
*** HOLE CARDS ***
liza3008: raises $3 to $6
Psynto: calls $3
*** FLOP *** [2h 9d 5d]
Psynto: checks
liza3008: bets $3
Psynto: folds
Uncalled bet ($3) returned to liza3008
liza3008 collected $11.76 from pot
liza3008: doesn't show hand
*** SUMMARY ***
Total pot $12 | Rake $0.24
Board [2h 9d 5d]
Seat 1: Psynto (big blind) folded on the Flop
Seat 4: liza3008 (button) (small blind) collected ($11.76)


PokerStars Hand #173612104739:  Hold'em Limit ($3/$6 USD) - 2017/07/28 8:02:43 ET
Table 'Aludra' 6-max Seat #1 is the button
Seat 1: Psynto ($275.96 in chips)
Seat 4: liza3008 ($118.08 in chips)
Psynto: posts small blind $1
liza3008: posts big blind $3
*** HOLE CARDS ***
Psynto: raises $3 to $6
liza3008: calls $3
*** FLOP *** [9d Jh Qd]
liza3008: checks
Psynto: bets $3
liza3008: folds
Uncalled bet ($3) returned to Psynto
Psynto collected $11.76 from pot
Psynto: doesn't show hand
*** SUMMARY ***
Total pot $12 | Rake $0.24
Board [9d Jh Qd]
Seat 1: Psynto (button) (small blind) collected ($11.76)
Seat 4: liza3008 (big blind) folded on the Flop


PokerStars Hand #173612093901:  Hold'em Limit ($3/$6 USD) - 2017/07/28 8:02:17 ET
Table 'Aludra' 6-max Seat #1 is the button
Seat 1: Psynto ($273.32 in chips)
Seat 4: liza3008 ($121.32 in chips)
Psynto: posts small blind $1
liza3008: posts big blind $3
*** HOLE CARDS ***
Psynto: raises $3 to $6
liza3008: calls $3
*** FLOP *** [Qd 8h 9h]
liza3008: checks
Psynto: bets $3
liza3008: calls $3
*** TURN *** [Qd 8h 9h] [5d]
liza3008: checks
Psynto: bets $6
liza3008: folds
Uncalled bet ($6) returned to Psynto
Psynto collected $17.64 from pot
Psynto: doesn't show hand
*** SUMMARY ***
Total pot $18 | Rake $0.36
Board [Qd 8h 9h 5d]
Seat 1: Psynto (button) (small blind) collected ($17.64)
Seat 4: liza3008 (big blind) folded on the Turn


PokerStars Hand #173612109067:  Hold'em Limit ($3/$6 USD) - 2017/07/28 8:02:53 ET
Table 'Aludra' 6-max Seat #4 is the button
Seat 1: Psynto ($281.72 in chips)
Seat 4: liza3008 ($112.08 in chips)
liza3008: posts small blind $1
Psynto: posts big blind $3
*** HOLE CARDS ***
moveoverover joins the table at seat #5
liza3008: raises $3 to $6
Psynto: raises $3 to $9
liza3008: calls $3
*** FLOP *** [Ah 6h 3s]
Psynto: bets $3
moveoverover leaves the table
liza3008: calls $3
*** TURN *** [Ah 6h 3s] [5s]
Psynto: bets $6
liza3008: raises $6 to $12
Psynto: calls $6
*** RIVER *** [Ah 6h 3s 5s] [4c]
Psynto: checks
liza3008: bets $6
Psynto: calls $6
*** SHOW DOWN ***
liza3008: shows [Ad 5c] (two pair, Aces and Fives)
Psynto: mucks hand
liza3008 collected $59.50 from pot
*** SUMMARY ***
Total pot $60 | Rake $0.50
Board [Ah 6h 3s 5s 4c]
Seat 1: Psynto (big blind) mucked
Seat 4: liza3008 (button) (small blind) showed [Ad 5c] and won ($59.50) with two pair, Aces and Fives


PokerStars Hand #173612099439:  Hold'em Limit ($3/$6 USD) - 2017/07/28 8:02:30 ET
Table 'Aludra' 6-max Seat #4 is the button
Seat 1: Psynto ($281.96 in chips)
Seat 4: liza3008 ($112.32 in chips)
liza3008: posts small blind $1
Psynto: posts big blind $3
*** HOLE CARDS ***
liza3008: raises $3 to $6
Psynto: calls $3
*** FLOP *** [As 9c Js]
Psynto: checks
liza3008: bets $3
Psynto: folds
Uncalled bet ($3) returned to liza3008
liza3008 collected $11.76 from pot
liza3008: doesn't show hand
*** SUMMARY ***
Total pot $12 | Rake $0.24
Board [As 9c Js]
Seat 1: Psynto (big blind) folded on the Flop
Seat 4: liza3008 (button) (small blind) collected ($11.76)


PokerStars Hand #173612140240:  Hold'em Limit ($3/$6 USD) - 2017/07/28 8:04:04 ET
Table 'Aludra' 6-max Seat #4 is the button
Seat 1: Psynto ($229.48 in chips)
Seat 4: liza3008 ($162.58 in chips)
liza3008: posts small blind $1
Psynto: posts big blind $3
*** HOLE CARDS ***
liza3008: folds
Uncalled bet ($2) returned to Psynto
Psynto collected $2 from pot
Psynto: doesn't show hand
*** SUMMARY ***
Total pot $2 | Rake $0
Seat 1: Psynto (big blind) collected ($2)
Seat 4: liza3008 (button) (small blind) folded before Flop


PokerStars Hand #173612136323:  Hold'em Limit ($3/$6 USD) - 2017/07/28 8:03:55 ET
Table 'Aludra' 6-max Seat #1 is the button
Seat 1: Psynto ($223.72 in chips)
Seat 4: liza3008 ($168.58 in chips)
Psynto: posts small blind $1
liza3008: posts big blind $3
*** HOLE CARDS ***
Psynto: raises $3 to $6
liza3008: calls $3
*** FLOP *** [Tc Ac 8s]
liza3008: checks
Psynto: bets $3
liza3008: folds
Uncalled bet ($3) returned to Psynto
Psynto collected $11.76 from pot
Psynto: doesn't show hand
*** SUMMARY ***
Total pot $12 | Rake $0.24
Board [Tc Ac 8s]
Seat 1: Psynto (button) (small blind) collected ($11.76)
Seat 4: liza3008 (big blind) folded on the Flop


PokerStars Hand #173612134187:  Hold'em Limit ($3/$6 USD) - 2017/07/28 8:03:50 ET
Table 'Aludra' 6-max Seat #4 is the button
Seat 1: Psynto ($222.72 in chips)
Seat 4: liza3008 ($169.58 in chips)
liza3008: posts small blind $1
Psynto: posts big blind $3
*** HOLE CARDS ***
liza3008: folds
Uncalled bet ($2) returned to Psynto
Psynto collected $2 from pot
Psynto: doesn't show hand
*** SUMMARY ***
Total pot $2 | Rake $0
Seat 1: Psynto (big blind) collected ($2)
Seat 4: liza3008 (button) (small blind) folded before Flop


PokerStars Hand #173612127929:  Hold'em Limit ($3/$6 USD) - 2017/07/28 8:03:36 ET
Table 'Aludra' 6-max Seat #1 is the button
Seat 1: Psynto ($237.72 in chips)
Seat 4: liza3008 ($155.08 in chips)
Psynto: posts small blind $1
liza3008: posts big blind $3
*** HOLE CARDS ***
Psynto: raises $3 to $6
liza3008: calls $3
*** FLOP *** [Ah Ks 6h]
liza3008: checks
Psynto: bets $3
liza3008: calls $3
*** TURN *** [Ah Ks 6h] [8s]
liza3008: checks
Psynto: bets $6
liza3008: calls $6
*** RIVER *** [Ah Ks 6h 8s] [Kc]
liza3008: checks
Psynto: checks
*** SHOW DOWN ***
liza3008: shows [Ad 3c] (two pair, Aces and Kings)
Psynto: mucks hand
liza3008 collected $29.50 from pot
*** SUMMARY ***
Total pot $30 | Rake $0.50
Board [Ah Ks 6h 8s Kc]
Seat 1: Psynto (button) (small blind) mucked
Seat 4: liza3008 (big blind) showed [Ad 3c] and won ($29.50) with two pair, Aces and Kings


PokerStars Hand #173612125793:  Hold'em Limit ($3/$6 USD) - 2017/07/28 8:03:31 ET
Table 'Aludra' 6-max Seat #4 is the button
Seat 1: Psynto ($236.72 in chips)
Seat 4: liza3008 ($156.08 in chips)
liza3008: posts small blind $1
Psynto: posts big blind $3
*** HOLE CARDS ***
liza3008: folds
Uncalled bet ($2) returned to Psynto
Psynto collected $2 from pot
Psynto: doesn't show hand
*** SUMMARY ***
Total pot $2 | Rake $0
Seat 1: Psynto (big blind) collected ($2)
Seat 4: liza3008 (button) (small blind) folded before Flop


PokerStars Hand #173612147867:  Hold'em Limit ($3/$6 USD) - 2017/07/28 8:04:22 ET
Table 'Aludra' 6-max Seat #4 is the button
Seat 1: Psynto ($229.48 in chips)
Seat 4: liza3008 ($162.58 in chips)
liza3008: posts small blind $1
Psynto: posts big blind $3
*** HOLE CARDS ***
liza3008: raises $3 to $6
Psynto: calls $3
*** FLOP *** [4c Ks 3d]
Psynto: checks
liza3008: checks
*** TURN *** [4c Ks 3d] [6s]
Psynto: bets $6
liza3008: folds
Uncalled bet ($6) returned to Psynto
Psynto collected $11.76 from pot
Psynto: doesn't show hand
*** SUMMARY ***
Total pot $12 | Rake $0.24
Board [4c Ks 3d 6s]
Seat 1: Psynto (big blind) collected ($11.76)
Seat 4: liza3008 (button) (small blind) folded on the Turn


PokerStars Hand #173612152627:  Hold'em Limit ($3/$6 USD) - 2017/07/28 8:04:33 ET
Table 'Aludra' 6-max Seat #1 is the button
Seat 1: Psynto ($235.24 in chips)
Seat 4: liza3008 ($156.58 in chips)
Psynto: posts small blind $1
liza3008: posts big blind $3
*** HOLE CARDS ***
Psynto: raises $3 to $6
liza3008: calls $3
*** FLOP *** [Th Tc 9c]
liza3008: checks
Psynto: bets $3
liza3008: calls $3
*** TURN *** [Th Tc 9c] [Kc]
liza3008: checks
Psynto: checks
*** RIVER *** [Th Tc 9c Kc] [2d]
liza3008: bets $6
Psynto: folds
Uncalled bet ($6) returned to liza3008
liza3008 collected $17.64 from pot
liza3008: doesn't show hand
*** SUMMARY ***
Total pot $18 | Rake $0.36
Board [Th Tc 9c Kc 2d]
Seat 1: Psynto (button) (small blind) folded on the River
Seat 4: liza3008 (big blind) collected ($17.64)


PokerStars Hand #173612166412:  Hold'em Limit ($3/$6 USD) - 2017/07/28 8:05:04 ET
Table 'Aludra' 6-max Seat #1 is the button
Seat 1: Psynto ($208.24 in chips)
Seat 4: liza3008 ($182.72 in chips)
Psynto: posts small blind $1
liza3008: posts big blind $3
*** HOLE CARDS ***
Psynto: folds
Uncalled bet ($2) returned to liza3008
liza3008 collected $2 from pot
liza3008: doesn't show hand
*** SUMMARY ***
Total pot $2 | Rake $0
Seat 1: Psynto (button) (small blind) folded before Flop
Seat 4: liza3008 (big blind) collected ($2)


PokerStars Hand #173612159414:  Hold'em Limit ($3/$6 USD) - 2017/07/28 8:04:48 ET
Table 'Aludra' 6-max Seat #4 is the button
Seat 1: Psynto ($226.24 in chips)
Seat 4: liza3008 ($165.22 in chips)
liza3008: posts small blind $1
Psynto: posts big blind $3
*** HOLE CARDS ***
liza3008: raises $3 to $6
Psynto: calls $3
*** FLOP *** [7d 8c 4d]
Psynto: checks
liza3008: checks
*** TURN *** [7d 8c 4d] [9d]
Psynto: bets $6
liza3008: calls $6
*** RIVER *** [7d 8c 4d 9d] [Td]
Psynto: checks
liza3008: bets $6
Psynto: calls $6
*** SHOW DOWN ***
liza3008: shows [2d Qd] (a flush, Queen high)
Psynto: mucks hand
liza3008 collected $35.50 from pot
*** SUMMARY ***
Total pot $36 | Rake $0.50
Board [7d 8c 4d 9d Td]
Seat 1: Psynto (big blind) mucked
Seat 4: liza3008 (button) (small blind) showed [2d Qd] and won ($35.50) with a flush, Queen high


PokerStars Hand #173612146149:  Hold'em Limit ($3/$6 USD) - 2017/07/28 8:04:18 ET
Table 'Aludra' 6-max Seat #1 is the button
Seat 1: Psynto ($230.48 in chips)
Seat 4: liza3008 ($161.58 in chips)
Psynto: posts small blind $1
liza3008: posts big blind $3
*** HOLE CARDS ***
Psynto: folds
Uncalled bet ($2) returned to liza3008
liza3008 collected $2 from pot
liza3008: doesn't show hand
*** SUMMARY ***
Total pot $2 | Rake $0
Seat 1: Psynto (button) (small blind) folded before Flop
Seat 4: liza3008 (big blind) collected ($2)


PokerStars Hand #173612144110:  Hold'em Limit ($3/$6 USD) - 2017/07/28 8:04:13 ET
Table 'Aludra' 6-max Seat #4 is the button
Seat 1: Psynto ($229.48 in chips)
Seat 4: liza3008 ($162.58 in chips)
liza3008: posts small blind $1
Psynto: posts big blind $3
*** HOLE CARDS ***
liza3008: folds
Uncalled bet ($2) returned to Psynto
Psynto collected $2 from pot
Psynto: doesn't show hand
*** SUMMARY ***
Total pot $2 | Rake $0
Seat 1: Psynto (big blind) collected ($2)
Seat 4: liza3008 (button) (small blind) folded before Flop


PokerStars Hand #173612142209:  Hold'em Limit ($3/$6 USD) - 2017/07/28 8:04:09 ET
Table 'Aludra' 6-max Seat #1 is the button
Seat 1: Psynto ($230.48 in chips)
Seat 4: liza3008 ($161.58 in chips)
Psynto: posts small blind $1
liza3008: posts big blind $3
*** HOLE CARDS ***
Psynto: folds
Uncalled bet ($2) returned to liza3008
liza3008 collected $2 from pot
liza3008: doesn't show hand
*** SUMMARY ***
Total pot $2 | Rake $0
Seat 1: Psynto (button) (small blind) folded before Flop
Seat 4: liza3008 (big blind) collected ($2)


PokerStars Hand #173612171752:  Hold'em Limit ($3/$6 USD) - 2017/07/28 8:05:16 ET
Table 'Aludra' 6-max Seat #1 is the button
Seat 1: Psynto ($201.24 in chips)
Seat 4: liza3008 ($189.48 in chips)
Psynto: posts small blind $1
liza3008: posts big blind $3
*** HOLE CARDS ***
Psynto: raises $3 to $6
liza3008: calls $3
*** FLOP *** [Qs 4c 3c]
liza3008: checks
Psynto: bets $3
liza3008: folds
Uncalled bet ($3) returned to Psynto
Psynto collected $11.76 from pot
Psynto: doesn't show hand
VolkovDmitri joins the table at seat #5
*** SUMMARY ***
Total pot $12 | Rake $0.24
Board [Qs 4c 3c]
Seat 1: Psynto (button) (small blind) collected ($11.76)
Seat 4: liza3008 (big blind) folded on the Flop


PokerStars Hand #173612168108:  Hold'em Limit ($3/$6 USD) - 2017/07/28 8:05:08 ET
Table 'Aludra' 6-max Seat #4 is the button
Seat 1: Psynto ($207.24 in chips)
Seat 4: liza3008 ($183.72 in chips)
liza3008: posts small blind $1
Psynto: posts big blind $3
*** HOLE CARDS ***
liza3008: raises $3 to $6
Psynto: calls $3
*** FLOP *** [Th 5d 9h]
Psynto: checks
liza3008: bets $3
Psynto: folds
Uncalled bet ($3) returned to liza3008
liza3008 collected $11.76 from pot
liza3008: doesn't show hand
*** SUMMARY ***
Total pot $12 | Rake $0.24
Board [Th 5d 9h]
Seat 1: Psynto (big blind) folded on the Flop
Seat 4: liza3008 (button) (small blind) collected ($11.76)


PokerStars Hand #173612848389:  Hold'em Limit ($3/$6 USD) - 2017/07/28 8:30:47 ET
Table 'Aludra' 6-max Seat #2 is the button
Seat 1: Psynto ($258.21 in chips)
Seat 2: rascal_319 ($117.39 in chips)
rascal_319: posts small blind $1
Psynto: posts big blind $3
*** HOLE CARDS ***
rascal_319: folds
Uncalled bet ($2) returned to Psynto
Psynto collected $2 from pot
Psynto: doesn't show hand
*** SUMMARY ***
Total pot $2 | Rake $0
Seat 1: Psynto (big blind) collected ($2)
Seat 2: rascal_319 (button) (small blind) folded before Flop


PokerStars Hand #173612842862:  Hold'em Limit ($3/$6 USD) - 2017/07/28 8:30:34 ET
Table 'Aludra' 6-max Seat #1 is the button
Seat 1: Psynto ($252.45 in chips)
Seat 2: rascal_319 ($123.39 in chips)
Psynto: posts small blind $1
rascal_319: posts big blind $3
*** HOLE CARDS ***
Psynto: raises $3 to $6
rascal_319: calls $3
*** FLOP *** [8h 7h Ad]
rascal_319: checks
Psynto: bets $3
rascal_319: folds
Uncalled bet ($3) returned to Psynto
Psynto collected $11.76 from pot
Psynto: doesn't show hand
*** SUMMARY ***
Total pot $12 | Rake $0.24
Board [8h 7h Ad]
Seat 1: Psynto (button) (small blind) collected ($11.76)
Seat 2: rascal_319 (big blind) folded on the Flop


