PokerStars Hand #172095159754:  Hold'em Limit ($3/$6 USD) - 2017/06/22 9:43:59 ET
Table 'Alva' 6-max Seat #4 is the button
Seat 4: MTails ($120 in chips)
Seat 5: StakkAttakk ($90 in chips)
MTails: posts small blind $1
StakkAttakk: posts big blind $3
*** HOLE CARDS ***
MTails: raises $3 to $6
StakkAttakk: folds
Uncalled bet ($3) returned to MTails
MTails collected $6 from pot
*** SUMMARY ***
Total pot $6 | Rake $0
Seat 4: MTails (button) (small blind) collected ($6)
Seat 5: StakkAttakk (big blind) folded before Flop


PokerStars Hand #172095164014:  Hold'em Limit ($3/$6 USD) - 2017/06/22 9:44:08 ET
Table 'Alva' 6-max Seat #5 is the button
Seat 4: MTails ($123 in chips)
Seat 5: StakkAttakk ($87 in chips)
StakkAttakk: posts small blind $1
MTails: posts big blind $3
*** HOLE CARDS ***
StakkAttakk: raises $3 to $6
MTails: calls $3
*** FLOP *** [4h Ks Ad]
MTails: checks
StakkAttakk: bets $3
MTails: folds
Uncalled bet ($3) returned to StakkAttakk
StakkAttakk collected $11.76 from pot
StakkAttakk: doesn't show hand
*** SUMMARY ***
Total pot $12 | Rake $0.24
Board [4h Ks Ad]
Seat 4: MTails (big blind) folded on the Flop
Seat 5: StakkAttakk (button) (small blind) collected ($11.76)


PokerStars Hand #172095178028:  Hold'em Limit ($3/$6 USD) - 2017/06/22 9:44:36 ET
Table 'Alva' 6-max Seat #4 is the button
Seat 4: MTails ($123.76 in chips)
Seat 5: StakkAttakk ($85.76 in chips)
MTails: posts small blind $1
StakkAttakk: posts big blind $3
*** HOLE CARDS ***
MTails: raises $3 to $6
StakkAttakk: folds
Uncalled bet ($3) returned to MTails
MTails collected $6 from pot
*** SUMMARY ***
Total pot $6 | Rake $0
Seat 4: MTails (button) (small blind) collected ($6)
Seat 5: StakkAttakk (big blind) folded before Flop


PokerStars Hand #172095175644:  Hold'em Limit ($3/$6 USD) - 2017/06/22 9:44:31 ET
Table 'Alva' 6-max Seat #5 is the button
Seat 4: MTails ($122.76 in chips)
Seat 5: StakkAttakk ($86.76 in chips)
StakkAttakk: posts small blind $1
MTails: posts big blind $3
*** HOLE CARDS ***
StakkAttakk: folds
Uncalled bet ($2) returned to MTails
MTails collected $2 from pot
*** SUMMARY ***
Total pot $2 | Rake $0
Seat 4: MTails (big blind) collected ($2)
Seat 5: StakkAttakk (button) (small blind) folded before Flop


PokerStars Hand #172095169796:  Hold'em Limit ($3/$6 USD) - 2017/06/22 9:44:19 ET
Table 'Alva' 6-max Seat #4 is the button
Seat 4: MTails ($117 in chips)
Seat 5: StakkAttakk ($92.76 in chips)
MTails: posts small blind $1
StakkAttakk: posts big blind $3
*** HOLE CARDS ***
MTails: raises $3 to $6
StakkAttakk: calls $3
*** FLOP *** [3s 2h Ad]
StakkAttakk: checks
MTails: bets $3
StakkAttakk: folds
Uncalled bet ($3) returned to MTails
MTails collected $11.76 from pot
*** SUMMARY ***
Total pot $12 | Rake $0.24
Board [3s 2h Ad]
Seat 4: MTails (button) (small blind) collected ($11.76)
Seat 5: StakkAttakk (big blind) folded on the Flop


PokerStars Hand #172095180516:  Hold'em Limit ($3/$6 USD) - 2017/06/22 9:44:40 ET
Table 'Alva' 6-max Seat #5 is the button
Seat 4: MTails ($126.76 in chips)
Seat 5: StakkAttakk ($82.76 in chips)
StakkAttakk: posts small blind $1
MTails: posts big blind $3
*** HOLE CARDS ***
StakkAttakk: calls $2
MTails: checks
*** FLOP *** [7s 6h Qc]
MTails: bets $3
StakkAttakk: raises $3 to $6
MTails: calls $3
*** TURN *** [7s 6h Qc] [Ks]
MTails: checks
StakkAttakk: bets $6
MTails: calls $6
*** RIVER *** [7s 6h Qc Ks] [8s]
MTails: checks
StakkAttakk: checks
*** SHOW DOWN ***
MTails: shows [2c 7h] (a pair of Sevens)
StakkAttakk: shows [Qh 3c] (a pair of Queens)
StakkAttakk collected $29.50 from pot
*** SUMMARY ***
Total pot $30 | Rake $0.50
Board [7s 6h Qc Ks 8s]
Seat 4: MTails (big blind) showed [2c 7h] and lost with a pair of Sevens
Seat 5: StakkAttakk (button) (small blind) showed [Qh 3c] and won ($29.50) with a pair of Queens


PokerStars Hand #172095215623:  Hold'em Limit ($3/$6 USD) - 2017/06/22 9:45:50 ET
Table 'Alva' 6-max Seat #4 is the button
Seat 4: MTails ($105.76 in chips)
Seat 5: StakkAttakk ($102.90 in chips)
MTails: posts small blind $1
StakkAttakk: posts big blind $3
*** HOLE CARDS ***
MTails: raises $3 to $6
StakkAttakk: folds
Uncalled bet ($3) returned to MTails
MTails collected $6 from pot
*** SUMMARY ***
Total pot $6 | Rake $0
Seat 4: MTails (button) (small blind) collected ($6)
Seat 5: StakkAttakk (big blind) folded before Flop


PokerStars Hand #172095210414:  Hold'em Limit ($3/$6 USD) - 2017/06/22 9:45:40 ET
Table 'Alva' 6-max Seat #5 is the button
Seat 4: MTails ($102.76 in chips)
Seat 5: StakkAttakk ($105.90 in chips)
StakkAttakk: posts small blind $1
MTails: posts big blind $3
*** HOLE CARDS ***
StakkAttakk: calls $2
MTails: raises $3 to $6
StakkAttakk: folds
Uncalled bet ($3) returned to MTails
MTails collected $6 from pot
*** SUMMARY ***
Total pot $6 | Rake $0
Seat 4: MTails (big blind) collected ($6)
Seat 5: StakkAttakk (button) (small blind) folded before Flop


PokerStars Hand #172095195270:  Hold'em Limit ($3/$6 USD) - 2017/06/22 9:45:10 ET
Table 'Alva' 6-max Seat #4 is the button
Seat 4: MTails ($111.76 in chips)
Seat 5: StakkAttakk ($97.26 in chips)
MTails: posts small blind $1
StakkAttakk: posts big blind $3
*** HOLE CARDS ***
MTails: raises $3 to $6
StakkAttakk: calls $3
*** FLOP *** [6h 4d 3d]
StakkAttakk: checks
MTails: bets $3
StakkAttakk: calls $3
*** TURN *** [6h 4d 3d] [7c]
StakkAttakk: checks
MTails: checks
*** RIVER *** [6h 4d 3d 7c] [8s]
StakkAttakk: bets $6
MTails: folds
Uncalled bet ($6) returned to StakkAttakk
StakkAttakk collected $17.64 from pot
StakkAttakk: doesn't show hand
*** SUMMARY ***
Total pot $18 | Rake $0.36
Board [6h 4d 3d 7c 8s]
Seat 4: MTails (button) (small blind) folded on the River
Seat 5: StakkAttakk (big blind) collected ($17.64)


PokerStars Hand #172095238669:  Hold'em Limit ($3/$6 USD) - 2017/06/22 9:46:36 ET
Table 'Alva' 6-max Seat #5 is the button
Seat 4: MTails ($116.76 in chips)
Seat 5: StakkAttakk ($91.90 in chips)
StakkAttakk: posts small blind $1
MTails: posts big blind $3
*** HOLE CARDS ***
StakkAttakk: raises $3 to $6
MTails: folds
Uncalled bet ($3) returned to StakkAttakk
StakkAttakk collected $6 from pot
StakkAttakk: doesn't show hand
*** SUMMARY ***
Total pot $6 | Rake $0
Seat 4: MTails (big blind) folded before Flop
Seat 5: StakkAttakk (button) (small blind) collected ($6)


PokerStars Hand #172095232584:  Hold'em Limit ($3/$6 USD) - 2017/06/22 9:46:24 ET
Table 'Alva' 6-max Seat #5 is the button
Seat 4: MTails ($112.76 in chips)
Seat 5: StakkAttakk ($95.90 in chips)
StakkAttakk: posts small blind $1
MTails: posts big blind $3
*** HOLE CARDS ***
StakkAttakk: folds
Uncalled bet ($2) returned to MTails
MTails collected $2 from pot
*** SUMMARY ***
Total pot $2 | Rake $0
Seat 4: MTails (big blind) collected ($2)
Seat 5: StakkAttakk (button) (small blind) folded before Flop


PokerStars Hand #172095229181:  Hold'em Limit ($3/$6 USD) - 2017/06/22 9:46:17 ET
Table 'Alva' 6-max Seat #4 is the button
Seat 4: MTails ($109.76 in chips)
Seat 5: StakkAttakk ($98.90 in chips)
MTails: posts small blind $1
StakkAttakk: posts big blind $3
*** HOLE CARDS ***
MTails: raises $3 to $6
StakkAttakk: folds
Uncalled bet ($3) returned to MTails
MTails collected $6 from pot
*** SUMMARY ***
Total pot $6 | Rake $0
Seat 4: MTails (button) (small blind) collected ($6)
Seat 5: StakkAttakk (big blind) folded before Flop


PokerStars Hand #172095220001:  Hold'em Limit ($3/$6 USD) - 2017/06/22 9:45:59 ET
Table 'Alva' 6-max Seat #5 is the button
Seat 4: MTails ($108.76 in chips)
Seat 5: StakkAttakk ($99.90 in chips)
StakkAttakk: posts small blind $1
MTails: posts big blind $3
*** HOLE CARDS ***
StakkAttakk: raises $3 to $6
MTails: folds
Uncalled bet ($3) returned to StakkAttakk
StakkAttakk collected $6 from pot
StakkAttakk: doesn't show hand
*** SUMMARY ***
Total pot $6 | Rake $0
Seat 4: MTails (big blind) folded before Flop
Seat 5: StakkAttakk (button) (small blind) collected ($6)


PokerStars Hand #172095226732:  Hold'em Limit ($3/$6 USD) - 2017/06/22 9:46:12 ET
Table 'Alva' 6-max Seat #5 is the button
Seat 4: MTails ($108.76 in chips)
Seat 5: StakkAttakk ($99.90 in chips)
StakkAttakk: posts small blind $1
MTails: posts big blind $3
*** HOLE CARDS ***
StakkAttakk: folds
Uncalled bet ($2) returned to MTails
MTails collected $2 from pot
*** SUMMARY ***
Total pot $2 | Rake $0
Seat 4: MTails (big blind) collected ($2)
Seat 5: StakkAttakk (button) (small blind) folded before Flop


PokerStars Hand #172095223650:  Hold'em Limit ($3/$6 USD) - 2017/06/22 9:46:06 ET
Table 'Alva' 6-max Seat #4 is the button
Seat 4: MTails ($105.76 in chips)
Seat 5: StakkAttakk ($102.90 in chips)
MTails: posts small blind $1
StakkAttakk: posts big blind $3
*** HOLE CARDS ***
MTails: raises $3 to $6
StakkAttakk: folds
Uncalled bet ($3) returned to MTails
MTails collected $6 from pot
*** SUMMARY ***
Total pot $6 | Rake $0
Seat 4: MTails (button) (small blind) collected ($6)
Seat 5: StakkAttakk (big blind) folded before Flop


PokerStars Hand #172095235193:  Hold'em Limit ($3/$6 USD) - 2017/06/22 9:46:29 ET
Table 'Alva' 6-max Seat #4 is the button
Seat 4: MTails ($113.76 in chips)
Seat 5: StakkAttakk ($94.90 in chips)
MTails: posts small blind $1
StakkAttakk: posts big blind $3
*** HOLE CARDS ***
MTails: raises $3 to $6
StakkAttakk: folds
Uncalled bet ($3) returned to MTails
MTails collected $6 from pot
*** SUMMARY ***
Total pot $6 | Rake $0
Seat 4: MTails (button) (small blind) collected ($6)
Seat 5: StakkAttakk (big blind) folded before Flop


PokerStars Hand #172095272151:  Hold'em Limit ($3/$6 USD) - 2017/06/22 9:47:42 ET
Table 'Alva' 6-max Seat #4 is the button
Seat 4: MTails ($153.90 in chips)
Seat 5: StakkAttakk ($53.90 in chips)
MTails: posts small blind $1
StakkAttakk: posts big blind $3
*** HOLE CARDS ***
MTails: raises $3 to $6
StakkAttakk: calls $3
*** FLOP *** [2c Qh 2d]
StakkAttakk: checks
MTails: bets $3
StakkAttakk: folds
Uncalled bet ($3) returned to MTails
MTails collected $11.76 from pot
*** SUMMARY ***
Total pot $12 | Rake $0.24
Board [2c Qh 2d]
Seat 4: MTails (button) (small blind) collected ($11.76)
Seat 5: StakkAttakk (big blind) folded on the Flop


PokerStars Hand #172095269640:  Hold'em Limit ($3/$6 USD) - 2017/06/22 9:47:37 ET
Table 'Alva' 6-max Seat #5 is the button
Seat 4: MTails ($152.90 in chips)
Seat 5: StakkAttakk ($54.90 in chips)
StakkAttakk: posts small blind $1
MTails: posts big blind $3
*** HOLE CARDS ***
StakkAttakk: folds
Uncalled bet ($2) returned to MTails
MTails collected $2 from pot
*** SUMMARY ***
Total pot $2 | Rake $0
Seat 4: MTails (big blind) collected ($2)
Seat 5: StakkAttakk (button) (small blind) folded before Flop


PokerStars Hand #172095242213:  Hold'em Limit ($3/$6 USD) - 2017/06/22 9:46:43 ET
Table 'Alva' 6-max Seat #4 is the button
Seat 4: MTails ($113.76 in chips)
Seat 5: StakkAttakk ($94.90 in chips)
MTails: posts small blind $1
StakkAttakk: posts big blind $3
*** HOLE CARDS ***
MTails: raises $3 to $6
StakkAttakk: calls $3
*** FLOP *** [Td 6h Tc]
StakkAttakk: checks
MTails: bets $3
StakkAttakk: calls $3
*** TURN *** [Td 6h Tc] [7d]
StakkAttakk: checks
MTails: bets $6
StakkAttakk: folds
Uncalled bet ($6) returned to MTails
MTails collected $17.64 from pot
*** SUMMARY ***
Total pot $18 | Rake $0.36
Board [Td 6h Tc 7d]
Seat 4: MTails (button) (small blind) collected ($17.64)
Seat 5: StakkAttakk (big blind) folded on the Turn


PokerStars Hand #172095263604:  Hold'em Limit ($3/$6 USD) - 2017/06/22 9:47:25 ET
Table 'Alva' 6-max Seat #5 is the button
Seat 4: MTails ($148.90 in chips)
Seat 5: StakkAttakk ($58.90 in chips)
StakkAttakk: posts small blind $1
MTails: posts big blind $3
*** HOLE CARDS ***
StakkAttakk: folds
Uncalled bet ($2) returned to MTails
MTails collected $2 from pot
*** SUMMARY ***
Total pot $2 | Rake $0
Seat 4: MTails (big blind) collected ($2)
Seat 5: StakkAttakk (button) (small blind) folded before Flop


PokerStars Hand #172095250772:  Hold'em Limit ($3/$6 USD) - 2017/06/22 9:47:00 ET
Table 'Alva' 6-max Seat #5 is the button
Seat 4: MTails ($122.40 in chips)
Seat 5: StakkAttakk ($85.90 in chips)
StakkAttakk: posts small blind $1
MTails: posts big blind $3
*** HOLE CARDS ***
StakkAttakk: raises $3 to $6
MTails: raises $3 to $9
StakkAttakk: calls $3
*** FLOP *** [9d 2s 6h]
MTails: bets $3
StakkAttakk: calls $3
*** TURN *** [9d 2s 6h] [3c]
MTails: bets $6
StakkAttakk: calls $6
*** RIVER *** [9d 2s 6h 3c] [Tc]
MTails: bets $6
StakkAttakk: calls $6
*** SHOW DOWN ***
MTails: shows [7c 9c] (a pair of Nines)
StakkAttakk: mucks hand
MTails collected $47.50 from pot
*** SUMMARY ***
Total pot $48 | Rake $0.50
Board [9d 2s 6h 3c Tc]
Seat 4: MTails (big blind) showed [7c 9c] and won ($47.50) with a pair of Nines
Seat 5: StakkAttakk (button) (small blind) mucked


PokerStars Hand #172095260403:  Hold'em Limit ($3/$6 USD) - 2017/06/22 9:47:19 ET
Table 'Alva' 6-max Seat #4 is the button
Seat 4: MTails ($145.90 in chips)
Seat 5: StakkAttakk ($61.90 in chips)
MTails: posts small blind $1
StakkAttakk: posts big blind $3
*** HOLE CARDS ***
MTails: raises $3 to $6
StakkAttakk: folds
Uncalled bet ($3) returned to MTails
MTails collected $6 from pot
*** SUMMARY ***
Total pot $6 | Rake $0
Seat 4: MTails (button) (small blind) collected ($6)
Seat 5: StakkAttakk (big blind) folded before Flop


PokerStars Hand #172095288329:  Hold'em Limit ($3/$6 USD) - 2017/06/22 9:48:14 ET
Table 'Alva' 6-max Seat #5 is the button
Seat 4: MTails ($156.66 in chips)
Seat 5: StakkAttakk ($50.66 in chips)
StakkAttakk: posts small blind $1
MTails: posts big blind $3
*** HOLE CARDS ***
StakkAttakk: raises $3 to $6
MTails: calls $3
*** FLOP *** [Js 2h 5s]
MTails: checks
StakkAttakk: checks
*** TURN *** [Js 2h 5s] [Kd]
MTails: bets $6
StakkAttakk: calls $6
*** RIVER *** [Js 2h 5s Kd] [3c]
MTails: bets $6
StakkAttakk: raises $6 to $12
MTails: folds
Uncalled bet ($6) returned to StakkAttakk
StakkAttakk collected $35.50 from pot
StakkAttakk: doesn't show hand
*** SUMMARY ***
Total pot $36 | Rake $0.50
Board [Js 2h 5s Kd 3c]
Seat 4: MTails (big blind) folded on the River
Seat 5: StakkAttakk (button) (small blind) collected ($35.50)


PokerStars Hand #172095300433:  Hold'em Limit ($3/$6 USD) - 2017/06/22 9:48:38 ET
Table 'Alva' 6-max Seat #4 is the button
Seat 4: MTails ($138.66 in chips)
Seat 5: StakkAttakk ($68.16 in chips)
MTails: posts small blind $1
StakkAttakk: posts big blind $3
*** HOLE CARDS ***
MTails: raises $3 to $6
StakkAttakk: folds
Uncalled bet ($3) returned to MTails
MTails collected $6 from pot
*** SUMMARY ***
Total pot $6 | Rake $0
Seat 4: MTails (button) (small blind) collected ($6)
Seat 5: StakkAttakk (big blind) folded before Flop


PokerStars Hand #172095304197:  Hold'em Limit ($3/$6 USD) - 2017/06/22 9:48:45 ET
Table 'Alva' 6-max Seat #5 is the button
Seat 4: MTails ($141.66 in chips)
Seat 5: StakkAttakk ($65.16 in chips)
StakkAttakk: posts small blind $1
MTails: posts big blind $3
*** HOLE CARDS ***
StakkAttakk: raises $3 to $6
MTails: calls $3
*** FLOP *** [2s 5s 4d]
MTails: checks
StakkAttakk: checks
*** TURN *** [2s 5s 4d] [5d]
MTails: bets $6
StakkAttakk: calls $6
*** RIVER *** [2s 5s 4d 5d] [7s]
MTails: bets $6
StakkAttakk: calls $6
*** SHOW DOWN ***
MTails: shows [Qc Ah] (a pair of Fives)
StakkAttakk: mucks hand
MTails collected $35.50 from pot
*** SUMMARY ***
Total pot $36 | Rake $0.50
Board [2s 5s 4d 5d 7s]
Seat 4: MTails (big blind) showed [Qc Ah] and won ($35.50) with a pair of Fives
Seat 5: StakkAttakk (button) (small blind) mucked


PokerStars Hand #172095318573:  Hold'em Limit ($3/$6 USD) - 2017/06/22 9:49:14 ET
Table 'Alva' 6-max Seat #4 is the button
Seat 4: MTails ($159.16 in chips)
Seat 5: StakkAttakk ($47.16 in chips)
MTails: posts small blind $1
StakkAttakk: posts big blind $3
*** HOLE CARDS ***
MTails: raises $3 to $6
StakkAttakk: raises $3 to $9
MTails: calls $3
*** FLOP *** [4d 3s 2s]
StakkAttakk: checks
MTails: bets $3
StakkAttakk: calls $3
*** TURN *** [4d 3s 2s] [Kh]
StakkAttakk: checks
MTails: bets $6
StakkAttakk: folds
Uncalled bet ($6) returned to MTails
MTails collected $23.52 from pot
*** SUMMARY ***
Total pot $24 | Rake $0.48
Board [4d 3s 2s Kh]
Seat 4: MTails (button) (small blind) collected ($23.52)
Seat 5: StakkAttakk (big blind) folded on the Turn


PokerStars Hand #172095353866:  Hold'em Limit ($3/$6 USD) - 2017/06/22 9:50:24 ET
Table 'Alva' 6-max Seat #4 is the button
Seat 4: MTails ($192.02 in chips)
Seat 5: StakkAttakk ($13.11 in chips)
MTails: posts small blind $1
StakkAttakk: posts big blind $3
*** HOLE CARDS ***
MTails: raises $3 to $6
StakkAttakk: folds
Uncalled bet ($3) returned to MTails
MTails collected $6 from pot
*** SUMMARY ***
Total pot $6 | Rake $0
Seat 4: MTails (button) (small blind) collected ($6)
Seat 5: StakkAttakk (big blind) folded before Flop


PokerStars Hand #172095350283:  Hold'em Limit ($3/$6 USD) - 2017/06/22 9:50:17 ET
Table 'Alva' 6-max Seat #5 is the button
Seat 4: MTails ($195.02 in chips)
Seat 5: StakkAttakk ($10.11 in chips)
StakkAttakk: posts small blind $1
MTails: posts big blind $3
*** HOLE CARDS ***
StakkAttakk: raises $3 to $6
MTails: folds
Uncalled bet ($3) returned to StakkAttakk
StakkAttakk collected $6 from pot
StakkAttakk: doesn't show hand
*** SUMMARY ***
Total pot $6 | Rake $0
Seat 4: MTails (big blind) folded before Flop
Seat 5: StakkAttakk (button) (small blind) collected ($6)


PokerStars Hand #172095356640:  Hold'em Limit ($3/$6 USD) - 2017/06/22 9:50:30 ET
Table 'Alva' 6-max Seat #5 is the button
Seat 4: MTails ($195.02 in chips)
Seat 5: StakkAttakk ($10.11 in chips)
StakkAttakk: posts small blind $1
MTails: posts big blind $3
*** HOLE CARDS ***
StakkAttakk: raises $3 to $6
MTails: raises $3 to $9
StakkAttakk: raises $1.11 to $10.11 and is all-in
Betting is capped
MTails: calls $1.11
*** FLOP *** [Ah 5c 7s]
*** TURN *** [Ah 5c 7s] [4c]
*** RIVER *** [Ah 5c 7s 4c] [Qs]
*** SHOW DOWN ***
MTails: shows [Ad 7h] (two pair, Aces and Sevens)
StakkAttakk: shows [Qh Qd] (three of a kind, Queens)
StakkAttakk collected $19.82 from pot
*** SUMMARY ***
Total pot $20.22 | Rake $0.40
Board [Ah 5c 7s 4c Qs]
Seat 4: MTails (big blind) showed [Ad 7h] and lost with two pair, Aces and Sevens
Seat 5: StakkAttakk (button) (small blind) showed [Qh Qd] and won ($19.82) with three of a kind, Queens


PokerStars Hand #172095328991:  Hold'em Limit ($3/$6 USD) - 2017/06/22 9:49:35 ET
Table 'Alva' 6-max Seat #5 is the button
Seat 4: MTails ($170.68 in chips)
Seat 5: StakkAttakk ($35.16 in chips)
StakkAttakk: posts small blind $1
MTails: posts big blind $3
*** HOLE CARDS ***
StakkAttakk: raises $3 to $6
MTails: raises $3 to $9
StakkAttakk: calls $3
*** FLOP *** [Th 7h Td]
MTails: bets $3
StakkAttakk: calls $3
*** TURN *** [Th 7h Td] [4c]
MTails: bets $6
StakkAttakk: calls $6
*** RIVER *** [Th 7h Td 4c] [3c]
MTails: bets $6
StakkAttakk: raises $6 to $12
MTails: calls $6
*** SHOW DOWN ***
StakkAttakk: shows [3d Ah] (two pair, Tens and Threes)
MTails: shows [Jc Jh] (two pair, Jacks and Tens)
MTails collected $59.50 from pot
*** SUMMARY ***
Total pot $60 | Rake $0.50
Board [Th 7h Td 4c 3c]
Seat 4: MTails (big blind) showed [Jc Jh] and won ($59.50) with two pair, Jacks and Tens
Seat 5: StakkAttakk (button) (small blind) showed [3d Ah] and lost with two pair, Tens and Threes


PokerStars Hand #172095369094:  Hold'em Limit ($3/$6 USD) - 2017/06/22 9:50:55 ET
Table 'Alva' 6-max Seat #5 is the button
Seat 4: MTails ($183.91 in chips)
Seat 5: StakkAttakk ($20.82 in chips)
StakkAttakk: posts small blind $1
MTails: posts big blind $3
*** HOLE CARDS ***
StakkAttakk: folds
Uncalled bet ($2) returned to MTails
MTails collected $2 from pot
*** SUMMARY ***
Total pot $2 | Rake $0
Seat 4: MTails (big blind) collected ($2)
Seat 5: StakkAttakk (button) (small blind) folded before Flop


PokerStars Hand #172095364895:  Hold'em Limit ($3/$6 USD) - 2017/06/22 9:50:46 ET
Table 'Alva' 6-max Seat #4 is the button
Seat 4: MTails ($184.91 in chips)
Seat 5: StakkAttakk ($19.82 in chips)
MTails: posts small blind $1
StakkAttakk: posts big blind $3
*** HOLE CARDS ***
MTails: folds
Uncalled bet ($2) returned to StakkAttakk
StakkAttakk collected $2 from pot
StakkAttakk: doesn't show hand
*** SUMMARY ***
Total pot $2 | Rake $0
Seat 4: MTails (button) (small blind) folded before Flop
Seat 5: StakkAttakk (big blind) collected ($2)


PokerStars Hand #172095343499:  Hold'em Limit ($3/$6 USD) - 2017/06/22 9:50:04 ET
Table 'Alva' 6-max Seat #4 is the button
Seat 4: MTails ($200.18 in chips)
Seat 5: StakkAttakk ($5.16 in chips)
MTails: posts small blind $1
StakkAttakk: posts big blind $3
*** HOLE CARDS ***
MTails: raises $3 to $6
StakkAttakk: calls $2.16 and is all-in
Uncalled bet ($0.84) returned to MTails
*** FLOP *** [Kh Jd 8s]
*** TURN *** [Kh Jd 8s] [9h]
*** RIVER *** [Kh Jd 8s 9h] [8d]
*** SHOW DOWN ***
StakkAttakk: shows [2d Th] (a pair of Eights)
MTails: shows [7s 4h] (a pair of Eights - lower kicker)
StakkAttakk collected $10.11 from pot
*** SUMMARY ***
Total pot $10.32 | Rake $0.21
Board [Kh Jd 8s 9h 8d]
Seat 4: MTails (button) (small blind) showed [7s 4h] and lost with a pair of Eights
Seat 5: StakkAttakk (big blind) showed [2d Th] and won ($10.11) with a pair of Eights


PokerStars Hand #172095371547:  Hold'em Limit ($3/$6 USD) - 2017/06/22 9:51:00 ET
Table 'Alva' 6-max Seat #4 is the button
Seat 4: MTails ($184.91 in chips)
Seat 5: StakkAttakk ($19.82 in chips)
MTails: posts small blind $1
StakkAttakk: posts big blind $3
*** HOLE CARDS ***
MTails: raises $3 to $6
StakkAttakk: calls $3
*** FLOP *** [Tc Jd Ks]
StakkAttakk: bets $3
MTails: calls $3
*** TURN *** [Tc Jd Ks] [7h]
StakkAttakk: checks
MTails: bets $6
StakkAttakk: raises $4.82 to $10.82 and is all-in
MTails: calls $4.82
*** RIVER *** [Tc Jd Ks 7h] [5d]
*** SHOW DOWN ***
StakkAttakk: shows [Jh 9s] (a pair of Jacks)
MTails: shows [As Kd] (a pair of Kings)
MTails collected $39.14 from pot
*** SUMMARY ***
Total pot $39.64 | Rake $0.50
Board [Tc Jd Ks 7h 5d]
Seat 4: MTails (button) (small blind) showed [As Kd] and won ($39.14) with a pair of Kings
Seat 5: StakkAttakk (big blind) showed [Jh 9s] and lost with a pair of Jacks


PokerStars Hand #172095605079:  Hold'em Limit ($3/$6 USD) - 2017/06/22 9:59:14 ET
Table 'Alva' 6-max Seat #3 is the button
Seat 3: chebob ($134.40 in chips)
Seat 4: MTails ($189.23 in chips)
chebob: posts small blind $1
MTails: posts big blind $3
*** HOLE CARDS ***
chebob: folds
Uncalled bet ($2) returned to MTails
MTails collected $2 from pot
*** SUMMARY ***
Total pot $2 | Rake $0
Seat 3: chebob (button) (small blind) folded before Flop
Seat 4: MTails (big blind) collected ($2)


PokerStars Hand #172095582194:  Hold'em Limit ($3/$6 USD) - 2017/06/22 9:58:23 ET
Table 'Alva' 6-max Seat #3 is the button
Seat 3: chebob ($120 in chips)
Seat 4: MTails ($204.23 in chips)
chebob: posts small blind $1
MTails: posts big blind $3
*** HOLE CARDS ***
chebob: raises $3 to $6
MTails: calls $3
*** FLOP *** [6h Ks 9c]
MTails: checks
chebob: bets $3
MTails: folds
Uncalled bet ($3) returned to chebob
chebob collected $11.76 from pot
chebob: doesn't show hand
*** SUMMARY ***
Total pot $12 | Rake $0.24
Board [6h Ks 9c]
Seat 3: chebob (button) (small blind) collected ($11.76)
Seat 4: MTails (big blind) folded on the Flop


PokerStars Hand #172095597664:  Hold'em Limit ($3/$6 USD) - 2017/06/22 9:58:58 ET
Table 'Alva' 6-max Seat #4 is the button
Seat 3: chebob ($125.76 in chips)
Seat 4: MTails ($198.23 in chips)
MTails: posts small blind $1
chebob: posts big blind $3
*** HOLE CARDS ***
MTails: raises $3 to $6
denn69 joins the table at seat #5
chebob: calls $3
*** FLOP *** [6h 9h Ks]
chebob: checks
MTails: bets $3
chebob: raises $3 to $6
MTails: folds
Uncalled bet ($3) returned to chebob
chebob collected $17.64 from pot
chebob: doesn't show hand
*** SUMMARY ***
Total pot $18 | Rake $0.36
Board [6h 9h Ks]
Seat 3: chebob (big blind) collected ($17.64)
Seat 4: MTails (button) (small blind) folded on the Flop


PokerStars Hand #172095748428:  Hold'em Limit ($3/$6 USD) - 2017/06/22 10:04:08 ET
Table 'Alva' 6-max Seat #3 is the button
Seat 3: chebob ($154.89 in chips)
Seat 4: MTails ($196.69 in chips)
chebob: posts small blind $1
MTails: posts big blind $3
*** HOLE CARDS ***
chebob: folds
Uncalled bet ($2) returned to MTails
MTails collected $2 from pot
*** SUMMARY ***
Total pot $2 | Rake $0
Seat 3: chebob (button) (small blind) folded before Flop
Seat 4: MTails (big blind) collected ($2)


PokerStars Hand #172095737435:  Hold'em Limit ($3/$6 USD) - 2017/06/22 10:03:47 ET
Table 'Alva' 6-max Seat #4 is the button
Seat 3: chebob ($137.39 in chips)
Seat 4: MTails ($214.69 in chips)
MTails: posts small blind $1
HAL9QQQ: is sitting out
chebob: posts big blind $3
*** HOLE CARDS ***
MTails: raises $3 to $6
chebob: raises $3 to $9
MTails: calls $3
*** FLOP *** [Qh Qc 4c]
chebob: bets $3
MTails: calls $3
*** TURN *** [Qh Qc 4c] [2s]
chebob: checks
MTails: bets $6
chebob: calls $6
*** RIVER *** [Qh Qc 4c 2s] [Kd]
chebob: checks
MTails: checks
*** SHOW DOWN ***
chebob: shows [Ah Jh] (a pair of Queens)
MTails: mucks hand
chebob collected $35.50 from pot
*** SUMMARY ***
Total pot $36 | Rake $0.50
Board [Qh Qc 4c 2s Kd]
Seat 3: chebob (big blind) showed [Ah Jh] and won ($35.50) with a pair of Queens
Seat 4: MTails (button) (small blind) mucked


PokerStars Hand #172095750932:  Hold'em Limit ($3/$6 USD) - 2017/06/22 10:04:13 ET
Table 'Alva' 6-max Seat #4 is the button
Seat 3: chebob ($153.89 in chips)
Seat 4: MTails ($197.69 in chips)
MTails: posts small blind $1
chebob: posts big blind $3
*** HOLE CARDS ***
MTails: raises $3 to $6
chebob: raises $3 to $9
MTails: calls $3
*** FLOP *** [4d 7s Kh]
chebob: bets $3
MTails: calls $3
*** TURN *** [4d 7s Kh] [Qh]
chebob: checks
MTails: bets $6
chebob: folds
Uncalled bet ($6) returned to MTails
MTails collected $23.52 from pot
*** SUMMARY ***
Total pot $24 | Rake $0.48
Board [4d 7s Kh Qh]
Seat 3: chebob (big blind) folded on the Turn
Seat 4: MTails (button) (small blind) collected ($23.52)


PokerStars Hand #172095758259:  Hold'em Limit ($3/$6 USD) - 2017/06/22 10:04:28 ET
Table 'Alva' 6-max Seat #3 is the button
Seat 3: chebob ($141.89 in chips)
Seat 4: MTails ($209.21 in chips)
chebob: posts small blind $1
MTails: posts big blind $3
*** HOLE CARDS ***
chebob: raises $3 to $6
MTails: raises $3 to $9
chebob: calls $3
*** FLOP *** [Ac 8h Ad]
MTails: bets $3
chebob: calls $3
*** TURN *** [Ac 8h Ad] [7d]
MTails: bets $6
chebob: calls $6
*** RIVER *** [Ac 8h Ad 7d] [9s]
MTails: checks
chebob: bets $6
MTails: calls $6
*** SHOW DOWN ***
chebob: shows [5s 5h] (two pair, Aces and Fives)
MTails: mucks hand
chebob collected $47.50 from pot
*** SUMMARY ***
Total pot $48 | Rake $0.50
Board [Ac 8h Ad 7d 9s]
Seat 3: chebob (button) (small blind) showed [5s 5h] and won ($47.50) with two pair, Aces and Fives
Seat 4: MTails (big blind) mucked


PokerStars Hand #172095768059:  Hold'em Limit ($3/$6 USD) - 2017/06/22 10:04:46 ET
Table 'Alva' 6-max Seat #4 is the button
Seat 3: chebob ($165.39 in chips)
Seat 4: MTails ($185.21 in chips)
MTails: posts small blind $1
chebob: posts big blind $3
*** HOLE CARDS ***
MTails: raises $3 to $6
chebob: calls $3
*** FLOP *** [7h Jd 6h]
chebob: checks
MTails: bets $3
chebob: calls $3
*** TURN *** [7h Jd 6h] [6d]
chebob: checks
MTails: bets $6
chebob: calls $6
*** RIVER *** [7h Jd 6h 6d] [4d]
chebob: checks
MTails: bets $6
chebob: raises $6 to $12
MTails: raises $6 to $18
chebob: calls $6
*** SHOW DOWN ***
MTails: shows [Ad Qd] (a flush, Ace high)
chebob: mucks hand
MTails collected $65.50 from pot
*** SUMMARY ***
Total pot $66 | Rake $0.50
Board [7h Jd 6h 6d 4d]
Seat 3: chebob (big blind) mucked
Seat 4: MTails (button) (small blind) showed [Ad Qd] and won ($65.50) with a flush, Ace high


PokerStars Hand #172095779839:  Hold'em Limit ($3/$6 USD) - 2017/06/22 10:05:09 ET
Table 'Alva' 6-max Seat #3 is the button
Seat 3: chebob ($132.39 in chips)
Seat 4: MTails ($217.71 in chips)
chebob: posts small blind $1
MTails: posts big blind $3
*** HOLE CARDS ***
chebob: raises $3 to $6
MTails: calls $3
*** FLOP *** [7s 9h Kh]
MTails: checks
chebob: bets $3
MTails: calls $3
*** TURN *** [7s 9h Kh] [4c]
MTails: checks
chebob: bets $6
MTails: calls $6
*** RIVER *** [7s 9h Kh 4c] [3c]
MTails: checks
chebob: bets $6
MTails: folds
Uncalled bet ($6) returned to chebob
chebob collected $29.50 from pot
chebob: doesn't show hand
*** SUMMARY ***
Total pot $30 | Rake $0.50
Board [7s 9h Kh 4c 3c]
Seat 3: chebob (button) (small blind) collected ($29.50)
Seat 4: MTails (big blind) folded on the River


PokerStars Hand #172095819658:  Hold'em Limit ($3/$6 USD) - 2017/06/22 10:06:26 ET
Table 'Alva' 6-max Seat #4 is the button
Seat 3: chebob ($131.53 in chips)
Seat 4: MTails ($216.85 in chips)
MTails: posts small blind $1
chebob: posts big blind $3
*** HOLE CARDS ***
MTails: folds
Uncalled bet ($2) returned to chebob
chebob collected $2 from pot
chebob: doesn't show hand
*** SUMMARY ***
Total pot $2 | Rake $0
Seat 3: chebob (big blind) collected ($2)
Seat 4: MTails (button) (small blind) folded before Flop


PokerStars Hand #172095800767:  Hold'em Limit ($3/$6 USD) - 2017/06/22 10:05:49 ET
Table 'Alva' 6-max Seat #3 is the button
Seat 3: chebob ($155.53 in chips)
Seat 4: MTails ($193.71 in chips)
chebob: posts small blind $1
MTails: posts big blind $3
*** HOLE CARDS ***
chebob: raises $3 to $6
MTails: calls $3
*** FLOP *** [4c 9c Jd]
MTails: checks
chebob: checks
*** TURN *** [4c 9c Jd] [5d]
MTails: bets $6
chebob: calls $6
*** RIVER *** [4c 9c Jd 5d] [4h]
MTails: bets $6
chebob: calls $6
*** SHOW DOWN ***
MTails: shows [6c 9d] (two pair, Nines and Fours)
chebob: mucks hand
MTails collected $35.50 from pot
*** SUMMARY ***
Total pot $36 | Rake $0.50
Board [4c 9c Jd 5d 4h]
Seat 3: chebob (button) (small blind) mucked
Seat 4: MTails (big blind) showed [6c 9d] and won ($35.50) with two pair, Nines and Fours


PokerStars Hand #172095791458:  Hold'em Limit ($3/$6 USD) - 2017/06/22 10:05:31 ET
Table 'Alva' 6-max Seat #4 is the button
Seat 3: chebob ($146.89 in chips)
Seat 4: MTails ($202.71 in chips)
MTails: posts small blind $1
chebob: posts big blind $3
*** HOLE CARDS ***
MTails: raises $3 to $6
chebob: calls $3
*** FLOP *** [7c Ah Ks]
chebob: checks
MTails: bets $3
chebob: calls $3
*** TURN *** [7c Ah Ks] [4d]
chebob: checks
MTails: checks
*** RIVER *** [7c Ah Ks 4d] [7h]
chebob: bets $6
MTails: folds
Uncalled bet ($6) returned to chebob
chebob collected $17.64 from pot
chebob: doesn't show hand
*** SUMMARY ***
Total pot $18 | Rake $0.36
Board [7c Ah Ks 4d 7h]
Seat 3: chebob (big blind) collected ($17.64)
Seat 4: MTails (button) (small blind) folded on the River


PokerStars Hand #172095816108:  Hold'em Limit ($3/$6 USD) - 2017/06/22 10:06:19 ET
Table 'Alva' 6-max Seat #3 is the button
Seat 3: chebob ($128.53 in chips)
Seat 4: MTails ($219.85 in chips)
chebob: posts small blind $1
MTails: posts big blind $3
*** HOLE CARDS ***
chebob: raises $3 to $6
MTails: folds
Uncalled bet ($3) returned to chebob
chebob collected $6 from pot
chebob: doesn't show hand
*** SUMMARY ***
Total pot $6 | Rake $0
Seat 3: chebob (button) (small blind) collected ($6)
Seat 4: MTails (big blind) folded before Flop


PokerStars Hand #172095808287:  Hold'em Limit ($3/$6 USD) - 2017/06/22 10:06:04 ET
Table 'Alva' 6-max Seat #4 is the button
Seat 3: chebob ($137.53 in chips)
Seat 4: MTails ($211.21 in chips)
MTails: posts small blind $1
chebob: posts big blind $3
*** HOLE CARDS ***
MTails: raises $3 to $6
chebob: calls $3
*** FLOP *** [5h 7c Ks]
chebob: checks
MTails: bets $3
chebob: calls $3
*** TURN *** [5h 7c Ks] [2c]
chebob: checks
MTails: bets $6
chebob: folds
Uncalled bet ($6) returned to MTails
MTails collected $17.64 from pot
*** SUMMARY ***
Total pot $18 | Rake $0.36
Board [5h 7c Ks 2c]
Seat 3: chebob (big blind) folded on the Turn
Seat 4: MTails (button) (small blind) collected ($17.64)


PokerStars Hand #172095838359:  Hold'em Limit ($3/$6 USD) - 2017/06/22 10:07:02 ET
Table 'Alva' 6-max Seat #3 is the button
Seat 3: chebob ($106.53 in chips)
Seat 4: MTails ($241.35 in chips)
chebob: posts small blind $1
MTails: posts big blind $3
*** HOLE CARDS ***
chebob: raises $3 to $6
MTails: calls $3
*** FLOP *** [7d Kc 8s]
MTails: checks
chebob: bets $3
MTails: calls $3
*** TURN *** [7d Kc 8s] [Th]
MTails: checks
chebob: checks
*** RIVER *** [7d Kc 8s Th] [5h]
MTails: bets $6
chebob: raises $6 to $12
MTails: folds
Uncalled bet ($6) returned to chebob
chebob collected $29.50 from pot
chebob: doesn't show hand
*** SUMMARY ***
Total pot $30 | Rake $0.50
Board [7d Kc 8s Th 5h]
Seat 3: chebob (button) (small blind) collected ($29.50)
Seat 4: MTails (big blind) folded on the River


PokerStars Hand #172095849436:  Hold'em Limit ($3/$6 USD) - 2017/06/22 10:07:23 ET
Table 'Alva' 6-max Seat #4 is the button
Seat 3: chebob ($121.03 in chips)
Seat 4: MTails ($226.35 in chips)
MTails: posts small blind $1
chebob: posts big blind $3
*** HOLE CARDS ***
MTails: raises $3 to $6
chebob: calls $3
*** FLOP *** [9s Ks 3h]
chebob: checks
MTails: bets $3
chebob: folds
Uncalled bet ($3) returned to MTails
MTails collected $11.76 from pot
*** SUMMARY ***
Total pot $12 | Rake $0.24
Board [9s Ks 3h]
Seat 3: chebob (big blind) folded on the Flop
Seat 4: MTails (button) (small blind) collected ($11.76)


PokerStars Hand #172095822671:  Hold'em Limit ($3/$6 USD) - 2017/06/22 10:06:32 ET
Table 'Alva' 6-max Seat #3 is the button
Seat 3: chebob ($132.53 in chips)
Seat 4: MTails ($215.85 in chips)
chebob: posts small blind $1
MTails: posts big blind $3
*** HOLE CARDS ***
chebob: raises $3 to $6
MTails: calls $3
*** FLOP *** [Jc 4h 5d]
MTails: checks
chebob: bets $3
MTails: calls $3
*** TURN *** [Jc 4h 5d] [Ad]
MTails: checks
chebob: bets $6
MTails: calls $6
*** RIVER *** [Jc 4h 5d Ad] [4s]
MTails: checks
chebob: bets $6
MTails: raises $6 to $12
chebob: calls $6
*** SHOW DOWN ***
MTails: shows [4c Qs] (three of a kind, Fours)
chebob: mucks hand
MTails collected $53.50 from pot
*** SUMMARY ***
Total pot $54 | Rake $0.50
Board [Jc 4h 5d Ad 4s]
Seat 3: chebob (button) (small blind) mucked
Seat 4: MTails (big blind) showed [4c Qs] and won ($53.50) with three of a kind, Fours


PokerStars Hand #172095835521:  Hold'em Limit ($3/$6 USD) - 2017/06/22 10:06:57 ET
Table 'Alva' 6-max Seat #4 is the button
Seat 3: chebob ($105.53 in chips)
Seat 4: MTails ($242.35 in chips)
MTails: posts small blind $1
chebob: posts big blind $3
*** HOLE CARDS ***
MTails: folds
Uncalled bet ($2) returned to chebob
chebob collected $2 from pot
chebob: doesn't show hand
*** SUMMARY ***
Total pot $2 | Rake $0
Seat 3: chebob (big blind) collected ($2)
Seat 4: MTails (button) (small blind) folded before Flop


PokerStars Hand #172095854611:  Hold'em Limit ($3/$6 USD) - 2017/06/22 10:07:33 ET
Table 'Alva' 6-max Seat #3 is the button
Seat 3: chebob ($115.03 in chips)
Seat 4: MTails ($232.11 in chips)
chebob: posts small blind $1
MTails: posts big blind $3
*** HOLE CARDS ***
chebob: folds
Uncalled bet ($2) returned to MTails
MTails collected $2 from pot
*** SUMMARY ***
Total pot $2 | Rake $0
Seat 3: chebob (button) (small blind) folded before Flop
Seat 4: MTails (big blind) collected ($2)


PokerStars Hand #172095856890:  Hold'em Limit ($3/$6 USD) - 2017/06/22 10:07:38 ET
Table 'Alva' 6-max Seat #4 is the button
Seat 3: chebob ($114.03 in chips)
Seat 4: MTails ($233.11 in chips)
MTails: posts small blind $1
chebob: posts big blind $3
*** HOLE CARDS ***
MTails: raises $3 to $6
chebob: calls $3
*** FLOP *** [Jh 3c Qs]
chebob: checks
MTails: bets $3
chebob: calls $3
*** TURN *** [Jh 3c Qs] [5h]
chebob: checks
MTails: bets $6
chebob: raises $6 to $12
MTails: folds
Uncalled bet ($6) returned to chebob
chebob collected $29.50 from pot
chebob: doesn't show hand
*** SUMMARY ***
Total pot $30 | Rake $0.50
Board [Jh 3c Qs 5h]
Seat 3: chebob (big blind) collected ($29.50)
Seat 4: MTails (button) (small blind) folded on the Turn


