PokerStars Hand #162830266066:  Hold'em Limit ($3/$6 USD) - 2016/12/12 11:40:58 ET
Table 'Alva' 6-max Seat #1 is the button
Seat 1: chebob ($85.56 in chips)
Seat 4: Hannibal2211 ($103.14 in chips)
chebob: posts small blind $1
Hannibal2211: posts big blind $3
*** HOLE CARDS ***
chebob: raises $3 to $6
Hannibal2211: calls $3
*** FLOP *** [9c 5s Th]
Hannibal2211: checks
chebob: checks
*** TURN *** [9c 5s Th] [2s]
Hannibal2211: bets $6
chebob: folds
Uncalled bet ($6) returned to Hannibal2211
Hannibal2211 collected $11.76 from pot
*** SUMMARY ***
Total pot $12 | Rake $0.24
Board [9c 5s Th 2s]
Seat 1: chebob (button) (small blind) folded on the Turn
Seat 4: Hannibal2211 (big blind) collected ($11.76)


PokerStars Hand #162830280953:  Hold'em Limit ($3/$6 USD) - 2016/12/12 11:41:17 ET
Table 'Alva' 6-max Seat #4 is the button
Seat 1: chebob ($79.56 in chips)
Seat 4: Hannibal2211 ($108.90 in chips)
Hannibal2211: posts small blind $1
chebob: posts big blind $3
*** HOLE CARDS ***
Hannibal2211: raises $3 to $6
chebob: calls $3
*** FLOP *** [Jd 7c 3d]
chebob: checks
Hannibal2211: bets $3
chebob: calls $3
*** TURN *** [Jd 7c 3d] [8h]
chebob: checks
Hannibal2211: bets $6
chebob: raises $6 to $12
Hannibal2211: calls $6
*** RIVER *** [Jd 7c 3d 8h] [3c]
chebob: bets $6
Hannibal2211: calls $6
*** SHOW DOWN ***
chebob: shows [Ah Jh] (two pair, Jacks and Threes)
Hannibal2211: mucks hand
chebob collected $53.50 from pot
*** SUMMARY ***
Total pot $54 | Rake $0.50
Board [Jd 7c 3d 8h 3c]
Seat 1: chebob (big blind) showed [Ah Jh] and won ($53.50) with two pair, Jacks and Threes
Seat 4: Hannibal2211 (button) (small blind) mucked


PokerStars Hand #162830303774:  Hold'em Limit ($3/$6 USD) - 2016/12/12 11:41:47 ET
Table 'Alva' 6-max Seat #1 is the button
Seat 1: chebob ($106.06 in chips)
Seat 4: Hannibal2211 ($81.90 in chips)
chebob: posts small blind $1
Hannibal2211: posts big blind $3
*** HOLE CARDS ***
chebob: raises $3 to $6
Hannibal2211: raises $3 to $9
chebob: calls $3
*** FLOP *** [5h 9c Td]
Hannibal2211: bets $3
chebob: calls $3
*** TURN *** [5h 9c Td] [Ad]
Hannibal2211: bets $6
chebob: folds
Uncalled bet ($6) returned to Hannibal2211
Hannibal2211 collected $23.52 from pot
*** SUMMARY ***
Total pot $24 | Rake $0.48
Board [5h 9c Td Ad]
Seat 1: chebob (button) (small blind) folded on the Turn
Seat 4: Hannibal2211 (big blind) collected ($23.52)


PokerStars Hand #162830331749:  Hold'em Limit ($3/$6 USD) - 2016/12/12 11:42:22 ET
Table 'Alva' 6-max Seat #1 is the button
Seat 1: chebob ($108.56 in chips)
Seat 4: Hannibal2211 ($78.42 in chips)
chebob: posts small blind $1
Hannibal2211: posts big blind $3
*** HOLE CARDS ***
chebob: folds
Uncalled bet ($2) returned to Hannibal2211
Hannibal2211 collected $2 from pot
*** SUMMARY ***
Total pot $2 | Rake $0
Seat 1: chebob (button) (small blind) folded before Flop
Seat 4: Hannibal2211 (big blind) collected ($2)


PokerStars Hand #162830316694:  Hold'em Limit ($3/$6 USD) - 2016/12/12 11:42:03 ET
Table 'Alva' 6-max Seat #4 is the button
Seat 1: chebob ($94.06 in chips)
Seat 4: Hannibal2211 ($93.42 in chips)
Hannibal2211: posts small blind $1
chebob: posts big blind $3
*** HOLE CARDS ***
Hannibal2211: raises $3 to $6
chebob: calls $3
*** FLOP *** [Td 7c 6s]
chebob: checks
Hannibal2211: bets $3
chebob: calls $3
*** TURN *** [Td 7c 6s] [8d]
chebob: checks
Hannibal2211: bets $6
chebob: calls $6
*** RIVER *** [Td 7c 6s 8d] [6c]
chebob: checks
Hannibal2211: checks
*** SHOW DOWN ***
chebob: shows [8h 3h] (two pair, Eights and Sixes)
Hannibal2211: mucks hand
chebob collected $29.50 from pot
*** SUMMARY ***
Total pot $30 | Rake $0.50
Board [Td 7c 6s 8d 6c]
Seat 1: chebob (big blind) showed [8h 3h] and won ($29.50) with two pair, Eights and Sixes
Seat 4: Hannibal2211 (button) (small blind) mucked


PokerStars Hand #162830335719:  Hold'em Limit ($3/$6 USD) - 2016/12/12 11:42:27 ET
Table 'Alva' 6-max Seat #4 is the button
Seat 1: chebob ($107.56 in chips)
Seat 4: Hannibal2211 ($79.42 in chips)
Hannibal2211: posts small blind $1
chebob: posts big blind $3
*** HOLE CARDS ***
Hannibal2211: raises $3 to $6
chebob: calls $3
*** FLOP *** [As 9d 7s]
chebob: checks
Hannibal2211: bets $3
chebob: folds
Uncalled bet ($3) returned to Hannibal2211
Hannibal2211 collected $11.76 from pot
*** SUMMARY ***
Total pot $12 | Rake $0.24
Board [As 9d 7s]
Seat 1: chebob (big blind) folded on the Flop
Seat 4: Hannibal2211 (button) (small blind) collected ($11.76)


PokerStars Hand #162830351477:  Hold'em Limit ($3/$6 USD) - 2016/12/12 11:42:48 ET
Table 'Alva' 6-max Seat #1 is the button
Seat 1: chebob ($101.56 in chips)
Seat 4: Hannibal2211 ($85.18 in chips)
chebob: posts small blind $1
Hannibal2211: posts big blind $3
*** HOLE CARDS ***
chebob: folds
Uncalled bet ($2) returned to Hannibal2211
Hannibal2211 collected $2 from pot
*** SUMMARY ***
Total pot $2 | Rake $0
Seat 1: chebob (button) (small blind) folded before Flop
Seat 4: Hannibal2211 (big blind) collected ($2)


PokerStars Hand #162830354936:  Hold'em Limit ($3/$6 USD) - 2016/12/12 11:42:52 ET
Table 'Alva' 6-max Seat #4 is the button
Seat 1: chebob ($100.56 in chips)
Seat 4: Hannibal2211 ($86.18 in chips)
Hannibal2211: posts small blind $1
chebob: posts big blind $3
RockKillerTY joins the table at seat #2
*** HOLE CARDS ***
Hannibal2211: raises $3 to $6
chebob: calls $3
*** FLOP *** [4h 3h Qs]
chebob: checks
Hannibal2211: bets $3
chebob: calls $3
*** TURN *** [4h 3h Qs] [3s]
chebob: checks
Hannibal2211: checks
*** RIVER *** [4h 3h Qs 3s] [2h]
chebob: bets $6
Hannibal2211: folds
Uncalled bet ($6) returned to chebob
chebob collected $17.64 from pot
chebob: doesn't show hand
*** SUMMARY ***
Total pot $18 | Rake $0.36
Board [4h 3h Qs 3s 2h]
Seat 1: chebob (big blind) collected ($17.64)
Seat 4: Hannibal2211 (button) (small blind) folded on the River


PokerStars Hand #162853412296:  Hold'em Limit ($3/$6 USD) - 2016/12/12 18:37:58 ET
Table 'Alva' 6-max Seat #1 is the button
Seat 1: aragon1111 ($91.77 in chips)
Seat 6: RaisemyNut$ ($60 in chips)
aragon1111: posts small blind $1
GRAILKO: is sitting out
RaisemyNut$: posts big blind $3
*** HOLE CARDS ***
GRAILKO leaves the table
aragon1111: folds
Uncalled bet ($2) returned to RaisemyNut$
RaisemyNut$ collected $2 from pot
RaisemyNut$: doesn't show hand
*** SUMMARY ***
Total pot $2 | Rake $0
Seat 1: aragon1111 (button) (small blind) folded before Flop
Seat 6: RaisemyNut$ (big blind) collected ($2)


PokerStars Hand #162853418196:  Hold'em Limit ($3/$6 USD) - 2016/12/12 18:38:06 ET
Table 'Alva' 6-max Seat #6 is the button
Seat 1: aragon1111 ($90.77 in chips)
Seat 6: RaisemyNut$ ($61 in chips)
RaisemyNut$: posts small blind $1
aragon1111: posts big blind $3
*** HOLE CARDS ***
RaisemyNut$: raises $3 to $6
aragon1111: raises $3 to $9
RaisemyNut$: calls $3
*** FLOP *** [3h 2h As]
aragon1111: bets $3
RaisemyNut$: calls $3
*** TURN *** [3h 2h As] [7d]
aragon1111: bets $6
RaisemyNut$: calls $6
*** RIVER *** [3h 2h As 7d] [4h]
aragon1111: checks
RaisemyNut$: checks
*** SHOW DOWN ***
aragon1111: shows [Ac 3c] (two pair, Aces and Threes)
RaisemyNut$: mucks hand
aragon1111 collected $35.50 from pot
*** SUMMARY ***
Total pot $36 | Rake $0.50
Board [3h 2h As 7d 4h]
Seat 1: aragon1111 (big blind) showed [Ac 3c] and won ($35.50) with two pair, Aces and Threes
Seat 6: RaisemyNut$ (button) (small blind) mucked


PokerStars Hand #162853464983:  Hold'em Limit ($3/$6 USD) - 2016/12/12 18:39:05 ET
Table 'Alva' 6-max Seat #6 is the button
Seat 1: aragon1111 ($124.77 in chips)
Seat 6: RaisemyNut$ ($64 in chips)
RaisemyNut$: posts small blind $1
aragon1111: posts big blind $3
*** HOLE CARDS ***
RaisemyNut$: folds
Uncalled bet ($2) returned to aragon1111
aragon1111 collected $2 from pot
aragon1111: doesn't show hand
*** SUMMARY ***
Total pot $2 | Rake $0
Seat 1: aragon1111 (big blind) collected ($2)
Seat 6: RaisemyNut$ (button) (small blind) folded before Flop


PokerStars Hand #162853459995:  Hold'em Limit ($3/$6 USD) - 2016/12/12 18:38:59 ET
Table 'Alva' 6-max Seat #1 is the button
Seat 1: aragon1111 ($125.77 in chips)
Seat 6: RaisemyNut$ ($63 in chips)
aragon1111: posts small blind $1
RaisemyNut$: posts big blind $3
*** HOLE CARDS ***
aragon1111: folds
Uncalled bet ($2) returned to RaisemyNut$
RaisemyNut$ collected $2 from pot
RaisemyNut$: doesn't show hand
*** SUMMARY ***
Total pot $2 | Rake $0
Seat 1: aragon1111 (button) (small blind) folded before Flop
Seat 6: RaisemyNut$ (big blind) collected ($2)


PokerStars Hand #162853453989:  Hold'em Limit ($3/$6 USD) - 2016/12/12 18:38:52 ET
Table 'Alva' 6-max Seat #6 is the button
Seat 1: aragon1111 ($128.77 in chips)
Seat 6: RaisemyNut$ ($60 in chips)
RaisemyNut$: posts small blind $1
aragon1111: posts big blind $3
*** HOLE CARDS ***
RaisemyNut$: raises $3 to $6
aragon1111: folds
Uncalled bet ($3) returned to RaisemyNut$
RaisemyNut$ collected $6 from pot
RaisemyNut$: doesn't show hand
*** SUMMARY ***
Total pot $6 | Rake $0
Seat 1: aragon1111 (big blind) folded before Flop
Seat 6: RaisemyNut$ (button) (small blind) collected ($6)


PokerStars Hand #162853436811:  Hold'em Limit ($3/$6 USD) - 2016/12/12 18:38:29 ET
Table 'Alva' 6-max Seat #1 is the button
Seat 1: aragon1111 ($108.27 in chips)
Seat 6: RaisemyNut$ ($60 in chips)
aragon1111: posts small blind $1
RaisemyNut$: posts big blind $3
*** HOLE CARDS ***
aragon1111: raises $3 to $6
RaisemyNut$: calls $3
*** FLOP *** [8d Ad 7c]
RaisemyNut$: checks
aragon1111: bets $3
RaisemyNut$: calls $3
*** TURN *** [8d Ad 7c] [Kh]
RaisemyNut$: checks
aragon1111: bets $6
RaisemyNut$: calls $6
*** RIVER *** [8d Ad 7c Kh] [Qh]
RaisemyNut$: checks
aragon1111: bets $6
RaisemyNut$: calls $6
*** SHOW DOWN ***
aragon1111: shows [7s 8c] (two pair, Eights and Sevens)
RaisemyNut$: mucks hand
aragon1111 collected $41.50 from pot
*** SUMMARY ***
Total pot $42 | Rake $0.50
Board [8d Ad 7c Kh Qh]
Seat 1: aragon1111 (button) (small blind) showed [7s 8c] and won ($41.50) with two pair, Eights and Sevens
Seat 6: RaisemyNut$ (big blind) mucked


PokerStars Hand #162853472679:  Hold'em Limit ($3/$6 USD) - 2016/12/12 18:39:15 ET
Table 'Alva' 6-max Seat #6 is the button
Seat 1: aragon1111 ($124.77 in chips)
Seat 6: RaisemyNut$ ($64 in chips)
RaisemyNut$: posts small blind $1
aragon1111: posts big blind $3
*** HOLE CARDS ***
RaisemyNut$: folds
Uncalled bet ($2) returned to aragon1111
LWNS joins the table at seat #2
aragon1111 collected $2 from pot
aragon1111: doesn't show hand
*** SUMMARY ***
Total pot $2 | Rake $0
Seat 1: aragon1111 (big blind) collected ($2)
Seat 6: RaisemyNut$ (button) (small blind) folded before Flop


PokerStars Hand #162853468393:  Hold'em Limit ($3/$6 USD) - 2016/12/12 18:39:10 ET
Table 'Alva' 6-max Seat #1 is the button
Seat 1: aragon1111 ($125.77 in chips)
Seat 6: RaisemyNut$ ($63 in chips)
aragon1111: posts small blind $1
RaisemyNut$: posts big blind $3
*** HOLE CARDS ***
aragon1111: folds
Uncalled bet ($2) returned to RaisemyNut$
RaisemyNut$ collected $2 from pot
RaisemyNut$: doesn't show hand
*** SUMMARY ***
Total pot $2 | Rake $0
Seat 1: aragon1111 (button) (small blind) folded before Flop
Seat 6: RaisemyNut$ (big blind) collected ($2)


PokerStars Hand #162853540732:  Hold'em Limit ($3/$6 USD) - 2016/12/12 18:40:43 ET
Table 'Alva' 6-max Seat #1 is the button
Seat 1: aragon1111 ($116.77 in chips)
Seat 6: RaisemyNut$ ($64 in chips)
aragon1111: posts small blind $1
RaisemyNut$: posts big blind $3
*** HOLE CARDS ***
aragon1111: raises $3 to $6
RaisemyNut$: calls $3
*** FLOP *** [6s 9d 5d]
RaisemyNut$: checks
aragon1111: bets $3
RaisemyNut$: calls $3
*** TURN *** [6s 9d 5d] [2c]
RaisemyNut$: checks
aragon1111: checks
*** RIVER *** [6s 9d 5d 2c] [6h]
RaisemyNut$: checks
aragon1111: checks
*** SHOW DOWN ***
RaisemyNut$: shows [Td Kh] (a pair of Sixes)
aragon1111: mucks hand
RaisemyNut$ collected $17.64 from pot
*** SUMMARY ***
Total pot $18 | Rake $0.36
Board [6s 9d 5d 2c 6h]
Seat 1: aragon1111 (button) (small blind) mucked
Seat 6: RaisemyNut$ (big blind) showed [Td Kh] and won ($17.64) with a pair of Sixes


PokerStars Hand #162853559565:  Hold'em Limit ($3/$6 USD) - 2016/12/12 18:41:07 ET
Table 'Alva' 6-max Seat #6 is the button
Seat 1: aragon1111 ($107.77 in chips)
Seat 6: RaisemyNut$ ($72.64 in chips)
RaisemyNut$: posts small blind $1
aragon1111: posts big blind $3
*** HOLE CARDS ***
RaisemyNut$: raises $3 to $6
aragon1111: calls $3
*** FLOP *** [7c 8h 6s]
aragon1111: checks
RaisemyNut$: bets $3
aragon1111: calls $3
*** TURN *** [7c 8h 6s] [Kc]
aragon1111: checks
RaisemyNut$: bets $6
aragon1111: calls $6
*** RIVER *** [7c 8h 6s Kc] [3h]
aragon1111: checks
RaisemyNut$: bets $6
aragon1111: calls $6
*** SHOW DOWN ***
RaisemyNut$: shows [6h 7s] (two pair, Sevens and Sixes)
aragon1111: mucks hand
RaisemyNut$ collected $41.50 from pot
*** SUMMARY ***
Total pot $42 | Rake $0.50
Board [7c 8h 6s Kc 3h]
Seat 1: aragon1111 (big blind) mucked
Seat 6: RaisemyNut$ (button) (small blind) showed [6h 7s] and won ($41.50) with two pair, Sevens and Sixes


PokerStars Hand #162853596854:  Hold'em Limit ($3/$6 USD) - 2016/12/12 18:41:56 ET
Table 'Alva' 6-max Seat #6 is the button
Seat 1: aragon1111 ($89.77 in chips)
Seat 6: RaisemyNut$ ($90.14 in chips)
RaisemyNut$: posts small blind $1
aragon1111: posts big blind $3
*** HOLE CARDS ***
RaisemyNut$: folds
Uncalled bet ($2) returned to aragon1111
aragon1111 collected $2 from pot
aragon1111: doesn't show hand
*** SUMMARY ***
Total pot $2 | Rake $0
Seat 1: aragon1111 (big blind) collected ($2)
Seat 6: RaisemyNut$ (button) (small blind) folded before Flop


PokerStars Hand #162853592589:  Hold'em Limit ($3/$6 USD) - 2016/12/12 18:41:50 ET
Table 'Alva' 6-max Seat #1 is the button
Seat 1: aragon1111 ($90.77 in chips)
Seat 6: RaisemyNut$ ($89.14 in chips)
aragon1111: posts small blind $1
RaisemyNut$: posts big blind $3
*** HOLE CARDS ***
aragon1111: folds
Uncalled bet ($2) returned to RaisemyNut$
RaisemyNut$ collected $2 from pot
RaisemyNut$: doesn't show hand
*** SUMMARY ***
Total pot $2 | Rake $0
Seat 1: aragon1111 (button) (small blind) folded before Flop
Seat 6: RaisemyNut$ (big blind) collected ($2)


PokerStars Hand #162853600746:  Hold'em Limit ($3/$6 USD) - 2016/12/12 18:42:01 ET
Table 'Alva' 6-max Seat #1 is the button
Seat 1: aragon1111 ($90.77 in chips)
Seat 6: RaisemyNut$ ($89.14 in chips)
aragon1111: posts small blind $1
RaisemyNut$: posts big blind $3
*** HOLE CARDS ***
aragon1111: raises $3 to $6
RaisemyNut$: calls $3
*** FLOP *** [Jd 6d 4d]
RaisemyNut$: checks
aragon1111: bets $3
RaisemyNut$: raises $3 to $6
aragon1111: calls $3
*** TURN *** [Jd 6d 4d] [7d]
RaisemyNut$: bets $6
aragon1111: calls $6
*** RIVER *** [Jd 6d 4d 7d] [4c]
RaisemyNut$: bets $6
aragon1111: calls $6
*** SHOW DOWN ***
RaisemyNut$: shows [4h 6s] (a full house, Fours full of Sixes)
aragon1111: mucks hand
RaisemyNut$ collected $47.50 from pot
*** SUMMARY ***
Total pot $48 | Rake $0.50
Board [Jd 6d 4d 7d 4c]
Seat 1: aragon1111 (button) (small blind) mucked
Seat 6: RaisemyNut$ (big blind) showed [4h 6s] and won ($47.50) with a full house, Fours full of Sixes


PokerStars Hand #162853588249:  Hold'em Limit ($3/$6 USD) - 2016/12/12 18:41:45 ET
Table 'Alva' 6-max Seat #6 is the button
Seat 1: aragon1111 ($89.77 in chips)
Seat 6: RaisemyNut$ ($90.14 in chips)
RaisemyNut$: posts small blind $1
aragon1111: posts big blind $3
*** HOLE CARDS ***
RaisemyNut$: folds
Uncalled bet ($2) returned to aragon1111
aragon1111 collected $2 from pot
aragon1111: doesn't show hand
*** SUMMARY ***
Total pot $2 | Rake $0
Seat 1: aragon1111 (big blind) collected ($2)
Seat 6: RaisemyNut$ (button) (small blind) folded before Flop


PokerStars Hand #162853582229:  Hold'em Limit ($3/$6 USD) - 2016/12/12 18:41:37 ET
Table 'Alva' 6-max Seat #1 is the button
Seat 1: aragon1111 ($86.77 in chips)
Seat 6: RaisemyNut$ ($93.14 in chips)
aragon1111: posts small blind $1
RaisemyNut$: posts big blind $3
*** HOLE CARDS ***
aragon1111: raises $3 to $6
RaisemyNut$: folds
Uncalled bet ($3) returned to aragon1111
aragon1111 collected $6 from pot
aragon1111: doesn't show hand
*** SUMMARY ***
Total pot $6 | Rake $0
Seat 1: aragon1111 (button) (small blind) collected ($6)
Seat 6: RaisemyNut$ (big blind) folded before Flop


PokerStars Hand #162853631203:  Hold'em Limit ($3/$6 USD) - 2016/12/12 18:42:41 ET
Table 'Alva' 6-max Seat #6 is the button
Seat 1: aragon1111 ($66.77 in chips)
Seat 6: RaisemyNut$ ($112.64 in chips)
RaisemyNut$: posts small blind $1
aragon1111: posts big blind $3
*** HOLE CARDS ***
RaisemyNut$: raises $3 to $6
aragon1111: raises $3 to $9
RaisemyNut$: calls $3
*** FLOP *** [9c Qs 8h]
aragon1111: bets $3
RaisemyNut$: calls $3
*** TURN *** [9c Qs 8h] [Jh]
aragon1111: bets $6
RaisemyNut$: calls $6
*** RIVER *** [9c Qs 8h Jh] [Kd]
aragon1111: checks
RaisemyNut$: checks
*** SHOW DOWN ***
aragon1111: shows [3s Js] (a pair of Jacks)
RaisemyNut$: mucks hand
aragon1111 collected $35.50 from pot
*** SUMMARY ***
Total pot $36 | Rake $0.50
Board [9c Qs 8h Jh Kd]
Seat 1: aragon1111 (big blind) showed [3s Js] and won ($35.50) with a pair of Jacks
Seat 6: RaisemyNut$ (button) (small blind) mucked


PokerStars Hand #162853689025:  Hold'em Limit ($3/$6 USD) - 2016/12/12 18:43:56 ET
Table 'Alva' 6-max Seat #6 is the button
Seat 1: aragon1111 ($116.77 in chips)
Seat 6: RaisemyNut$ ($61.64 in chips)
RaisemyNut$: posts small blind $1
aragon1111: posts big blind $3
*** HOLE CARDS ***
RaisemyNut$: folds
Uncalled bet ($2) returned to aragon1111
aragon1111 collected $2 from pot
aragon1111: doesn't show hand
*** SUMMARY ***
Total pot $2 | Rake $0
Seat 1: aragon1111 (big blind) collected ($2)
Seat 6: RaisemyNut$ (button) (small blind) folded before Flop


PokerStars Hand #162853661903:  Hold'em Limit ($3/$6 USD) - 2016/12/12 18:43:21 ET
Table 'Alva' 6-max Seat #1 is the button
Seat 1: aragon1111 ($84.27 in chips)
Seat 6: RaisemyNut$ ($94.64 in chips)
aragon1111: posts small blind $1
RaisemyNut$: posts big blind $3
*** HOLE CARDS ***
aragon1111: raises $3 to $6
RaisemyNut$: calls $3
*** FLOP *** [9s Qd 3h]
RaisemyNut$: checks
aragon1111: bets $3
RaisemyNut$: calls $3
*** TURN *** [9s Qd 3h] [7d]
RaisemyNut$: checks
aragon1111: bets $6
RaisemyNut$: raises $6 to $12
aragon1111: calls $6
*** RIVER *** [9s Qd 3h 7d] [3s]
RaisemyNut$: bets $6
aragon1111: raises $6 to $12
RaisemyNut$: calls $6
*** SHOW DOWN ***
aragon1111: shows [4d 3d] (three of a kind, Threes)
RaisemyNut$: mucks hand
aragon1111 collected $65.50 from pot
*** SUMMARY ***
Total pot $66 | Rake $0.50
Board [9s Qd 3h 7d 3s]
Seat 1: aragon1111 (button) (small blind) showed [4d 3d] and won ($65.50) with three of a kind, Threes
Seat 6: RaisemyNut$ (big blind) mucked


PokerStars Hand #162853692485:  Hold'em Limit ($3/$6 USD) - 2016/12/12 18:44:01 ET
Table 'Alva' 6-max Seat #1 is the button
Seat 1: aragon1111 ($117.77 in chips)
Seat 6: RaisemyNut$ ($60.64 in chips)
aragon1111: posts small blind $1
RaisemyNut$: posts big blind $3
*** HOLE CARDS ***
aragon1111: folds
Uncalled bet ($2) returned to RaisemyNut$
RaisemyNut$ collected $2 from pot
RaisemyNut$: doesn't show hand
*** SUMMARY ***
Total pot $2 | Rake $0
Seat 1: aragon1111 (button) (small blind) folded before Flop
Seat 6: RaisemyNut$ (big blind) collected ($2)


PokerStars Hand #162853696302:  Hold'em Limit ($3/$6 USD) - 2016/12/12 18:44:06 ET
Table 'Alva' 6-max Seat #6 is the button
Seat 1: aragon1111 ($116.77 in chips)
Seat 6: RaisemyNut$ ($61.64 in chips)
RaisemyNut$: posts small blind $1
aragon1111: posts big blind $3
*** HOLE CARDS ***
RaisemyNut$: raises $3 to $6
aragon1111: raises $3 to $9
RaisemyNut$: calls $3
*** FLOP *** [Qs 6s 7h]
aragon1111: bets $3
RaisemyNut$: calls $3
*** TURN *** [Qs 6s 7h] [7s]
aragon1111: bets $6
RaisemyNut$: calls $6
*** RIVER *** [Qs 6s 7h 7s] [Qd]
aragon1111: checks
RaisemyNut$: checks
*** SHOW DOWN ***
aragon1111: shows [Ts Ad] (two pair, Queens and Sevens)
RaisemyNut$: mucks hand
aragon1111 collected $35.50 from pot
*** SUMMARY ***
Total pot $36 | Rake $0.50
Board [Qs 6s 7h 7s Qd]
Seat 1: aragon1111 (big blind) showed [Ts Ad] and won ($35.50) with two pair, Queens and Sevens
Seat 6: RaisemyNut$ (button) (small blind) mucked


PokerStars Hand #162853719798:  Hold'em Limit ($3/$6 USD) - 2016/12/12 18:44:34 ET
Table 'Alva' 6-max Seat #1 is the button
Seat 1: aragon1111 ($134.27 in chips)
Seat 6: RaisemyNut$ ($60 in chips)
aragon1111: posts small blind $1
RaisemyNut$: posts big blind $3
*** HOLE CARDS ***
aragon1111: raises $3 to $6
RaisemyNut$: raises $3 to $9
aragon1111: calls $3
*** FLOP *** [Qh 5c 3s]
RaisemyNut$: bets $3
aragon1111: calls $3
*** TURN *** [Qh 5c 3s] [8c]
RaisemyNut$: bets $6
aragon1111: calls $6
*** RIVER *** [Qh 5c 3s 8c] [Ac]
RaisemyNut$: bets $6
aragon1111: raises $6 to $12
RaisemyNut$: calls $6
*** SHOW DOWN ***
aragon1111: shows [Kc Jc] (a flush, Ace high)
RaisemyNut$: mucks hand
aragon1111 collected $59.50 from pot
*** SUMMARY ***
Total pot $60 | Rake $0.50
Board [Qh 5c 3s 8c Ac]
Seat 1: aragon1111 (button) (small blind) showed [Kc Jc] and won ($59.50) with a flush, Ace high
Seat 6: RaisemyNut$ (big blind) mucked


PokerStars Hand #162853740148:  Hold'em Limit ($3/$6 USD) - 2016/12/12 18:45:01 ET
Table 'Alva' 6-max Seat #6 is the button
Seat 1: aragon1111 ($163.77 in chips)
Seat 6: RaisemyNut$ ($60 in chips)
RaisemyNut$: posts small blind $1
aragon1111: posts big blind $3
*** HOLE CARDS ***
RaisemyNut$: raises $3 to $6
aragon1111: calls $3
*** FLOP *** [8d Jh Tc]
aragon1111: checks
RaisemyNut$: bets $3
aragon1111: calls $3
*** TURN *** [8d Jh Tc] [Ac]
aragon1111: checks
RaisemyNut$: bets $6
aragon1111: calls $6
*** RIVER *** [8d Jh Tc Ac] [Td]
aragon1111: checks
RaisemyNut$: checks
*** SHOW DOWN ***
aragon1111: shows [8h 7d] (two pair, Tens and Eights)
RaisemyNut$: mucks hand
aragon1111 collected $29.50 from pot
*** SUMMARY ***
Total pot $30 | Rake $0.50
Board [8d Jh Tc Ac Td]
Seat 1: aragon1111 (big blind) showed [8h 7d] and won ($29.50) with two pair, Tens and Eights
Seat 6: RaisemyNut$ (button) (small blind) mucked


PokerStars Hand #162853768982:  Hold'em Limit ($3/$6 USD) - 2016/12/12 18:45:39 ET
Table 'Alva' 6-max Seat #1 is the button
Seat 1: aragon1111 ($178.27 in chips)
Seat 6: RaisemyNut$ ($60 in chips)
aragon1111: posts small blind $1
RaisemyNut$: posts big blind $3
*** HOLE CARDS ***
aragon1111: folds
Uncalled bet ($2) returned to RaisemyNut$
RaisemyNut$ collected $2 from pot
RaisemyNut$: doesn't show hand
*** SUMMARY ***
Total pot $2 | Rake $0
Seat 1: aragon1111 (button) (small blind) folded before Flop
Seat 6: RaisemyNut$ (big blind) collected ($2)


PokerStars Hand #162853773568:  Hold'em Limit ($3/$6 USD) - 2016/12/12 18:45:45 ET
Table 'Alva' 6-max Seat #6 is the button
Seat 1: aragon1111 ($177.27 in chips)
Seat 6: RaisemyNut$ ($61 in chips)
RaisemyNut$: posts small blind $1
aragon1111: posts big blind $3
*** HOLE CARDS ***
RaisemyNut$: raises $3 to $6
aragon1111: raises $3 to $9
RaisemyNut$: raises $3 to $12
Betting is capped
aragon1111: calls $3
*** FLOP *** [Kd 7s Jd]
aragon1111: checks
RaisemyNut$: bets $3
aragon1111: raises $3 to $6
RaisemyNut$: calls $3
*** TURN *** [Kd 7s Jd] [9c]
aragon1111: bets $6
RaisemyNut$: raises $6 to $12
aragon1111: calls $6
*** RIVER *** [Kd 7s Jd 9c] [9d]
aragon1111: checks
RaisemyNut$: bets $6
aragon1111: raises $6 to $12
RaisemyNut$: calls $6
*** SHOW DOWN ***
aragon1111: shows [7d 7h] (a full house, Sevens full of Nines)
RaisemyNut$: mucks hand
aragon1111 collected $83.50 from pot
*** SUMMARY ***
Total pot $84 | Rake $0.50
Board [Kd 7s Jd 9c 9d]
Seat 1: aragon1111 (big blind) showed [7d 7h] and won ($83.50) with a full house, Sevens full of Nines
Seat 6: RaisemyNut$ (button) (small blind) mucked


PokerStars Hand #162853800495:  Hold'em Limit ($3/$6 USD) - 2016/12/12 18:46:20 ET
Table 'Alva' 6-max Seat #1 is the button
Seat 1: aragon1111 ($218.77 in chips)
Seat 6: RaisemyNut$ ($60 in chips)
aragon1111: posts small blind $1
RaisemyNut$: posts big blind $3
*** HOLE CARDS ***
aragon1111: raises $3 to $6
RaisemyNut$: calls $3
*** FLOP *** [Ad 8h 8d]
RaisemyNut$: checks
aragon1111: checks
*** TURN *** [Ad 8h 8d] [Ks]
RaisemyNut$: bets $6
aragon1111: raises $6 to $12
RaisemyNut$: raises $6 to $18
aragon1111: raises $6 to $24
Betting is capped
RaisemyNut$: calls $6
*** RIVER *** [Ad 8h 8d Ks] [Qs]
RaisemyNut$: checks
aragon1111: bets $6
RaisemyNut$: calls $6
*** SHOW DOWN ***
aragon1111: shows [8s 6c] (three of a kind, Eights)
RaisemyNut$: mucks hand
aragon1111 collected $71.50 from pot
*** SUMMARY ***
Total pot $72 | Rake $0.50
Board [Ad 8h 8d Ks Qs]
Seat 1: aragon1111 (button) (small blind) showed [8s 6c] and won ($71.50) with three of a kind, Eights
Seat 6: RaisemyNut$ (big blind) mucked


PokerStars Hand #162853819360:  Hold'em Limit ($3/$6 USD) - 2016/12/12 18:46:45 ET
Table 'Alva' 6-max Seat #6 is the button
Seat 1: aragon1111 ($254.27 in chips)
Seat 6: RaisemyNut$ ($60 in chips)
RaisemyNut$: posts small blind $1
aragon1111: posts big blind $3
*** HOLE CARDS ***
RaisemyNut$: raises $3 to $6
aragon1111: calls $3
*** FLOP *** [7c 4h 9d]
aragon1111: checks
RaisemyNut$: bets $3
aragon1111: calls $3
*** TURN *** [7c 4h 9d] [2s]
aragon1111: checks
RaisemyNut$: bets $6
aragon1111: raises $6 to $12
RaisemyNut$: folds
Uncalled bet ($6) returned to aragon1111
aragon1111 collected $29.50 from pot
aragon1111: doesn't show hand
*** SUMMARY ***
Total pot $30 | Rake $0.50
Board [7c 4h 9d 2s]
Seat 1: aragon1111 (big blind) collected ($29.50)
Seat 6: RaisemyNut$ (button) (small blind) folded on the Turn


PokerStars Hand #162853832366:  Hold'em Limit ($3/$6 USD) - 2016/12/12 18:47:03 ET
Table 'Alva' 6-max Seat #1 is the button
Seat 1: aragon1111 ($268.77 in chips)
Seat 6: RaisemyNut$ ($60 in chips)
aragon1111: posts small blind $1
RaisemyNut$: posts big blind $3
*** HOLE CARDS ***
aragon1111: folds
Uncalled bet ($2) returned to RaisemyNut$
RaisemyNut$ collected $2 from pot
RaisemyNut$: doesn't show hand
*** SUMMARY ***
Total pot $2 | Rake $0
Seat 1: aragon1111 (button) (small blind) folded before Flop
Seat 6: RaisemyNut$ (big blind) collected ($2)


PokerStars Hand #162853836921:  Hold'em Limit ($3/$6 USD) - 2016/12/12 18:47:09 ET
Table 'Alva' 6-max Seat #6 is the button
Seat 1: aragon1111 ($267.77 in chips)
Seat 6: RaisemyNut$ ($61 in chips)
RaisemyNut$: posts small blind $1
aragon1111: posts big blind $3
*** HOLE CARDS ***
RaisemyNut$: raises $3 to $6
aragon1111: folds
Uncalled bet ($3) returned to RaisemyNut$
RaisemyNut$ collected $6 from pot
RaisemyNut$: doesn't show hand
*** SUMMARY ***
Total pot $6 | Rake $0
Seat 1: aragon1111 (big blind) folded before Flop
Seat 6: RaisemyNut$ (button) (small blind) collected ($6)


PokerStars Hand #162853842494:  Hold'em Limit ($3/$6 USD) - 2016/12/12 18:47:16 ET
Table 'Alva' 6-max Seat #1 is the button
Seat 1: aragon1111 ($264.77 in chips)
Seat 6: RaisemyNut$ ($64 in chips)
aragon1111: posts small blind $1
RaisemyNut$: posts big blind $3
*** HOLE CARDS ***
aragon1111: raises $3 to $6
RaisemyNut$: calls $3
*** FLOP *** [4d 5c 4s]
RaisemyNut$: checks
aragon1111: bets $3
RaisemyNut$: raises $3 to $6
aragon1111: calls $3
*** TURN *** [4d 5c 4s] [Ac]
RaisemyNut$: bets $6
aragon1111: calls $6
*** RIVER *** [4d 5c 4s Ac] [2c]
RaisemyNut$: bets $6
aragon1111: calls $6
*** SHOW DOWN ***
RaisemyNut$: shows [8c As] (two pair, Aces and Fours)
aragon1111: shows [Qc Ad] (two pair, Aces and Fours - Queen kicker)
aragon1111 collected $47.50 from pot
*** SUMMARY ***
Total pot $48 | Rake $0.50
Board [4d 5c 4s Ac 2c]
Seat 1: aragon1111 (button) (small blind) showed [Qc Ad] and won ($47.50) with two pair, Aces and Fours
Seat 6: RaisemyNut$ (big blind) showed [8c As] and lost with two pair, Aces and Fours


PokerStars Hand #162853885380:  Hold'em Limit ($3/$6 USD) - 2016/12/12 18:48:12 ET
Table 'Alva' 6-max Seat #1 is the button
Seat 1: aragon1111 ($278.27 in chips)
Seat 6: RaisemyNut$ ($69.76 in chips)
aragon1111: posts small blind $1
RaisemyNut$: posts big blind $3
*** HOLE CARDS ***
aragon1111: raises $3 to $6
RaisemyNut$: raises $3 to $9
aragon1111: calls $3
*** FLOP *** [Td 7d 5s]
RaisemyNut$: bets $3
aragon1111: calls $3
*** TURN *** [Td 7d 5s] [Jd]
RaisemyNut$: bets $6
aragon1111: raises $6 to $12
RaisemyNut$: calls $6
*** RIVER *** [Td 7d 5s Jd] [3d]
RaisemyNut$: checks
aragon1111: checks
*** SHOW DOWN ***
RaisemyNut$: shows [Kc Th] (a pair of Tens)
aragon1111: shows [7s 7h] (three of a kind, Sevens)
aragon1111 collected $47.50 from pot
*** SUMMARY ***
Total pot $48 | Rake $0.50
Board [Td 7d 5s Jd 3d]
Seat 1: aragon1111 (button) (small blind) showed [7s 7h] and won ($47.50) with three of a kind, Sevens
Seat 6: RaisemyNut$ (big blind) showed [Kc Th] and lost with a pair of Tens


PokerStars Hand #162853863092:  Hold'em Limit ($3/$6 USD) - 2016/12/12 18:47:43 ET
Table 'Alva' 6-max Seat #6 is the button
Seat 1: aragon1111 ($288.27 in chips)
Seat 6: RaisemyNut$ ($60 in chips)
RaisemyNut$: posts small blind $1
aragon1111: posts big blind $3
*** HOLE CARDS ***
RaisemyNut$: raises $3 to $6
aragon1111: calls $3
*** FLOP *** [6s 2s Jh]
aragon1111: checks
RaisemyNut$: bets $3
aragon1111: folds
Uncalled bet ($3) returned to RaisemyNut$
RaisemyNut$ collected $11.76 from pot
RaisemyNut$: doesn't show hand
*** SUMMARY ***
Total pot $12 | Rake $0.24
Board [6s 2s Jh]
Seat 1: aragon1111 (big blind) folded on the Flop
Seat 6: RaisemyNut$ (button) (small blind) collected ($11.76)


PokerStars Hand #162853880030:  Hold'em Limit ($3/$6 USD) - 2016/12/12 18:48:05 ET
Table 'Alva' 6-max Seat #6 is the button
Seat 1: aragon1111 ($281.27 in chips)
Seat 6: RaisemyNut$ ($66.76 in chips)
RaisemyNut$: posts small blind $1
aragon1111: posts big blind $3
*** HOLE CARDS ***
RaisemyNut$: raises $3 to $6
aragon1111: folds
Uncalled bet ($3) returned to RaisemyNut$
RaisemyNut$ collected $6 from pot
RaisemyNut$: doesn't show hand
*** SUMMARY ***
Total pot $6 | Rake $0
Seat 1: aragon1111 (big blind) folded before Flop
Seat 6: RaisemyNut$ (button) (small blind) collected ($6)


PokerStars Hand #162853874774:  Hold'em Limit ($3/$6 USD) - 2016/12/12 18:47:58 ET
Table 'Alva' 6-max Seat #1 is the button
Seat 1: aragon1111 ($282.27 in chips)
Seat 6: RaisemyNut$ ($65.76 in chips)
aragon1111: posts small blind $1
RaisemyNut$: posts big blind $3
*** HOLE CARDS ***
aragon1111: folds
Uncalled bet ($2) returned to RaisemyNut$
RaisemyNut$ collected $2 from pot
RaisemyNut$: doesn't show hand
*** SUMMARY ***
Total pot $2 | Rake $0
Seat 1: aragon1111 (button) (small blind) folded before Flop
Seat 6: RaisemyNut$ (big blind) collected ($2)


PokerStars Hand #162853899804:  Hold'em Limit ($3/$6 USD) - 2016/12/12 18:48:32 ET
Table 'Alva' 6-max Seat #6 is the button
Seat 1: aragon1111 ($301.77 in chips)
Seat 6: RaisemyNut$ ($60 in chips)
RaisemyNut$: posts small blind $1
aragon1111: posts big blind $3
*** HOLE CARDS ***
RaisemyNut$ said, "kak ty menya besish suschestvo"
RaisemyNut$: raises $3 to $6
aragon1111: calls $3
*** FLOP *** [6d Th Kd]
aragon1111: checks
RaisemyNut$: bets $3
aragon1111: calls $3
*** TURN *** [6d Th Kd] [9s]
aragon1111: checks
RaisemyNut$: bets $6
aragon1111: calls $6
*** RIVER *** [6d Th Kd 9s] [Qs]
aragon1111: checks
RaisemyNut$: checks
*** SHOW DOWN ***
aragon1111: shows [Ad 4d] (high card Ace)
RaisemyNut$: mucks hand
aragon1111 collected $29.50 from pot
*** SUMMARY ***
Total pot $30 | Rake $0.50
Board [6d Th Kd 9s Qs]
Seat 1: aragon1111 (big blind) showed [Ad 4d] and won ($29.50) with high card Ace
Seat 6: RaisemyNut$ (button) (small blind) mucked


PokerStars Hand #162853932199:  Hold'em Limit ($3/$6 USD) - 2016/12/12 18:49:15 ET
Table 'Alva' 6-max Seat #1 is the button
Seat 1: aragon1111 ($316.27 in chips)
Seat 6: RaisemyNut$ ($60 in chips)
aragon1111: posts small blind $1
RaisemyNut$: posts big blind $3
*** HOLE CARDS ***
aragon1111: folds
Uncalled bet ($2) returned to RaisemyNut$
RaisemyNut$ collected $2 from pot
RaisemyNut$: doesn't show hand
*** SUMMARY ***
Total pot $2 | Rake $0
Seat 1: aragon1111 (button) (small blind) folded before Flop
Seat 6: RaisemyNut$ (big blind) collected ($2)


PokerStars Hand #162853949058:  Hold'em Limit ($3/$6 USD) - 2016/12/12 18:49:37 ET
Table 'Alva' 6-max Seat #6 is the button
Seat 1: aragon1111 ($311.27 in chips)
Seat 6: RaisemyNut$ ($65 in chips)
RaisemyNut$: posts small blind $1
aragon1111: posts big blind $3
*** HOLE CARDS ***
RaisemyNut$: folds
Uncalled bet ($2) returned to aragon1111
aragon1111 collected $2 from pot
aragon1111: doesn't show hand
*** SUMMARY ***
Total pot $2 | Rake $0
Seat 1: aragon1111 (big blind) collected ($2)
Seat 6: RaisemyNut$ (button) (small blind) folded before Flop


PokerStars Hand #162853943133:  Hold'em Limit ($3/$6 USD) - 2016/12/12 18:49:29 ET
Table 'Alva' 6-max Seat #1 is the button
Seat 1: aragon1111 ($312.27 in chips)
Seat 6: RaisemyNut$ ($64 in chips)
aragon1111: posts small blind $1
RaisemyNut$: posts big blind $3
*** HOLE CARDS ***
rascal_319 joins the table at seat #2
aragon1111: folds
Uncalled bet ($2) returned to RaisemyNut$
RaisemyNut$ collected $2 from pot
RaisemyNut$: doesn't show hand
*** SUMMARY ***
Total pot $2 | Rake $0
Seat 1: aragon1111 (button) (small blind) folded before Flop
Seat 6: RaisemyNut$ (big blind) collected ($2)


PokerStars Hand #162853936553:  Hold'em Limit ($3/$6 USD) - 2016/12/12 18:49:20 ET
Table 'Alva' 6-max Seat #6 is the button
Seat 1: aragon1111 ($315.27 in chips)
Seat 6: RaisemyNut$ ($61 in chips)
RaisemyNut$: posts small blind $1
aragon1111: posts big blind $3
*** HOLE CARDS ***
RaisemyNut$: raises $3 to $6
aragon1111: folds
Uncalled bet ($3) returned to RaisemyNut$
RaisemyNut$ collected $6 from pot
RaisemyNut$: doesn't show hand
*** SUMMARY ***
Total pot $6 | Rake $0
Seat 1: aragon1111 (big blind) folded before Flop
Seat 6: RaisemyNut$ (button) (small blind) collected ($6)


