PokerStars Hand #162864758586:  Hold'em Limit ($3/$6 USD) - 2016/12/13 1:57:04 ET
Table 'Alva' 6-max Seat #5 is the button
Seat 5: Bonkman05 ($354.77 in chips)
Seat 6: s s h ($298.78 in chips)
Bonkman05: posts small blind $1
s s h: posts big blind $3
*** HOLE CARDS ***
Bonkman05: raises $3 to $6
s s h: calls $3
*** FLOP *** [5c 4d Qs]
s s h: checks
Bonkman05: bets $3
s s h: raises $3 to $6
Bonkman05: raises $3 to $9
s s h: raises $3 to $12
Betting is capped
Bonkman05: calls $3
*** TURN *** [5c 4d Qs] [4h]
s s h: bets $6
Bonkman05: folds
Uncalled bet ($6) returned to s s h
s s h collected $35.50 from pot
s s h: doesn't show hand
*** SUMMARY ***
Total pot $36 | Rake $0.50
Board [5c 4d Qs 4h]
Seat 5: Bonkman05 (button) (small blind) folded on the Turn
Seat 6: s s h (big blind) collected ($35.50)


PokerStars Hand #162864751650:  Hold'em Limit ($3/$6 USD) - 2016/12/13 1:56:36 ET
Table 'Alva' 6-max Seat #6 is the button
Seat 5: Bonkman05 ($343.25 in chips)
Seat 6: s s h ($310.78 in chips)
s s h: posts small blind $1
karambakilla: is sitting out
Bonkman05: posts big blind $3
*** HOLE CARDS ***
s s h: raises $3 to $6
Bonkman05: raises $3 to $9
karambakilla leaves the table
s s h: calls $3
*** FLOP *** [3s Qs 2h]
Bonkman05: bets $3
s s h: calls $3
*** TURN *** [3s Qs 2h] [7h]
Bonkman05: bets $6
s s h: folds
Uncalled bet ($6) returned to Bonkman05
Bonkman05 collected $23.52 from pot
Bonkman05: doesn't show hand
*** SUMMARY ***
Total pot $24 | Rake $0.48
Board [3s Qs 2h 7h]
Seat 5: Bonkman05 (big blind) collected ($23.52)
Seat 6: s s h (button) (small blind) folded on the Turn


