PokerStars Hand #151998614098:  Hold'em Limit ($3/$6 USD) - 2016/04/16 11:21:57 ET
Table 'Alwaid' 6-max Seat #3 is the button
Seat 3: vladal 888 ($39 in chips)
Seat 4: BuzovaPro ($104.14 in chips)
vladal 888: posts small blind $1
BuzovaPro: posts big blind $3
*** HOLE CARDS ***
vladal 888: raises $3 to $6
BuzovaPro: calls $3
*** FLOP *** [8h 3s 9s]
BuzovaPro: checks
vladal 888: bets $3
BuzovaPro: raises $3 to $6
vladal 888: calls $3
*** TURN *** [8h 3s 9s] [6h]
BuzovaPro: bets $6
vladal 888: calls $6
*** RIVER *** [8h 3s 9s 6h] [6c]
BuzovaPro: bets $6
vladal 888: calls $6
*** SHOW DOWN ***
BuzovaPro: shows [6s 8d] (a full house, Sixes full of Eights)
vladal 888: mucks hand
BuzovaPro collected $47.50 from pot
*** SUMMARY ***
Total pot $48 | Rake $0.50
Board [8h 3s 9s 6h 6c]
Seat 3: vladal 888 (button) (small blind) mucked
Seat 4: BuzovaPro (big blind) showed [6s 8d] and won ($47.50) with a full house, Sixes full of Eights


PokerStars Hand #151998598401:  Hold'em Limit ($3/$6 USD) - 2016/04/16 11:21:36 ET
Table 'Alwaid' 6-max Seat #4 is the button
Seat 3: vladal 888 ($48 in chips)
Seat 4: BuzovaPro ($95.50 in chips)
BuzovaPro: posts small blind $1
vladal 888: posts big blind $3
*** HOLE CARDS ***
Muhamed999 joins the table at seat #2
BuzovaPro: raises $3 to $6
vladal 888: calls $3
*** FLOP *** [7c 4c 4d]
vladal 888: checks
BuzovaPro: bets $3
vladal 888: calls $3
*** TURN *** [7c 4c 4d] [Ah]
vladal 888: checks
BuzovaPro: bets $6
vladal 888: folds
Uncalled bet ($6) returned to BuzovaPro
BuzovaPro collected $17.64 from pot
BuzovaPro: doesn't show hand
*** SUMMARY ***
Total pot $18 | Rake $0.36
Board [7c 4c 4d Ah]
Seat 3: vladal 888 (big blind) folded on the Turn
Seat 4: BuzovaPro (button) (small blind) collected ($17.64)


PokerStars Hand #151998578272:  Hold'em Limit ($3/$6 USD) - 2016/04/16 11:21:08 ET
Table 'Alwaid' 6-max Seat #3 is the button
Seat 3: vladal 888 ($72 in chips)
Seat 4: BuzovaPro ($72 in chips)
vladal 888: posts small blind $1
BuzovaPro: posts big blind $3
*** HOLE CARDS ***
vladal 888: raises $3 to $6
BuzovaPro: calls $3
*** FLOP *** [4d 6c 9d]
BuzovaPro: checks
vladal 888: bets $3
BuzovaPro: raises $3 to $6
vladal 888: calls $3
*** TURN *** [4d 6c 9d] [4s]
BuzovaPro: bets $6
vladal 888: calls $6
*** RIVER *** [4d 6c 9d 4s] [Ts]
BuzovaPro: bets $6
vladal 888: calls $6
*** SHOW DOWN ***
BuzovaPro: shows [2h 6h] (two pair, Sixes and Fours)
vladal 888: mucks hand
BuzovaPro collected $47.50 from pot
*** SUMMARY ***
Total pot $48 | Rake $0.50
Board [4d 6c 9d 4s Ts]
Seat 3: vladal 888 (button) (small blind) mucked
Seat 4: BuzovaPro (big blind) showed [2h 6h] and won ($47.50) with two pair, Sixes and Fours


PokerStars Hand #152006554965:  Hold'em Limit ($3/$6 USD) - 2016/04/16 14:19:04 ET
Table 'Alwaid' 6-max Seat #1 is the button
Seat 1: bugsbubble ($214.66 in chips)
Seat 3: RaisemyNut$ ($131.17 in chips)
bugsbubble: posts small blind $1
kolaz03: is sitting out
RaisemyNut$: posts big blind $3
*** HOLE CARDS ***
kolaz03 leaves the table
bugsbubble: raises $3 to $6
RaisemyNut$: folds
Uncalled bet ($3) returned to bugsbubble
bugsbubble collected $6 from pot
bugsbubble: doesn't show hand
*** SUMMARY ***
Total pot $6 | Rake $0
Seat 1: bugsbubble (button) (small blind) collected ($6)
Seat 3: RaisemyNut$ (big blind) folded before Flop


PokerStars Hand #152009177841:  Hold'em Limit ($3/$6 USD) - 2016/04/16 15:13:14 ET
Table 'Alwaid' 6-max Seat #3 is the button
Seat 1: gordeev1111 ($71.06 in chips)
Seat 3: RaisemyNut$ ($127.01 in chips)
RaisemyNut$: posts small blind $1
bentinck113: is sitting out
gordeev1111: posts big blind $3
*** HOLE CARDS ***
RaisemyNut$: raises $3 to $6
gordeev1111: calls $3
*** FLOP *** [3c 9s Qd]
gordeev1111: checks
RaisemyNut$: bets $3
gordeev1111: calls $3
*** TURN *** [3c 9s Qd] [7d]
bentinck113 leaves the table
gordeev1111: bets $6
RaisemyNut$: folds
Uncalled bet ($6) returned to gordeev1111
gordeev1111 collected $17.64 from pot
gordeev1111: doesn't show hand
*** SUMMARY ***
Total pot $18 | Rake $0.36
Board [3c 9s Qd 7d]
Seat 1: gordeev1111 (big blind) collected ($17.64)
Seat 3: RaisemyNut$ (button) (small blind) folded on the Turn


PokerStars Hand #152009302607:  Hold'em Limit ($3/$6 USD) - 2016/04/16 15:15:39 ET
Table 'Alwaid' 6-max Seat #1 is the button
Seat 1: dye111 ($120 in chips)
Seat 3: RaisemyNut$ ($118.01 in chips)
dye111: posts small blind $1
RaisemyNut$: posts big blind $3
*** HOLE CARDS ***
dye111: calls $2
RaisemyNut$: checks
*** FLOP *** [Ac Qc 5s]
RaisemyNut$: bets $3
dye111: calls $3
*** TURN *** [Ac Qc 5s] [Ad]
RaisemyNut$: bets $6
dye111: folds
Uncalled bet ($6) returned to RaisemyNut$
RaisemyNut$ collected $11.76 from pot
RaisemyNut$: doesn't show hand
*** SUMMARY ***
Total pot $12 | Rake $0.24
Board [Ac Qc 5s Ad]
Seat 1: dye111 (button) (small blind) folded on the Turn
Seat 3: RaisemyNut$ (big blind) collected ($11.76)


PokerStars Hand #152009359488:  Hold'em Limit ($3/$6 USD) - 2016/04/16 15:16:45 ET
Table 'Alwaid' 6-max Seat #3 is the button
Seat 1: dye111 ($83 in chips)
Seat 3: RaisemyNut$ ($154.27 in chips)
RaisemyNut$: posts small blind $1
dye111: posts big blind $3
*** HOLE CARDS ***
RaisemyNut$: raises $3 to $6
dye111: calls $3
*** FLOP *** [Qh Ks Th]
dye111: checks
RaisemyNut$: bets $3
dye111: calls $3
*** TURN *** [Qh Ks Th] [Jd]
dye111: bets $6
RaisemyNut$: calls $6
*** RIVER *** [Qh Ks Th Jd] [8h]
dye111: bets $6
RaisemyNut$: calls $6
*** SHOW DOWN ***
dye111: shows [Tc 8c] (two pair, Tens and Eights)
RaisemyNut$: shows [Jh 8d] (two pair, Jacks and Eights)
RaisemyNut$ collected $41.50 from pot
*** SUMMARY ***
Total pot $42 | Rake $0.50
Board [Qh Ks Th Jd 8h]
Seat 1: dye111 (big blind) showed [Tc 8c] and lost with two pair, Tens and Eights
Seat 3: RaisemyNut$ (button) (small blind) showed [Jh 8d] and won ($41.50) with two pair, Jacks and Eights


PokerStars Hand #152009352483:  Hold'em Limit ($3/$6 USD) - 2016/04/16 15:16:37 ET
Table 'Alwaid' 6-max Seat #1 is the button
Seat 1: dye111 ($84 in chips)
Seat 3: RaisemyNut$ ($153.27 in chips)
dye111: posts small blind $1
RaisemyNut$: posts big blind $3
*** HOLE CARDS ***
dye111: folds
Uncalled bet ($2) returned to RaisemyNut$
RaisemyNut$ collected $2 from pot
RaisemyNut$: doesn't show hand
*** SUMMARY ***
Total pot $2 | Rake $0
Seat 1: dye111 (button) (small blind) folded before Flop
Seat 3: RaisemyNut$ (big blind) collected ($2)


PokerStars Hand #152009330553:  Hold'em Limit ($3/$6 USD) - 2016/04/16 15:16:11 ET
Table 'Alwaid' 6-max Seat #3 is the button
Seat 1: dye111 ($114 in chips)
Seat 3: RaisemyNut$ ($123.77 in chips)
RaisemyNut$: posts small blind $1
dye111: posts big blind $3
*** HOLE CARDS ***
RaisemyNut$: raises $3 to $6
dye111: calls $3
*** FLOP *** [Tc 7h 5d]
dye111: checks
RaisemyNut$: bets $3
dye111: raises $3 to $6
RaisemyNut$: calls $3
*** TURN *** [Tc 7h 5d] [9h]
dye111: bets $6
RaisemyNut$: calls $6
*** RIVER *** [Tc 7h 5d 9h] [Jh]
dye111: bets $6
RaisemyNut$: raises $6 to $12
dye111: calls $6
*** SHOW DOWN ***
RaisemyNut$: shows [Kd 8d] (a straight, Seven to Jack)
dye111: mucks hand
RaisemyNut$ collected $59.50 from pot
*** SUMMARY ***
Total pot $60 | Rake $0.50
Board [Tc 7h 5d 9h Jh]
Seat 1: dye111 (big blind) mucked
Seat 3: RaisemyNut$ (button) (small blind) showed [Kd 8d] and won ($59.50) with a straight, Seven to Jack


PokerStars Hand #152009389863:  Hold'em Limit ($3/$6 USD) - 2016/04/16 15:17:20 ET
Table 'Alwaid' 6-max Seat #1 is the button
Seat 1: dye111 ($55 in chips)
Seat 3: RaisemyNut$ ($181.53 in chips)
dye111: posts small blind $1
RaisemyNut$: posts big blind $3
*** HOLE CARDS ***
dye111: raises $3 to $6
RaisemyNut$: calls $3
*** FLOP *** [4c 7h 2c]
RaisemyNut$: checks
dye111: bets $3
RaisemyNut$: folds
Uncalled bet ($3) returned to dye111
dye111 collected $11.76 from pot
*** SUMMARY ***
Total pot $12 | Rake $0.24
Board [4c 7h 2c]
Seat 1: dye111 (button) (small blind) collected ($11.76)
Seat 3: RaisemyNut$ (big blind) folded on the Flop


PokerStars Hand #152009381146:  Hold'em Limit ($3/$6 USD) - 2016/04/16 15:17:10 ET
Table 'Alwaid' 6-max Seat #3 is the button
Seat 1: dye111 ($61 in chips)
Seat 3: RaisemyNut$ ($175.77 in chips)
RaisemyNut$: posts small blind $1
dye111: posts big blind $3
*** HOLE CARDS ***
RaisemyNut$: raises $3 to $6
dye111: calls $3
*** FLOP *** [Ks Jc 5h]
dye111: folds
RaisemyNut$ collected $11.76 from pot
RaisemyNut$: doesn't show hand
*** SUMMARY ***
Total pot $12 | Rake $0.24
Board [Ks Jc 5h]
Seat 1: dye111 (big blind) folded on the Flop
Seat 3: RaisemyNut$ (button) (small blind) collected ($11.76)


PokerStars Hand #152009376358:  Hold'em Limit ($3/$6 USD) - 2016/04/16 15:17:04 ET
Table 'Alwaid' 6-max Seat #1 is the button
Seat 1: dye111 ($62 in chips)
Seat 3: RaisemyNut$ ($174.77 in chips)
dye111: posts small blind $1
RaisemyNut$: posts big blind $3
*** HOLE CARDS ***
dye111: folds
Uncalled bet ($2) returned to RaisemyNut$
RaisemyNut$ collected $2 from pot
RaisemyNut$: doesn't show hand
*** SUMMARY ***
Total pot $2 | Rake $0
Seat 1: dye111 (button) (small blind) folded before Flop
Seat 3: RaisemyNut$ (big blind) collected ($2)


PokerStars Hand #152009402132:  Hold'em Limit ($3/$6 USD) - 2016/04/16 15:17:35 ET
Table 'Alwaid' 6-max Seat #3 is the button
Seat 1: dye111 ($60.76 in chips)
Seat 3: RaisemyNut$ ($175.53 in chips)
RaisemyNut$: posts small blind $1
dye111: posts big blind $3
*** HOLE CARDS ***
RaisemyNut$: raises $3 to $6
dye111: calls $3
*** FLOP *** [4d Qh 5c]
dye111: checks
RaisemyNut$: bets $3
dye111: calls $3
*** TURN *** [4d Qh 5c] [Jd]
dye111: checks
RaisemyNut$: bets $6
dye111: calls $6
*** RIVER *** [4d Qh 5c Jd] [Th]
dye111: folds
RaisemyNut$ collected $29.50 from pot
RaisemyNut$: doesn't show hand
*** SUMMARY ***
Total pot $30 | Rake $0.50
Board [4d Qh 5c Jd Th]
Seat 1: dye111 (big blind) folded on the River
Seat 3: RaisemyNut$ (button) (small blind) collected ($29.50)


PokerStars Hand #152009433606:  Hold'em Limit ($3/$6 USD) - 2016/04/16 15:18:11 ET
Table 'Alwaid' 6-max Seat #3 is the button
Seat 1: dye111 ($51.52 in chips)
Seat 3: RaisemyNut$ ($184.03 in chips)
RaisemyNut$: posts small blind $1
dye111: posts big blind $3
*** HOLE CARDS ***
RaisemyNut$: folds
Uncalled bet ($2) returned to dye111
dye111 collected $2 from pot
*** SUMMARY ***
Total pot $2 | Rake $0
Seat 1: dye111 (big blind) collected ($2)
Seat 3: RaisemyNut$ (button) (small blind) folded before Flop


PokerStars Hand #152009416384:  Hold'em Limit ($3/$6 USD) - 2016/04/16 15:17:51 ET
Table 'Alwaid' 6-max Seat #1 is the button
Seat 1: dye111 ($45.76 in chips)
Seat 3: RaisemyNut$ ($190.03 in chips)
dye111: posts small blind $1
RaisemyNut$: posts big blind $3
*** HOLE CARDS ***
dye111: raises $3 to $6
RaisemyNut$: calls $3
*** FLOP *** [8d 2c Qd]
RaisemyNut$: checks
dye111: bets $3
RaisemyNut$: folds
Uncalled bet ($3) returned to dye111
dye111 collected $11.76 from pot
*** SUMMARY ***
Total pot $12 | Rake $0.24
Board [8d 2c Qd]
Seat 1: dye111 (button) (small blind) collected ($11.76)
Seat 3: RaisemyNut$ (big blind) folded on the Flop


PokerStars Hand #152009437792:  Hold'em Limit ($3/$6 USD) - 2016/04/16 15:18:16 ET
Table 'Alwaid' 6-max Seat #1 is the button
Seat 1: dye111 ($52.52 in chips)
Seat 3: RaisemyNut$ ($183.03 in chips)
dye111: posts small blind $1
RaisemyNut$: posts big blind $3
*** HOLE CARDS ***
dye111: raises $3 to $6
RaisemyNut$: calls $3
*** FLOP *** [4s 5c 9s]
RaisemyNut$: checks
dye111: bets $3
RaisemyNut$: calls $3
*** TURN *** [4s 5c 9s] [6c]
RaisemyNut$: checks
dye111: bets $6
RaisemyNut$: calls $6
*** RIVER *** [4s 5c 9s 6c] [3s]
RaisemyNut$: checks
dye111: bets $6
Touran2006 joins the table at seat #5
RaisemyNut$: calls $6
*** SHOW DOWN ***
dye111: shows [9d Kh] (a pair of Nines)
RaisemyNut$: mucks hand
dye111 collected $41.50 from pot
*** SUMMARY ***
Total pot $42 | Rake $0.50
Board [4s 5c 9s 6c 3s]
Seat 1: dye111 (button) (small blind) showed [9d Kh] and won ($41.50) with a pair of Nines
Seat 3: RaisemyNut$ (big blind) mucked


PokerStars Hand #152011181058:  Hold'em Limit ($3/$6 USD) - 2016/04/16 15:51:42 ET
Table 'Alwaid' 6-max Seat #3 is the button
Seat 3: RaisemyNut$ ($101.43 in chips)
Seat 6: 76198 ($75.55 in chips)
RaisemyNut$: posts small blind $1
76198: posts big blind $3
*** HOLE CARDS ***
RaisemyNut$: raises $3 to $6
76198: folds
Uncalled bet ($3) returned to RaisemyNut$
RaisemyNut$ collected $6 from pot
RaisemyNut$: doesn't show hand
*** SUMMARY ***
Total pot $6 | Rake $0
Seat 3: RaisemyNut$ (button) (small blind) collected ($6)
Seat 6: 76198 (big blind) folded before Flop


PokerStars Hand #152011177267:  Hold'em Limit ($3/$6 USD) - 2016/04/16 15:51:38 ET
Table 'Alwaid' 6-max Seat #6 is the button
Seat 3: RaisemyNut$ ($100.43 in chips)
Seat 6: 76198 ($76.55 in chips)
76198: posts small blind $1
RaisemyNut$: posts big blind $3
*** HOLE CARDS ***
76198: folds
Uncalled bet ($2) returned to RaisemyNut$
RaisemyNut$ collected $2 from pot
RaisemyNut$: doesn't show hand
*** SUMMARY ***
Total pot $2 | Rake $0
Seat 3: RaisemyNut$ (big blind) collected ($2)
Seat 6: 76198 (button) (small blind) folded before Flop


PokerStars Hand #152011172165:  Hold'em Limit ($3/$6 USD) - 2016/04/16 15:51:32 ET
Table 'Alwaid' 6-max Seat #3 is the button
Seat 3: RaisemyNut$ ($97.43 in chips)
Seat 6: 76198 ($79.55 in chips)
RaisemyNut$: posts small blind $1
cupi: is sitting out
76198: posts big blind $3
*** HOLE CARDS ***
RaisemyNut$: raises $3 to $6
cupi leaves the table
76198: folds
Uncalled bet ($3) returned to RaisemyNut$
RaisemyNut$ collected $6 from pot
RaisemyNut$: doesn't show hand
*** SUMMARY ***
Total pot $6 | Rake $0
Seat 3: RaisemyNut$ (button) (small blind) collected ($6)
Seat 6: 76198 (big blind) folded before Flop


PokerStars Hand #152011189628:  Hold'em Limit ($3/$6 USD) - 2016/04/16 15:51:52 ET
Table 'Alwaid' 6-max Seat #3 is the button
Seat 3: RaisemyNut$ ($105.43 in chips)
Seat 6: 76198 ($71.55 in chips)
RaisemyNut$: posts small blind $1
76198: posts big blind $3
*** HOLE CARDS ***
RaisemyNut$: raises $3 to $6
76198: calls $3
*** FLOP *** [2d 7s 4s]
76198: bets $3
RaisemyNut$: folds
Uncalled bet ($3) returned to 76198
76198 collected $11.76 from pot
76198: doesn't show hand
*** SUMMARY ***
Total pot $12 | Rake $0.24
Board [2d 7s 4s]
Seat 3: RaisemyNut$ (button) (small blind) folded on the Flop
Seat 6: 76198 (big blind) collected ($11.76)


PokerStars Hand #152011185775:  Hold'em Limit ($3/$6 USD) - 2016/04/16 15:51:47 ET
Table 'Alwaid' 6-max Seat #6 is the button
Seat 3: RaisemyNut$ ($104.43 in chips)
Seat 6: 76198 ($72.55 in chips)
76198: posts small blind $1
RaisemyNut$: posts big blind $3
*** HOLE CARDS ***
76198: folds
Uncalled bet ($2) returned to RaisemyNut$
RaisemyNut$ collected $2 from pot
RaisemyNut$: doesn't show hand
*** SUMMARY ***
Total pot $2 | Rake $0
Seat 3: RaisemyNut$ (big blind) collected ($2)
Seat 6: 76198 (button) (small blind) folded before Flop


PokerStars Hand #152011236828:  Hold'em Limit ($3/$6 USD) - 2016/04/16 15:52:46 ET
Table 'Alwaid' 6-max Seat #3 is the button
Seat 3: RaisemyNut$ ($119.93 in chips)
Seat 6: 76198 ($56.31 in chips)
RaisemyNut$: posts small blind $1
76198: posts big blind $3
*** HOLE CARDS ***
RaisemyNut$: raises $3 to $6
76198: folds
Uncalled bet ($3) returned to RaisemyNut$
RaisemyNut$ collected $6 from pot
RaisemyNut$: doesn't show hand
*** SUMMARY ***
Total pot $6 | Rake $0
Seat 3: RaisemyNut$ (button) (small blind) collected ($6)
Seat 6: 76198 (big blind) folded before Flop


PokerStars Hand #152011231519:  Hold'em Limit ($3/$6 USD) - 2016/04/16 15:52:40 ET
Table 'Alwaid' 6-max Seat #6 is the button
Seat 3: RaisemyNut$ ($118.93 in chips)
Seat 6: 76198 ($57.31 in chips)
76198: posts small blind $1
RaisemyNut$: posts big blind $3
*** HOLE CARDS ***
76198: folds
Uncalled bet ($2) returned to RaisemyNut$
RaisemyNut$ collected $2 from pot
RaisemyNut$: doesn't show hand
*** SUMMARY ***
Total pot $2 | Rake $0
Seat 3: RaisemyNut$ (big blind) collected ($2)
Seat 6: 76198 (button) (small blind) folded before Flop


PokerStars Hand #152011227250:  Hold'em Limit ($3/$6 USD) - 2016/04/16 15:52:35 ET
Table 'Alwaid' 6-max Seat #3 is the button
Seat 3: RaisemyNut$ ($119.93 in chips)
Seat 6: 76198 ($56.31 in chips)
RaisemyNut$: posts small blind $1
76198: posts big blind $3
*** HOLE CARDS ***
RaisemyNut$: folds
Uncalled bet ($2) returned to 76198
76198 collected $2 from pot
76198: doesn't show hand
*** SUMMARY ***
Total pot $2 | Rake $0
Seat 3: RaisemyNut$ (button) (small blind) folded before Flop
Seat 6: 76198 (big blind) collected ($2)


PokerStars Hand #152011197928:  Hold'em Limit ($3/$6 USD) - 2016/04/16 15:52:01 ET
Table 'Alwaid' 6-max Seat #6 is the button
Seat 3: RaisemyNut$ ($99.43 in chips)
Seat 6: 76198 ($77.31 in chips)
76198: posts small blind $1
RaisemyNut$: posts big blind $3
*** HOLE CARDS ***
76198: calls $2
RaisemyNut$: checks
*** FLOP *** [2h 2s 7h]
RaisemyNut$: checks
76198: bets $3
RaisemyNut$: raises $3 to $6
76198: calls $3
*** TURN *** [2h 2s 7h] [9s]
gordeev1111 leaves the table
RaisemyNut$: bets $6
76198: calls $6
*** RIVER *** [2h 2s 7h 9s] [7c]
RaisemyNut$: bets $6
76198: calls $6
*** SHOW DOWN ***
RaisemyNut$: shows [Jc 7s] (a full house, Sevens full of Deuces)
76198: mucks hand
RaisemyNut$ collected $41.50 from pot
*** SUMMARY ***
Total pot $42 | Rake $0.50
Board [2h 2s 7h 9s 7c]
Seat 3: RaisemyNut$ (big blind) showed [Jc 7s] and won ($41.50) with a full house, Sevens full of Deuces
Seat 6: 76198 (button) (small blind) mucked


PokerStars Hand #152011288474:  Hold'em Limit ($3/$6 USD) - 2016/04/16 15:53:46 ET
Table 'Alwaid' 6-max Seat #6 is the button
Seat 3: RaisemyNut$ ($110.81 in chips)
Seat 6: 76198 ($64.81 in chips)
76198: posts small blind $1
RaisemyNut$: posts big blind $3
*** HOLE CARDS ***
76198: calls $2
RaisemyNut$: checks
*** FLOP *** [Qs 5c Js]
RaisemyNut$: bets $3
76198: calls $3
*** TURN *** [Qs 5c Js] [3s]
RaisemyNut$: bets $6
76198: raises $6 to $12
RaisemyNut$: calls $6
*** RIVER *** [Qs 5c Js 3s] [8h]
RaisemyNut$: checks
76198: bets $6
RaisemyNut$: calls $6
*** SHOW DOWN ***
76198: shows [Ks Ad] (high card Ace)
RaisemyNut$: shows [6s Jd] (a pair of Jacks)
RaisemyNut$ collected $47.50 from pot
*** SUMMARY ***
Total pot $48 | Rake $0.50
Board [Qs 5c Js 3s 8h]
Seat 3: RaisemyNut$ (big blind) showed [6s Jd] and won ($47.50) with a pair of Jacks
Seat 6: 76198 (button) (small blind) showed [Ks Ad] and lost with high card Ace


PokerStars Hand #152011271885:  Hold'em Limit ($3/$6 USD) - 2016/04/16 15:53:27 ET
Table 'Alwaid' 6-max Seat #3 is the button
Seat 3: RaisemyNut$ ($125.81 in chips)
Seat 6: 76198 ($50.31 in chips)
RaisemyNut$: posts small blind $1
76198: posts big blind $3
*** HOLE CARDS ***
RaisemyNut$: raises $3 to $6
76198: calls $3
*** FLOP *** [Qd Qh 2d]
76198: checks
RaisemyNut$: bets $3
76198: calls $3
*** TURN *** [Qd Qh 2d] [Ts]
76198: checks
RaisemyNut$: bets $6
76198: raises $6 to $12
RaisemyNut$: folds
Uncalled bet ($6) returned to 76198
76198 collected $29.50 from pot
76198: doesn't show hand
*** SUMMARY ***
Total pot $30 | Rake $0.50
Board [Qd Qh 2d Ts]
Seat 3: RaisemyNut$ (button) (small blind) folded on the Turn
Seat 6: 76198 (big blind) collected ($29.50)


PokerStars Hand #152011242161:  Hold'em Limit ($3/$6 USD) - 2016/04/16 15:52:52 ET
Table 'Alwaid' 6-max Seat #6 is the button
Seat 3: RaisemyNut$ ($122.93 in chips)
Seat 6: 76198 ($53.31 in chips)
76198: posts small blind $1
RaisemyNut$: posts big blind $3
*** HOLE CARDS ***
76198: calls $2
RaisemyNut$: checks
*** FLOP *** [Qh Jc 3c]
RaisemyNut$: checks
76198: checks
*** TURN *** [Qh Jc 3c] [2h]
RaisemyNut$: checks
76198: checks
*** RIVER *** [Qh Jc 3c 2h] [4s]
RaisemyNut$: bets $6
76198: folds
Uncalled bet ($6) returned to RaisemyNut$
RaisemyNut$ collected $5.88 from pot
RaisemyNut$: doesn't show hand
*** SUMMARY ***
Total pot $6 | Rake $0.12
Board [Qh Jc 3c 2h 4s]
Seat 3: RaisemyNut$ (big blind) collected ($5.88)
Seat 6: 76198 (button) (small blind) folded on the River


PokerStars Hand #152011323893:  Hold'em Limit ($3/$6 USD) - 2016/04/16 15:54:27 ET
Table 'Alwaid' 6-max Seat #6 is the button
Seat 3: RaisemyNut$ ($154.81 in chips)
Seat 6: 76198 ($19.81 in chips)
76198: posts small blind $1
RaisemyNut$: posts big blind $3
*** HOLE CARDS ***
76198: folds
Uncalled bet ($2) returned to RaisemyNut$
RaisemyNut$ collected $2 from pot
RaisemyNut$: doesn't show hand
*** SUMMARY ***
Total pot $2 | Rake $0
Seat 3: RaisemyNut$ (big blind) collected ($2)
Seat 6: 76198 (button) (small blind) folded before Flop


PokerStars Hand #152011306152:  Hold'em Limit ($3/$6 USD) - 2016/04/16 15:54:07 ET
Table 'Alwaid' 6-max Seat #3 is the button
Seat 3: RaisemyNut$ ($134.31 in chips)
Seat 6: 76198 ($40.81 in chips)
RaisemyNut$: posts small blind $1
76198: posts big blind $3
*** HOLE CARDS ***
RaisemyNut$: raises $3 to $6
76198: raises $3 to $9
RaisemyNut$: raises $3 to $12
Betting is capped
76198: calls $3
*** FLOP *** [Tc Qs 5d]
76198: checks
RaisemyNut$: bets $3
76198: calls $3
*** TURN *** [Tc Qs 5d] [Jd]
76198: checks
RaisemyNut$: bets $6
Adamantick joins the table at seat #4
76198: calls $6
*** RIVER *** [Tc Qs 5d Jd] [4s]
76198: checks
RaisemyNut$: bets $6
76198: folds
Uncalled bet ($6) returned to RaisemyNut$
RaisemyNut$ collected $41.50 from pot
RaisemyNut$: doesn't show hand
*** SUMMARY ***
Total pot $42 | Rake $0.50
Board [Tc Qs 5d Jd 4s]
Seat 3: RaisemyNut$ (button) (small blind) collected ($41.50)
Seat 6: 76198 (big blind) folded on the River


PokerStars Hand #152011385867:  Hold'em Limit ($3/$6 USD) - 2016/04/16 15:55:52 ET
Table 'Alwaid' 6-max Seat #3 is the button
Seat 3: RaisemyNut$ ($172.85 in chips)
Seat 4: Adamantick ($30 in chips)
RaisemyNut$: posts small blind $1
Adamantick: posts big blind $3
*** HOLE CARDS ***
RaisemyNut$: folds
Uncalled bet ($2) returned to Adamantick
76198 leaves the table
Adamantick collected $2 from pot
Adamantick: doesn't show hand
*** SUMMARY ***
Total pot $2 | Rake $0
Seat 3: RaisemyNut$ (button) (small blind) folded before Flop
Seat 4: Adamantick (big blind) collected ($2)


PokerStars Hand #152011399740:  Hold'em Limit ($3/$6 USD) - 2016/04/16 15:56:13 ET
Table 'Alwaid' 6-max Seat #3 is the button
Seat 3: RaisemyNut$ ($162.85 in chips)
Seat 4: Adamantick ($39.64 in chips)
RaisemyNut$: posts small blind $1
Adamantick: posts big blind $3
*** HOLE CARDS ***
RaisemyNut$: raises $3 to $6
Adamantick: folds
Uncalled bet ($3) returned to RaisemyNut$
RaisemyNut$ collected $6 from pot
RaisemyNut$: doesn't show hand
*** SUMMARY ***
Total pot $6 | Rake $0
Seat 3: RaisemyNut$ (button) (small blind) collected ($6)
Seat 4: Adamantick (big blind) folded before Flop


PokerStars Hand #152011404307:  Hold'em Limit ($3/$6 USD) - 2016/04/16 15:56:20 ET
Table 'Alwaid' 6-max Seat #4 is the button
Seat 3: RaisemyNut$ ($165.85 in chips)
Seat 4: Adamantick ($36.64 in chips)
Adamantick: posts small blind $1
RaisemyNut$: posts big blind $3
*** HOLE CARDS ***
Adamantick: raises $3 to $6
RaisemyNut$: calls $3
*** FLOP *** [Ts 6h Qd]
RaisemyNut$: checks
Adamantick: bets $3
RaisemyNut$: raises $3 to $6
Adamantick: calls $3
*** TURN *** [Ts 6h Qd] [9s]
RaisemyNut$: bets $6
Adamantick: raises $6 to $12
RaisemyNut$: calls $6
*** RIVER *** [Ts 6h Qd 9s] [8s]
RaisemyNut$: checks
Adamantick: bets $6
RaisemyNut$: folds
Uncalled bet ($6) returned to Adamantick
Adamantick collected $47.50 from pot
*** SUMMARY ***
Total pot $48 | Rake $0.50
Board [Ts 6h Qd 9s 8s]
Seat 3: RaisemyNut$ (big blind) folded on the River
Seat 4: Adamantick (button) (small blind) collected ($47.50)


PokerStars Hand #152011389868:  Hold'em Limit ($3/$6 USD) - 2016/04/16 15:55:58 ET
Table 'Alwaid' 6-max Seat #4 is the button
Seat 3: RaisemyNut$ ($171.85 in chips)
Seat 4: Adamantick ($31 in chips)
Adamantick: posts small blind $1
RaisemyNut$: posts big blind $3
*** HOLE CARDS ***
Adamantick: raises $3 to $6
RaisemyNut$: calls $3
*** FLOP *** [6d 9d 7h]
RaisemyNut$: checks
Adamantick: bets $3
RaisemyNut$: calls $3
*** TURN *** [6d 9d 7h] [Td]
RaisemyNut$: checks
Adamantick: bets $6
RaisemyNut$: folds
Uncalled bet ($6) returned to Adamantick
Adamantick collected $17.64 from pot
Adamantick: doesn't show hand
*** SUMMARY ***
Total pot $18 | Rake $0.36
Board [6d 9d 7h Td]
Seat 3: RaisemyNut$ (big blind) folded on the Turn
Seat 4: Adamantick (button) (small blind) collected ($17.64)


