PokerStars Hand #160593355146:  Hold'em Limit ($3/$6 USD) - 2016/10/29 9:38:45 ET
Table 'Alwaid II' 6-max Seat #6 is the button
Seat 2: ZinZar ($72 in chips)
Seat 6: Profitables ($32 in chips)
Profitables: posts small blind $1
ZinZar: posts big blind $3
*** HOLE CARDS ***
Profitables: raises $3 to $6
ZinZar: raises $3 to $9
Profitables: calls $3
*** FLOP *** [5c 6h Qs]
ZinZar: bets $3
Profitables: calls $3
*** TURN *** [5c 6h Qs] [8s]
ZinZar: bets $6
Profitables: raises $6 to $12
ZinZar: folds
Uncalled bet ($6) returned to Profitables
Profitables collected $35.50 from pot
Profitables: doesn't show hand
*** SUMMARY ***
Total pot $36 | Rake $0.50
Board [5c 6h Qs 8s]
Seat 2: ZinZar (big blind) folded on the Turn
Seat 6: Profitables (button) (small blind) collected ($35.50)


PokerStars Hand #160593386078:  Hold'em Limit ($3/$6 USD) - 2016/10/29 9:39:35 ET
Table 'Alwaid II' 6-max Seat #6 is the button
Seat 2: ZinZar ($92.50 in chips)
Seat 6: Profitables ($28.50 in chips)
Profitables: posts small blind $1
ZinZar: posts big blind $3
*** HOLE CARDS ***
Profitables: raises $3 to $6
ZinZar: calls $3
*** FLOP *** [3c 8d 4s]
ZinZar: checks
Profitables: checks
*** TURN *** [3c 8d 4s] [Qc]
ZinZar: checks
Profitables: bets $6
ZinZar: raises $6 to $12
Profitables: folds
Uncalled bet ($6) returned to ZinZar
ZinZar collected $23.52 from pot
ZinZar: doesn't show hand
*** SUMMARY ***
Total pot $24 | Rake $0.48
Board [3c 8d 4s Qc]
Seat 2: ZinZar (big blind) collected ($23.52)
Seat 6: Profitables (button) (small blind) folded on the Turn


PokerStars Hand #160593404127:  Hold'em Limit ($3/$6 USD) - 2016/10/29 9:40:04 ET
Table 'Alwaid II' 6-max Seat #6 is the button
Seat 2: ZinZar ($103.02 in chips)
Seat 6: Profitables ($17.50 in chips)
Profitables: posts small blind $1
ZinZar: posts big blind $3
*** HOLE CARDS ***
Profitables: raises $3 to $6
ZinZar: folds
Uncalled bet ($3) returned to Profitables
Profitables collected $6 from pot
Profitables: doesn't show hand
*** SUMMARY ***
Total pot $6 | Rake $0
Seat 2: ZinZar (big blind) folded before Flop
Seat 6: Profitables (button) (small blind) collected ($6)


PokerStars Hand #160593374901:  Hold'em Limit ($3/$6 USD) - 2016/10/29 9:39:17 ET
Table 'Alwaid II' 6-max Seat #2 is the button
Seat 2: ZinZar ($72 in chips)
Seat 6: Profitables ($49.50 in chips)
ZinZar: posts small blind $1
Profitables: posts big blind $3
*** HOLE CARDS ***
ZinZar: raises $3 to $6
Profitables: calls $3
*** FLOP *** [2d 7d 8h]
Profitables: checks
ZinZar: bets $3
Profitables: calls $3
*** TURN *** [2d 7d 8h] [7s]
Profitables: checks
ZinZar: bets $6
Profitables: calls $6
*** RIVER *** [2d 7d 8h 7s] [4s]
Profitables: checks
ZinZar: bets $6
Profitables: calls $6
*** SHOW DOWN ***
ZinZar: shows [8d 9h] (two pair, Eights and Sevens)
Profitables: mucks hand
ZinZar collected $41.50 from pot
*** SUMMARY ***
Total pot $42 | Rake $0.50
Board [2d 7d 8h 7s 4s]
Seat 2: ZinZar (button) (small blind) showed [8d 9h] and won ($41.50) with two pair, Eights and Sevens
Seat 6: Profitables (big blind) mucked


PokerStars Hand #160593421446:  Hold'em Limit ($3/$6 USD) - 2016/10/29 9:40:32 ET
Table 'Alwaid II' 6-max Seat #2 is the button
Seat 2: ZinZar ($102.66 in chips)
Seat 6: Profitables ($17.26 in chips)
ZinZar: posts small blind $1
Profitables: posts big blind $3
*** HOLE CARDS ***
ZinZar: raises $3 to $6
Profitables: calls $3
*** FLOP *** [Tc 4d Qd]
Profitables: checks
ZinZar: bets $3
Profitables: raises $3 to $6
ZinZar: calls $3
*** TURN *** [Tc 4d Qd] [7s]
Profitables: bets $5.26 and is all-in
ZinZar: calls $5.26
*** RIVER *** [Tc 4d Qd 7s] [Ad]
*** SHOW DOWN ***
Profitables: shows [9h 4s] (a pair of Fours)
ZinZar: shows [Jh 4h] (a pair of Fours - Ace+Queen+Jack kicker)
ZinZar collected $34.02 from pot
*** SUMMARY ***
Total pot $34.52 | Rake $0.50
Board [Tc 4d Qd 7s Ad]
Seat 2: ZinZar (button) (small blind) showed [Jh 4h] and won ($34.02) with a pair of Fours
Seat 6: Profitables (big blind) showed [9h 4s] and lost with a pair of Fours


PokerStars Hand #160593415847:  Hold'em Limit ($3/$6 USD) - 2016/10/29 9:40:23 ET
Table 'Alwaid II' 6-max Seat #6 is the button
Seat 2: ZinZar ($108.66 in chips)
Seat 6: Profitables ($11.50 in chips)
Profitables: posts small blind $1
ZinZar: posts big blind $3
*** HOLE CARDS ***
Profitables: raises $3 to $6
ZinZar: calls $3
*** FLOP *** [Kc 2h Ts]
ZinZar: checks
Profitables: bets $3
ZinZar: folds
Uncalled bet ($3) returned to Profitables
Profitables collected $11.76 from pot
Profitables: doesn't show hand
*** SUMMARY ***
Total pot $12 | Rake $0.24
Board [Kc 2h Ts]
Seat 2: ZinZar (big blind) folded on the Flop
Seat 6: Profitables (button) (small blind) collected ($11.76)


PokerStars Hand #160593406997:  Hold'em Limit ($3/$6 USD) - 2016/10/29 9:40:09 ET
Table 'Alwaid II' 6-max Seat #2 is the button
Seat 2: ZinZar ($100.02 in chips)
Seat 6: Profitables ($20.50 in chips)
ZinZar: posts small blind $1
Profitables: posts big blind $3
*** HOLE CARDS ***
ZinZar: raises $3 to $6
Profitables: calls $3
*** FLOP *** [Ad 4c 6c]
Profitables: checks
ZinZar: bets $3
Profitables: calls $3
*** TURN *** [Ad 4c 6c] [Ts]
Profitables: checks
ZinZar: bets $6
Profitables: folds
Uncalled bet ($6) returned to ZinZar
ZinZar collected $17.64 from pot
ZinZar: doesn't show hand
*** SUMMARY ***
Total pot $18 | Rake $0.36
Board [Ad 4c 6c Ts]
Seat 2: ZinZar (button) (small blind) collected ($17.64)
Seat 6: Profitables (big blind) folded on the Turn


