PokerStars Hand #169981178686:  Hold'em Limit ($3/$6 USD) - 2017/05/05 8:10:13 ET
Table 'Alwine II' 6-max Seat #1 is the button
Seat 1: Kasperla ($100.67 in chips)
Seat 3: gnatakurchpz ($116.91 in chips)
Kasperla: posts small blind $1
gnatakurchpz: posts big blind $3
*** HOLE CARDS ***
Kasperla: folds
Uncalled bet ($2) returned to gnatakurchpz
gnatakurchpz collected $2 from pot
gnatakurchpz: doesn't show hand
*** SUMMARY ***
Total pot $2 | Rake $0
Seat 1: Kasperla (button) (small blind) folded before Flop
Seat 3: gnatakurchpz (big blind) collected ($2)


PokerStars Hand #169981169273:  Hold'em Limit ($3/$6 USD) - 2017/05/05 8:09:54 ET
Table 'Alwine II' 6-max Seat #3 is the button
Seat 1: Kasperla ($86.17 in chips)
Seat 3: gnatakurchpz ($131.91 in chips)
gnatakurchpz: posts small blind $1
Agrotait: is sitting out
Kasperla: posts big blind $3
*** HOLE CARDS ***
gnatakurchpz: raises $3 to $6
Kasperla: calls $3
*** FLOP *** [9h 5d 3c]
Kasperla: checks
gnatakurchpz: bets $3
Kasperla: calls $3
*** TURN *** [9h 5d 3c] [9d]
Kasperla: checks
gnatakurchpz: bets $6
Kasperla: calls $6
*** RIVER *** [9h 5d 3c 9d] [4c]
Kasperla: checks
gnatakurchpz: checks
*** SHOW DOWN ***
Kasperla: shows [Ad 6h] (a pair of Nines)
gnatakurchpz: mucks hand
Kasperla collected $29.50 from pot
*** SUMMARY ***
Total pot $30 | Rake $0.50
Board [9h 5d 3c 9d 4c]
Seat 1: Kasperla (big blind) showed [Ad 6h] and won ($29.50) with a pair of Nines
Seat 3: gnatakurchpz (button) (small blind) mucked


PokerStars Hand #169981181022:  Hold'em Limit ($3/$6 USD) - 2017/05/05 8:10:18 ET
Table 'Alwine II' 6-max Seat #3 is the button
Seat 1: Kasperla ($99.67 in chips)
Seat 3: gnatakurchpz ($117.91 in chips)
gnatakurchpz: posts small blind $1
royalen was removed from the table for failing to post
Kasperla: posts big blind $3
*** HOLE CARDS ***
gnatakurchpz: folds
Uncalled bet ($2) returned to Kasperla
Kasperla collected $2 from pot
Kasperla: doesn't show hand
*** SUMMARY ***
Total pot $2 | Rake $0
Seat 1: Kasperla (big blind) collected ($2)
Seat 3: gnatakurchpz (button) (small blind) folded before Flop


PokerStars Hand #169981183426:  Hold'em Limit ($3/$6 USD) - 2017/05/05 8:10:23 ET
Table 'Alwine II' 6-max Seat #1 is the button
Seat 1: Kasperla ($100.67 in chips)
Seat 3: gnatakurchpz ($116.91 in chips)
Kasperla: posts small blind $1
gnatakurchpz: posts big blind $3
*** HOLE CARDS ***
Kasperla: raises $3 to $6
gnatakurchpz: calls $3
*** FLOP *** [Qc Kc 6h]
gnatakurchpz: checks
Kasperla: bets $3
gnatakurchpz: folds
Uncalled bet ($3) returned to Kasperla
Kasperla collected $11.76 from pot
Kasperla: doesn't show hand
*** SUMMARY ***
Total pot $12 | Rake $0.24
Board [Qc Kc 6h]
Seat 1: Kasperla (button) (small blind) collected ($11.76)
Seat 3: gnatakurchpz (big blind) folded on the Flop


PokerStars Hand #169981189186:  Hold'em Limit ($3/$6 USD) - 2017/05/05 8:10:35 ET
Table 'Alwine II' 6-max Seat #3 is the button
Seat 1: Kasperla ($106.43 in chips)
Seat 3: gnatakurchpz ($110.91 in chips)
gnatakurchpz: posts small blind $1
Kasperla: posts big blind $3
*** HOLE CARDS ***
gnatakurchpz: raises $3 to $6
Kasperla: raises $3 to $9
gnatakurchpz: calls $3
*** FLOP *** [9s 2s Ks]
Kasperla: bets $3
gnatakurchpz: folds
Uncalled bet ($3) returned to Kasperla
Kasperla collected $17.64 from pot
Kasperla: doesn't show hand
*** SUMMARY ***
Total pot $18 | Rake $0.36
Board [9s 2s Ks]
Seat 1: Kasperla (big blind) collected ($17.64)
Seat 3: gnatakurchpz (button) (small blind) folded on the Flop


PokerStars Hand #169981195221:  Hold'em Limit ($3/$6 USD) - 2017/05/05 8:10:47 ET
Table 'Alwine II' 6-max Seat #1 is the button
Seat 1: Kasperla ($115.07 in chips)
Seat 3: gnatakurchpz ($101.91 in chips)
Kasperla: posts small blind $1
gnatakurchpz: posts big blind $3
*** HOLE CARDS ***
Kasperla: raises $3 to $6
Agrotait leaves the table
gnatakurchpz: raises $3 to $9
Kasperla: calls $3
*** FLOP *** [7c 4d 4s]
gnatakurchpz: bets $3
Kasperla: calls $3
*** TURN *** [7c 4d 4s] [Qs]
gnatakurchpz: bets $6
Kasperla: folds
Uncalled bet ($6) returned to gnatakurchpz
gnatakurchpz collected $23.52 from pot
gnatakurchpz: doesn't show hand
*** SUMMARY ***
Total pot $24 | Rake $0.48
Board [7c 4d 4s Qs]
Seat 1: Kasperla (button) (small blind) folded on the Turn
Seat 3: gnatakurchpz (big blind) collected ($23.52)


PokerStars Hand #169981203827:  Hold'em Limit ($3/$6 USD) - 2017/05/05 8:11:05 ET
Table 'Alwine II' 6-max Seat #3 is the button
Seat 1: Kasperla ($103.07 in chips)
Seat 3: gnatakurchpz ($113.43 in chips)
gnatakurchpz: posts small blind $1
Kasperla: posts big blind $3
*** HOLE CARDS ***
gnatakurchpz: raises $3 to $6
Kasperla: calls $3
*** FLOP *** [3d Qs Jd]
Kasperla: checks
gnatakurchpz: bets $3
Kasperla: calls $3
*** TURN *** [3d Qs Jd] [Jc]
Kasperla: checks
gnatakurchpz: checks
*** RIVER *** [3d Qs Jd Jc] [9s]
Kasperla: bets $6
gnatakurchpz: calls $6
*** SHOW DOWN ***
Kasperla: shows [3h Ad] (two pair, Jacks and Threes)
gnatakurchpz: shows [Qd 9h] (two pair, Queens and Jacks)
gnatakurchpz collected $29.50 from pot
*** SUMMARY ***
Total pot $30 | Rake $0.50
Board [3d Qs Jd Jc 9s]
Seat 1: Kasperla (big blind) showed [3h Ad] and lost with two pair, Jacks and Threes
Seat 3: gnatakurchpz (button) (small blind) showed [Qd 9h] and won ($29.50) with two pair, Queens and Jacks


PokerStars Hand #169981212329:  Hold'em Limit ($3/$6 USD) - 2017/05/05 8:11:22 ET
Table 'Alwine II' 6-max Seat #1 is the button
Seat 1: Kasperla ($88.07 in chips)
Seat 3: gnatakurchpz ($127.93 in chips)
Kasperla: posts small blind $1
gnatakurchpz: posts big blind $3
*** HOLE CARDS ***
Kasperla: raises $3 to $6
gnatakurchpz: calls $3
*** FLOP *** [8h 8s 6c]
gnatakurchpz: checks
Kasperla: bets $3
gnatakurchpz: calls $3
*** TURN *** [8h 8s 6c] [9s]
gnatakurchpz: checks
Kasperla: checks
*** RIVER *** [8h 8s 6c 9s] [8d]
gnatakurchpz: bets $6
Kasperla: calls $6
*** SHOW DOWN ***
gnatakurchpz: shows [2d 4d] (three of a kind, Eights)
Kasperla: shows [2h Ah] (three of a kind, Eights - Ace kicker)
Kasperla collected $29.50 from pot
*** SUMMARY ***
Total pot $30 | Rake $0.50
Board [8h 8s 6c 9s 8d]
Seat 1: Kasperla (button) (small blind) showed [2h Ah] and won ($29.50) with three of a kind, Eights
Seat 3: gnatakurchpz (big blind) showed [2d 4d] and lost with three of a kind, Eights


PokerStars Hand #169981219535:  Hold'em Limit ($3/$6 USD) - 2017/05/05 8:11:37 ET
Table 'Alwine II' 6-max Seat #3 is the button
Seat 1: Kasperla ($102.57 in chips)
Seat 3: gnatakurchpz ($112.93 in chips)
gnatakurchpz: posts small blind $1
Kasperla: posts big blind $3
*** HOLE CARDS ***
gnatakurchpz: raises $3 to $6
Kasperla: calls $3
*** FLOP *** [Ks 4s 9d]
Kasperla: checks
gnatakurchpz: bets $3
Kasperla: calls $3
*** TURN *** [Ks 4s 9d] [8h]
Kasperla: checks
gnatakurchpz: bets $6
Kasperla: folds
Uncalled bet ($6) returned to gnatakurchpz
gnatakurchpz collected $17.64 from pot
gnatakurchpz: doesn't show hand
*** SUMMARY ***
Total pot $18 | Rake $0.36
Board [Ks 4s 9d 8h]
Seat 1: Kasperla (big blind) folded on the Turn
Seat 3: gnatakurchpz (button) (small blind) collected ($17.64)


PokerStars Hand #169981226215:  Hold'em Limit ($3/$6 USD) - 2017/05/05 8:11:50 ET
Table 'Alwine II' 6-max Seat #1 is the button
Seat 1: Kasperla ($93.57 in chips)
Seat 3: gnatakurchpz ($121.57 in chips)
Kasperla: posts small blind $1
gnatakurchpz: posts big blind $3
*** HOLE CARDS ***
Kasperla: raises $3 to $6
gnatakurchpz: raises $3 to $9
Kasperla: raises $3 to $12
Betting is capped
gnatakurchpz: calls $3
*** FLOP *** [5c 5h 3s]
gnatakurchpz: checks
Kasperla: bets $3
gnatakurchpz: calls $3
*** TURN *** [5c 5h 3s] [2d]
gnatakurchpz: checks
Kasperla: bets $6
gnatakurchpz: calls $6
*** RIVER *** [5c 5h 3s 2d] [Jh]
gnatakurchpz: checks
Kasperla: bets $6
gnatakurchpz: calls $6
*** SHOW DOWN ***
Kasperla: shows [6h 6s] (two pair, Sixes and Fives)
gnatakurchpz: mucks hand
Kasperla collected $53.50 from pot
*** SUMMARY ***
Total pot $54 | Rake $0.50
Board [5c 5h 3s 2d Jh]
Seat 1: Kasperla (button) (small blind) showed [6h 6s] and won ($53.50) with two pair, Sixes and Fives
Seat 3: gnatakurchpz (big blind) mucked


PokerStars Hand #169981236046:  Hold'em Limit ($3/$6 USD) - 2017/05/05 8:12:11 ET
Table 'Alwine II' 6-max Seat #3 is the button
Seat 1: Kasperla ($120.07 in chips)
Seat 3: gnatakurchpz ($94.57 in chips)
gnatakurchpz: posts small blind $1
Kasperla: posts big blind $3
*** HOLE CARDS ***
gnatakurchpz: raises $3 to $6
Kasperla: calls $3
*** FLOP *** [As Ah 3h]
Kasperla: checks
gnatakurchpz: bets $3
Kasperla: calls $3
*** TURN *** [As Ah 3h] [6h]
Kasperla: checks
gnatakurchpz: bets $6
Kasperla: folds
Uncalled bet ($6) returned to gnatakurchpz
gnatakurchpz collected $17.64 from pot
gnatakurchpz: doesn't show hand
*** SUMMARY ***
Total pot $18 | Rake $0.36
Board [As Ah 3h 6h]
Seat 1: Kasperla (big blind) folded on the Turn
Seat 3: gnatakurchpz (button) (small blind) collected ($17.64)


PokerStars Hand #169981244491:  Hold'em Limit ($3/$6 USD) - 2017/05/05 8:12:28 ET
Table 'Alwine II' 6-max Seat #1 is the button
Seat 1: Kasperla ($111.07 in chips)
Seat 3: gnatakurchpz ($103.21 in chips)
Kasperla: posts small blind $1
gnatakurchpz: posts big blind $3
*** HOLE CARDS ***
Kasperla: raises $3 to $6
gnatakurchpz: calls $3
*** FLOP *** [Kd 6d 6h]
gnatakurchpz: checks
Kasperla: bets $3
gnatakurchpz: calls $3
*** TURN *** [Kd 6d 6h] [6c]
gnatakurchpz: checks
Kasperla: bets $6
gnatakurchpz: calls $6
*** RIVER *** [Kd 6d 6h 6c] [Kc]
gnatakurchpz: checks
Kasperla: checks
*** SHOW DOWN ***
gnatakurchpz: shows [2h Qh] (a full house, Sixes full of Kings)
Kasperla: shows [8d 8c] (a full house, Sixes full of Kings)
gnatakurchpz collected $14.75 from pot
Kasperla collected $14.75 from pot
*** SUMMARY ***
Total pot $30 | Rake $0.50
Board [Kd 6d 6h 6c Kc]
Seat 1: Kasperla (button) (small blind) showed [8d 8c] and won ($14.75) with a full house, Sixes full of Kings
Seat 3: gnatakurchpz (big blind) showed [2h Qh] and won ($14.75) with a full house, Sixes full of Kings


PokerStars Hand #169981260624:  Hold'em Limit ($3/$6 USD) - 2017/05/05 8:13:02 ET
Table 'Alwine II' 6-max Seat #1 is the button
Seat 1: Kasperla ($128.32 in chips)
Seat 3: gnatakurchpz ($84.96 in chips)
Kasperla: posts small blind $1
gnatakurchpz: posts big blind $3
*** HOLE CARDS ***
Kasperla: folds
Uncalled bet ($2) returned to gnatakurchpz
gnatakurchpz collected $2 from pot
gnatakurchpz: doesn't show hand
*** SUMMARY ***
Total pot $2 | Rake $0
Seat 1: Kasperla (button) (small blind) folded before Flop
Seat 3: gnatakurchpz (big blind) collected ($2)


PokerStars Hand #169981252348:  Hold'em Limit ($3/$6 USD) - 2017/05/05 8:12:44 ET
Table 'Alwine II' 6-max Seat #3 is the button
Seat 1: Kasperla ($110.82 in chips)
Seat 3: gnatakurchpz ($102.96 in chips)
gnatakurchpz: posts small blind $1
Kasperla: posts big blind $3
*** HOLE CARDS ***
gnatakurchpz: raises $3 to $6
Kasperla: calls $3
*** FLOP *** [4c 5s 9s]
Kasperla: checks
gnatakurchpz: checks
*** TURN *** [4c 5s 9s] [8d]
Kasperla: bets $6
gnatakurchpz: calls $6
*** RIVER *** [4c 5s 9s 8d] [8s]
Kasperla: bets $6
gnatakurchpz: calls $6
*** SHOW DOWN ***
Kasperla: shows [Th 8h] (three of a kind, Eights)
gnatakurchpz: mucks hand
Kasperla collected $35.50 from pot
*** SUMMARY ***
Total pot $36 | Rake $0.50
Board [4c 5s 9s 8d 8s]
Seat 1: Kasperla (big blind) showed [Th 8h] and won ($35.50) with three of a kind, Eights
Seat 3: gnatakurchpz (button) (small blind) mucked


PokerStars Hand #169981271727:  Hold'em Limit ($3/$6 USD) - 2017/05/05 8:13:24 ET
Table 'Alwine II' 6-max Seat #1 is the button
Seat 1: Kasperla ($150.82 in chips)
Seat 3: gnatakurchpz ($61.96 in chips)
Kasperla: posts small blind $1
gnatakurchpz: posts big blind $3
*** HOLE CARDS ***
Kasperla: folds
Uncalled bet ($2) returned to gnatakurchpz
gnatakurchpz collected $2 from pot
gnatakurchpz: doesn't show hand
*** SUMMARY ***
Total pot $2 | Rake $0
Seat 1: Kasperla (button) (small blind) folded before Flop
Seat 3: gnatakurchpz (big blind) collected ($2)


PokerStars Hand #169981263030:  Hold'em Limit ($3/$6 USD) - 2017/05/05 8:13:07 ET
Table 'Alwine II' 6-max Seat #3 is the button
Seat 1: Kasperla ($127.32 in chips)
Seat 3: gnatakurchpz ($85.96 in chips)
gnatakurchpz: posts small blind $1
Kasperla: posts big blind $3
*** HOLE CARDS ***
gnatakurchpz: raises $3 to $6
Kasperla: raises $3 to $9
gnatakurchpz: calls $3
*** FLOP *** [Th Js Td]
Kasperla: bets $3
gnatakurchpz: calls $3
*** TURN *** [Th Js Td] [4d]
Kasperla: bets $6
gnatakurchpz: calls $6
*** RIVER *** [Th Js Td 4d] [8d]
Kasperla: bets $6
gnatakurchpz: calls $6
*** SHOW DOWN ***
Kasperla: shows [Qc Qh] (two pair, Queens and Tens)
gnatakurchpz: mucks hand
Kasperla collected $47.50 from pot
*** SUMMARY ***
Total pot $48 | Rake $0.50
Board [Th Js Td 4d 8d]
Seat 1: Kasperla (big blind) showed [Qc Qh] and won ($47.50) with two pair, Queens and Tens
Seat 3: gnatakurchpz (button) (small blind) mucked


PokerStars Hand #169981281335:  Hold'em Limit ($3/$6 USD) - 2017/05/05 8:13:44 ET
Table 'Alwine II' 6-max Seat #1 is the button
Seat 1: Kasperla ($125.82 in chips)
Seat 3: gnatakurchpz ($86.46 in chips)
Kasperla: posts small blind $1
gnatakurchpz: posts big blind $3
*** HOLE CARDS ***
Kasperla: folds
Uncalled bet ($2) returned to gnatakurchpz
gnatakurchpz collected $2 from pot
gnatakurchpz: doesn't show hand
*** SUMMARY ***
Total pot $2 | Rake $0
Seat 1: Kasperla (button) (small blind) folded before Flop
Seat 3: gnatakurchpz (big blind) collected ($2)


PokerStars Hand #169981273988:  Hold'em Limit ($3/$6 USD) - 2017/05/05 8:13:29 ET
Table 'Alwine II' 6-max Seat #3 is the button
Seat 1: Kasperla ($149.82 in chips)
Seat 3: gnatakurchpz ($62.96 in chips)
gnatakurchpz: posts small blind $1
Kasperla: posts big blind $3
*** HOLE CARDS ***
gnatakurchpz: raises $3 to $6
Kasperla: calls $3
*** FLOP *** [3c 4h 4c]
Kasperla: checks
gnatakurchpz: checks
*** TURN *** [3c 4h 4c] [6h]
Kasperla: bets $6
gnatakurchpz: calls $6
*** RIVER *** [3c 4h 4c 6h] [2c]
Kasperla: bets $6
gnatakurchpz: raises $6 to $12
Kasperla: calls $6
*** SHOW DOWN ***
gnatakurchpz: shows [4s Qc] (three of a kind, Fours)
Kasperla: mucks hand
gnatakurchpz collected $47.50 from pot
*** SUMMARY ***
Total pot $48 | Rake $0.50
Board [3c 4h 4c 6h 2c]
Seat 1: Kasperla (big blind) mucked
Seat 3: gnatakurchpz (button) (small blind) showed [4s Qc] and won ($47.50) with three of a kind, Fours


PokerStars Hand #169981296792:  Hold'em Limit ($3/$6 USD) - 2017/05/05 8:14:16 ET
Table 'Alwine II' 6-max Seat #3 is the button
Seat 1: Kasperla ($103.82 in chips)
Seat 3: gnatakurchpz ($107.96 in chips)
gnatakurchpz: posts small blind $1
Kasperla: posts big blind $3
*** HOLE CARDS ***
gnatakurchpz: raises $3 to $6
Kasperla: raises $3 to $9
gnatakurchpz: calls $3
*** FLOP *** [2h 9s 6s]
Kasperla: bets $3
gnatakurchpz: calls $3
*** TURN *** [2h 9s 6s] [Ah]
Kasperla: bets $6
gnatakurchpz: calls $6
*** RIVER *** [2h 9s 6s Ah] [Ks]
Kasperla: bets $6
gnatakurchpz: calls $6
*** SHOW DOWN ***
Kasperla: shows [Kd Jh] (a pair of Kings)
gnatakurchpz: shows [As 5c] (a pair of Aces)
gnatakurchpz collected $47.50 from pot
*** SUMMARY ***
Total pot $48 | Rake $0.50
Board [2h 9s 6s Ah Ks]
Seat 1: Kasperla (big blind) showed [Kd Jh] and lost with a pair of Kings
Seat 3: gnatakurchpz (button) (small blind) showed [As 5c] and won ($47.50) with a pair of Aces


PokerStars Hand #169981292648:  Hold'em Limit ($3/$6 USD) - 2017/05/05 8:14:08 ET
Table 'Alwine II' 6-max Seat #1 is the button
Seat 1: Kasperla ($100.82 in chips)
Seat 3: gnatakurchpz ($110.96 in chips)
Kasperla: posts small blind $1
gnatakurchpz: posts big blind $3
*** HOLE CARDS ***
Kasperla: raises $3 to $6
gnatakurchpz: folds
Uncalled bet ($3) returned to Kasperla
Kasperla collected $6 from pot
Kasperla: doesn't show hand
*** SUMMARY ***
Total pot $6 | Rake $0
Seat 1: Kasperla (button) (small blind) collected ($6)
Seat 3: gnatakurchpz (big blind) folded before Flop


PokerStars Hand #169981312752:  Hold'em Limit ($3/$6 USD) - 2017/05/05 8:14:49 ET
Table 'Alwine II' 6-max Seat #3 is the button
Seat 1: Kasperla ($67.82 in chips)
Seat 3: gnatakurchpz ($142.98 in chips)
gnatakurchpz: posts small blind $1
Kasperla: posts big blind $3
*** HOLE CARDS ***
gnatakurchpz: raises $3 to $6
Kasperla: calls $3
*** FLOP *** [Ad 9s 4s]
Kasperla: checks
gnatakurchpz: bets $3
Kasperla: folds
Uncalled bet ($3) returned to gnatakurchpz
gnatakurchpz collected $11.76 from pot
gnatakurchpz: doesn't show hand
*** SUMMARY ***
Total pot $12 | Rake $0.24
Board [Ad 9s 4s]
Seat 1: Kasperla (big blind) folded on the Flop
Seat 3: gnatakurchpz (button) (small blind) collected ($11.76)


PokerStars Hand #169981306154:  Hold'em Limit ($3/$6 USD) - 2017/05/05 8:14:35 ET
Table 'Alwine II' 6-max Seat #1 is the button
Seat 1: Kasperla ($79.82 in chips)
Seat 3: gnatakurchpz ($131.46 in chips)
Kasperla: posts small blind $1
gnatakurchpz: posts big blind $3
*** HOLE CARDS ***
Kasperla: raises $3 to $6
gnatakurchpz: calls $3
*** FLOP *** [9d 8h 2d]
gnatakurchpz: checks
Kasperla: checks
*** TURN *** [9d 8h 2d] [5s]
gnatakurchpz: bets $6
Kasperla: calls $6
*** RIVER *** [9d 8h 2d 5s] [2c]
gnatakurchpz: checks
Kasperla: checks
*** SHOW DOWN ***
gnatakurchpz: shows [Ah 6s] (a pair of Deuces)
Kasperla: mucks hand
gnatakurchpz collected $23.52 from pot
*** SUMMARY ***
Total pot $24 | Rake $0.48
Board [9d 8h 2d 5s 2c]
Seat 1: Kasperla (button) (small blind) mucked
Seat 3: gnatakurchpz (big blind) showed [Ah 6s] and won ($23.52) with a pair of Deuces


PokerStars Hand #169981283406:  Hold'em Limit ($3/$6 USD) - 2017/05/05 8:13:49 ET
Table 'Alwine II' 6-max Seat #3 is the button
Seat 1: Kasperla ($124.82 in chips)
Seat 3: gnatakurchpz ($87.46 in chips)
gnatakurchpz: posts small blind $1
Kasperla: posts big blind $3
*** HOLE CARDS ***
gnatakurchpz: raises $3 to $6
Kasperla: calls $3
*** FLOP *** [2h 6h 2d]
Kasperla: checks
gnatakurchpz: bets $3
Kasperla: raises $3 to $6
gnatakurchpz: calls $3
*** TURN *** [2h 6h 2d] [9c]
Kasperla: bets $6
gnatakurchpz: calls $6
*** RIVER *** [2h 6h 2d 9c] [7h]
Kasperla: checks
gnatakurchpz: bets $6
Kasperla: calls $6
*** SHOW DOWN ***
gnatakurchpz: shows [Kd 7s] (two pair, Sevens and Deuces)
Kasperla: mucks hand
gnatakurchpz collected $47.50 from pot
*** SUMMARY ***
Total pot $48 | Rake $0.50
Board [2h 6h 2d 9c 7h]
Seat 1: Kasperla (big blind) mucked
Seat 3: gnatakurchpz (button) (small blind) showed [Kd 7s] and won ($47.50) with two pair, Sevens and Deuces


PokerStars Hand #169981339661:  Hold'em Limit ($3/$6 USD) - 2017/05/05 8:15:44 ET
Table 'Alwine II' 6-max Seat #1 is the button
Seat 1: Kasperla ($70.32 in chips)
Seat 3: gnatakurchpz ($139.50 in chips)
Kasperla: posts small blind $1
gnatakurchpz: posts big blind $3
*** HOLE CARDS ***
Kasperla: raises $3 to $6
gnatakurchpz: folds
Uncalled bet ($3) returned to Kasperla
Kasperla collected $6 from pot
Kasperla: doesn't show hand
*** SUMMARY ***
Total pot $6 | Rake $0
Seat 1: Kasperla (button) (small blind) collected ($6)
Seat 3: gnatakurchpz (big blind) folded before Flop


PokerStars Hand #169981331910:  Hold'em Limit ($3/$6 USD) - 2017/05/05 8:15:28 ET
Table 'Alwine II' 6-max Seat #3 is the button
Seat 1: Kasperla ($76.32 in chips)
Seat 3: gnatakurchpz ($133.74 in chips)
gnatakurchpz: posts small blind $1
Kasperla: posts big blind $3
*** HOLE CARDS ***
gnatakurchpz: raises $3 to $6
EVBET joins the table at seat #6
Kasperla: calls $3
*** FLOP *** [8h 8s 3c]
Kasperla: checks
gnatakurchpz: bets $3
Kasperla: folds
Uncalled bet ($3) returned to gnatakurchpz
gnatakurchpz collected $11.76 from pot
gnatakurchpz: doesn't show hand
*** SUMMARY ***
Total pot $12 | Rake $0.24
Board [8h 8s 3c]
Seat 1: Kasperla (big blind) folded on the Flop
Seat 3: gnatakurchpz (button) (small blind) collected ($11.76)


PokerStars Hand #169981324376:  Hold'em Limit ($3/$6 USD) - 2017/05/05 8:15:13 ET
Table 'Alwine II' 6-max Seat #1 is the button
Seat 1: Kasperla ($61.82 in chips)
Seat 3: gnatakurchpz ($148.74 in chips)
Kasperla: posts small blind $1
gnatakurchpz: posts big blind $3
*** HOLE CARDS ***
Kasperla: raises $3 to $6
gnatakurchpz: calls $3
*** FLOP *** [Th 2d 6h]
gnatakurchpz: checks
Kasperla: bets $3
gnatakurchpz: calls $3
*** TURN *** [Th 2d 6h] [7d]
gnatakurchpz: checks
Kasperla: bets $6
gnatakurchpz: calls $6
*** RIVER *** [Th 2d 6h 7d] [Ac]
gnatakurchpz: checks
Kasperla: checks
*** SHOW DOWN ***
gnatakurchpz: shows [9h 6d] (a pair of Sixes)
Kasperla: shows [7s Jc] (a pair of Sevens)
Kasperla collected $29.50 from pot
*** SUMMARY ***
Total pot $30 | Rake $0.50
Board [Th 2d 6h 7d Ac]
Seat 1: Kasperla (button) (small blind) showed [7s Jc] and won ($29.50) with a pair of Sevens
Seat 3: gnatakurchpz (big blind) showed [9h 6d] and lost with a pair of Sixes


PokerStars Hand #169981322121:  Hold'em Limit ($3/$6 USD) - 2017/05/05 8:15:08 ET
Table 'Alwine II' 6-max Seat #3 is the button
Seat 1: Kasperla ($60.82 in chips)
Seat 3: gnatakurchpz ($149.74 in chips)
gnatakurchpz: posts small blind $1
Kasperla: posts big blind $3
*** HOLE CARDS ***
gnatakurchpz: folds
Uncalled bet ($2) returned to Kasperla
Kasperla collected $2 from pot
Kasperla: doesn't show hand
*** SUMMARY ***
Total pot $2 | Rake $0
Seat 1: Kasperla (big blind) collected ($2)
Seat 3: gnatakurchpz (button) (small blind) folded before Flop


PokerStars Hand #169981317601:  Hold'em Limit ($3/$6 USD) - 2017/05/05 8:14:59 ET
Table 'Alwine II' 6-max Seat #1 is the button
Seat 1: Kasperla ($61.82 in chips)
Seat 3: gnatakurchpz ($148.74 in chips)
Kasperla: posts small blind $1
gnatakurchpz: posts big blind $3
*** HOLE CARDS ***
Kasperla: folds
Uncalled bet ($2) returned to gnatakurchpz
gnatakurchpz collected $2 from pot
gnatakurchpz: doesn't show hand
*** SUMMARY ***
Total pot $2 | Rake $0
Seat 1: Kasperla (button) (small blind) folded before Flop
Seat 3: gnatakurchpz (big blind) collected ($2)


PokerStars Hand #169981775050:  Hold'em Limit ($3/$6 USD) - 2017/05/05 8:30:30 ET
Table 'Alwine II' 6-max Seat #1 is the button
Seat 1: Kasperla ($191.20 in chips)
Seat 6: EVBET ($90 in chips)
Kasperla: posts small blind $1
EVBET: posts big blind $3
*** HOLE CARDS ***
Kasperla: raises $3 to $6
EVBET: raises $3 to $9
Kasperla: calls $3
*** FLOP *** [8c 8d 4h]
EVBET: bets $3
Kasperla: calls $3
*** TURN *** [8c 8d 4h] [4s]
EVBET: bets $6
Kasperla: folds
Uncalled bet ($6) returned to EVBET
EVBET collected $23.52 from pot
EVBET: doesn't show hand
*** SUMMARY ***
Total pot $24 | Rake $0.48
Board [8c 8d 4h 4s]
Seat 1: Kasperla (button) (small blind) folded on the Turn
Seat 6: EVBET (big blind) collected ($23.52)


PokerStars Hand #169981798083:  Hold'em Limit ($3/$6 USD) - 2017/05/05 8:31:17 ET
Table 'Alwine II' 6-max Seat #6 is the button
Seat 4: Krazy90 ($202.08 in chips)
Seat 6: EVBET ($101.52 in chips)
EVBET: posts small blind $1
Krazy90: posts big blind $3
*** HOLE CARDS ***
EVBET: folds
Uncalled bet ($2) returned to Krazy90
Krazy90 collected $2 from pot
Krazy90: doesn't show hand
*** SUMMARY ***
Total pot $2 | Rake $0
Seat 4: Krazy90 (big blind) collected ($2)
Seat 6: EVBET (button) (small blind) folded before Flop


PokerStars Hand #169981804639:  Hold'em Limit ($3/$6 USD) - 2017/05/05 8:31:30 ET
Table 'Alwine II' 6-max Seat #4 is the button
Seat 4: Krazy90 ($203.08 in chips)
Seat 6: EVBET ($100.52 in chips)
Krazy90: posts small blind $1
EVBET: posts big blind $3
*** HOLE CARDS ***
Krazy90: folds
Uncalled bet ($2) returned to EVBET
Kasperla leaves the table
EVBET collected $2 from pot
EVBET: doesn't show hand
*** SUMMARY ***
Total pot $2 | Rake $0
Seat 4: Krazy90 (button) (small blind) folded before Flop
Seat 6: EVBET (big blind) collected ($2)


PokerStars Hand #169981808657:  Hold'em Limit ($3/$6 USD) - 2017/05/05 8:31:38 ET
Table 'Alwine II' 6-max Seat #6 is the button
Seat 4: Krazy90 ($202.08 in chips)
Seat 6: EVBET ($101.52 in chips)
EVBET: posts small blind $1
Krazy90: posts big blind $3
*** HOLE CARDS ***
EVBET: raises $3 to $6
Krazy90: calls $3
*** FLOP *** [7s 4d As]
Krazy90: checks
EVBET: bets $3
Krazy90: raises $3 to $6
EVBET: calls $3
*** TURN *** [7s 4d As] [3c]
Krazy90: bets $6
EVBET: folds
Uncalled bet ($6) returned to Krazy90
Krazy90 collected $23.52 from pot
Krazy90: doesn't show hand
*** SUMMARY ***
Total pot $24 | Rake $0.48
Board [7s 4d As 3c]
Seat 4: Krazy90 (big blind) collected ($23.52)
Seat 6: EVBET (button) (small blind) folded on the Turn


PokerStars Hand #169981821054:  Hold'em Limit ($3/$6 USD) - 2017/05/05 8:32:03 ET
Table 'Alwine II' 6-max Seat #4 is the button
Seat 4: Krazy90 ($213.60 in chips)
Seat 6: EVBET ($90 in chips)
Krazy90: posts small blind $1
EVBET: posts big blind $3
*** HOLE CARDS ***
Krazy90: raises $3 to $6
EVBET: calls $3
*** FLOP *** [Jc 8h Ah]
EVBET: checks
Krazy90: bets $3
EVBET: folds
Uncalled bet ($3) returned to Krazy90
Krazy90 collected $11.76 from pot
Krazy90: doesn't show hand
*** SUMMARY ***
Total pot $12 | Rake $0.24
Board [Jc 8h Ah]
Seat 4: Krazy90 (button) (small blind) collected ($11.76)
Seat 6: EVBET (big blind) folded on the Flop


PokerStars Hand #169982122369:  Hold'em Limit ($3/$6 USD) - 2017/05/05 8:42:04 ET
Table 'Alwine II' 6-max Seat #1 is the button
Seat 1: gb202 ($63.06 in chips)
Seat 2: Krazy90 ($120 in chips)
gb202: posts small blind $1
Krazy90: posts big blind $3
*** HOLE CARDS ***
Kasperla joins the table at seat #3
gb202: folds
Uncalled bet ($2) returned to Krazy90
Krazy90 collected $2 from pot
*** SUMMARY ***
Total pot $2 | Rake $0
Seat 1: gb202 (button) (small blind) folded before Flop
Seat 2: Krazy90 (big blind) collected ($2)


PokerStars Hand #169982372363:  Hold'em Limit ($3/$6 USD) - 2017/05/05 8:50:20 ET
Table 'Alwine II' 6-max Seat #6 is the button
Seat 2: Krazy90 ($127.22 in chips)
Seat 6: tttzzz ($57.64 in chips)
tttzzz: posts small blind $1
Krazy90: posts big blind $3
*** HOLE CARDS ***
tttzzz: raises $3 to $6
Krazy90: folds
Uncalled bet ($3) returned to tttzzz
tttzzz collected $6 from pot
tttzzz: doesn't show hand
*** SUMMARY ***
Total pot $6 | Rake $0
Seat 2: Krazy90 (big blind) folded before Flop
Seat 6: tttzzz (button) (small blind) collected ($6)


PokerStars Hand #169982346496:  Hold'em Limit ($3/$6 USD) - 2017/05/05 8:49:29 ET
Table 'Alwine II' 6-max Seat #2 is the button
Seat 2: Krazy90 ($121.46 in chips)
Seat 6: tttzzz ($63.64 in chips)
Krazy90: posts small blind $1
Kasperla: is sitting out
tttzzz: posts big blind $3
*** HOLE CARDS ***
Krazy90: raises $3 to $6
tttzzz: calls $3
*** FLOP *** [Ac Jd 7h]
tttzzz: checks
Krazy90: bets $3
tttzzz: folds
Uncalled bet ($3) returned to Krazy90
Krazy90 collected $11.76 from pot
Krazy90: doesn't show hand
*** SUMMARY ***
Total pot $12 | Rake $0.24
Board [Ac Jd 7h]
Seat 2: Krazy90 (button) (small blind) collected ($11.76)
Seat 6: tttzzz (big blind) folded on the Flop


