PokerStars Hand #160552950472:  Hold'em Limit ($3/$6 USD) - 2016/10/28 12:35:52 ET
Table 'Alwine' 6-max Seat #5 is the button
Seat 3: smellyrat777 ($79 in chips)
Seat 5: SLK500 ($51.23 in chips)
SLK500: posts small blind $1
smellyrat777: posts big blind $3
*** HOLE CARDS ***
SLK500: raises $3 to $6
smellyrat777: calls $3
*** FLOP *** [Ad 6s Qs]
smellyrat777: checks
SLK500: bets $3
smellyrat777: calls $3
*** TURN *** [Ad 6s Qs] [8s]
smellyrat777: checks
SLK500: checks
*** RIVER *** [Ad 6s Qs 8s] [7s]
smellyrat777: checks
SLK500: checks
*** SHOW DOWN ***
smellyrat777: shows [8h Qd] (two pair, Queens and Eights)
SLK500: mucks hand
smellyrat777 collected $17.64 from pot
*** SUMMARY ***
Total pot $18 | Rake $0.36
Board [Ad 6s Qs 8s 7s]
Seat 3: smellyrat777 (big blind) showed [8h Qd] and won ($17.64) with two pair, Queens and Eights
Seat 5: SLK500 (button) (small blind) mucked


PokerStars Hand #160552963482:  Hold'em Limit ($3/$6 USD) - 2016/10/28 12:36:10 ET
Table 'Alwine' 6-max Seat #3 is the button
Seat 3: smellyrat777 ($87.64 in chips)
Seat 5: SLK500 ($42.23 in chips)
smellyrat777: posts small blind $1
SLK500: posts big blind $3
*** HOLE CARDS ***
ABATAPP joins the table at seat #6
smellyrat777: raises $3 to $6
SLK500: calls $3
*** FLOP *** [5h 2d Kd]
SLK500: bets $3
smellyrat777: raises $3 to $6
SLK500: calls $3
*** TURN *** [5h 2d Kd] [6d]
SLK500: bets $6
smellyrat777: calls $6
*** RIVER *** [5h 2d Kd 6d] [4s]
SLK500: bets $6
smellyrat777: calls $6
*** SHOW DOWN ***
SLK500: shows [6h 5c] (two pair, Sixes and Fives)
smellyrat777: mucks hand
SLK500 collected $47.50 from pot
*** SUMMARY ***
Total pot $48 | Rake $0.50
Board [5h 2d Kd 6d 4s]
Seat 3: smellyrat777 (button) (small blind) mucked
Seat 5: SLK500 (big blind) showed [6h 5c] and won ($47.50) with two pair, Sixes and Fives


PokerStars Hand #160553142591:  Hold'em Limit ($3/$6 USD) - 2016/10/28 12:40:11 ET
Table 'Alwine' 6-max Seat #6 is the button
Seat 3: smellyrat777 ($132.31 in chips)
Seat 6: ABATAPP ($88.17 in chips)
tamnt10549 will be allowed to play after the button
ABATAPP: posts small blind $1
smellyrat777: posts big blind $3
*** HOLE CARDS ***
ABATAPP: raises $3 to $6
smellyrat777: calls $3
*** FLOP *** [Ts 9s 6d]
smellyrat777: checks
ABATAPP: checks
*** TURN *** [Ts 9s 6d] [6c]
smellyrat777: bets $6
ABATAPP: raises $6 to $12
smellyrat777: raises $6 to $18
ABATAPP: folds
Uncalled bet ($6) returned to smellyrat777
smellyrat777 collected $35.50 from pot
smellyrat777: doesn't show hand
*** SUMMARY ***
Total pot $36 | Rake $0.50
Board [Ts 9s 6d 6c]
Seat 3: smellyrat777 (big blind) collected ($35.50)
Seat 6: ABATAPP (button) (small blind) folded on the Turn


PokerStars Hand #160553258745:  Hold'em Limit ($3/$6 USD) - 2016/10/28 12:42:49 ET
Table 'Alwine' 6-max Seat #3 is the button
Seat 3: smellyrat777 ($127.45 in chips)
Seat 6: ABATAPP ($76.67 in chips)
smellyrat777: posts small blind $1
ABATAPP: posts big blind $3
*** HOLE CARDS ***
smellyrat777: folds
Uncalled bet ($2) returned to ABATAPP
ABATAPP collected $2 from pot
ABATAPP: doesn't show hand
*** SUMMARY ***
Total pot $2 | Rake $0
Seat 3: smellyrat777 (button) (small blind) folded before Flop
Seat 6: ABATAPP (big blind) collected ($2)


