PokerStars Hand #163841813837:  Hold'em Limit ($3/$6 USD) - 2016/12/31 19:24:03 ET
Table 'Alwine' 6-max Seat #6 is the button
Seat 5: juustmuckit1 ($143.99 in chips)
Seat 6: nordschrott ($92.11 in chips)
nordschrott: posts small blind $1
juustmuckit1: posts big blind $3
*** HOLE CARDS ***
nordschrott: calls $2
juustmuckit1: checks
*** FLOP *** [3d 6h Kd]
juustmuckit1: checks
nordschrott: bets $3
juustmuckit1: calls $3
*** TURN *** [3d 6h Kd] [Th]
juustmuckit1: checks
nordschrott: bets $6
juustmuckit1: folds
Uncalled bet ($6) returned to nordschrott
nordschrott collected $11.76 from pot
*** SUMMARY ***
Total pot $12 | Rake $0.24
Board [3d 6h Kd Th]
Seat 5: juustmuckit1 (big blind) folded on the Turn
Seat 6: nordschrott (button) (small blind) collected ($11.76)


PokerStars Hand #163841832642:  Hold'em Limit ($3/$6 USD) - 2016/12/31 19:24:45 ET
Table 'Alwine' 6-max Seat #6 is the button
Seat 5: juustmuckit1 ($143.75 in chips)
Seat 6: nordschrott ($91.87 in chips)
nordschrott: posts small blind $1
koldshot was removed from the table for failing to post
juustmuckit1: posts big blind $3
*** HOLE CARDS ***
nordschrott: calls $2
juustmuckit1: checks
*** FLOP *** [9h 4s 5d]
juustmuckit1: checks
nordschrott: bets $3
juustmuckit1: raises $3 to $6
nordschrott: calls $3
*** TURN *** [9h 4s 5d] [2d]
juustmuckit1: bets $6
nordschrott: calls $6
*** RIVER *** [9h 4s 5d 2d] [2h]
juustmuckit1: bets $6
nordschrott: calls $6
*** SHOW DOWN ***
juustmuckit1: shows [7s 9s] (two pair, Nines and Deuces)
nordschrott: mucks hand
juustmuckit1 collected $41.50 from pot
*** SUMMARY ***
Total pot $42 | Rake $0.50
Board [9h 4s 5d 2d 2h]
Seat 5: juustmuckit1 (big blind) showed [7s 9s] and won ($41.50) with two pair, Nines and Deuces
Seat 6: nordschrott (button) (small blind) mucked


PokerStars Hand #163841822838:  Hold'em Limit ($3/$6 USD) - 2016/12/31 19:24:23 ET
Table 'Alwine' 6-max Seat #5 is the button
Seat 5: juustmuckit1 ($137.99 in chips)
Seat 6: nordschrott ($97.87 in chips)
juustmuckit1: posts small blind $1
nordschrott: posts big blind $3
*** HOLE CARDS ***
juustmuckit1: raises $3 to $6
nordschrott: calls $3
*** FLOP *** [5c 8d 7h]
nordschrott: checks
juustmuckit1: bets $3
nordschrott: folds
Uncalled bet ($3) returned to juustmuckit1
juustmuckit1 collected $11.76 from pot
*** SUMMARY ***
Total pot $12 | Rake $0.24
Board [5c 8d 7h]
Seat 5: juustmuckit1 (button) (small blind) collected ($11.76)
Seat 6: nordschrott (big blind) folded on the Flop


PokerStars Hand #163841854505:  Hold'em Limit ($3/$6 USD) - 2016/12/31 19:25:34 ET
Table 'Alwine' 6-max Seat #6 is the button
Seat 5: juustmuckit1 ($149.25 in chips)
Seat 6: nordschrott ($85.37 in chips)
nordschrott: posts small blind $1
juustmuckit1: posts big blind $3
*** HOLE CARDS ***
nordschrott: folds
Uncalled bet ($2) returned to juustmuckit1
MissEKAmouse joins the table at seat #1
juustmuckit1 collected $2 from pot
*** SUMMARY ***
Total pot $2 | Rake $0
Seat 5: juustmuckit1 (big blind) collected ($2)
Seat 6: nordschrott (button) (small blind) folded before Flop


PokerStars Hand #163841842367:  Hold'em Limit ($3/$6 USD) - 2016/12/31 19:25:07 ET
Table 'Alwine' 6-max Seat #5 is the button
Seat 5: juustmuckit1 ($164.25 in chips)
Seat 6: nordschrott ($70.87 in chips)
juustmuckit1: posts small blind $1
nordschrott: posts big blind $3
*** HOLE CARDS ***
juustmuckit1: raises $3 to $6
nordschrott: calls $3
*** FLOP *** [3s 4h 3d]
nordschrott: bets $3
juustmuckit1: calls $3
*** TURN *** [3s 4h 3d] [5c]
nordschrott: bets $6
juustmuckit1: calls $6
*** RIVER *** [3s 4h 3d 5c] [9d]
nordschrott: bets $6
juustmuckit1: folds
Uncalled bet ($6) returned to nordschrott
nordschrott collected $29.50 from pot
*** SUMMARY ***
Total pot $30 | Rake $0.50
Board [3s 4h 3d 5c 9d]
Seat 5: juustmuckit1 (button) (small blind) folded on the River
Seat 6: nordschrott (big blind) collected ($29.50)


PokerStars Hand #163841856931:  Hold'em Limit ($3/$6 USD) - 2016/12/31 19:25:39 ET
Table 'Alwine' 6-max Seat #5 is the button
Seat 5: juustmuckit1 ($150.25 in chips)
Seat 6: nordschrott ($84.37 in chips)
juustmuckit1: posts small blind $1
nordschrott: posts big blind $3
*** HOLE CARDS ***
juustmuckit1: folds
Uncalled bet ($2) returned to nordschrott
nordschrott collected $2 from pot
*** SUMMARY ***
Total pot $2 | Rake $0
Seat 5: juustmuckit1 (button) (small blind) folded before Flop
Seat 6: nordschrott (big blind) collected ($2)


