PokerStars Hand #171262007761:  Hold'em Limit ($3/$6 USD) - 2017/06/02 18:04:29 ET
Table 'Alwine' 6-max Seat #1 is the button
Seat 1: Opal10 ($69.63 in chips)
Seat 5: TinaTurner72 ($126.52 in chips)
Opal10: posts small blind $1
TinaTurner72: posts big blind $3
*** HOLE CARDS ***
Opal10: folds
Uncalled bet ($2) returned to TinaTurner72
TinaTurner72 collected $2 from pot
TinaTurner72: doesn't show hand
Opal10 leaves the table
*** SUMMARY ***
Total pot $2 | Rake $0
Seat 1: Opal10 (button) (small blind) folded before Flop
Seat 5: TinaTurner72 (big blind) collected ($2)


PokerStars Hand #171261994899:  Hold'em Limit ($3/$6 USD) - 2017/06/02 18:04:11 ET
Table 'Alwine' 6-max Seat #5 is the button
Seat 1: Opal10 ($75.63 in chips)
Seat 5: TinaTurner72 ($120.76 in chips)
TinaTurner72: posts small blind $1
Opal10: posts big blind $3
*** HOLE CARDS ***
TinaTurner72: raises $3 to $6
Opal10: calls $3
*** FLOP *** [4d Kd Ac]
Opal10: checks
TinaTurner72: bets $3
Opal10: folds
Uncalled bet ($3) returned to TinaTurner72
TinaTurner72 collected $11.76 from pot
TinaTurner72: doesn't show hand
*** SUMMARY ***
Total pot $12 | Rake $0.24
Board [4d Kd Ac]
Seat 1: Opal10 (big blind) folded on the Flop
Seat 5: TinaTurner72 (button) (small blind) collected ($11.76)


PokerStars Hand #171261980731:  Hold'em Limit ($3/$6 USD) - 2017/06/02 18:03:52 ET
Table 'Alwine' 6-max Seat #1 is the button
Seat 1: Opal10 ($69.87 in chips)
Seat 5: TinaTurner72 ($126.76 in chips)
Opal10: posts small blind $1
TinaTurner72: posts big blind $3
*** HOLE CARDS ***
Opal10: raises $3 to $6
TinaTurner72: calls $3
*** FLOP *** [6d 3d 5c]
TinaTurner72: checks
Opal10: bets $3
TinaTurner72: folds
Uncalled bet ($3) returned to Opal10
Opal10 collected $11.76 from pot
Opal10: doesn't show hand
*** SUMMARY ***
Total pot $12 | Rake $0.24
Board [6d 3d 5c]
Seat 1: Opal10 (button) (small blind) collected ($11.76)
Seat 5: TinaTurner72 (big blind) folded on the Flop


PokerStars Hand #171262821752:  Hold'em Limit ($3/$6 USD) - 2017/06/02 18:23:31 ET
Table 'Alwine' 6-max Seat #5 is the button
Seat 3: cashmuzi ($66.08 in chips)
Seat 5: TinaTurner72 ($127.52 in chips)
TinaTurner72: posts small blind $1
cashmuzi: posts big blind $3
*** HOLE CARDS ***
TinaTurner72: raises $3 to $6
cashmuzi: calls $3
*** FLOP *** [8d 8c Th]
cashmuzi: checks
TinaTurner72: bets $3
cashmuzi: calls $3
*** TURN *** [8d 8c Th] [5d]
cashmuzi: checks
TinaTurner72: checks
*** RIVER *** [8d 8c Th 5d] [Jd]
cashmuzi: checks
TinaTurner72: bets $6
cashmuzi: calls $6
*** SHOW DOWN ***
TinaTurner72: shows [Kc Js] (two pair, Jacks and Eights)
cashmuzi: mucks hand
TinaTurner72 collected $29.50 from pot
*** SUMMARY ***
Total pot $30 | Rake $0.50
Board [8d 8c Th 5d Jd]
Seat 3: cashmuzi (big blind) mucked
Seat 5: TinaTurner72 (button) (small blind) showed [Kc Js] and won ($29.50) with two pair, Jacks and Eights


PokerStars Hand #171262857167:  Hold'em Limit ($3/$6 USD) - 2017/06/02 18:24:22 ET
Table 'Alwine' 6-max Seat #3 is the button
Seat 3: cashmuzi ($51.08 in chips)
Seat 5: TinaTurner72 ($142.02 in chips)
cashmuzi: posts small blind $1
TinaTurner72: posts big blind $3
*** HOLE CARDS ***
cashmuzi: calls $2
TinaTurner72: raises $3 to $6
cashmuzi: calls $3
*** FLOP *** [2h 9c 7c]
TinaTurner72: checks
cashmuzi: checks
*** TURN *** [2h 9c 7c] [7h]
TinaTurner72: bets $6
cashmuzi: folds
Uncalled bet ($6) returned to TinaTurner72
TinaTurner72 collected $11.76 from pot
TinaTurner72: doesn't show hand
*** SUMMARY ***
Total pot $12 | Rake $0.24
Board [2h 9c 7c 7h]
Seat 3: cashmuzi (button) (small blind) folded on the Turn
Seat 5: TinaTurner72 (big blind) collected ($11.76)


PokerStars Hand #171262892853:  Hold'em Limit ($3/$6 USD) - 2017/06/02 18:25:13 ET
Table 'Alwine' 6-max Seat #3 is the button
Seat 3: cashmuzi ($42.08 in chips)
Seat 5: TinaTurner72 ($150.78 in chips)
cashmuzi: posts small blind $1
TinaTurner72: posts big blind $3
*** HOLE CARDS ***
cashmuzi: raises $3 to $6
Icecold joins the table at seat #2
TinaTurner72: calls $3
*** FLOP *** [9c 2c As]
TinaTurner72: checks
cashmuzi: bets $3
TinaTurner72: raises $3 to $6
cashmuzi: raises $3 to $9
TinaTurner72: calls $3
*** TURN *** [9c 2c As] [3c]
TinaTurner72: checks
cashmuzi: bets $6
TinaTurner72: folds
Uncalled bet ($6) returned to cashmuzi
cashmuzi collected $29.50 from pot
cashmuzi: doesn't show hand
*** SUMMARY ***
Total pot $30 | Rake $0.50
Board [9c 2c As 3c]
Seat 3: cashmuzi (button) (small blind) collected ($29.50)
Seat 5: TinaTurner72 (big blind) folded on the Turn


PokerStars Hand #171262882701:  Hold'em Limit ($3/$6 USD) - 2017/06/02 18:24:59 ET
Table 'Alwine' 6-max Seat #5 is the button
Seat 3: cashmuzi ($45.08 in chips)
Seat 5: TinaTurner72 ($147.78 in chips)
TinaTurner72: posts small blind $1
cashmuzi: posts big blind $3
*** HOLE CARDS ***
TinaTurner72: raises $3 to $6
cashmuzi: folds
Uncalled bet ($3) returned to TinaTurner72
TinaTurner72 collected $6 from pot
TinaTurner72: doesn't show hand
*** SUMMARY ***
Total pot $6 | Rake $0
Seat 3: cashmuzi (big blind) folded before Flop
Seat 5: TinaTurner72 (button) (small blind) collected ($6)


PokerStars Hand #171263521722:  Hold'em Limit ($3/$6 USD) - 2017/06/02 18:40:31 ET
Table 'Alwine' 6-max Seat #6 is the button
Seat 4: afghan_321 ($181.93 in chips)
Seat 6: skanQ ($181.94 in chips)
skanQ: posts small blind $1
EVBET: is sitting out
afghan_321: posts big blind $3
*** HOLE CARDS ***
EVBET leaves the table
skanQ: raises $3 to $6
afghan_321: calls $3
*** FLOP *** [As 6s Qd]
afghan_321: checks
skanQ: bets $3
afghan_321: calls $3
*** TURN *** [As 6s Qd] [4d]
afghan_321: checks
skanQ: bets $6
afghan_321: folds
Uncalled bet ($6) returned to skanQ
skanQ collected $17.64 from pot
skanQ: doesn't show hand
*** SUMMARY ***
Total pot $18 | Rake $0.36
Board [As 6s Qd 4d]
Seat 4: afghan_321 (big blind) folded on the Turn
Seat 6: skanQ (button) (small blind) collected ($17.64)


