PokerStars Hand #144844441443:  Hold'em Limit ($3/$6 USD) - 2015/12/05 1:17:40 ET
Table 'Alya' 6-max Seat #6 is the button
Seat 1: dye111 ($128.52 in chips)
Seat 6: scorpio04 ($74.88 in chips)
scorpio04: posts small blind $1
dye111: posts big blind $3
*** HOLE CARDS ***
scorpio04: folds
Uncalled bet ($2) returned to dye111
dye111 collected $2 from pot
*** SUMMARY ***
Total pot $2 | Rake $0
Seat 1: dye111 (big blind) collected ($2)
Seat 6: scorpio04 (button) (small blind) folded before Flop


PokerStars Hand #144844437335:  Hold'em Limit ($3/$6 USD) - 2015/12/05 1:17:26 ET
Table 'Alya' 6-max Seat #1 is the button
Seat 1: dye111 ($131.52 in chips)
Seat 6: scorpio04 ($72 in chips)
dye111: posts small blind $1
scorpio04: posts big blind $3
*** HOLE CARDS ***
dye111: calls $2
scorpio04: checks
*** FLOP *** [Js 2c 3d]
scorpio04: checks
dye111: checks
*** TURN *** [Js 2c 3d] [Jd]
scorpio04: bets $6
dye111: folds
Uncalled bet ($6) returned to scorpio04
scorpio04 collected $5.88 from pot
scorpio04: doesn't show hand
*** SUMMARY ***
Total pot $6 | Rake $0.12
Board [Js 2c 3d Jd]
Seat 1: dye111 (button) (small blind) folded on the Turn
Seat 6: scorpio04 (big blind) collected ($5.88)


PokerStars Hand #144844443564:  Hold'em Limit ($3/$6 USD) - 2015/12/05 1:17:47 ET
Table 'Alya' 6-max Seat #1 is the button
Seat 1: dye111 ($129.52 in chips)
Seat 6: scorpio04 ($73.88 in chips)
dye111: posts small blind $1
scorpio04: posts big blind $3
*** HOLE CARDS ***
dye111: calls $2
scorpio04: checks
*** FLOP *** [4s 7c 6d]
scorpio04: checks
dye111: checks
*** TURN *** [4s 7c 6d] [As]
scorpio04: checks
dye111: checks
*** RIVER *** [4s 7c 6d As] [2s]
scorpio04: checks
dye111: checks
*** SHOW DOWN ***
scorpio04: shows [2h Th] (a pair of Deuces)
dye111: mucks hand
ChawkDee joins the table at seat #3
scorpio04 collected $5.88 from pot
*** SUMMARY ***
Total pot $6 | Rake $0.12
Board [4s 7c 6d As 2s]
Seat 1: dye111 (button) (small blind) mucked
Seat 6: scorpio04 (big blind) showed [2h Th] and won ($5.88) with a pair of Deuces


PokerStars Hand #144844453579:  Hold'em Limit ($3/$6 USD) - 2015/12/05 1:18:21 ET
Table 'Alya' 6-max Seat #6 is the button
Seat 1: dye111 ($126.52 in chips)
Seat 6: scorpio04 ($76.76 in chips)
scorpio04: posts small blind $1
dye111: posts big blind $3
*** HOLE CARDS ***
scorpio04: raises $3 to $6
dye111: calls $3
*** FLOP *** [Qc Qd 9s]
dye111: checks
scorpio04: bets $3
dye111: folds
Uncalled bet ($3) returned to scorpio04
scorpio04 collected $11.76 from pot
scorpio04: doesn't show hand
*** SUMMARY ***
Total pot $12 | Rake $0.24
Board [Qc Qd 9s]
Seat 1: dye111 (big blind) folded on the Flop
Seat 6: scorpio04 (button) (small blind) collected ($11.76)


PokerStars Hand #144845450347:  Hold'em Limit ($3/$6 USD) - 2015/12/05 2:16:56 ET
Table 'Alya' 6-max Seat #6 is the button
Seat 2: PycV ($135.36 in chips)
Seat 6: scorpio04 ($111.17 in chips)
scorpio04: posts small blind $1
zizonmusang: is sitting out
PycV: posts big blind $3
*** HOLE CARDS ***
scorpio04: raises $3 to $6
PycV: raises $3 to $9
scorpio04: calls $3
*** FLOP *** [4h Th 9s]
PycV: bets $3
scorpio04: folds
Uncalled bet ($3) returned to PycV
PycV collected $17.64 from pot
PycV: doesn't show hand
*** SUMMARY ***
Total pot $18 | Rake $0.36
Board [4h Th 9s]
Seat 2: PycV (big blind) collected ($17.64)
Seat 6: scorpio04 (button) (small blind) folded on the Flop


PokerStars Hand #144847157471:  Hold'em Limit ($3/$6 USD) - 2015/12/05 3:47:41 ET
Table 'Alya' 6-max Seat #6 is the button
Seat 1: VolkovDmitri ($120 in chips)
Seat 6: ZOGI ($128.95 in chips)
ZOGI: posts small blind $1
VolkovDmitri: posts big blind $3
*** HOLE CARDS ***
ZOGI: raises $3 to $6
VolkovDmitri: calls $3
*** FLOP *** [8d 4s Qc]
VolkovDmitri: checks
ZOGI: checks
*** TURN *** [8d 4s Qc] [6s]
VolkovDmitri: bets $6
ZOGI: folds
Uncalled bet ($6) returned to VolkovDmitri
VolkovDmitri collected $11.76 from pot
VolkovDmitri: doesn't show hand
*** SUMMARY ***
Total pot $12 | Rake $0.24
Board [8d 4s Qc 6s]
Seat 1: VolkovDmitri (big blind) collected ($11.76)
Seat 6: ZOGI (button) (small blind) folded on the Turn


PokerStars Hand #144847167915:  Hold'em Limit ($3/$6 USD) - 2015/12/05 3:48:11 ET
Table 'Alya' 6-max Seat #1 is the button
Seat 1: VolkovDmitri ($125.76 in chips)
Seat 6: ZOGI ($122.95 in chips)
VolkovDmitri: posts small blind $1
ZOGI: posts big blind $3
*** HOLE CARDS ***
VolkovDmitri: raises $3 to $6
ZOGI: calls $3
*** FLOP *** [5h 9h 8s]
ZOGI: bets $3
VolkovDmitri: calls $3
*** TURN *** [5h 9h 8s] [9c]
ZOGI: checks
VolkovDmitri: checks
*** RIVER *** [5h 9h 8s 9c] [As]
ZOGI: checks
VolkovDmitri: checks
*** SHOW DOWN ***
ZOGI: shows [7h 4h] (a pair of Nines)
VolkovDmitri: shows [Qh 7d] (a pair of Nines - Ace+Queen kicker)
VolkovDmitri collected $17.64 from pot
*** SUMMARY ***
Total pot $18 | Rake $0.36
Board [5h 9h 8s 9c As]
Seat 1: VolkovDmitri (button) (small blind) showed [Qh 7d] and won ($17.64) with a pair of Nines
Seat 6: ZOGI (big blind) showed [7h 4h] and lost with a pair of Nines


PokerStars Hand #144847178707:  Hold'em Limit ($3/$6 USD) - 2015/12/05 3:48:42 ET
Table 'Alya' 6-max Seat #6 is the button
Seat 1: VolkovDmitri ($134.40 in chips)
Seat 6: ZOGI ($113.95 in chips)
ZOGI: posts small blind $1
VolkovDmitri: posts big blind $3
*** HOLE CARDS ***
ZOGI: calls $2
VolkovDmitri: raises $3 to $6
ZOGI: calls $3
*** FLOP *** [7d 8s 6h]
VolkovDmitri: bets $3
ZOGI: calls $3
*** TURN *** [7d 8s 6h] [4d]
VolkovDmitri: bets $6
ZOGI: calls $6
*** RIVER *** [7d 8s 6h 4d] [8h]
VolkovDmitri: checks
ZOGI: checks
*** SHOW DOWN ***
VolkovDmitri: shows [4s 6s] (two pair, Eights and Sixes)
ZOGI: mucks hand
VolkovDmitri collected $29.50 from pot
*** SUMMARY ***
Total pot $30 | Rake $0.50
Board [7d 8s 6h 4d 8h]
Seat 1: VolkovDmitri (big blind) showed [4s 6s] and won ($29.50) with two pair, Eights and Sixes
Seat 6: ZOGI (button) (small blind) mucked


PokerStars Hand #144847190671:  Hold'em Limit ($3/$6 USD) - 2015/12/05 3:49:15 ET
Table 'Alya' 6-max Seat #6 is the button
Seat 1: VolkovDmitri ($147.90 in chips)
Seat 6: ZOGI ($99.95 in chips)
ZOGI: posts small blind $1
VolkovDmitri: posts big blind $3
*** HOLE CARDS ***
ZOGI: calls $2
VolkovDmitri: raises $3 to $6
ZOGI: calls $3
*** FLOP *** [Jh 2d 7h]
VolkovDmitri: bets $3
ZOGI: folds
Uncalled bet ($3) returned to VolkovDmitri
VolkovDmitri collected $11.76 from pot
VolkovDmitri: doesn't show hand
*** SUMMARY ***
Total pot $12 | Rake $0.24
Board [Jh 2d 7h]
Seat 1: VolkovDmitri (big blind) collected ($11.76)
Seat 6: ZOGI (button) (small blind) folded on the Flop


PokerStars Hand #144847213218:  Hold'em Limit ($3/$6 USD) - 2015/12/05 3:50:21 ET
Table 'Alya' 6-max Seat #6 is the button
Seat 1: VolkovDmitri ($138.66 in chips)
Seat 6: ZOGI ($108.45 in chips)
ZOGI: posts small blind $1
VolkovDmitri: posts big blind $3
*** HOLE CARDS ***
ZOGI: calls $2
VolkovDmitri: raises $3 to $6
ZOGI: calls $3
*** FLOP *** [5c 7d Jc]
VolkovDmitri: bets $3
ZOGI: folds
Uncalled bet ($3) returned to VolkovDmitri
VolkovDmitri collected $11.76 from pot
VolkovDmitri: doesn't show hand
*** SUMMARY ***
Total pot $12 | Rake $0.24
Board [5c 7d Jc]
Seat 1: VolkovDmitri (big blind) collected ($11.76)
Seat 6: ZOGI (button) (small blind) folded on the Flop


PokerStars Hand #144847198693:  Hold'em Limit ($3/$6 USD) - 2015/12/05 3:49:39 ET
Table 'Alya' 6-max Seat #1 is the button
Seat 1: VolkovDmitri ($153.66 in chips)
Seat 6: ZOGI ($93.95 in chips)
VolkovDmitri: posts small blind $1
ZOGI: posts big blind $3
*** HOLE CARDS ***
VolkovDmitri: raises $3 to $6
ZOGI: calls $3
*** FLOP *** [4s Kh 9s]
ZOGI: checks
VolkovDmitri: bets $3
ZOGI: calls $3
*** TURN *** [4s Kh 9s] [Qd]
ZOGI: checks
VolkovDmitri: checks
*** RIVER *** [4s Kh 9s Qd] [2h]
ZOGI: checks
VolkovDmitri: bets $6
ZOGI: calls $6
*** SHOW DOWN ***
VolkovDmitri: shows [5s 5c] (a pair of Fives)
ZOGI: shows [Js 9d] (a pair of Nines)
ZOGI collected $29.50 from pot
*** SUMMARY ***
Total pot $30 | Rake $0.50
Board [4s Kh 9s Qd 2h]
Seat 1: VolkovDmitri (button) (small blind) showed [5s 5c] and lost with a pair of Fives
Seat 6: ZOGI (big blind) showed [Js 9d] and won ($29.50) with a pair of Nines


PokerStars Hand #144847232534:  Hold'em Limit ($3/$6 USD) - 2015/12/05 3:51:16 ET
Table 'Alya' 6-max Seat #1 is the button
Seat 1: VolkovDmitri ($158.86 in chips)
Seat 6: ZOGI ($87.39 in chips)
VolkovDmitri: posts small blind $1
ZOGI: posts big blind $3
*** HOLE CARDS ***
VolkovDmitri: raises $3 to $6
ZOGI: calls $3
*** FLOP *** [Jd 6h Tc]
ZOGI: checks
VolkovDmitri: checks
*** TURN *** [Jd 6h Tc] [4s]
ZOGI: checks
VolkovDmitri: checks
*** RIVER *** [Jd 6h Tc 4s] [2d]
ZOGI: checks
VolkovDmitri: checks
*** SHOW DOWN ***
ZOGI: shows [7s 3h] (high card Jack)
VolkovDmitri: shows [3s 9c] (high card Jack - Ten+Nine kicker)
VolkovDmitri collected $11.76 from pot
*** SUMMARY ***
Total pot $12 | Rake $0.24
Board [Jd 6h Tc 4s 2d]
Seat 1: VolkovDmitri (button) (small blind) showed [3s 9c] and won ($11.76) with high card Jack
Seat 6: ZOGI (big blind) showed [7s 3h] and lost with high card Jack


PokerStars Hand #144847244233:  Hold'em Limit ($3/$6 USD) - 2015/12/05 3:51:49 ET
Table 'Alya' 6-max Seat #6 is the button
Seat 1: VolkovDmitri ($164.62 in chips)
Seat 6: ZOGI ($81.39 in chips)
ZOGI: posts small blind $1
VolkovDmitri: posts big blind $3
*** HOLE CARDS ***
ZOGI: raises $3 to $6
VolkovDmitri: folds
Uncalled bet ($3) returned to ZOGI
ZOGI collected $6 from pot
*** SUMMARY ***
Total pot $6 | Rake $0
Seat 1: VolkovDmitri (big blind) folded before Flop
Seat 6: ZOGI (button) (small blind) collected ($6)


PokerStars Hand #144847248378:  Hold'em Limit ($3/$6 USD) - 2015/12/05 3:52:01 ET
Table 'Alya' 6-max Seat #1 is the button
Seat 1: VolkovDmitri ($161.62 in chips)
Seat 6: ZOGI ($84.39 in chips)
VolkovDmitri: posts small blind $1
ZOGI: posts big blind $3
*** HOLE CARDS ***
VolkovDmitri: raises $3 to $6
ZOGI: calls $3
*** FLOP *** [6d Kc As]
ZOGI: bets $3
VolkovDmitri: folds
Uncalled bet ($3) returned to ZOGI
ZOGI collected $11.76 from pot
*** SUMMARY ***
Total pot $12 | Rake $0.24
Board [6d Kc As]
Seat 1: VolkovDmitri (button) (small blind) folded on the Flop
Seat 6: ZOGI (big blind) collected ($11.76)


PokerStars Hand #144847274987:  Hold'em Limit ($3/$6 USD) - 2015/12/05 3:53:17 ET
Table 'Alya' 6-max Seat #6 is the button
Seat 1: VolkovDmitri ($125.62 in chips)
Seat 6: ZOGI ($119.29 in chips)
ZOGI: posts small blind $1
VolkovDmitri: posts big blind $3
*** HOLE CARDS ***
ZOGI: calls $2
VolkovDmitri: raises $3 to $6
ZOGI: calls $3
*** FLOP *** [6d Tc 2d]
VolkovDmitri: bets $3
ZOGI: calls $3
*** TURN *** [6d Tc 2d] [3h]
VolkovDmitri: bets $6
ZOGI: folds
Uncalled bet ($6) returned to VolkovDmitri
VolkovDmitri collected $17.64 from pot
VolkovDmitri: doesn't show hand
*** SUMMARY ***
Total pot $18 | Rake $0.36
Board [6d Tc 2d 3h]
Seat 1: VolkovDmitri (big blind) collected ($17.64)
Seat 6: ZOGI (button) (small blind) folded on the Turn


PokerStars Hand #144847265861:  Hold'em Limit ($3/$6 USD) - 2015/12/05 3:52:51 ET
Table 'Alya' 6-max Seat #1 is the button
Seat 1: VolkovDmitri ($134.62 in chips)
Seat 6: ZOGI ($110.65 in chips)
VolkovDmitri: posts small blind $1
ZOGI: posts big blind $3
*** HOLE CARDS ***
VolkovDmitri: raises $3 to $6
ZOGI: calls $3
*** FLOP *** [Qh Ks As]
ZOGI: checks
VolkovDmitri: bets $3
ZOGI: calls $3
*** TURN *** [Qh Ks As] [8h]
ZOGI: checks
VolkovDmitri: checks
*** RIVER *** [Qh Ks As 8h] [2c]
ZOGI: checks
VolkovDmitri: checks
*** SHOW DOWN ***
ZOGI: shows [7d Kh] (a pair of Kings)
VolkovDmitri: mucks hand
ZOGI collected $17.64 from pot
*** SUMMARY ***
Total pot $18 | Rake $0.36
Board [Qh Ks As 8h 2c]
Seat 1: VolkovDmitri (button) (small blind) mucked
Seat 6: ZOGI (big blind) showed [7d Kh] and won ($17.64) with a pair of Kings


PokerStars Hand #144847254694:  Hold'em Limit ($3/$6 USD) - 2015/12/05 3:52:19 ET
Table 'Alya' 6-max Seat #6 is the button
Seat 1: VolkovDmitri ($155.62 in chips)
Seat 6: ZOGI ($90.15 in chips)
ZOGI: posts small blind $1
VolkovDmitri: posts big blind $3
*** HOLE CARDS ***
ZOGI: raises $3 to $6
VolkovDmitri: calls $3
*** FLOP *** [As 4d 8d]
VolkovDmitri: checks
ZOGI: bets $3
VolkovDmitri: calls $3
*** TURN *** [As 4d 8d] [9s]
VolkovDmitri: checks
ZOGI: bets $6
VolkovDmitri: calls $6
*** RIVER *** [As 4d 8d 9s] [Js]
VolkovDmitri: checks
ZOGI: bets $6
VolkovDmitri: calls $6
*** SHOW DOWN ***
ZOGI: shows [Qh Ah] (a pair of Aces)
VolkovDmitri: mucks hand
ZOGI collected $41.50 from pot
*** SUMMARY ***
Total pot $42 | Rake $0.50
Board [As 4d 8d 9s Js]
Seat 1: VolkovDmitri (big blind) mucked
Seat 6: ZOGI (button) (small blind) showed [Qh Ah] and won ($41.50) with a pair of Aces


PokerStars Hand #144847280423:  Hold'em Limit ($3/$6 USD) - 2015/12/05 3:53:32 ET
Table 'Alya' 6-max Seat #1 is the button
Seat 1: VolkovDmitri ($134.26 in chips)
Seat 6: ZOGI ($110.29 in chips)
VolkovDmitri: posts small blind $1
ZOGI: posts big blind $3
*** HOLE CARDS ***
VolkovDmitri: raises $3 to $6
ZOGI: calls $3
*** FLOP *** [6h 7d Ac]
ZOGI: checks
VolkovDmitri: bets $3
ZOGI: folds
Uncalled bet ($3) returned to VolkovDmitri
VolkovDmitri collected $11.76 from pot
VolkovDmitri: doesn't show hand
*** SUMMARY ***
Total pot $12 | Rake $0.24
Board [6h 7d Ac]
Seat 1: VolkovDmitri (button) (small blind) collected ($11.76)
Seat 6: ZOGI (big blind) folded on the Flop


PokerStars Hand #144847284137:  Hold'em Limit ($3/$6 USD) - 2015/12/05 3:53:43 ET
Table 'Alya' 6-max Seat #6 is the button
Seat 1: VolkovDmitri ($140.02 in chips)
Seat 6: ZOGI ($104.29 in chips)
ZOGI: posts small blind $1
VolkovDmitri: posts big blind $3
*** HOLE CARDS ***
ZOGI: calls $2
VolkovDmitri: checks
*** FLOP *** [Jc Qc 7d]
VolkovDmitri: bets $3
ZOGI: calls $3
*** TURN *** [Jc Qc 7d] [Qs]
VolkovDmitri: checks
ZOGI: bets $6
VolkovDmitri: folds
Uncalled bet ($6) returned to ZOGI
ZOGI collected $11.76 from pot
Chessnok joins the table at seat #2
*** SUMMARY ***
Total pot $12 | Rake $0.24
Board [Jc Qc 7d Qs]
Seat 1: VolkovDmitri (big blind) folded on the Turn
Seat 6: ZOGI (button) (small blind) collected ($11.76)


PokerStars Hand #144847609304:  Hold'em Limit ($3/$6 USD) - 2015/12/05 4:09:21 ET
Table 'Alya' 6-max Seat #2 is the button
Seat 2: Chessnok ($133.05 in chips)
Seat 5: ChawkDee ($131.66 in chips)
Chessnok: posts small blind $1
Airbag999: is sitting out
jr10mp9: is sitting out
ChawkDee: posts big blind $3
*** HOLE CARDS ***
Chessnok: raises $3 to $6
Airbag999 leaves the table
ChawkDee: calls $3
*** FLOP *** [Ad 8s Jc]
ChawkDee: checks
Chessnok: bets $3
ChawkDee: calls $3
*** TURN *** [Ad 8s Jc] [8c]
ChawkDee: checks
Chessnok: checks
*** RIVER *** [Ad 8s Jc 8c] [Kd]
ChawkDee: checks
Chessnok: checks
*** SHOW DOWN ***
ChawkDee: shows [Js Qh] (two pair, Jacks and Eights)
Chessnok: mucks hand
ChawkDee collected $17.64 from pot
*** SUMMARY ***
Total pot $18 | Rake $0.36
Board [Ad 8s Jc 8c Kd]
Seat 2: Chessnok (button) (small blind) mucked
Seat 5: ChawkDee (big blind) showed [Js Qh] and won ($17.64) with two pair, Jacks and Eights


