PokerStars Hand #170400543442:  Hold'em Limit ($3/$6 USD) - 2017/05/14 7:56:10 ET
Table 'Alya' 6-max Seat #6 is the button
Seat 2: Rednaxela05 ($148.70 in chips)
Seat 6: degal76 ($223.47 in chips)
degal76: posts small blind $1
Rednaxela05: posts big blind $3
*** HOLE CARDS ***
degal76: raises $3 to $6
Rednaxela05: calls $3
*** FLOP *** [5d 9d Jd]
Rednaxela05: checks
degal76: checks
*** TURN *** [5d 9d Jd] [2s]
Rednaxela05: bets $6
degal76: folds
Uncalled bet ($6) returned to Rednaxela05
Rednaxela05 collected $11.76 from pot
Rednaxela05: doesn't show hand
*** SUMMARY ***
Total pot $12 | Rake $0.24
Board [5d 9d Jd 2s]
Seat 2: Rednaxela05 (big blind) collected ($11.76)
Seat 6: degal76 (button) (small blind) folded on the Turn


PokerStars Hand #170400534962:  Hold'em Limit ($3/$6 USD) - 2017/05/14 7:55:50 ET
Table 'Alya' 6-max Seat #2 is the button
Seat 2: Rednaxela05 ($134.20 in chips)
Seat 6: degal76 ($238.47 in chips)
Rednaxela05: posts small blind $1
degal76: posts big blind $3
*** HOLE CARDS ***
Rednaxela05: raises $3 to $6
degal76: calls $3
*** FLOP *** [4s As Js]
degal76: checks
Rednaxela05: bets $3
degal76: calls $3
*** TURN *** [4s As Js] [Kc]
degal76: checks
Rednaxela05: checks
*** RIVER *** [4s As Js Kc] [Th]
degal76: bets $6
Rednaxela05: calls $6
*** SHOW DOWN ***
degal76: shows [5c 4h] (a pair of Fours)
Rednaxela05: shows [6c Jc] (a pair of Jacks)
Rednaxela05 collected $29.50 from pot
*** SUMMARY ***
Total pot $30 | Rake $0.50
Board [4s As Js Kc Th]
Seat 2: Rednaxela05 (button) (small blind) showed [6c Jc] and won ($29.50) with a pair of Jacks
Seat 6: degal76 (big blind) showed [5c 4h] and lost with a pair of Fours


PokerStars Hand #170400568314:  Hold'em Limit ($3/$6 USD) - 2017/05/14 7:57:08 ET
Table 'Alya' 6-max Seat #6 is the button
Seat 2: Rednaxela05 ($134.46 in chips)
Seat 6: degal76 ($236.73 in chips)
degal76: posts small blind $1
Rednaxela05: posts big blind $3
*** HOLE CARDS ***
degal76: raises $3 to $6
Rednaxela05: calls $3
*** FLOP *** [Ad Kd 8d]
Rednaxela05: checks
degal76: bets $3
Rednaxela05: calls $3
*** TURN *** [Ad Kd 8d] [8c]
Rednaxela05: checks
degal76: bets $6
Rednaxela05: raises $6 to $12
degal76: calls $6
*** RIVER *** [Ad Kd 8d 8c] [5s]
Rednaxela05: bets $6
degal76: folds
Uncalled bet ($6) returned to Rednaxela05
Rednaxela05 collected $41.50 from pot
*** SUMMARY ***
Total pot $42 | Rake $0.50
Board [Ad Kd 8d 8c 5s]
Seat 2: Rednaxela05 (big blind) collected ($41.50)
Seat 6: degal76 (button) (small blind) folded on the River


PokerStars Hand #170400563772:  Hold'em Limit ($3/$6 USD) - 2017/05/14 7:56:57 ET
Table 'Alya' 6-max Seat #2 is the button
Seat 2: Rednaxela05 ($140.46 in chips)
Seat 6: degal76 ($230.97 in chips)
Rednaxela05: posts small blind $1
degal76: posts big blind $3
*** HOLE CARDS ***
Rednaxela05: raises $3 to $6
degal76: calls $3
*** FLOP *** [Td 8h 3c]
degal76: checks
Rednaxela05: checks
*** TURN *** [Td 8h 3c] [5d]
degal76: bets $6
Rednaxela05: folds
Uncalled bet ($6) returned to degal76
degal76 collected $11.76 from pot
degal76: doesn't show hand
*** SUMMARY ***
Total pot $12 | Rake $0.24
Board [Td 8h 3c 5d]
Seat 2: Rednaxela05 (button) (small blind) folded on the Turn
Seat 6: degal76 (big blind) collected ($11.76)


PokerStars Hand #170400556423:  Hold'em Limit ($3/$6 USD) - 2017/05/14 7:56:40 ET
Table 'Alya' 6-max Seat #6 is the button
Seat 2: Rednaxela05 ($161.46 in chips)
Seat 6: degal76 ($210.47 in chips)
degal76: posts small blind $1
Rednaxela05: posts big blind $3
*** HOLE CARDS ***
degal76: raises $3 to $6
Rednaxela05: calls $3
*** FLOP *** [As 5h Ad]
Rednaxela05: checks
degal76: bets $3
Rednaxela05: calls $3
*** TURN *** [As 5h Ad] [Qs]
Rednaxela05: checks
degal76: bets $6
Rednaxela05: calls $6
*** RIVER *** [As 5h Ad Qs] [3d]
Rednaxela05: checks
degal76: bets $6
Rednaxela05: calls $6
*** SHOW DOWN ***
degal76: shows [Kd Kc] (two pair, Aces and Kings)
Rednaxela05: mucks hand
degal76 collected $41.50 from pot
*** SUMMARY ***
Total pot $42 | Rake $0.50
Board [As 5h Ad Qs 3d]
Seat 2: Rednaxela05 (big blind) mucked
Seat 6: degal76 (button) (small blind) showed [Kd Kc] and won ($41.50) with two pair, Aces and Kings


PokerStars Hand #170400553760:  Hold'em Limit ($3/$6 USD) - 2017/05/14 7:56:34 ET
Table 'Alya' 6-max Seat #2 is the button
Seat 2: Rednaxela05 ($158.46 in chips)
Seat 6: degal76 ($213.47 in chips)
Rednaxela05: posts small blind $1
degal76: posts big blind $3
*** HOLE CARDS ***
Rednaxela05: raises $3 to $6
degal76: folds
Uncalled bet ($3) returned to Rednaxela05
Rednaxela05 collected $6 from pot
Rednaxela05: doesn't show hand
*** SUMMARY ***
Total pot $6 | Rake $0
Seat 2: Rednaxela05 (button) (small blind) collected ($6)
Seat 6: degal76 (big blind) folded before Flop


PokerStars Hand #170400551857:  Hold'em Limit ($3/$6 USD) - 2017/05/14 7:56:29 ET
Table 'Alya' 6-max Seat #6 is the button
Seat 2: Rednaxela05 ($157.46 in chips)
Seat 6: degal76 ($214.47 in chips)
degal76: posts small blind $1
Rednaxela05: posts big blind $3
*** HOLE CARDS ***
degal76: folds
Uncalled bet ($2) returned to Rednaxela05
Rednaxela05 collected $2 from pot
Rednaxela05: doesn't show hand
*** SUMMARY ***
Total pot $2 | Rake $0
Seat 2: Rednaxela05 (big blind) collected ($2)
Seat 6: degal76 (button) (small blind) folded before Flop


PokerStars Hand #170400548777:  Hold'em Limit ($3/$6 USD) - 2017/05/14 7:56:22 ET
Table 'Alya' 6-max Seat #2 is the button
Seat 2: Rednaxela05 ($154.46 in chips)
Seat 6: degal76 ($217.47 in chips)
Rednaxela05: posts small blind $1
degal76: posts big blind $3
*** HOLE CARDS ***
Rednaxela05: raises $3 to $6
degal76: folds
Uncalled bet ($3) returned to Rednaxela05
Rednaxela05 collected $6 from pot
*** SUMMARY ***
Total pot $6 | Rake $0
Seat 2: Rednaxela05 (button) (small blind) collected ($6)
Seat 6: degal76 (big blind) folded before Flop


PokerStars Hand #170400596527:  Hold'em Limit ($3/$6 USD) - 2017/05/14 7:58:13 ET
Table 'Alya' 6-max Seat #2 is the button
Seat 2: Rednaxela05 ($156.72 in chips)
Seat 6: degal76 ($213.49 in chips)
Rednaxela05: posts small blind $1
degal76: posts big blind $3
*** HOLE CARDS ***
Rednaxela05: folds
Uncalled bet ($2) returned to degal76
degal76 collected $2 from pot
degal76: doesn't show hand
*** SUMMARY ***
Total pot $2 | Rake $0
Seat 2: Rednaxela05 (button) (small blind) folded before Flop
Seat 6: degal76 (big blind) collected ($2)


PokerStars Hand #170400592338:  Hold'em Limit ($3/$6 USD) - 2017/05/14 7:58:03 ET
Table 'Alya' 6-max Seat #6 is the button
Seat 2: Rednaxela05 ($150.96 in chips)
Seat 6: degal76 ($219.49 in chips)
degal76: posts small blind $1
Rednaxela05: posts big blind $3
*** HOLE CARDS ***
degal76: calls $2
Rednaxela05: raises $3 to $6
degal76: calls $3
*** FLOP *** [3h As Qc]
Rednaxela05: bets $3
degal76: folds
Uncalled bet ($3) returned to Rednaxela05
Rednaxela05 collected $11.76 from pot
*** SUMMARY ***
Total pot $12 | Rake $0.24
Board [3h As Qc]
Seat 2: Rednaxela05 (big blind) collected ($11.76)
Seat 6: degal76 (button) (small blind) folded on the Flop


PokerStars Hand #170400590310:  Hold'em Limit ($3/$6 USD) - 2017/05/14 7:57:58 ET
Table 'Alya' 6-max Seat #2 is the button
Seat 2: Rednaxela05 ($151.96 in chips)
Seat 6: degal76 ($218.49 in chips)
Rednaxela05: posts small blind $1
degal76: posts big blind $3
*** HOLE CARDS ***
Rednaxela05: folds
Uncalled bet ($2) returned to degal76
degal76 collected $2 from pot
degal76: doesn't show hand
*** SUMMARY ***
Total pot $2 | Rake $0
Seat 2: Rednaxela05 (button) (small blind) folded before Flop
Seat 6: degal76 (big blind) collected ($2)


PokerStars Hand #170400583436:  Hold'em Limit ($3/$6 USD) - 2017/05/14 7:57:43 ET
Table 'Alya' 6-max Seat #6 is the button
Seat 2: Rednaxela05 ($157.96 in chips)
Seat 6: degal76 ($212.73 in chips)
degal76: posts small blind $1
Rednaxela05: posts big blind $3
*** HOLE CARDS ***
degal76: calls $2
Rednaxela05: checks
*** FLOP *** [3s Jh Td]
Rednaxela05: bets $3
degal76: calls $3
*** TURN *** [3s Jh Td] [2s]
Rednaxela05: checks
degal76: bets $6
Rednaxela05: folds
Uncalled bet ($6) returned to degal76
degal76 collected $11.76 from pot
degal76: doesn't show hand
*** SUMMARY ***
Total pot $12 | Rake $0.24
Board [3s Jh Td 2s]
Seat 2: Rednaxela05 (big blind) folded on the Turn
Seat 6: degal76 (button) (small blind) collected ($11.76)


PokerStars Hand #170400580973:  Hold'em Limit ($3/$6 USD) - 2017/05/14 7:57:37 ET
Table 'Alya' 6-max Seat #2 is the button
Seat 2: Rednaxela05 ($154.96 in chips)
Seat 6: degal76 ($215.73 in chips)
Rednaxela05: posts small blind $1
degal76: posts big blind $3
*** HOLE CARDS ***
Rednaxela05: raises $3 to $6
degal76: folds
Uncalled bet ($3) returned to Rednaxela05
Rednaxela05 collected $6 from pot
Rednaxela05: doesn't show hand
*** SUMMARY ***
Total pot $6 | Rake $0
Seat 2: Rednaxela05 (button) (small blind) collected ($6)
Seat 6: degal76 (big blind) folded before Flop


PokerStars Hand #170400578615:  Hold'em Limit ($3/$6 USD) - 2017/05/14 7:57:32 ET
Table 'Alya' 6-max Seat #6 is the button
Seat 2: Rednaxela05 ($153.96 in chips)
Seat 6: degal76 ($216.73 in chips)
degal76: posts small blind $1
Rednaxela05: posts big blind $3
*** HOLE CARDS ***
degal76: folds
Uncalled bet ($2) returned to Rednaxela05
Rednaxela05 collected $2 from pot
Rednaxela05: doesn't show hand
*** SUMMARY ***
Total pot $2 | Rake $0
Seat 2: Rednaxela05 (big blind) collected ($2)
Seat 6: degal76 (button) (small blind) folded before Flop


PokerStars Hand #170400576092:  Hold'em Limit ($3/$6 USD) - 2017/05/14 7:57:26 ET
Table 'Alya' 6-max Seat #2 is the button
Seat 2: Rednaxela05 ($154.96 in chips)
Seat 6: degal76 ($215.73 in chips)
Rednaxela05: posts small blind $1
degal76: posts big blind $3
*** HOLE CARDS ***
Rednaxela05: folds
Uncalled bet ($2) returned to degal76
degal76 collected $2 from pot
degal76: doesn't show hand
*** SUMMARY ***
Total pot $2 | Rake $0
Seat 2: Rednaxela05 (button) (small blind) folded before Flop
Seat 6: degal76 (big blind) collected ($2)


PokerStars Hand #170400616759:  Hold'em Limit ($3/$6 USD) - 2017/05/14 7:58:59 ET
Table 'Alya' 6-max Seat #2 is the button
Seat 2: Rednaxela05 ($126.72 in chips)
Seat 6: degal76 ($242.63 in chips)
Rednaxela05: posts small blind $1
degal76: posts big blind $3
*** HOLE CARDS ***
Rednaxela05: raises $3 to $6
degal76: folds
Uncalled bet ($3) returned to Rednaxela05
Rednaxela05 collected $6 from pot
Rednaxela05: doesn't show hand
*** SUMMARY ***
Total pot $6 | Rake $0
Seat 2: Rednaxela05 (button) (small blind) collected ($6)
Seat 6: degal76 (big blind) folded before Flop


PokerStars Hand #170400614250:  Hold'em Limit ($3/$6 USD) - 2017/05/14 7:58:53 ET
Table 'Alya' 6-max Seat #6 is the button
Seat 2: Rednaxela05 ($125.72 in chips)
Seat 6: degal76 ($243.63 in chips)
degal76: posts small blind $1
Rednaxela05: posts big blind $3
*** HOLE CARDS ***
degal76: folds
Uncalled bet ($2) returned to Rednaxela05
Rednaxela05 collected $2 from pot
*** SUMMARY ***
Total pot $2 | Rake $0
Seat 2: Rednaxela05 (big blind) collected ($2)
Seat 6: degal76 (button) (small blind) folded before Flop


PokerStars Hand #170400607017:  Hold'em Limit ($3/$6 USD) - 2017/05/14 7:58:37 ET
Table 'Alya' 6-max Seat #2 is the button
Seat 2: Rednaxela05 ($134.72 in chips)
Seat 6: degal76 ($234.99 in chips)
Rednaxela05: posts small blind $1
degal76: posts big blind $3
*** HOLE CARDS ***
Rednaxela05: raises $3 to $6
degal76: calls $3
*** FLOP *** [5h Qc Kh]
degal76: checks
Rednaxela05: bets $3
degal76: calls $3
*** TURN *** [5h Qc Kh] [Js]
degal76: checks
Rednaxela05: checks
*** RIVER *** [5h Qc Kh Js] [Qh]
degal76: checks
Rednaxela05: checks
*** SHOW DOWN ***
degal76: shows [7s 7c] (two pair, Queens and Sevens)
Rednaxela05: mucks hand
degal76 collected $17.64 from pot
*** SUMMARY ***
Total pot $18 | Rake $0.36
Board [5h Qc Kh Js Qh]
Seat 2: Rednaxela05 (button) (small blind) mucked
Seat 6: degal76 (big blind) showed [7s 7c] and won ($17.64) with two pair, Queens and Sevens


PokerStars Hand #170400598701:  Hold'em Limit ($3/$6 USD) - 2017/05/14 7:58:18 ET
Table 'Alya' 6-max Seat #6 is the button
Seat 2: Rednaxela05 ($155.72 in chips)
Seat 6: degal76 ($214.49 in chips)
degal76: posts small blind $1
Rednaxela05: posts big blind $3
*** HOLE CARDS ***
degal76: calls $2
Rednaxela05: checks
*** FLOP *** [Kd 6d 7s]
Rednaxela05: checks
degal76: bets $3
Rednaxela05: raises $3 to $6
degal76: calls $3
*** TURN *** [Kd 6d 7s] [5h]
Rednaxela05: bets $6
degal76: raises $6 to $12
Rednaxela05: calls $6
*** RIVER *** [Kd 6d 7s 5h] [4h]
Rednaxela05: checks
degal76: bets $6
Rednaxela05: folds
Uncalled bet ($6) returned to degal76
degal76 collected $41.50 from pot
degal76: doesn't show hand
*** SUMMARY ***
Total pot $42 | Rake $0.50
Board [Kd 6d 7s 5h 4h]
Seat 2: Rednaxela05 (big blind) folded on the River
Seat 6: degal76 (button) (small blind) collected ($41.50)


PokerStars Hand #170400648976:  Hold'em Limit ($3/$6 USD) - 2017/05/14 8:00:13 ET
Table 'Alya' 6-max Seat #6 is the button
Seat 2: Rednaxela05 ($116.23 in chips)
Seat 6: degal76 ($251.76 in chips)
degal76: posts small blind $1
Rednaxela05: posts big blind $3
*** HOLE CARDS ***
degal76: calls $2
Rednaxela05: checks
*** FLOP *** [5h 8c Qd]
Rednaxela05: checks
degal76: bets $3
Rednaxela05: folds
Uncalled bet ($3) returned to degal76
degal76 collected $5.88 from pot
degal76: doesn't show hand
*** SUMMARY ***
Total pot $6 | Rake $0.12
Board [5h 8c Qd]
Seat 2: Rednaxela05 (big blind) folded on the Flop
Seat 6: degal76 (button) (small blind) collected ($5.88)


PokerStars Hand #170400640926:  Hold'em Limit ($3/$6 USD) - 2017/05/14 7:59:56 ET
Table 'Alya' 6-max Seat #2 is the button
Seat 2: Rednaxela05 ($116.48 in chips)
Seat 6: degal76 ($252.01 in chips)
Rednaxela05: posts small blind $1
degal76: posts big blind $3
*** HOLE CARDS ***
Rednaxela05: raises $3 to $6
degal76: calls $3
*** FLOP *** [Js 7s 8s]
degal76: checks
Rednaxela05: bets $3
degal76: raises $3 to $6
Rednaxela05: calls $3
*** TURN *** [Js 7s 8s] [6s]
degal76: bets $6
Rednaxela05: calls $6
*** RIVER *** [Js 7s 8s 6s] [3s]
degal76: bets $6
Rednaxela05: calls $6
*** SHOW DOWN ***
degal76: shows [7h Jd] (a flush, Jack high)
Rednaxela05: shows [5h 9h] (a flush, Jack high)
degal76 collected $23.75 from pot
Rednaxela05 collected $23.75 from pot
*** SUMMARY ***
Total pot $48 | Rake $0.50
Board [Js 7s 8s 6s 3s]
Seat 2: Rednaxela05 (button) (small blind) showed [5h 9h] and won ($23.75) with a flush, Jack high
Seat 6: degal76 (big blind) showed [7h Jd] and won ($23.75) with a flush, Jack high


PokerStars Hand #170400635042:  Hold'em Limit ($3/$6 USD) - 2017/05/14 7:59:42 ET
Table 'Alya' 6-max Seat #2 is the button
Seat 2: Rednaxela05 ($109.72 in chips)
Seat 6: degal76 ($259.01 in chips)
Rednaxela05: posts small blind $1
degal76: posts big blind $3
*** HOLE CARDS ***
Rednaxela05: raises $3 to $6
degal76: calls $3
*** FLOP *** [2c Ks Ts]
degal76: checks
Rednaxela05: bets $3
degal76: folds
Uncalled bet ($3) returned to Rednaxela05
Rednaxela05 collected $11.76 from pot
Rednaxela05: doesn't show hand
*** SUMMARY ***
Total pot $12 | Rake $0.24
Board [2c Ks Ts]
Seat 2: Rednaxela05 (button) (small blind) collected ($11.76)
Seat 6: degal76 (big blind) folded on the Flop


PokerStars Hand #170400631162:  Hold'em Limit ($3/$6 USD) - 2017/05/14 7:59:33 ET
Table 'Alya' 6-max Seat #6 is the button
Seat 2: Rednaxela05 ($112.72 in chips)
Seat 6: degal76 ($256.13 in chips)
degal76: posts small blind $1
Rednaxela05: posts big blind $3
*** HOLE CARDS ***
degal76: calls $2
Rednaxela05: checks
*** FLOP *** [9h Td 4s]
Rednaxela05: checks
degal76: bets $3
Rednaxela05: folds
Uncalled bet ($3) returned to degal76
degal76 collected $5.88 from pot
degal76: doesn't show hand
*** SUMMARY ***
Total pot $6 | Rake $0.12
Board [9h Td 4s]
Seat 2: Rednaxela05 (big blind) folded on the Flop
Seat 6: degal76 (button) (small blind) collected ($5.88)


PokerStars Hand #170400621881:  Hold'em Limit ($3/$6 USD) - 2017/05/14 7:59:11 ET
Table 'Alya' 6-max Seat #2 is the button
Seat 2: Rednaxela05 ($130.72 in chips)
Seat 6: degal76 ($238.63 in chips)
Rednaxela05: posts small blind $1
degal76: posts big blind $3
*** HOLE CARDS ***
Rednaxela05: raises $3 to $6
degal76: calls $3
*** FLOP *** [Ts 4c Js]
degal76: checks
Rednaxela05: bets $3
degal76: raises $3 to $6
Rednaxela05: calls $3
*** TURN *** [Ts 4c Js] [7s]
degal76: bets $6
Rednaxela05: calls $6
*** RIVER *** [Ts 4c Js 7s] [6c]
degal76: bets $6
Rednaxela05: folds
Uncalled bet ($6) returned to degal76
degal76 collected $35.50 from pot
degal76: doesn't show hand
*** SUMMARY ***
Total pot $36 | Rake $0.50
Board [Ts 4c Js 7s 6c]
Seat 2: Rednaxela05 (button) (small blind) folded on the River
Seat 6: degal76 (big blind) collected ($35.50)


PokerStars Hand #170400658729:  Hold'em Limit ($3/$6 USD) - 2017/05/14 8:00:35 ET
Table 'Alya' 6-max Seat #6 is the button
Seat 2: Rednaxela05 ($107.23 in chips)
Seat 6: degal76 ($260.40 in chips)
degal76: posts small blind $1
Rednaxela05: posts big blind $3
*** HOLE CARDS ***
degal76: raises $3 to $6
Rednaxela05: calls $3
*** FLOP *** [8s Qs Th]
Rednaxela05: checks
degal76: bets $3
Rednaxela05: folds
Uncalled bet ($3) returned to degal76
degal76 collected $11.76 from pot
degal76: doesn't show hand
*** SUMMARY ***
Total pot $12 | Rake $0.24
Board [8s Qs Th]
Seat 2: Rednaxela05 (big blind) folded on the Flop
Seat 6: degal76 (button) (small blind) collected ($11.76)


PokerStars Hand #170400674801:  Hold'em Limit ($3/$6 USD) - 2017/05/14 8:01:10 ET
Table 'Alya' 6-max Seat #2 is the button
Seat 2: Rednaxela05 ($73 in chips)
Seat 6: degal76 ($300.66 in chips)
Rednaxela05: posts small blind $1
degal76: posts big blind $3
*** HOLE CARDS ***
Rednaxela05: raises $3 to $6
degal76: calls $3
*** FLOP *** [6h 8c 2d]
degal76: checks
Rednaxela05: checks
*** TURN *** [6h 8c 2d] [8s]
degal76: bets $6
Rednaxela05: calls $6
*** RIVER *** [6h 8c 2d 8s] [Tc]
degal76: bets $6
Rednaxela05: calls $6
*** SHOW DOWN ***
degal76: shows [3d 3h] (two pair, Eights and Threes)
Rednaxela05: mucks hand
degal76 collected $35.50 from pot
*** SUMMARY ***
Total pot $36 | Rake $0.50
Board [6h 8c 2d 8s Tc]
Seat 2: Rednaxela05 (button) (small blind) mucked
Seat 6: degal76 (big blind) showed [3d 3h] and won ($35.50) with two pair, Eights and Threes


PokerStars Hand #170400672078:  Hold'em Limit ($3/$6 USD) - 2017/05/14 8:01:04 ET
Table 'Alya' 6-max Seat #6 is the button
Seat 2: Rednaxela05 ($72 in chips)
Seat 6: degal76 ($301.66 in chips)
degal76: posts small blind $1
Rednaxela05: posts big blind $3
*** HOLE CARDS ***
degal76: folds
Uncalled bet ($2) returned to Rednaxela05
Rednaxela05 collected $2 from pot
*** SUMMARY ***
Total pot $2 | Rake $0
Seat 2: Rednaxela05 (big blind) collected ($2)
Seat 6: degal76 (button) (small blind) folded before Flop


PokerStars Hand #170400662778:  Hold'em Limit ($3/$6 USD) - 2017/05/14 8:00:44 ET
Table 'Alya' 6-max Seat #2 is the button
Seat 2: Rednaxela05 ($101.23 in chips)
Seat 6: degal76 ($266.16 in chips)
Rednaxela05: posts small blind $1
degal76: posts big blind $3
*** HOLE CARDS ***
Rednaxela05: raises $3 to $6
degal76: calls $3
*** FLOP *** [8h 6c Qc]
degal76: checks
Rednaxela05: bets $3
degal76: raises $3 to $6
Rednaxela05: raises $3 to $9
degal76: raises $3 to $12
Betting is capped
Rednaxela05: calls $3
*** TURN *** [8h 6c Qc] [Qs]
degal76: bets $6
Rednaxela05: raises $6 to $12
degal76: calls $6
*** RIVER *** [8h 6c Qc Qs] [4c]
degal76: bets $6
Rednaxela05: calls $6
*** SHOW DOWN ***
degal76: shows [7c 8c] (a flush, Queen high)
Rednaxela05: mucks hand
degal76 collected $71.50 from pot
*** SUMMARY ***
Total pot $72 | Rake $0.50
Board [8h 6c Qc Qs 4c]
Seat 2: Rednaxela05 (button) (small blind) mucked
Seat 6: degal76 (big blind) showed [7c 8c] and won ($71.50) with a flush, Queen high


PokerStars Hand #170400654011:  Hold'em Limit ($3/$6 USD) - 2017/05/14 8:00:24 ET
Table 'Alya' 6-max Seat #2 is the button
Seat 2: Rednaxela05 ($113.23 in chips)
Seat 6: degal76 ($254.64 in chips)
Rednaxela05: posts small blind $1
degal76: posts big blind $3
*** HOLE CARDS ***
Rednaxela05: raises $3 to $6
degal76: calls $3
*** FLOP *** [9d Qd Jh]
degal76: checks
Rednaxela05: checks
*** TURN *** [9d Qd Jh] [Td]
degal76: bets $6
Rednaxela05: folds
Uncalled bet ($6) returned to degal76
degal76 collected $11.76 from pot
degal76: doesn't show hand
*** SUMMARY ***
Total pot $12 | Rake $0.24
Board [9d Qd Jh Td]
Seat 2: Rednaxela05 (button) (small blind) folded on the Turn
Seat 6: degal76 (big blind) collected ($11.76)


PokerStars Hand #170400702802:  Hold'em Limit ($3/$6 USD) - 2017/05/14 8:02:07 ET
Table 'Alya' 6-max Seat #6 is the button
Seat 2: Rednaxela05 ($98.50 in chips)
Seat 6: degal76 ($290.80 in chips)
degal76: posts small blind $1
Rednaxela05: posts big blind $3
*** HOLE CARDS ***
degal76: raises $3 to $6
Rednaxela05: calls $3
*** FLOP *** [3s 8h 6d]
Rednaxela05: checks
degal76: bets $3
Rednaxela05: folds
Uncalled bet ($3) returned to degal76
degal76 collected $11.76 from pot
degal76: doesn't show hand
*** SUMMARY ***
Total pot $12 | Rake $0.24
Board [3s 8h 6d]
Seat 2: Rednaxela05 (big blind) folded on the Flop
Seat 6: degal76 (button) (small blind) collected ($11.76)


PokerStars Hand #170400700137:  Hold'em Limit ($3/$6 USD) - 2017/05/14 8:02:02 ET
Table 'Alya' 6-max Seat #2 is the button
Seat 2: Rednaxela05 ($99.50 in chips)
Seat 6: degal76 ($289.80 in chips)
Rednaxela05: posts small blind $1
degal76: posts big blind $3
*** HOLE CARDS ***
Rednaxela05: folds
Uncalled bet ($2) returned to degal76
degal76 collected $2 from pot
degal76: doesn't show hand
*** SUMMARY ***
Total pot $2 | Rake $0
Seat 2: Rednaxela05 (button) (small blind) folded before Flop
Seat 6: degal76 (big blind) collected ($2)


PokerStars Hand #170400692977:  Hold'em Limit ($3/$6 USD) - 2017/05/14 8:01:47 ET
Table 'Alya' 6-max Seat #6 is the button
Seat 2: Rednaxela05 ($108.50 in chips)
Seat 6: degal76 ($281.16 in chips)
degal76: posts small blind $1
Rednaxela05: posts big blind $3
*** HOLE CARDS ***
degal76: calls $2
Rednaxela05: raises $3 to $6
degal76: calls $3
*** FLOP *** [3s 8s Ts]
Rednaxela05: bets $3
degal76: raises $3 to $6
Rednaxela05: folds
Uncalled bet ($3) returned to degal76
degal76 collected $17.64 from pot
degal76: doesn't show hand
*** SUMMARY ***
Total pot $18 | Rake $0.36
Board [3s 8s Ts]
Seat 2: Rednaxela05 (big blind) folded on the Flop
Seat 6: degal76 (button) (small blind) collected ($17.64)


PokerStars Hand #170400684808:  Hold'em Limit ($3/$6 USD) - 2017/05/14 8:01:31 ET
Table 'Alya' 6-max Seat #2 is the button
Seat 2: Rednaxela05 ($73 in chips)
Seat 6: degal76 ($317.16 in chips)
Rednaxela05: posts small blind $1
degal76: posts big blind $3
*** HOLE CARDS ***
Rednaxela05: raises $3 to $6
degal76: raises $3 to $9
Rednaxela05: raises $3 to $12
Betting is capped
degal76: calls $3
*** FLOP *** [8s 2d 4h]
degal76: checks
Rednaxela05: bets $3
degal76: raises $3 to $6
Rednaxela05: calls $3
*** TURN *** [8s 2d 4h] [Qd]
degal76: bets $6
Rednaxela05: calls $6
*** RIVER *** [8s 2d 4h Qd] [Kh]
degal76: bets $6
Rednaxela05: raises $6 to $12
degal76: calls $6
*** SHOW DOWN ***
Rednaxela05: shows [Ks Ad] (a pair of Kings)
degal76: mucks hand
Rednaxela05 collected $71.50 from pot
*** SUMMARY ***
Total pot $72 | Rake $0.50
Board [8s 2d 4h Qd Kh]
Seat 2: Rednaxela05 (button) (small blind) showed [Ks Ad] and won ($71.50) with a pair of Kings
Seat 6: degal76 (big blind) mucked


PokerStars Hand #170400681743:  Hold'em Limit ($3/$6 USD) - 2017/05/14 8:01:24 ET
Table 'Alya' 6-max Seat #6 is the button
Seat 2: Rednaxela05 ($72 in chips)
Seat 6: degal76 ($318.16 in chips)
degal76: posts small blind $1
Rednaxela05: posts big blind $3
*** HOLE CARDS ***
degal76: folds
Uncalled bet ($2) returned to Rednaxela05
Rednaxela05 collected $2 from pot
*** SUMMARY ***
Total pot $2 | Rake $0
Seat 2: Rednaxela05 (big blind) collected ($2)
Seat 6: degal76 (button) (small blind) folded before Flop


PokerStars Hand #170400707490:  Hold'em Limit ($3/$6 USD) - 2017/05/14 8:02:16 ET
Table 'Alya' 6-max Seat #2 is the button
Seat 2: Rednaxela05 ($92.50 in chips)
Seat 6: degal76 ($296.56 in chips)
Rednaxela05: posts small blind $1
degal76: posts big blind $3
*** HOLE CARDS ***
Rednaxela05: raises $3 to $6
degal76: calls $3
*** FLOP *** [Js Jd 3d]
Bedard joins the table at seat #1
degal76: checks
Rednaxela05: bets $3
degal76: raises $3 to $6
Rednaxela05: folds
Uncalled bet ($3) returned to degal76
degal76 collected $17.64 from pot
degal76: doesn't show hand
*** SUMMARY ***
Total pot $18 | Rake $0.36
Board [Js Jd 3d]
Seat 2: Rednaxela05 (button) (small blind) folded on the Flop
Seat 6: degal76 (big blind) collected ($17.64)


PokerStars Hand #170400789547:  Hold'em Limit ($3/$6 USD) - 2017/05/14 8:04:56 ET
Table 'Alya' 6-max Seat #3 is the button
Seat 1: Bedard ($114.56 in chips)
Seat 3: jackRizzar ($167 in chips)
jackRizzar: posts small blind $1
Bedard: posts big blind $3
*** HOLE CARDS ***
jackRizzar: raises $3 to $6
Bedard: folds
Uncalled bet ($3) returned to jackRizzar
jackRizzar collected $6 from pot
jackRizzar: doesn't show hand
*** SUMMARY ***
Total pot $6 | Rake $0
Seat 1: Bedard (big blind) folded before Flop
Seat 3: jackRizzar (button) (small blind) collected ($6)


PokerStars Hand #170400783992:  Hold'em Limit ($3/$6 USD) - 2017/05/14 8:04:45 ET
Table 'Alya' 6-max Seat #1 is the button
Seat 1: Bedard ($115.56 in chips)
Seat 3: jackRizzar ($166 in chips)
Bedard: posts small blind $1
Rednaxela05: is sitting out
jackRizzar: posts big blind $3
*** HOLE CARDS ***
Rednaxela05 leaves the table
Bedard: folds
Uncalled bet ($2) returned to jackRizzar
jackRizzar collected $2 from pot
jackRizzar: doesn't show hand
*** SUMMARY ***
Total pot $2 | Rake $0
Seat 1: Bedard (button) (small blind) folded before Flop
Seat 3: jackRizzar (big blind) collected ($2)


PokerStars Hand #170400793309:  Hold'em Limit ($3/$6 USD) - 2017/05/14 8:05:03 ET
Table 'Alya' 6-max Seat #1 is the button
Seat 1: Bedard ($111.56 in chips)
Seat 3: jackRizzar ($170 in chips)
Bedard: posts small blind $1
jackRizzar: posts big blind $3
*** HOLE CARDS ***
Bedard: raises $3 to $6
jackRizzar: calls $3
*** FLOP *** [3h 2h Ts]
jackRizzar: checks
Bedard: bets $3
jackRizzar: calls $3
*** TURN *** [3h 2h Ts] [9d]
jackRizzar: checks
Bedard: bets $6
jackRizzar: raises $6 to $12
Bedard: calls $6
*** RIVER *** [3h 2h Ts 9d] [4h]
jackRizzar: bets $6
Bedard: calls $6
*** SHOW DOWN ***
jackRizzar: shows [5h 4c] (a pair of Fours)
Bedard: shows [9c 7h] (a pair of Nines)
Bedard collected $53.50 from pot
*** SUMMARY ***
Total pot $54 | Rake $0.50
Board [3h 2h Ts 9d 4h]
Seat 1: Bedard (button) (small blind) showed [9c 7h] and won ($53.50) with a pair of Nines
Seat 3: jackRizzar (big blind) showed [5h 4c] and lost with a pair of Fours


