PokerStars Hand #146055898258:  Hold'em Limit ($3/$6 USD) - 2015/12/28 9:04:17 ET
Table 'Alya II' 6-max Seat #2 is the button
Seat 2: 12groszy666 ($212.72 in chips)
Seat 3: Chefred ($191.38 in chips)
12groszy666: posts small blind $1
Chefred: posts big blind $3
*** HOLE CARDS ***
12groszy666: folds
Uncalled bet ($2) returned to Chefred
Chefred collected $2 from pot
Chefred: doesn't show hand
*** SUMMARY ***
Total pot $2 | Rake $0
Seat 2: 12groszy666 (button) (small blind) folded before Flop
Seat 3: Chefred (big blind) collected ($2)


PokerStars Hand #146055876551:  Hold'em Limit ($3/$6 USD) - 2015/12/28 9:03:46 ET
Table 'Alya II' 6-max Seat #3 is the button
Seat 2: 12groszy666 ($212.97 in chips)
Seat 3: Chefred ($191.63 in chips)
Chefred: posts small blind $1
Xerxesklonk: is sitting out
12groszy666: posts big blind $3
*** HOLE CARDS ***
Chefred: raises $3 to $6
Xerxesklonk leaves the table
B_loJkl joins the table at seat #4
12groszy666: calls $3
*** FLOP *** [Kd 5d 3d]
12groszy666: checks
Chefred: bets $3
12groszy666: raises $3 to $6
Chefred: calls $3
*** TURN *** [Kd 5d 3d] [6d]
12groszy666: checks
Chefred: bets $6
12groszy666: calls $6
*** RIVER *** [Kd 5d 3d 6d] [4d]
12groszy666: checks
Chefred: checks
*** SHOW DOWN ***
12groszy666: shows [9h Kc] (a flush, King high)
Chefred: shows [Js Ts] (a flush, King high)
12groszy666 collected $17.75 from pot
Chefred collected $17.75 from pot
*** SUMMARY ***
Total pot $36 | Rake $0.50
Board [Kd 5d 3d 6d 4d]
Seat 2: 12groszy666 (big blind) showed [9h Kc] and won ($17.75) with a flush, King high
Seat 3: Chefred (button) (small blind) showed [Js Ts] and won ($17.75) with a flush, King high


PokerStars Hand #146060288153:  Hold'em Limit ($3/$6 USD) - 2015/12/28 10:44:37 ET
Table 'Alya II' 6-max Seat #6 is the button
Seat 1: VolkovDmitri ($120 in chips)
Seat 6: zizonmusang ($40.15 in chips)
zizonmusang: posts small blind $1
VolkovDmitri: posts big blind $3
*** HOLE CARDS ***
zizonmusang: raises $3 to $6
VolkovDmitri: calls $3
*** FLOP *** [Ac 5d 4h]
VolkovDmitri: checks
zizonmusang: bets $3
VolkovDmitri: folds
Uncalled bet ($3) returned to zizonmusang
zizonmusang collected $11.76 from pot
zizonmusang: doesn't show hand
*** SUMMARY ***
Total pot $12 | Rake $0.24
Board [Ac 5d 4h]
Seat 1: VolkovDmitri (big blind) folded on the Flop
Seat 6: zizonmusang (button) (small blind) collected ($11.76)


PokerStars Hand #146060308306:  Hold'em Limit ($3/$6 USD) - 2015/12/28 10:45:02 ET
Table 'Alya II' 6-max Seat #1 is the button
Seat 1: VolkovDmitri ($120 in chips)
Seat 6: zizonmusang ($45.91 in chips)
VolkovDmitri: posts small blind $1
zizonmusang: posts big blind $3
*** HOLE CARDS ***
VolkovDmitri: raises $3 to $6
zizonmusang: raises $3 to $9
VolkovDmitri: calls $3
*** FLOP *** [Ts 8d 3s]
_fayzulllo_ joins the table at seat #2
zizonmusang: bets $3
VolkovDmitri: folds
Uncalled bet ($3) returned to zizonmusang
zizonmusang collected $17.64 from pot
zizonmusang: doesn't show hand
*** SUMMARY ***
Total pot $18 | Rake $0.36
Board [Ts 8d 3s]
Seat 1: VolkovDmitri (button) (small blind) folded on the Flop
Seat 6: zizonmusang (big blind) collected ($17.64)


PokerStars Hand #146068147487:  Hold'em Limit ($3/$6 USD) - 2015/12/28 13:18:53 ET
Table 'Alya II' 6-max Seat #5 is the button
Seat 5: SashaYuvelir ($91.74 in chips)
Seat 6: Dubris144 ($195.48 in chips)
SashaYuvelir: posts small blind $1
Dubris144: posts big blind $3
*** HOLE CARDS ***
SashaYuvelir: raises $3 to $6
Dubris144: calls $3
*** FLOP *** [9s Jc 6c]
Dubris144: checks
SashaYuvelir: bets $3
Dubris144: calls $3
*** TURN *** [9s Jc 6c] [5h]
Dubris144: checks
SashaYuvelir: checks
*** RIVER *** [9s Jc 6c 5h] [Jd]
zizonmusang leaves the table
Dubris144: checks
SashaYuvelir: bets $6
Dubris144: calls $6
*** SHOW DOWN ***
SashaYuvelir: shows [6s Qd] (two pair, Jacks and Sixes)
Dubris144: mucks hand
SashaYuvelir collected $29.50 from pot
*** SUMMARY ***
Total pot $30 | Rake $0.50
Board [9s Jc 6c 5h Jd]
Seat 5: SashaYuvelir (button) (small blind) showed [6s Qd] and won ($29.50) with two pair, Jacks and Sixes
Seat 6: Dubris144 (big blind) mucked


