PokerStars Hand #166311599212:  Hold'em Limit ($3/$6 USD) - 2017/02/16 15:50:28 ET
Table 'Alzirr III' 10-max Seat #6 is the button
Seat 6: IveGoneNuts ($55.83 in chips)
Seat 10: MTails ($121.64 in chips)
IveGoneNuts: posts small blind $1
MTails: posts big blind $3
*** HOLE CARDS ***
IveGoneNuts: folds
Uncalled bet ($2) returned to MTails
MTails collected $2 from pot
*** SUMMARY ***
Total pot $2 | Rake $0
Seat 6: IveGoneNuts (button) (small blind) folded before Flop
Seat 10: MTails (big blind) collected ($2)


PokerStars Hand #166311594832:  Hold'em Limit ($3/$6 USD) - 2017/02/16 15:50:24 ET
Table 'Alzirr III' 10-max Seat #10 is the button
Seat 6: IveGoneNuts ($54.83 in chips)
Seat 10: MTails ($122.64 in chips)
MTails: posts small blind $1
IveGoneNuts: posts big blind $3
*** HOLE CARDS ***
MTails: folds
Uncalled bet ($2) returned to IveGoneNuts
IveGoneNuts collected $2 from pot
IveGoneNuts: doesn't show hand
*** SUMMARY ***
Total pot $2 | Rake $0
Seat 6: IveGoneNuts (big blind) collected ($2)
Seat 10: MTails (button) (small blind) folded before Flop


PokerStars Hand #166311585951:  Hold'em Limit ($3/$6 USD) - 2017/02/16 15:50:14 ET
Table 'Alzirr III' 10-max Seat #6 is the button
Seat 6: IveGoneNuts ($49.07 in chips)
Seat 10: MTails ($128.64 in chips)
IveGoneNuts: posts small blind $1
MTails: posts big blind $3
*** HOLE CARDS ***
IveGoneNuts: raises $3 to $6
MTails: calls $3
*** FLOP *** [3c 8c 7d]
MTails: checks
IveGoneNuts: bets $3
MTails: folds
Uncalled bet ($3) returned to IveGoneNuts
IveGoneNuts collected $11.76 from pot
IveGoneNuts: doesn't show hand
*** SUMMARY ***
Total pot $12 | Rake $0.24
Board [3c 8c 7d]
Seat 6: IveGoneNuts (button) (small blind) collected ($11.76)
Seat 10: MTails (big blind) folded on the Flop


PokerStars Hand #166311560260:  Hold'em Limit ($3/$6 USD) - 2017/02/16 15:49:46 ET
Table 'Alzirr III' 10-max Seat #10 is the button
Seat 6: IveGoneNuts ($58.07 in chips)
Seat 10: MTails ($120 in chips)
MTails: posts small blind $1
IveGoneNuts: posts big blind $3
*** HOLE CARDS ***
MTails: raises $3 to $6
IveGoneNuts: calls $3
*** FLOP *** [Th 6h 3c]
IveGoneNuts: checks
MTails: bets $3
IveGoneNuts: calls $3
*** TURN *** [Th 6h 3c] [2s]
IveGoneNuts: checks
MTails: bets $6
IveGoneNuts: folds
Uncalled bet ($6) returned to MTails
MTails collected $17.64 from pot
*** SUMMARY ***
Total pot $18 | Rake $0.36
Board [Th 6h 3c 2s]
Seat 6: IveGoneNuts (big blind) folded on the Turn
Seat 10: MTails (button) (small blind) collected ($17.64)


PokerStars Hand #166311609222:  Hold'em Limit ($3/$6 USD) - 2017/02/16 15:50:39 ET
Table 'Alzirr III' 10-max Seat #6 is the button
Seat 6: IveGoneNuts ($51.83 in chips)
Seat 10: MTails ($125.64 in chips)
IveGoneNuts: posts small blind $1
MTails: posts big blind $3
*** HOLE CARDS ***
IveGoneNuts: folds
Uncalled bet ($2) returned to MTails
MTails collected $2 from pot
*** SUMMARY ***
Total pot $2 | Rake $0
Seat 6: IveGoneNuts (button) (small blind) folded before Flop
Seat 10: MTails (big blind) collected ($2)


PokerStars Hand #166311603538:  Hold'em Limit ($3/$6 USD) - 2017/02/16 15:50:33 ET
Table 'Alzirr III' 10-max Seat #10 is the button
Seat 6: IveGoneNuts ($54.83 in chips)
Seat 10: MTails ($122.64 in chips)
MTails: posts small blind $1
IveGoneNuts: posts big blind $3
*** HOLE CARDS ***
MTails: raises $3 to $6
IveGoneNuts: folds
Uncalled bet ($3) returned to MTails
MTails collected $6 from pot
*** SUMMARY ***
Total pot $6 | Rake $0
Seat 6: IveGoneNuts (big blind) folded before Flop
Seat 10: MTails (button) (small blind) collected ($6)


PokerStars Hand #166311648842:  Hold'em Limit ($3/$6 USD) - 2017/02/16 15:51:22 ET
Table 'Alzirr III' 10-max Seat #6 is the button
Seat 6: IveGoneNuts ($65.33 in chips)
Seat 10: MTails ($111.64 in chips)
IveGoneNuts: posts small blind $1
MTails: posts big blind $3
*** HOLE CARDS ***
IveGoneNuts: folds
Uncalled bet ($2) returned to MTails
MTails collected $2 from pot
MTails: doesn't show hand
*** SUMMARY ***
Total pot $2 | Rake $0
Seat 6: IveGoneNuts (button) (small blind) folded before Flop
Seat 10: MTails (big blind) collected ($2)


PokerStars Hand #166311613696:  Hold'em Limit ($3/$6 USD) - 2017/02/16 15:50:44 ET
Table 'Alzirr III' 10-max Seat #10 is the button
Seat 6: IveGoneNuts ($50.83 in chips)
Seat 10: MTails ($126.64 in chips)
MTails: posts small blind $1
IveGoneNuts: posts big blind $3
*** HOLE CARDS ***
MTails: raises $3 to $6
IveGoneNuts: calls $3
*** FLOP *** [6c Ts 4h]
IveGoneNuts: checks
MTails: bets $3
IveGoneNuts: calls $3
*** TURN *** [6c Ts 4h] [3h]
IveGoneNuts: checks
MTails: checks
*** RIVER *** [6c Ts 4h 3h] [4d]
IveGoneNuts: checks
MTails: bets $6
IveGoneNuts: calls $6
*** SHOW DOWN ***
MTails: shows [8d 9h] (a pair of Fours)
IveGoneNuts: shows [Qc 2s] (a pair of Fours - Queen kicker)
IveGoneNuts collected $29.50 from pot
*** SUMMARY ***
Total pot $30 | Rake $0.50
Board [6c Ts 4h 3h 4d]
Seat 6: IveGoneNuts (big blind) showed [Qc 2s] and won ($29.50) with a pair of Fours
Seat 10: MTails (button) (small blind) showed [8d 9h] and lost with a pair of Fours


PokerStars Hand #166311653867:  Hold'em Limit ($3/$6 USD) - 2017/02/16 15:51:28 ET
Table 'Alzirr III' 10-max Seat #10 is the button
Seat 6: IveGoneNuts ($64.33 in chips)
Seat 10: MTails ($112.64 in chips)
MTails: posts small blind $1
IveGoneNuts: posts big blind $3
*** HOLE CARDS ***
MTails: raises $3 to $6
IveGoneNuts: calls $3
*** FLOP *** [Ac 2c Qh]
IveGoneNuts: checks
MTails: bets $3
IveGoneNuts: folds
Uncalled bet ($3) returned to MTails
MTails collected $11.76 from pot
*** SUMMARY ***
Total pot $12 | Rake $0.24
Board [Ac 2c Qh]
Seat 6: IveGoneNuts (big blind) folded on the Flop
Seat 10: MTails (button) (small blind) collected ($11.76)


PokerStars Hand #166311705084:  Hold'em Limit ($3/$6 USD) - 2017/02/16 15:52:23 ET
Table 'Alzirr III' 10-max Seat #6 is the button
Seat 6: IveGoneNuts ($75.83 in chips)
Seat 10: MTails ($99.92 in chips)
IveGoneNuts: posts small blind $1
MTails: posts big blind $3
*** HOLE CARDS ***
IveGoneNuts: raises $3 to $6
MTails: raises $3 to $9
IveGoneNuts: calls $3
*** FLOP *** [9s 4h Jh]
MTails: bets $3
IveGoneNuts: calls $3
*** TURN *** [9s 4h Jh] [4c]
MTails: checks
IveGoneNuts: checks
*** RIVER *** [9s 4h Jh 4c] [8c]
MTails: bets $6
IveGoneNuts: calls $6
*** SHOW DOWN ***
MTails: shows [7d 7s] (two pair, Sevens and Fours)
IveGoneNuts: shows [8d 7h] (two pair, Eights and Fours)
IveGoneNuts collected $35.50 from pot
*** SUMMARY ***
Total pot $36 | Rake $0.50
Board [9s 4h Jh 4c 8c]
Seat 6: IveGoneNuts (button) (small blind) showed [8d 7h] and won ($35.50) with two pair, Eights and Fours
Seat 10: MTails (big blind) showed [7d 7s] and lost with two pair, Sevens and Fours


PokerStars Hand #166311686283:  Hold'em Limit ($3/$6 USD) - 2017/02/16 15:52:03 ET
Table 'Alzirr III' 10-max Seat #10 is the button
Seat 6: IveGoneNuts ($46.33 in chips)
Seat 10: MTails ($129.92 in chips)
MTails: posts small blind $1
IveGoneNuts: posts big blind $3
*** HOLE CARDS ***
MTails: raises $3 to $6
IveGoneNuts: raises $3 to $9
MTails: calls $3
*** FLOP *** [6c Kh 5s]
IveGoneNuts: bets $3
MTails: calls $3
*** TURN *** [6c Kh 5s] [8h]
IveGoneNuts: bets $6
MTails: raises $6 to $12
IveGoneNuts: calls $6
*** RIVER *** [6c Kh 5s 8h] [2c]
IveGoneNuts: checks
MTails: bets $6
IveGoneNuts: raises $6 to $12
MTails: folds
Uncalled bet ($6) returned to IveGoneNuts
IveGoneNuts collected $59.50 from pot
IveGoneNuts: doesn't show hand
*** SUMMARY ***
Total pot $60 | Rake $0.50
Board [6c Kh 5s 8h 2c]
Seat 6: IveGoneNuts (big blind) collected ($59.50)
Seat 10: MTails (button) (small blind) folded on the River


PokerStars Hand #166311672543:  Hold'em Limit ($3/$6 USD) - 2017/02/16 15:51:48 ET
Table 'Alzirr III' 10-max Seat #6 is the button
Seat 6: IveGoneNuts ($58.33 in chips)
Seat 10: MTails ($118.40 in chips)
IveGoneNuts: posts small blind $1
MTails: posts big blind $3
*** HOLE CARDS ***
IveGoneNuts: raises $3 to $6
MTails: calls $3
*** FLOP *** [Kd 5s Tc]
MTails: checks
IveGoneNuts: bets $3
MTails: raises $3 to $6
IveGoneNuts: calls $3
*** TURN *** [Kd 5s Tc] [2h]
MTails: bets $6
IveGoneNuts: folds
Uncalled bet ($6) returned to MTails
MTails collected $23.52 from pot
*** SUMMARY ***
Total pot $24 | Rake $0.48
Board [Kd 5s Tc 2h]
Seat 6: IveGoneNuts (button) (small blind) folded on the Turn
Seat 10: MTails (big blind) collected ($23.52)


PokerStars Hand #166311721710:  Hold'em Limit ($3/$6 USD) - 2017/02/16 15:52:41 ET
Table 'Alzirr III' 10-max Seat #10 is the button
Seat 6: IveGoneNuts ($93.33 in chips)
Seat 10: MTails ($81.92 in chips)
MTails: posts small blind $1
IveGoneNuts: posts big blind $3
*** HOLE CARDS ***
MTails: raises $3 to $6
IveGoneNuts: calls $3
*** FLOP *** [3d Ks Jd]
IveGoneNuts: checks
MTails: bets $3
IveGoneNuts: folds
Uncalled bet ($3) returned to MTails
MTails collected $11.76 from pot
MTails: doesn't show hand
*** SUMMARY ***
Total pot $12 | Rake $0.24
Board [3d Ks Jd]
Seat 6: IveGoneNuts (big blind) folded on the Flop
Seat 10: MTails (button) (small blind) collected ($11.76)


PokerStars Hand #166311741039:  Hold'em Limit ($3/$6 USD) - 2017/02/16 15:53:02 ET
Table 'Alzirr III' 10-max Seat #10 is the button
Seat 6: IveGoneNuts ($95.97 in chips)
Seat 10: MTails ($78.68 in chips)
MTails: posts small blind $1
IveGoneNuts: posts big blind $3
*** HOLE CARDS ***
MTails: raises $3 to $6
IveGoneNuts: calls $3
*** FLOP *** [Kh 3h 6d]
IveGoneNuts: checks
MTails: checks
*** TURN *** [Kh 3h 6d] [7s]
IveGoneNuts: checks
MTails: bets $6
IveGoneNuts: calls $6
*** RIVER *** [Kh 3h 6d 7s] [2s]
IveGoneNuts: checks
MTails: bets $6
IveGoneNuts: raises $6 to $12
MTails: raises $6 to $18
IveGoneNuts: raises $6 to $24
Betting is capped
MTails: calls $6
*** SHOW DOWN ***
IveGoneNuts: shows [2c 2d] (three of a kind, Deuces)
MTails: mucks hand
IveGoneNuts collected $71.50 from pot
*** SUMMARY ***
Total pot $72 | Rake $0.50
Board [Kh 3h 6d 7s 2s]
Seat 6: IveGoneNuts (big blind) showed [2c 2d] and won ($71.50) with three of a kind, Deuces
Seat 10: MTails (button) (small blind) mucked


PokerStars Hand #166311729359:  Hold'em Limit ($3/$6 USD) - 2017/02/16 15:52:49 ET
Table 'Alzirr III' 10-max Seat #6 is the button
Seat 6: IveGoneNuts ($87.33 in chips)
Seat 10: MTails ($87.68 in chips)
IveGoneNuts: posts small blind $1
MTails: posts big blind $3
*** HOLE CARDS ***
IveGoneNuts: raises $3 to $6
MTails: calls $3
*** FLOP *** [Kh 4c Th]
MTails: checks
IveGoneNuts: bets $3
MTails: calls $3
*** TURN *** [Kh 4c Th] [Ks]
MTails: checks
IveGoneNuts: bets $6
MTails: folds
Uncalled bet ($6) returned to IveGoneNuts
IveGoneNuts collected $17.64 from pot
IveGoneNuts: doesn't show hand
*** SUMMARY ***
Total pot $18 | Rake $0.36
Board [Kh 4c Th Ks]
Seat 6: IveGoneNuts (button) (small blind) collected ($17.64)
Seat 10: MTails (big blind) folded on the Turn


PokerStars Hand #166311765383:  Hold'em Limit ($3/$6 USD) - 2017/02/16 15:53:28 ET
Table 'Alzirr III' 10-max Seat #6 is the button
Seat 6: IveGoneNuts ($131.47 in chips)
Seat 10: MTails ($42.68 in chips)
IveGoneNuts: posts small blind $1
MTails: posts big blind $3
*** HOLE CARDS ***
IveGoneNuts: raises $3 to $6
MTails: raises $3 to $9
IveGoneNuts: calls $3
*** FLOP *** [6s As 3c]
MTails: bets $3
IveGoneNuts: calls $3
*** TURN *** [6s As 3c] [Ac]
MTails: bets $6
IveGoneNuts: raises $6 to $12
MTails: calls $6
*** RIVER *** [6s As 3c Ac] [5h]
MTails: checks
IveGoneNuts: bets $6
MTails: folds
Uncalled bet ($6) returned to IveGoneNuts
IveGoneNuts collected $47.50 from pot
IveGoneNuts: doesn't show hand
*** SUMMARY ***
Total pot $48 | Rake $0.50
Board [6s As 3c Ac 5h]
Seat 6: IveGoneNuts (button) (small blind) collected ($47.50)
Seat 10: MTails (big blind) folded on the River


