PokerStars Hand #166791253917:  Hold'em Limit ($3/$6 USD) - 2017/02/26 5:55:37 ET
Table 'Alzir' 6-max Seat #3 is the button
Seat 3: cliff spabb ($120 in chips)
Seat 4: Agrotait ($72 in chips)
cliff spabb: posts small blind $1
Agrotait: posts big blind $3
*** HOLE CARDS ***
cliff spabb: raises $3 to $6
Agrotait: folds
Uncalled bet ($3) returned to cliff spabb
cliff spabb collected $6 from pot
cliff spabb: doesn't show hand
*** SUMMARY ***
Total pot $6 | Rake $0
Seat 3: cliff spabb (button) (small blind) collected ($6)
Seat 4: Agrotait (big blind) folded before Flop


PokerStars Hand #166791264312:  Hold'em Limit ($3/$6 USD) - 2017/02/26 5:56:00 ET
Table 'Alzir' 6-max Seat #4 is the button
Seat 3: cliff spabb ($123 in chips)
Seat 4: Agrotait ($69 in chips)
Agrotait: posts small blind $1
cliff spabb: posts big blind $3
*** HOLE CARDS ***
Agrotait: raises $3 to $6
cliff spabb: calls $3
*** FLOP *** [4c 5d 2h]
cliff spabb: bets $3
Agrotait: calls $3
*** TURN *** [4c 5d 2h] [Ts]
cliff spabb: bets $6
Agrotait: calls $6
*** RIVER *** [4c 5d 2h Ts] [Td]
cliff spabb: bets $6
Agrotait: calls $6
*** SHOW DOWN ***
cliff spabb: shows [9d Th] (three of a kind, Tens)
Agrotait: mucks hand
cliff spabb collected $41.50 from pot
*** SUMMARY ***
Total pot $42 | Rake $0.50
Board [4c 5d 2h Ts Td]
Seat 3: cliff spabb (big blind) showed [9d Th] and won ($41.50) with three of a kind, Tens
Seat 4: Agrotait (button) (small blind) mucked


PokerStars Hand #166791278719:  Hold'em Limit ($3/$6 USD) - 2017/02/26 5:56:32 ET
Table 'Alzir' 6-max Seat #3 is the button
Seat 3: cliff spabb ($143.50 in chips)
Seat 4: Agrotait ($72 in chips)
cliff spabb: posts small blind $1
Agrotait: posts big blind $3
*** HOLE CARDS ***
cliff spabb: calls $2
Agrotait: checks
*** FLOP *** [Td 8d Ah]
Agrotait: bets $3
cliff spabb: folds
Uncalled bet ($3) returned to Agrotait
Agrotait collected $5.88 from pot
Agrotait: doesn't show hand
*** SUMMARY ***
Total pot $6 | Rake $0.12
Board [Td 8d Ah]
Seat 3: cliff spabb (button) (small blind) folded on the Flop
Seat 4: Agrotait (big blind) collected ($5.88)


PokerStars Hand #166791283654:  Hold'em Limit ($3/$6 USD) - 2017/02/26 5:56:43 ET
Table 'Alzir' 6-max Seat #4 is the button
Seat 3: cliff spabb ($140.50 in chips)
Seat 4: Agrotait ($74.88 in chips)
Agrotait: posts small blind $1
cliff spabb: posts big blind $3
*** HOLE CARDS ***
Agrotait: raises $3 to $6
cliff spabb: calls $3
*** FLOP *** [Th 8h 2h]
cliff spabb: bets $3
Agrotait: calls $3
*** TURN *** [Th 8h 2h] [5s]
cliff spabb: bets $6
Agrotait: calls $6
*** RIVER *** [Th 8h 2h 5s] [6c]
cliff spabb: bets $6
Agrotait: calls $6
*** SHOW DOWN ***
cliff spabb: shows [Jc Ad] (high card Ace)
Agrotait: shows [2d Kc] (a pair of Deuces)
Agrotait collected $41.50 from pot
*** SUMMARY ***
Total pot $42 | Rake $0.50
Board [Th 8h 2h 5s 6c]
Seat 3: cliff spabb (big blind) showed [Jc Ad] and lost with high card Ace
Seat 4: Agrotait (button) (small blind) showed [2d Kc] and won ($41.50) with a pair of Deuces


PokerStars Hand #166791314805:  Hold'em Limit ($3/$6 USD) - 2017/02/26 5:57:51 ET
Table 'Alzir' 6-max Seat #4 is the button
Seat 3: cliff spabb ($92.50 in chips)
Seat 4: Agrotait ($121.88 in chips)
Agrotait: posts small blind $1
cliff spabb: posts big blind $3
*** HOLE CARDS ***
Agrotait: raises $3 to $6
cliff spabb: calls $3
*** FLOP *** [Qh 3d 3c]
cliff spabb: checks
Agrotait: bets $3
cliff spabb: calls $3
*** TURN *** [Qh 3d 3c] [Qs]
cliff spabb: checks
Agrotait: bets $6
cliff spabb: calls $6
*** RIVER *** [Qh 3d 3c Qs] [9d]
cliff spabb: bets $6
Agrotait: calls $6
*** SHOW DOWN ***
cliff spabb: shows [Qc 5c] (a full house, Queens full of Threes)
Agrotait: mucks hand
cliff spabb collected $41.50 from pot
*** SUMMARY ***
Total pot $42 | Rake $0.50
Board [Qh 3d 3c Qs 9d]
Seat 3: cliff spabb (big blind) showed [Qc 5c] and won ($41.50) with a full house, Queens full of Threes
Seat 4: Agrotait (button) (small blind) mucked


PokerStars Hand #166791325884:  Hold'em Limit ($3/$6 USD) - 2017/02/26 5:58:15 ET
Table 'Alzir' 6-max Seat #3 is the button
Seat 3: cliff spabb ($113 in chips)
Seat 4: Agrotait ($100.88 in chips)
cliff spabb: posts small blind $1
Agrotait: posts big blind $3
*** HOLE CARDS ***
cliff spabb: raises $3 to $6
Agrotait: calls $3
*** FLOP *** [Qh 4c 3h]
Agrotait: checks
cliff spabb: bets $3
Agrotait: folds
Uncalled bet ($3) returned to cliff spabb
cliff spabb collected $11.76 from pot
cliff spabb: doesn't show hand
*** SUMMARY ***
Total pot $12 | Rake $0.24
Board [Qh 4c 3h]
Seat 3: cliff spabb (button) (small blind) collected ($11.76)
Seat 4: Agrotait (big blind) folded on the Flop


PokerStars Hand #166791294410:  Hold'em Limit ($3/$6 USD) - 2017/02/26 5:57:06 ET
Table 'Alzir' 6-max Seat #3 is the button
Seat 3: cliff spabb ($119.50 in chips)
Seat 4: Agrotait ($95.38 in chips)
cliff spabb: posts small blind $1
Agrotait: posts big blind $3
*** HOLE CARDS ***
cliff spabb: raises $3 to $6
Agrotait: calls $3
*** FLOP *** [Qs 8d 3d]
Agrotait: checks
cliff spabb: bets $3
Agrotait: calls $3
*** TURN *** [Qs 8d 3d] [3c]
Agrotait: checks
cliff spabb: bets $6
Agrotait: raises $6 to $12
cliff spabb: calls $6
*** RIVER *** [Qs 8d 3d 3c] [Ks]
Agrotait: bets $6
cliff spabb: calls $6
*** SHOW DOWN ***
Agrotait: shows [Ah 3s] (three of a kind, Threes)
cliff spabb: mucks hand
Agrotait collected $53.50 from pot
*** SUMMARY ***
Total pot $54 | Rake $0.50
Board [Qs 8d 3d 3c Ks]
Seat 3: cliff spabb (button) (small blind) mucked
Seat 4: Agrotait (big blind) showed [Ah 3s] and won ($53.50) with three of a kind, Threes


PokerStars Hand #166791346416:  Hold'em Limit ($3/$6 USD) - 2017/02/26 5:59:00 ET
Table 'Alzir' 6-max Seat #3 is the button
Seat 3: cliff spabb ($127.40 in chips)
Seat 4: Agrotait ($85.88 in chips)
cliff spabb: posts small blind $1
Agrotait: posts big blind $3
*** HOLE CARDS ***
cliff spabb: folds
Uncalled bet ($2) returned to Agrotait
Agrotait collected $2 from pot
Agrotait: doesn't show hand
*** SUMMARY ***
Total pot $2 | Rake $0
Seat 3: cliff spabb (button) (small blind) folded before Flop
Seat 4: Agrotait (big blind) collected ($2)


PokerStars Hand #166791338460:  Hold'em Limit ($3/$6 USD) - 2017/02/26 5:58:42 ET
Table 'Alzir' 6-max Seat #4 is the button
Seat 3: cliff spabb ($118.76 in chips)
Seat 4: Agrotait ($94.88 in chips)
Agrotait: posts small blind $1
cliff spabb: posts big blind $3
*** HOLE CARDS ***
Agrotait: raises $3 to $6
cliff spabb: calls $3
*** FLOP *** [2c 6s Kd]
cliff spabb: checks
Agrotait: bets $3
cliff spabb: calls $3
*** TURN *** [2c 6s Kd] [2h]
cliff spabb: checks
Agrotait: checks
*** RIVER *** [2c 6s Kd 2h] [7s]
cliff spabb: bets $6
Agrotait: folds
Uncalled bet ($6) returned to cliff spabb
cliff spabb collected $17.64 from pot
cliff spabb: doesn't show hand
*** SUMMARY ***
Total pot $18 | Rake $0.36
Board [2c 6s Kd 2h 7s]
Seat 3: cliff spabb (big blind) collected ($17.64)
Seat 4: Agrotait (button) (small blind) folded on the River


PokerStars Hand #166791368501:  Hold'em Limit ($3/$6 USD) - 2017/02/26 5:59:48 ET
Table 'Alzir' 6-max Seat #3 is the button
Seat 3: cliff spabb ($99.40 in chips)
Seat 4: Agrotait ($113.38 in chips)
cliff spabb: posts small blind $1
Agrotait: posts big blind $3
*** HOLE CARDS ***
cliff spabb: folds
Uncalled bet ($2) returned to Agrotait
Agrotait collected $2 from pot
Agrotait: doesn't show hand
*** SUMMARY ***
Total pot $2 | Rake $0
Seat 3: cliff spabb (button) (small blind) folded before Flop
Seat 4: Agrotait (big blind) collected ($2)


PokerStars Hand #166791348690:  Hold'em Limit ($3/$6 USD) - 2017/02/26 5:59:04 ET
Table 'Alzir' 6-max Seat #4 is the button
Seat 3: cliff spabb ($126.40 in chips)
Seat 4: Agrotait ($86.88 in chips)
Agrotait: posts small blind $1
cliff spabb: posts big blind $3
*** HOLE CARDS ***
Agrotait: raises $3 to $6
cliff spabb: calls $3
*** FLOP *** [7s Jh 6h]
cliff spabb: bets $3
Agrotait: calls $3
*** TURN *** [7s Jh 6h] [3d]
cliff spabb: bets $6
Agrotait: calls $6
*** RIVER *** [7s Jh 6h 3d] [8d]
cliff spabb: bets $6
Agrotait: raises $6 to $12
cliff spabb: calls $6
*** SHOW DOWN ***
Agrotait: shows [9d 9h] (a pair of Nines)
cliff spabb: mucks hand
Agrotait collected $53.50 from pot
*** SUMMARY ***
Total pot $54 | Rake $0.50
Board [7s Jh 6h 3d 8d]
Seat 3: cliff spabb (big blind) mucked
Seat 4: Agrotait (button) (small blind) showed [9d 9h] and won ($53.50) with a pair of Nines


PokerStars Hand #166791388656:  Hold'em Limit ($3/$6 USD) - 2017/02/26 6:00:31 ET
Table 'Alzir' 6-max Seat #3 is the button
Seat 3: cliff spabb ($74.40 in chips)
Seat 4: Agrotait ($137.88 in chips)
cliff spabb: posts small blind $1
Agrotait: posts big blind $3
*** HOLE CARDS ***
cliff spabb: folds
Uncalled bet ($2) returned to Agrotait
Agrotait collected $2 from pot
Agrotait: doesn't show hand
*** SUMMARY ***
Total pot $2 | Rake $0
Seat 3: cliff spabb (button) (small blind) folded before Flop
Seat 4: Agrotait (big blind) collected ($2)


PokerStars Hand #166791370789:  Hold'em Limit ($3/$6 USD) - 2017/02/26 5:59:53 ET
Table 'Alzir' 6-max Seat #4 is the button
Seat 3: cliff spabb ($98.40 in chips)
Seat 4: Agrotait ($114.38 in chips)
Agrotait: posts small blind $1
cliff spabb: posts big blind $3
*** HOLE CARDS ***
Agrotait: raises $3 to $6
cliff spabb: raises $3 to $9
Agrotait: calls $3
*** FLOP *** [5h Jc 6c]
cliff spabb: bets $3
Agrotait: calls $3
*** TURN *** [5h Jc 6c] [3c]
cliff spabb: bets $6
Agrotait: calls $6
*** RIVER *** [5h Jc 6c 3c] [Jh]
cliff spabb: bets $6
Agrotait: calls $6
*** SHOW DOWN ***
cliff spabb: shows [8h 9d] (a pair of Jacks)
Agrotait: shows [Th Ts] (two pair, Jacks and Tens)
Agrotait collected $47.50 from pot
*** SUMMARY ***
Total pot $48 | Rake $0.50
Board [5h Jc 6c 3c Jh]
Seat 3: cliff spabb (big blind) showed [8h 9d] and lost with a pair of Jacks
Seat 4: Agrotait (button) (small blind) showed [Th Ts] and won ($47.50) with two pair, Jacks and Tens


PokerStars Hand #166791391343:  Hold'em Limit ($3/$6 USD) - 2017/02/26 6:00:37 ET
Table 'Alzir' 6-max Seat #4 is the button
Seat 3: cliff spabb ($73.40 in chips)
Seat 4: Agrotait ($138.88 in chips)
Agrotait: posts small blind $1
cliff spabb: posts big blind $3
*** HOLE CARDS ***
Agrotait: raises $3 to $6
cliff spabb: calls $3
*** FLOP *** [2h 7d 7h]
cliff spabb: checks
Agrotait: bets $3
cliff spabb: calls $3
*** TURN *** [2h 7d 7h] [Qh]
cliff spabb: checks
Agrotait: checks
*** RIVER *** [2h 7d 7h Qh] [3s]
cliff spabb: bets $6
Agrotait: folds
Uncalled bet ($6) returned to cliff spabb
cliff spabb collected $17.64 from pot
cliff spabb: doesn't show hand
*** SUMMARY ***
Total pot $18 | Rake $0.36
Board [2h 7d 7h Qh 3s]
Seat 3: cliff spabb (big blind) collected ($17.64)
Seat 4: Agrotait (button) (small blind) folded on the River


PokerStars Hand #166791414907:  Hold'em Limit ($3/$6 USD) - 2017/02/26 6:01:25 ET
Table 'Alzir' 6-max Seat #3 is the button
Seat 3: cliff spabb ($82.04 in chips)
Seat 4: Agrotait ($129.88 in chips)
cliff spabb: posts small blind $1
Agrotait: posts big blind $3
*** HOLE CARDS ***
cliff spabb: raises $3 to $6
Agrotait: calls $3
*** FLOP *** [7c 8s Qs]
Agrotait: checks
cliff spabb: bets $3
Agrotait: folds
Uncalled bet ($3) returned to cliff spabb
cliff spabb collected $11.76 from pot
cliff spabb: doesn't show hand
*** SUMMARY ***
Total pot $12 | Rake $0.24
Board [7c 8s Qs]
Seat 3: cliff spabb (button) (small blind) collected ($11.76)
Seat 4: Agrotait (big blind) folded on the Flop


PokerStars Hand #166791429104:  Hold'em Limit ($3/$6 USD) - 2017/02/26 6:01:53 ET
Table 'Alzir' 6-max Seat #4 is the button
Seat 3: cliff spabb ($87.80 in chips)
Seat 4: Agrotait ($123.88 in chips)
Agrotait: posts small blind $1
cliff spabb: posts big blind $3
*** HOLE CARDS ***
Agrotait: folds
Uncalled bet ($2) returned to cliff spabb
cliff spabb collected $2 from pot
cliff spabb: doesn't show hand
*** SUMMARY ***
Total pot $2 | Rake $0
Seat 3: cliff spabb (big blind) collected ($2)
Seat 4: Agrotait (button) (small blind) folded before Flop


PokerStars Hand #166791432588:  Hold'em Limit ($3/$6 USD) - 2017/02/26 6:02:00 ET
Table 'Alzir' 6-max Seat #3 is the button
Seat 3: cliff spabb ($88.80 in chips)
Seat 4: Agrotait ($122.88 in chips)
cliff spabb: posts small blind $1
Agrotait: posts big blind $3
*** HOLE CARDS ***
cliff spabb: raises $3 to $6
Agrotait: calls $3
*** FLOP *** [5s 8h 8c]
Agrotait: checks
cliff spabb: bets $3
Agrotait: calls $3
*** TURN *** [5s 8h 8c] [4c]
Agrotait: checks
cliff spabb: bets $6
Agrotait: raises $6 to $12
cliff spabb: calls $6
*** RIVER *** [5s 8h 8c 4c] [9h]
Agrotait: bets $6
cliff spabb: calls $6
*** SHOW DOWN ***
Agrotait: shows [Kh 4s] (two pair, Eights and Fours)
cliff spabb: shows [6c 6d] (two pair, Eights and Sixes)
cliff spabb collected $53.50 from pot
*** SUMMARY ***
Total pot $54 | Rake $0.50
Board [5s 8h 8c 4c 9h]
Seat 3: cliff spabb (button) (small blind) showed [6c 6d] and won ($53.50) with two pair, Eights and Sixes
Seat 4: Agrotait (big blind) showed [Kh 4s] and lost with two pair, Eights and Fours


PokerStars Hand #166791464212:  Hold'em Limit ($3/$6 USD) - 2017/02/26 6:03:01 ET
Table 'Alzir' 6-max Seat #3 is the button
Seat 3: cliff spabb ($132.80 in chips)
Seat 4: Agrotait ($77.88 in chips)
cliff spabb: posts small blind $1
Agrotait: posts big blind $3
*** HOLE CARDS ***
cliff spabb: raises $3 to $6
Agrotait: folds
Uncalled bet ($3) returned to cliff spabb
cliff spabb collected $6 from pot
cliff spabb: doesn't show hand
*** SUMMARY ***
Total pot $6 | Rake $0
Seat 3: cliff spabb (button) (small blind) collected ($6)
Seat 4: Agrotait (big blind) folded before Flop


PokerStars Hand #166791452879:  Hold'em Limit ($3/$6 USD) - 2017/02/26 6:02:39 ET
Table 'Alzir' 6-max Seat #4 is the button
Seat 3: cliff spabb ($115.30 in chips)
Seat 4: Agrotait ($95.88 in chips)
Agrotait: posts small blind $1
cliff spabb: posts big blind $3
*** HOLE CARDS ***
Agrotait: raises $3 to $6
cliff spabb: raises $3 to $9
Agrotait: calls $3
*** FLOP *** [7s 5s 6d]
cliff spabb: bets $3
Agrotait: calls $3
*** TURN *** [7s 5s 6d] [2h]
cliff spabb: bets $6
Agrotait: calls $6
*** RIVER *** [7s 5s 6d 2h] [7c]
cliff spabb: bets $6
Agrotait: folds
Uncalled bet ($6) returned to cliff spabb
cliff spabb collected $35.50 from pot
cliff spabb: doesn't show hand
*** SUMMARY ***
Total pot $36 | Rake $0.50
Board [7s 5s 6d 2h 7c]
Seat 3: cliff spabb (big blind) collected ($35.50)
Seat 4: Agrotait (button) (small blind) folded on the River


PokerStars Hand #166791491672:  Hold'em Limit ($3/$6 USD) - 2017/02/26 6:03:55 ET
Table 'Alzir' 6-max Seat #4 is the button
Seat 3: cliff spabb ($161.30 in chips)
Seat 4: Agrotait ($73 in chips)
Agrotait: posts small blind $1
cliff spabb: posts big blind $3
*** HOLE CARDS ***
Agrotait: raises $3 to $6
cliff spabb: calls $3
*** FLOP *** [4s Jc 5h]
cliff spabb: checks
Agrotait: bets $3
cliff spabb: calls $3
*** TURN *** [4s Jc 5h] [Kd]
cliff spabb: checks
Agrotait: checks
*** RIVER *** [4s Jc 5h Kd] [2d]
cliff spabb: bets $6
Agrotait: calls $6
*** SHOW DOWN ***
cliff spabb: shows [6s Qs] (high card King)
Agrotait: shows [8d As] (high card Ace)
Agrotait collected $29.50 from pot
*** SUMMARY ***
Total pot $30 | Rake $0.50
Board [4s Jc 5h Kd 2d]
Seat 3: cliff spabb (big blind) showed [6s Qs] and lost with high card King
Seat 4: Agrotait (button) (small blind) showed [8d As] and won ($29.50) with high card Ace


PokerStars Hand #166791513437:  Hold'em Limit ($3/$6 USD) - 2017/02/26 6:04:38 ET
Table 'Alzir' 6-max Seat #3 is the button
Seat 3: cliff spabb ($146.30 in chips)
Seat 4: Agrotait ($87.50 in chips)
cliff spabb: posts small blind $1
Agrotait: posts big blind $3
*** HOLE CARDS ***
cliff spabb: folds
Uncalled bet ($2) returned to Agrotait
Agrotait collected $2 from pot
Agrotait: doesn't show hand
*** SUMMARY ***
Total pot $2 | Rake $0
Seat 3: cliff spabb (button) (small blind) folded before Flop
Seat 4: Agrotait (big blind) collected ($2)


PokerStars Hand #166791489138:  Hold'em Limit ($3/$6 USD) - 2017/02/26 6:03:50 ET
Table 'Alzir' 6-max Seat #3 is the button
Seat 3: cliff spabb ($162.30 in chips)
Seat 4: Agrotait ($72 in chips)
cliff spabb: posts small blind $1
Agrotait: posts big blind $3
*** HOLE CARDS ***
cliff spabb: folds
Uncalled bet ($2) returned to Agrotait
Agrotait collected $2 from pot
Agrotait: doesn't show hand
*** SUMMARY ***
Total pot $2 | Rake $0
Seat 3: cliff spabb (button) (small blind) folded before Flop
Seat 4: Agrotait (big blind) collected ($2)


PokerStars Hand #166791468611:  Hold'em Limit ($3/$6 USD) - 2017/02/26 6:03:10 ET
Table 'Alzir' 6-max Seat #4 is the button
Seat 3: cliff spabb ($135.80 in chips)
Seat 4: Agrotait ($74.88 in chips)
Agrotait: posts small blind $1
cliff spabb: posts big blind $3
*** HOLE CARDS ***
Agrotait: raises $3 to $6
cliff spabb: calls $3
*** FLOP *** [3h 5h Ad]
cliff spabb: checks
Agrotait: bets $3
cliff spabb: calls $3
*** TURN *** [3h 5h Ad] [Kd]
cliff spabb: checks
Agrotait: bets $6
cliff spabb: raises $6 to $12
Agrotait: calls $6
*** RIVER *** [3h 5h Ad Kd] [8c]
cliff spabb: bets $6
Agrotait: calls $6
*** SHOW DOWN ***
cliff spabb: shows [2h 4c] (a straight, Ace to Five)
Agrotait: mucks hand
cliff spabb collected $53.50 from pot
*** SUMMARY ***
Total pot $54 | Rake $0.50
Board [3h 5h Ad Kd 8c]
Seat 3: cliff spabb (big blind) showed [2h 4c] and won ($53.50) with a straight, Ace to Five
Seat 4: Agrotait (button) (small blind) mucked


PokerStars Hand #166791515939:  Hold'em Limit ($3/$6 USD) - 2017/02/26 6:04:43 ET
Table 'Alzir' 6-max Seat #4 is the button
Seat 3: cliff spabb ($145.30 in chips)
Seat 4: Agrotait ($88.50 in chips)
Agrotait: posts small blind $1
cliff spabb: posts big blind $3
*** HOLE CARDS ***
Agrotait: raises $3 to $6
cliff spabb: calls $3
*** FLOP *** [Jh 5c 3s]
cliff spabb: checks
Agrotait: bets $3
cliff spabb: calls $3
*** TURN *** [Jh 5c 3s] [7d]
cliff spabb: checks
Agrotait: checks
*** RIVER *** [Jh 5c 3s 7d] [Qs]
cliff spabb: checks
Agrotait: checks
*** SHOW DOWN ***
cliff spabb: shows [Ad 6c] (high card Ace)
Agrotait: mucks hand
cliff spabb collected $17.64 from pot
*** SUMMARY ***
Total pot $18 | Rake $0.36
Board [Jh 5c 3s 7d Qs]
Seat 3: cliff spabb (big blind) showed [Ad 6c] and won ($17.64) with high card Ace
Seat 4: Agrotait (button) (small blind) mucked


PokerStars Hand #166791563259:  Hold'em Limit ($3/$6 USD) - 2017/02/26 6:06:14 ET
Table 'Alzir' 6-max Seat #3 is the button
Seat 3: cliff spabb ($153.70 in chips)
Seat 4: Agrotait ($79.26 in chips)
cliff spabb: posts small blind $1
Agrotait: posts big blind $3
*** HOLE CARDS ***
cliff spabb: calls $2
Agrotait: raises $3 to $6
cliff spabb: calls $3
*** FLOP *** [Qh Ac 5c]
Agrotait: bets $3
cliff spabb: calls $3
*** TURN *** [Qh Ac 5c] [9s]
Agrotait: bets $6
cliff spabb: calls $6
*** RIVER *** [Qh Ac 5c 9s] [7d]
Agrotait: bets $6
cliff spabb: calls $6
*** SHOW DOWN ***
Agrotait: shows [Ah Td] (a pair of Aces)
cliff spabb: mucks hand
Agrotait collected $41.50 from pot
*** SUMMARY ***
Total pot $42 | Rake $0.50
Board [Qh Ac 5c 9s 7d]
Seat 3: cliff spabb (button) (small blind) mucked
Seat 4: Agrotait (big blind) showed [Ah Td] and won ($41.50) with a pair of Aces


PokerStars Hand #166791556529:  Hold'em Limit ($3/$6 USD) - 2017/02/26 6:06:01 ET
Table 'Alzir' 6-max Seat #4 is the button
Seat 3: cliff spabb ($159.70 in chips)
Seat 4: Agrotait ($73.50 in chips)
Agrotait: posts small blind $1
cliff spabb: posts big blind $3
*** HOLE CARDS ***
Agrotait: raises $3 to $6
cliff spabb: calls $3
*** FLOP *** [Kd 7d 3d]
cliff spabb: checks
RockKillerTY joins the table at seat #5
Agrotait: bets $3
cliff spabb: folds
Uncalled bet ($3) returned to Agrotait
Agrotait collected $11.76 from pot
Agrotait: doesn't show hand
*** SUMMARY ***
Total pot $12 | Rake $0.24
Board [Kd 7d 3d]
Seat 3: cliff spabb (big blind) folded on the Flop
Seat 4: Agrotait (button) (small blind) collected ($11.76)


PokerStars Hand #166791532362:  Hold'em Limit ($3/$6 USD) - 2017/02/26 6:05:14 ET
Table 'Alzir' 6-max Seat #3 is the button
Seat 3: cliff spabb ($153.94 in chips)
Seat 4: Agrotait ($79.50 in chips)
cliff spabb: posts small blind $1
Agrotait: posts big blind $3
*** HOLE CARDS ***
cliff spabb: raises $3 to $6
Agrotait: calls $3
*** FLOP *** [6c Qc 9d]
Agrotait: checks
cliff spabb: checks
*** TURN *** [6c Qc 9d] [5h]
Agrotait: checks
cliff spabb: bets $6
Agrotait: folds
Uncalled bet ($6) returned to cliff spabb
cliff spabb collected $11.76 from pot
cliff spabb: doesn't show hand
*** SUMMARY ***
Total pot $12 | Rake $0.24
Board [6c Qc 9d 5h]
Seat 3: cliff spabb (button) (small blind) collected ($11.76)
Seat 4: Agrotait (big blind) folded on the Turn


