PokerStars Hand #169476176278:  Hold'em Limit ($3/$6 USD) - 2017/04/23 21:46:32 ET
Table 'Alzirr' 10-max Seat #5 is the button
Seat 5: EMALAYS ($104.10 in chips)
Seat 9: Larooo ($89.20 in chips)
EMALAYS: posts small blind $1
Larooo: posts big blind $3
*** HOLE CARDS ***
EMALAYS: calls $2
Larooo: checks
*** FLOP *** [4h 6c 5d]
Larooo: bets $3
EMALAYS: raises $3 to $6
Larooo: calls $3
*** TURN *** [4h 6c 5d] [7d]
Larooo: bets $6
EMALAYS: calls $6
*** RIVER *** [4h 6c 5d 7d] [8s]
Larooo: bets $6
EMALAYS: raises $6 to $12
Larooo: calls $6
*** SHOW DOWN ***
EMALAYS: shows [9d 6d] (a straight, Five to Nine)
Larooo: mucks hand
EMALAYS collected $53.50 from pot
*** SUMMARY ***
Total pot $54 | Rake $0.50
Board [4h 6c 5d 7d 8s]
Seat 5: EMALAYS (button) (small blind) showed [9d 6d] and won ($53.50) with a straight, Five to Nine
Seat 9: Larooo (big blind) mucked


PokerStars Hand #169476185679:  Hold'em Limit ($3/$6 USD) - 2017/04/23 21:46:57 ET
Table 'Alzirr' 10-max Seat #9 is the button
Seat 5: EMALAYS ($130.60 in chips)
Seat 9: Larooo ($62.20 in chips)
Larooo: posts small blind $1
EMALAYS: posts big blind $3
*** HOLE CARDS ***
Larooo: calls $2
EMALAYS: checks
*** FLOP *** [Jh 6d 6c]
EMALAYS: checks
Larooo: checks
*** TURN *** [Jh 6d 6c] [Th]
EMALAYS: checks
Larooo: bets $6
EMALAYS: folds
Uncalled bet ($6) returned to Larooo
Larooo collected $5.88 from pot
*** SUMMARY ***
Total pot $6 | Rake $0.12
Board [Jh 6d 6c Th]
Seat 5: EMALAYS (big blind) folded on the Turn
Seat 9: Larooo (button) (small blind) collected ($5.88)


PokerStars Hand #169476203028:  Hold'em Limit ($3/$6 USD) - 2017/04/23 21:47:41 ET
Table 'Alzirr' 10-max Seat #9 is the button
Seat 5: EMALAYS ($154.10 in chips)
Seat 9: Larooo ($38.08 in chips)
Larooo: posts small blind $1
EMALAYS: posts big blind $3
*** HOLE CARDS ***
Larooo: raises $3 to $6
EMALAYS: calls $3
*** FLOP *** [4s 9c 7h]
EMALAYS: checks
Larooo: bets $3
EMALAYS: calls $3
*** TURN *** [4s 9c 7h] [4d]
EMALAYS: checks
Larooo: bets $6
EMALAYS: folds
Uncalled bet ($6) returned to Larooo
Larooo collected $17.64 from pot
*** SUMMARY ***
Total pot $18 | Rake $0.36
Board [4s 9c 7h 4d]
Seat 5: EMALAYS (big blind) folded on the Turn
Seat 9: Larooo (button) (small blind) collected ($17.64)


PokerStars Hand #169476192116:  Hold'em Limit ($3/$6 USD) - 2017/04/23 21:47:13 ET
Table 'Alzirr' 10-max Seat #5 is the button
Seat 5: EMALAYS ($127.60 in chips)
Seat 9: Larooo ($65.08 in chips)
EMALAYS: posts small blind $1
Larooo: posts big blind $3
*** HOLE CARDS ***
EMALAYS: calls $2
Larooo: raises $3 to $6
EMALAYS: calls $3
*** FLOP *** [3s 6s Ks]
Larooo: bets $3
EMALAYS: calls $3
*** TURN *** [3s 6s Ks] [Kd]
Larooo: bets $6
EMALAYS: raises $6 to $12
Larooo: calls $6
*** RIVER *** [3s 6s Ks Kd] [2c]
Larooo: checks
EMALAYS: bets $6
Larooo: calls $6
*** SHOW DOWN ***
EMALAYS: shows [8s 4s] (a flush, King high)
Larooo: mucks hand
EMALAYS collected $53.50 from pot
*** SUMMARY ***
Total pot $54 | Rake $0.50
Board [3s 6s Ks Kd 2c]
Seat 5: EMALAYS (button) (small blind) showed [8s 4s] and won ($53.50) with a flush, King high
Seat 9: Larooo (big blind) mucked


PokerStars Hand #169476209809:  Hold'em Limit ($3/$6 USD) - 2017/04/23 21:47:59 ET
Table 'Alzirr' 10-max Seat #5 is the button
Seat 5: EMALAYS ($145.10 in chips)
Seat 9: Larooo ($46.72 in chips)
EMALAYS: posts small blind $1
Larooo: posts big blind $3
*** HOLE CARDS ***
EMALAYS: raises $3 to $6
Larooo: calls $3
*** FLOP *** [4c 3c Kc]
Larooo: checks
EMALAYS: bets $3
Larooo: raises $3 to $6
EMALAYS: folds
Uncalled bet ($3) returned to Larooo
Larooo collected $17.64 from pot
*** SUMMARY ***
Total pot $18 | Rake $0.36
Board [4c 3c Kc]
Seat 5: EMALAYS (button) (small blind) folded on the Flop
Seat 9: Larooo (big blind) collected ($17.64)


PokerStars Hand #169476221184:  Hold'em Limit ($3/$6 USD) - 2017/04/23 21:48:29 ET
Table 'Alzirr' 10-max Seat #5 is the button
Seat 5: EMALAYS ($118.10 in chips)
Seat 9: Larooo ($72.86 in chips)
EMALAYS: posts small blind $1
Larooo: posts big blind $3
*** HOLE CARDS ***
EMALAYS: calls $2
Larooo: checks
*** FLOP *** [7h 7c 7d]
Larooo: checks
EMALAYS: checks
*** TURN *** [7h 7c 7d] [3d]
Larooo: checks
EMALAYS: checks
*** RIVER *** [7h 7c 7d 3d] [Td]
Larooo: checks
EMALAYS: checks
*** SHOW DOWN ***
Larooo: shows [5s 9d] (three of a kind, Sevens)
EMALAYS: shows [Jh 9c] (three of a kind, Sevens - Jack kicker)
EMALAYS collected $5.88 from pot
*** SUMMARY ***
Total pot $6 | Rake $0.12
Board [7h 7c 7d 3d Td]
Seat 5: EMALAYS (button) (small blind) showed [Jh 9c] and won ($5.88) with three of a kind, Sevens
Seat 9: Larooo (big blind) showed [5s 9d] and lost with three of a kind, Sevens


PokerStars Hand #169476227246:  Hold'em Limit ($3/$6 USD) - 2017/04/23 21:48:45 ET
Table 'Alzirr' 10-max Seat #9 is the button
Seat 5: EMALAYS ($120.98 in chips)
Seat 9: Larooo ($69.86 in chips)
Larooo: posts small blind $1
EMALAYS: posts big blind $3
*** HOLE CARDS ***
Larooo: calls $2
EMALAYS: raises $3 to $6
Larooo: calls $3
*** FLOP *** [Kd 2h 8c]
EMALAYS: bets $3
Larooo: calls $3
*** TURN *** [Kd 2h 8c] [Ts]
EMALAYS: bets $6
Larooo: folds
Uncalled bet ($6) returned to EMALAYS
EMALAYS collected $17.64 from pot
EMALAYS: doesn't show hand
*** SUMMARY ***
Total pot $18 | Rake $0.36
Board [Kd 2h 8c Ts]
Seat 5: EMALAYS (big blind) collected ($17.64)
Seat 9: Larooo (button) (small blind) folded on the Turn


PokerStars Hand #169476214346:  Hold'em Limit ($3/$6 USD) - 2017/04/23 21:48:11 ET
Table 'Alzirr' 10-max Seat #9 is the button
Seat 5: EMALAYS ($136.10 in chips)
Seat 9: Larooo ($55.36 in chips)
Larooo: posts small blind $1
EMALAYS: posts big blind $3
*** HOLE CARDS ***
Larooo: calls $2
EMALAYS: checks
*** FLOP *** [Jc Tc 9h]
EMALAYS: bets $3
Larooo: calls $3
*** TURN *** [Jc Tc 9h] [8h]
EMALAYS: checks
Larooo: bets $6
EMALAYS: calls $6
*** RIVER *** [Jc Tc 9h 8h] [8s]
EMALAYS: checks
Larooo: bets $6
EMALAYS: calls $6
*** SHOW DOWN ***
Larooo: shows [Th Qc] (a straight, Eight to Queen)
EMALAYS: mucks hand
Larooo collected $35.50 from pot
*** SUMMARY ***
Total pot $36 | Rake $0.50
Board [Jc Tc 9h 8h 8s]
Seat 5: EMALAYS (big blind) mucked
Seat 9: Larooo (button) (small blind) showed [Th Qc] and won ($35.50) with a straight, Eight to Queen


PokerStars Hand #169476246882:  Hold'em Limit ($3/$6 USD) - 2017/04/23 21:49:37 ET
Table 'Alzirr' 10-max Seat #9 is the button
Seat 5: EMALAYS ($112.62 in chips)
Seat 9: Larooo ($77.36 in chips)
Larooo: posts small blind $1
EMALAYS: posts big blind $3
*** HOLE CARDS ***
Larooo: calls $2
EMALAYS: checks
*** FLOP *** [4h Jd 8s]
EMALAYS: bets $3
Larooo: calls $3
*** TURN *** [4h Jd 8s] [Kh]
EMALAYS: checks
Larooo: checks
*** RIVER *** [4h Jd 8s Kh] [Js]
EMALAYS: bets $6
Larooo: folds
Uncalled bet ($6) returned to EMALAYS
EMALAYS collected $11.76 from pot
EMALAYS: doesn't show hand
*** SUMMARY ***
Total pot $12 | Rake $0.24
Board [4h Jd 8s Kh Js]
Seat 5: EMALAYS (big blind) collected ($11.76)
Seat 9: Larooo (button) (small blind) folded on the River


PokerStars Hand #169476254846:  Hold'em Limit ($3/$6 USD) - 2017/04/23 21:49:58 ET
Table 'Alzirr' 10-max Seat #5 is the button
Seat 5: EMALAYS ($118.38 in chips)
Seat 9: Larooo ($71.36 in chips)
EMALAYS: posts small blind $1
Larooo: posts big blind $3
*** HOLE CARDS ***
EMALAYS: folds
Uncalled bet ($2) returned to Larooo
Larooo collected $2 from pot
*** SUMMARY ***
Total pot $2 | Rake $0
Seat 5: EMALAYS (button) (small blind) folded before Flop
Seat 9: Larooo (big blind) collected ($2)


PokerStars Hand #169476245003:  Hold'em Limit ($3/$6 USD) - 2017/04/23 21:49:32 ET
Table 'Alzirr' 10-max Seat #5 is the button
Seat 5: EMALAYS ($113.62 in chips)
Seat 9: Larooo ($76.36 in chips)
EMALAYS: posts small blind $1
Larooo: posts big blind $3
*** HOLE CARDS ***
EMALAYS: folds
Uncalled bet ($2) returned to Larooo
Larooo collected $2 from pot
*** SUMMARY ***
Total pot $2 | Rake $0
Seat 5: EMALAYS (button) (small blind) folded before Flop
Seat 9: Larooo (big blind) collected ($2)


PokerStars Hand #169476236553:  Hold'em Limit ($3/$6 USD) - 2017/04/23 21:49:09 ET
Table 'Alzirr' 10-max Seat #5 is the button
Seat 5: EMALAYS ($129.62 in chips)
Seat 9: Larooo ($60.86 in chips)
EMALAYS: posts small blind $1
Larooo: posts big blind $3
*** HOLE CARDS ***
EMALAYS: folds
Uncalled bet ($2) returned to Larooo
Larooo collected $2 from pot
*** SUMMARY ***
Total pot $2 | Rake $0
Seat 5: EMALAYS (button) (small blind) folded before Flop
Seat 9: Larooo (big blind) collected ($2)


PokerStars Hand #169476285147:  Hold'em Limit ($3/$6 USD) - 2017/04/23 21:50:57 ET
Table 'Alzirr' 10-max Seat #5 is the button
Seat 5: EMALAYS ($87.38 in chips)
Seat 9: Larooo ($101.38 in chips)
EMALAYS: posts small blind $1
Larooo: posts big blind $3
*** HOLE CARDS ***
EMALAYS: folds
Uncalled bet ($2) returned to Larooo
Larooo collected $2 from pot
*** SUMMARY ***
Total pot $2 | Rake $0
Seat 5: EMALAYS (button) (small blind) folded before Flop
Seat 9: Larooo (big blind) collected ($2)


PokerStars Hand #169476256694:  Hold'em Limit ($3/$6 USD) - 2017/04/23 21:50:03 ET
Table 'Alzirr' 10-max Seat #9 is the button
Seat 5: EMALAYS ($117.38 in chips)
Seat 9: Larooo ($72.36 in chips)
Larooo: posts small blind $1
EMALAYS: posts big blind $3
*** HOLE CARDS ***
Larooo: calls $2
EMALAYS: checks
*** FLOP *** [Ac 8h 9s]
EMALAYS: bets $3
Larooo: calls $3
*** TURN *** [Ac 8h 9s] [Kc]
EMALAYS: checks
Larooo: bets $6
EMALAYS: calls $6
*** RIVER *** [Ac 8h 9s Kc] [4c]
EMALAYS: checks
Larooo: bets $6
EMALAYS: calls $6
*** SHOW DOWN ***
Larooo: shows [7c 6c] (a flush, Ace high)
EMALAYS: mucks hand
Larooo collected $35.50 from pot
*** SUMMARY ***
Total pot $36 | Rake $0.50
Board [Ac 8h 9s Kc 4c]
Seat 5: EMALAYS (big blind) mucked
Seat 9: Larooo (button) (small blind) showed [7c 6c] and won ($35.50) with a flush, Ace high


PokerStars Hand #169476273318:  Hold'em Limit ($3/$6 USD) - 2017/04/23 21:50:26 ET
Table 'Alzirr' 10-max Seat #5 is the button
Seat 5: EMALAYS ($99.38 in chips)
Seat 9: Larooo ($89.86 in chips)
EMALAYS: posts small blind $1
Larooo: posts big blind $3
*** HOLE CARDS ***
EMALAYS: raises $3 to $6
Larooo: raises $3 to $9
EMALAYS: calls $3
*** FLOP *** [Js 5d 3d]
Larooo: bets $3
EMALAYS: folds
Uncalled bet ($3) returned to Larooo
Larooo collected $17.64 from pot
*** SUMMARY ***
Total pot $18 | Rake $0.36
Board [Js 5d 3d]
Seat 5: EMALAYS (button) (small blind) folded on the Flop
Seat 9: Larooo (big blind) collected ($17.64)


PokerStars Hand #169476279386:  Hold'em Limit ($3/$6 USD) - 2017/04/23 21:50:42 ET
Table 'Alzirr' 10-max Seat #5 is the button
Seat 5: EMALAYS ($91.38 in chips)
Seat 9: Larooo ($97.50 in chips)
EMALAYS: posts small blind $1
Larooo: posts big blind $3
*** HOLE CARDS ***
EMALAYS: folds
Uncalled bet ($2) returned to Larooo
Larooo collected $2 from pot
*** SUMMARY ***
Total pot $2 | Rake $0
Seat 5: EMALAYS (button) (small blind) folded before Flop
Seat 9: Larooo (big blind) collected ($2)


PokerStars Hand #169476277434:  Hold'em Limit ($3/$6 USD) - 2017/04/23 21:50:37 ET
Table 'Alzirr' 10-max Seat #9 is the button
Seat 5: EMALAYS ($90.38 in chips)
Seat 9: Larooo ($98.50 in chips)
Larooo: posts small blind $1
EMALAYS: posts big blind $3
*** HOLE CARDS ***
Larooo: folds
Uncalled bet ($2) returned to EMALAYS
EMALAYS collected $2 from pot
EMALAYS: doesn't show hand
*** SUMMARY ***
Total pot $2 | Rake $0
Seat 5: EMALAYS (big blind) collected ($2)
Seat 9: Larooo (button) (small blind) folded before Flop


PokerStars Hand #169476281253:  Hold'em Limit ($3/$6 USD) - 2017/04/23 21:50:47 ET
Table 'Alzirr' 10-max Seat #9 is the button
Seat 5: EMALAYS ($90.38 in chips)
Seat 9: Larooo ($98.50 in chips)
Larooo: posts small blind $1
EMALAYS: posts big blind $3
*** HOLE CARDS ***
Larooo: calls $2
EMALAYS: checks
*** FLOP *** [Ad 6c Kh]
EMALAYS: checks
Larooo: bets $3
EMALAYS: folds
Uncalled bet ($3) returned to Larooo
Larooo collected $5.88 from pot
*** SUMMARY ***
Total pot $6 | Rake $0.12
Board [Ad 6c Kh]
Seat 5: EMALAYS (big blind) folded on the Flop
Seat 9: Larooo (button) (small blind) collected ($5.88)


PokerStars Hand #169476287139:  Hold'em Limit ($3/$6 USD) - 2017/04/23 21:51:02 ET
Table 'Alzirr' 10-max Seat #9 is the button
Seat 5: EMALAYS ($86.38 in chips)
Seat 9: Larooo ($102.38 in chips)
Larooo: posts small blind $1
EMALAYS: posts big blind $3
*** HOLE CARDS ***
Larooo: calls $2
EMALAYS: checks
*** FLOP *** [6d 8c 3d]
EMALAYS: checks
Larooo: checks
*** TURN *** [6d 8c 3d] [Qs]
EMALAYS: checks
Larooo: bets $6
EMALAYS: folds
Uncalled bet ($6) returned to Larooo
Larooo collected $5.88 from pot
*** SUMMARY ***
Total pot $6 | Rake $0.12
Board [6d 8c 3d Qs]
Seat 5: EMALAYS (big blind) folded on the Turn
Seat 9: Larooo (button) (small blind) collected ($5.88)


PokerStars Hand #169476298121:  Hold'em Limit ($3/$6 USD) - 2017/04/23 21:51:32 ET
Table 'Alzirr' 10-max Seat #9 is the button
Seat 5: EMALAYS ($86.38 in chips)
Seat 9: Larooo ($102.26 in chips)
Larooo: posts small blind $1
EMALAYS: posts big blind $3
*** HOLE CARDS ***
Larooo: folds
Uncalled bet ($2) returned to EMALAYS
EMALAYS collected $2 from pot
EMALAYS: doesn't show hand
*** SUMMARY ***
Total pot $2 | Rake $0
Seat 5: EMALAYS (big blind) collected ($2)
Seat 9: Larooo (button) (small blind) folded before Flop


PokerStars Hand #169476293388:  Hold'em Limit ($3/$6 USD) - 2017/04/23 21:51:19 ET
Table 'Alzirr' 10-max Seat #5 is the button
Seat 5: EMALAYS ($83.38 in chips)
Seat 9: Larooo ($105.26 in chips)
EMALAYS: posts small blind $1
Larooo: posts big blind $3
*** HOLE CARDS ***
EMALAYS: raises $3 to $6
Larooo: folds
Uncalled bet ($3) returned to EMALAYS
EMALAYS collected $6 from pot
EMALAYS: doesn't show hand
*** SUMMARY ***
Total pot $6 | Rake $0
Seat 5: EMALAYS (button) (small blind) collected ($6)
Seat 9: Larooo (big blind) folded before Flop


