PokerStars Hand #172065101581:  Hold'em Limit ($3/$6 USD) - 2017/06/21 14:29:43 ET
Table 'Alzirr' 6-max Seat #6 is the button
Seat 5: cvhrzbk ($289.90 in chips)
Seat 6: Velbor107 ($281.64 in chips)
Velbor107: posts small blind $1
makimaki: is sitting out
cvhrzbk: posts big blind $3
*** HOLE CARDS ***
Velbor107: raises $3 to $6
cvhrzbk: calls $3
*** FLOP *** [4s 3d 8d]
cvhrzbk: bets $3
Velbor107: calls $3
*** TURN *** [4s 3d 8d] [Kc]
makimaki leaves the table
cvhrzbk: bets $6
Velbor107: calls $6
*** RIVER *** [4s 3d 8d Kc] [8s]
cvhrzbk: checks
Velbor107: checks
*** SHOW DOWN ***
cvhrzbk: shows [7c 6c] (a pair of Eights)
Velbor107: shows [5d 3s] (two pair, Eights and Threes)
Velbor107 collected $29.50 from pot
*** SUMMARY ***
Total pot $30 | Rake $0.50
Board [4s 3d 8d Kc 8s]
Seat 5: cvhrzbk (big blind) showed [7c 6c] and lost with a pair of Eights
Seat 6: Velbor107 (button) (small blind) showed [5d 3s] and won ($29.50) with two pair, Eights and Threes


PokerStars Hand #172065124780:  Hold'em Limit ($3/$6 USD) - 2017/06/21 14:30:14 ET
Table 'Alzirr' 6-max Seat #6 is the button
Seat 5: cvhrzbk ($273.90 in chips)
Seat 6: Velbor107 ($297.14 in chips)
Velbor107: posts small blind $1
cvhrzbk: posts big blind $3
*** HOLE CARDS ***
Velbor107: raises $3 to $6
cvhrzbk: calls $3
*** FLOP *** [3h 8h 5c]
cvhrzbk: checks
Velbor107: bets $3
cvhrzbk: calls $3
*** TURN *** [3h 8h 5c] [9c]
cvhrzbk: checks
Velbor107: bets $6
cvhrzbk: calls $6
*** RIVER *** [3h 8h 5c 9c] [As]
cvhrzbk: checks
Velbor107: checks
*** SHOW DOWN ***
cvhrzbk: shows [6d 6s] (a pair of Sixes)
Velbor107: mucks hand
cvhrzbk collected $29.50 from pot
*** SUMMARY ***
Total pot $30 | Rake $0.50
Board [3h 8h 5c 9c As]
Seat 5: cvhrzbk (big blind) showed [6d 6s] and won ($29.50) with a pair of Sixes
Seat 6: Velbor107 (button) (small blind) mucked


PokerStars Hand #172065160812:  Hold'em Limit ($3/$6 USD) - 2017/06/21 14:31:04 ET
Table 'Alzirr' 6-max Seat #5 is the button
Seat 5: cvhrzbk ($284.40 in chips)
Seat 6: Velbor107 ($286.14 in chips)
cvhrzbk: posts small blind $1
Velbor107: posts big blind $3
*** HOLE CARDS ***
cvhrzbk: raises $3 to $6
Velbor107: folds
Uncalled bet ($3) returned to cvhrzbk
cvhrzbk collected $6 from pot
*** SUMMARY ***
Total pot $6 | Rake $0
Seat 5: cvhrzbk (button) (small blind) collected ($6)
Seat 6: Velbor107 (big blind) folded before Flop


PokerStars Hand #172065194961:  Hold'em Limit ($3/$6 USD) - 2017/06/21 14:31:51 ET
Table 'Alzirr' 6-max Seat #5 is the button
Seat 5: cvhrzbk ($281.40 in chips)
Seat 6: Velbor107 ($288.90 in chips)
cvhrzbk: posts small blind $1
Velbor107: posts big blind $3
*** HOLE CARDS ***
cvhrzbk: raises $3 to $6
Velbor107: folds
Uncalled bet ($3) returned to cvhrzbk
cvhrzbk collected $6 from pot
*** SUMMARY ***
Total pot $6 | Rake $0
Seat 5: cvhrzbk (button) (small blind) collected ($6)
Seat 6: Velbor107 (big blind) folded before Flop


PokerStars Hand #172065167454:  Hold'em Limit ($3/$6 USD) - 2017/06/21 14:31:14 ET
Table 'Alzirr' 6-max Seat #6 is the button
Seat 5: cvhrzbk ($287.40 in chips)
Seat 6: Velbor107 ($283.14 in chips)
Velbor107: posts small blind $1
cvhrzbk: posts big blind $3
*** HOLE CARDS ***
Velbor107: raises $3 to $6
cvhrzbk: calls $3
*** FLOP *** [Ac 3h Ah]
cvhrzbk: checks
Velbor107: checks
*** TURN *** [Ac 3h Ah] [6s]
cvhrzbk: checks
Velbor107: bets $6
cvhrzbk: folds
Uncalled bet ($6) returned to Velbor107
Velbor107 collected $11.76 from pot
*** SUMMARY ***
Total pot $12 | Rake $0.24
Board [Ac 3h Ah 6s]
Seat 5: cvhrzbk (big blind) folded on the Turn
Seat 6: Velbor107 (button) (small blind) collected ($11.76)


PokerStars Hand #172065199783:  Hold'em Limit ($3/$6 USD) - 2017/06/21 14:31:58 ET
Table 'Alzirr' 6-max Seat #6 is the button
Seat 5: cvhrzbk ($284.40 in chips)
Seat 6: Velbor107 ($285.90 in chips)
Velbor107: posts small blind $1
cvhrzbk: posts big blind $3
*** HOLE CARDS ***
Velbor107: folds
Uncalled bet ($2) returned to cvhrzbk
cvhrzbk collected $2 from pot
*** SUMMARY ***
Total pot $2 | Rake $0
Seat 5: cvhrzbk (big blind) collected ($2)
Seat 6: Velbor107 (button) (small blind) folded before Flop


PokerStars Hand #172065204088:  Hold'em Limit ($3/$6 USD) - 2017/06/21 14:32:04 ET
Table 'Alzirr' 6-max Seat #5 is the button
Seat 5: cvhrzbk ($285.40 in chips)
Seat 6: Velbor107 ($284.90 in chips)
cvhrzbk: posts small blind $1
Velbor107: posts big blind $3
*** HOLE CARDS ***
cvhrzbk: calls $2
Velbor107: checks
*** FLOP *** [3c 3h Qs]
Velbor107: bets $3
cvhrzbk: folds
Uncalled bet ($3) returned to Velbor107
Velbor107 collected $5.88 from pot
*** SUMMARY ***
Total pot $6 | Rake $0.12
Board [3c 3h Qs]
Seat 5: cvhrzbk (button) (small blind) folded on the Flop
Seat 6: Velbor107 (big blind) collected ($5.88)


PokerStars Hand #172065219669:  Hold'em Limit ($3/$6 USD) - 2017/06/21 14:32:26 ET
Table 'Alzirr' 6-max Seat #6 is the button
Seat 5: cvhrzbk ($282.40 in chips)
Seat 6: Velbor107 ($287.78 in chips)
Velbor107: posts small blind $1
cvhrzbk: posts big blind $3
*** HOLE CARDS ***
Velbor107: raises $3 to $6
cvhrzbk: raises $3 to $9
Velbor107: calls $3
*** FLOP *** [3c 8c 6s]
cvhrzbk: bets $3
Velbor107: folds
Uncalled bet ($3) returned to cvhrzbk
cvhrzbk collected $17.64 from pot
cvhrzbk: doesn't show hand
*** SUMMARY ***
Total pot $18 | Rake $0.36
Board [3c 8c 6s]
Seat 5: cvhrzbk (big blind) collected ($17.64)
Seat 6: Velbor107 (button) (small blind) folded on the Flop


PokerStars Hand #172065247213:  Hold'em Limit ($3/$6 USD) - 2017/06/21 14:33:04 ET
Table 'Alzirr' 6-max Seat #6 is the button
Seat 5: cvhrzbk ($279.04 in chips)
Seat 6: Velbor107 ($290.30 in chips)
Velbor107: posts small blind $1
cvhrzbk: posts big blind $3
*** HOLE CARDS ***
Velbor107: raises $3 to $6
cvhrzbk: raises $3 to $9
Velbor107: calls $3
*** FLOP *** [8h 2s 9h]
cvhrzbk: bets $3
Velbor107: calls $3
*** TURN *** [8h 2s 9h] [4s]
cvhrzbk: bets $6
Velbor107: calls $6
*** RIVER *** [8h 2s 9h 4s] [8d]
cvhrzbk: bets $6
Velbor107: calls $6
*** SHOW DOWN ***
cvhrzbk: shows [Ac Kd] (a pair of Eights)
Velbor107: shows [Qd 9c] (two pair, Nines and Eights)
Velbor107 collected $47.50 from pot
*** SUMMARY ***
Total pot $48 | Rake $0.50
Board [8h 2s 9h 4s 8d]
Seat 5: cvhrzbk (big blind) showed [Ac Kd] and lost with a pair of Eights
Seat 6: Velbor107 (button) (small blind) showed [Qd 9c] and won ($47.50) with two pair, Nines and Eights


PokerStars Hand #172065263867:  Hold'em Limit ($3/$6 USD) - 2017/06/21 14:33:27 ET
Table 'Alzirr' 6-max Seat #5 is the button
Seat 5: cvhrzbk ($255.04 in chips)
Seat 6: Velbor107 ($313.80 in chips)
cvhrzbk: posts small blind $1
Velbor107: posts big blind $3
*** HOLE CARDS ***
cvhrzbk: folds
Uncalled bet ($2) returned to Velbor107
Velbor107 collected $2 from pot
*** SUMMARY ***
Total pot $2 | Rake $0
Seat 5: cvhrzbk (button) (small blind) folded before Flop
Seat 6: Velbor107 (big blind) collected ($2)


PokerStars Hand #172065268313:  Hold'em Limit ($3/$6 USD) - 2017/06/21 14:33:33 ET
Table 'Alzirr' 6-max Seat #6 is the button
Seat 5: cvhrzbk ($254.04 in chips)
Seat 6: Velbor107 ($314.80 in chips)
Velbor107: posts small blind $1
cvhrzbk: posts big blind $3
*** HOLE CARDS ***
Velbor107: raises $3 to $6
cvhrzbk: calls $3
*** FLOP *** [3h Qd 2d]
cvhrzbk: checks
Velbor107: bets $3
cvhrzbk: folds
Uncalled bet ($3) returned to Velbor107
Velbor107 collected $11.76 from pot
*** SUMMARY ***
Total pot $12 | Rake $0.24
Board [3h Qd 2d]
Seat 5: cvhrzbk (big blind) folded on the Flop
Seat 6: Velbor107 (button) (small blind) collected ($11.76)


PokerStars Hand #172065307297:  Hold'em Limit ($3/$6 USD) - 2017/06/21 14:34:28 ET
Table 'Alzirr' 6-max Seat #5 is the button
Seat 5: cvhrzbk ($254.80 in chips)
Seat 6: Velbor107 ($313.56 in chips)
cvhrzbk: posts small blind $1
Velbor107: posts big blind $3
*** HOLE CARDS ***
cvhrzbk: folds
Uncalled bet ($2) returned to Velbor107
Velbor107 collected $2 from pot
*** SUMMARY ***
Total pot $2 | Rake $0
Seat 5: cvhrzbk (button) (small blind) folded before Flop
Seat 6: Velbor107 (big blind) collected ($2)


PokerStars Hand #172065280063:  Hold'em Limit ($3/$6 USD) - 2017/06/21 14:33:49 ET
Table 'Alzirr' 6-max Seat #5 is the button
Seat 5: cvhrzbk ($248.04 in chips)
Seat 6: Velbor107 ($320.56 in chips)
cvhrzbk: posts small blind $1
Velbor107: posts big blind $3
*** HOLE CARDS ***
cvhrzbk: calls $2
Velbor107: checks
*** FLOP *** [Kh 6h Qd]
Velbor107: bets $3
cvhrzbk: calls $3
*** TURN *** [Kh 6h Qd] [6d]
Velbor107: checks
cvhrzbk: bets $6
Velbor107: folds
Uncalled bet ($6) returned to cvhrzbk
cvhrzbk collected $11.76 from pot
cvhrzbk: doesn't show hand
*** SUMMARY ***
Total pot $12 | Rake $0.24
Board [Kh 6h Qd 6d]
Seat 5: cvhrzbk (button) (small blind) collected ($11.76)
Seat 6: Velbor107 (big blind) folded on the Turn


PokerStars Hand #172065351171:  Hold'em Limit ($3/$6 USD) - 2017/06/21 14:35:29 ET
Table 'Alzirr' 6-max Seat #5 is the button
Seat 5: cvhrzbk ($250.80 in chips)
Seat 6: Velbor107 ($317.56 in chips)
cvhrzbk: posts small blind $1
Velbor107: posts big blind $3
*** HOLE CARDS ***
cvhrzbk: raises $3 to $6
Velbor107: calls $3
*** FLOP *** [Th 9d Jc]
Velbor107: checks
cvhrzbk: bets $3
Velbor107: calls $3
*** TURN *** [Th 9d Jc] [2h]
Velbor107: checks
cvhrzbk: bets $6
Velbor107: folds
Uncalled bet ($6) returned to cvhrzbk
cvhrzbk collected $17.64 from pot
cvhrzbk: doesn't show hand
*** SUMMARY ***
Total pot $18 | Rake $0.36
Board [Th 9d Jc 2h]
Seat 5: cvhrzbk (button) (small blind) collected ($17.64)
Seat 6: Velbor107 (big blind) folded on the Turn


PokerStars Hand #172065412981:  Hold'em Limit ($3/$6 USD) - 2017/06/21 14:36:54 ET
Table 'Alzirr' 6-max Seat #6 is the button
Seat 5: cvhrzbk ($294.44 in chips)
Seat 6: Velbor107 ($272.56 in chips)
Velbor107: posts small blind $1
cvhrzbk: posts big blind $3
*** HOLE CARDS ***
Velbor107: folds
Uncalled bet ($2) returned to cvhrzbk
cvhrzbk collected $2 from pot
cvhrzbk: doesn't show hand
*** SUMMARY ***
Total pot $2 | Rake $0
Seat 5: cvhrzbk (big blind) collected ($2)
Seat 6: Velbor107 (button) (small blind) folded before Flop


PokerStars Hand #172065417901:  Hold'em Limit ($3/$6 USD) - 2017/06/21 14:37:01 ET
Table 'Alzirr' 6-max Seat #5 is the button
Seat 5: cvhrzbk ($295.44 in chips)
Seat 6: Velbor107 ($271.56 in chips)
cvhrzbk: posts small blind $1
Velbor107: posts big blind $3
*** HOLE CARDS ***
cvhrzbk: calls $2
Velbor107: raises $3 to $6
cvhrzbk: calls $3
*** FLOP *** [2s 9d Ts]
Velbor107: bets $3
cvhrzbk: folds
Uncalled bet ($3) returned to Velbor107
Velbor107 collected $11.76 from pot
*** SUMMARY ***
Total pot $12 | Rake $0.24
Board [2s 9d Ts]
Seat 5: cvhrzbk (button) (small blind) folded on the Flop
Seat 6: Velbor107 (big blind) collected ($11.76)


PokerStars Hand #172065372863:  Hold'em Limit ($3/$6 USD) - 2017/06/21 14:35:59 ET
Table 'Alzirr' 6-max Seat #6 is the button
Seat 5: cvhrzbk ($259.44 in chips)
Seat 6: Velbor107 ($308.56 in chips)
Velbor107: posts small blind $1
cvhrzbk: posts big blind $3
*** HOLE CARDS ***
Velbor107: raises $3 to $6
cvhrzbk: calls $3
*** FLOP *** [2d 5h 2s]
cvhrzbk: bets $3
Velbor107: calls $3
*** TURN *** [2d 5h 2s] [6c]
cvhrzbk: bets $6
Velbor107: raises $6 to $12
cvhrzbk: calls $6
*** RIVER *** [2d 5h 2s 6c] [3c]
cvhrzbk: checks
Velbor107: checks
*** SHOW DOWN ***
cvhrzbk: shows [9c 4h] (a straight, Deuce to Six)
Velbor107: mucks hand
cvhrzbk collected $41.50 from pot
*** SUMMARY ***
Total pot $42 | Rake $0.50
Board [2d 5h 2s 6c 3c]
Seat 5: cvhrzbk (big blind) showed [9c 4h] and won ($41.50) with a straight, Deuce to Six
Seat 6: Velbor107 (button) (small blind) mucked


PokerStars Hand #172065393158:  Hold'em Limit ($3/$6 USD) - 2017/06/21 14:36:27 ET
Table 'Alzirr' 6-max Seat #5 is the button
Seat 5: cvhrzbk ($279.94 in chips)
Seat 6: Velbor107 ($287.56 in chips)
cvhrzbk: posts small blind $1
Velbor107: posts big blind $3
*** HOLE CARDS ***
cvhrzbk: raises $3 to $6
Velbor107: calls $3
*** FLOP *** [2c Js 5d]
Velbor107: checks
cvhrzbk: bets $3
Velbor107: calls $3
*** TURN *** [2c Js 5d] [5c]
Velbor107: checks
cvhrzbk: bets $6
Velbor107: calls $6
*** RIVER *** [2c Js 5d 5c] [As]
Velbor107: checks
cvhrzbk: checks
*** SHOW DOWN ***
Velbor107: shows [7h Kc] (a pair of Fives)
cvhrzbk: shows [Td Jd] (two pair, Jacks and Fives)
cvhrzbk collected $29.50 from pot
*** SUMMARY ***
Total pot $30 | Rake $0.50
Board [2c Js 5d 5c As]
Seat 5: cvhrzbk (button) (small blind) showed [Td Jd] and won ($29.50) with two pair, Jacks and Fives
Seat 6: Velbor107 (big blind) showed [7h Kc] and lost with a pair of Fives


PokerStars Hand #172065456752:  Hold'em Limit ($3/$6 USD) - 2017/06/21 14:37:54 ET
Table 'Alzirr' 6-max Seat #5 is the button
Seat 5: cvhrzbk ($315.94 in chips)
Seat 6: Velbor107 ($250.32 in chips)
cvhrzbk: posts small blind $1
Velbor107: posts big blind $3
*** HOLE CARDS ***
cvhrzbk: calls $2
Velbor107: checks
*** FLOP *** [Ts 4d 2h]
Velbor107: checks
cvhrzbk: checks
*** TURN *** [Ts 4d 2h] [8d]
Velbor107: bets $6
cvhrzbk: folds
Uncalled bet ($6) returned to Velbor107
Velbor107 collected $5.88 from pot
*** SUMMARY ***
Total pot $6 | Rake $0.12
Board [Ts 4d 2h 8d]
Seat 5: cvhrzbk (button) (small blind) folded on the Turn
Seat 6: Velbor107 (big blind) collected ($5.88)


PokerStars Hand #172065430343:  Hold'em Limit ($3/$6 USD) - 2017/06/21 14:37:18 ET
Table 'Alzirr' 6-max Seat #6 is the button
Seat 5: cvhrzbk ($289.44 in chips)
Seat 6: Velbor107 ($277.32 in chips)
Velbor107: posts small blind $1
cvhrzbk: posts big blind $3
*** HOLE CARDS ***
Velbor107: raises $3 to $6
cvhrzbk: calls $3
*** FLOP *** [Ts 3d 9d]
cvhrzbk: bets $3
Velbor107: calls $3
*** TURN *** [Ts 3d 9d] [6c]
cvhrzbk: bets $6
Velbor107: calls $6
*** RIVER *** [Ts 3d 9d 6c] [Qd]
cvhrzbk: bets $6
Velbor107: raises $6 to $12
cvhrzbk: calls $6
*** SHOW DOWN ***
Velbor107: shows [8h Ah] (high card Ace)
cvhrzbk: shows [6s Td] (two pair, Tens and Sixes)
cvhrzbk collected $53.50 from pot
*** SUMMARY ***
Total pot $54 | Rake $0.50
Board [Ts 3d 9d 6c Qd]
Seat 5: cvhrzbk (big blind) showed [6s Td] and won ($53.50) with two pair, Tens and Sixes
Seat 6: Velbor107 (button) (small blind) showed [8h Ah] and lost with high card Ace


PokerStars Hand #172065493339:  Hold'em Limit ($3/$6 USD) - 2017/06/21 14:38:45 ET
Table 'Alzirr' 6-max Seat #6 is the button
Seat 5: cvhrzbk ($305.94 in chips)
Seat 6: Velbor107 ($259.96 in chips)
Velbor107: posts small blind $1
cvhrzbk: posts big blind $3
*** HOLE CARDS ***
Velbor107: raises $3 to $6
cvhrzbk: calls $3
*** FLOP *** [9d 2h Ts]
cvhrzbk: checks
Velbor107: bets $3
cvhrzbk: folds
Uncalled bet ($3) returned to Velbor107
Velbor107 collected $11.76 from pot
*** SUMMARY ***
Total pot $12 | Rake $0.24
Board [9d 2h Ts]
Seat 5: cvhrzbk (big blind) folded on the Flop
Seat 6: Velbor107 (button) (small blind) collected ($11.76)


PokerStars Hand #172065470643:  Hold'em Limit ($3/$6 USD) - 2017/06/21 14:38:13 ET
Table 'Alzirr' 6-max Seat #6 is the button
Seat 5: cvhrzbk ($312.94 in chips)
Seat 6: Velbor107 ($253.20 in chips)
Velbor107: posts small blind $1
cvhrzbk: posts big blind $3
*** HOLE CARDS ***
Velbor107: raises $3 to $6
cvhrzbk: calls $3
*** FLOP *** [6c 4s 6h]
cvhrzbk: checks
Velbor107: checks
*** TURN *** [6c 4s 6h] [Ac]
cvhrzbk: checks
Velbor107: bets $6
cvhrzbk: folds
Uncalled bet ($6) returned to Velbor107
Velbor107 collected $11.76 from pot
*** SUMMARY ***
Total pot $12 | Rake $0.24
Board [6c 4s 6h Ac]
Seat 5: cvhrzbk (big blind) folded on the Turn
Seat 6: Velbor107 (button) (small blind) collected ($11.76)


PokerStars Hand #172065487815:  Hold'em Limit ($3/$6 USD) - 2017/06/21 14:38:37 ET
Table 'Alzirr' 6-max Seat #5 is the button
Seat 5: cvhrzbk ($306.94 in chips)
Seat 6: Velbor107 ($258.96 in chips)
cvhrzbk: posts small blind $1
Velbor107: posts big blind $3
*** HOLE CARDS ***
cvhrzbk: folds
Uncalled bet ($2) returned to Velbor107
Velbor107 collected $2 from pot
*** SUMMARY ***
Total pot $2 | Rake $0
Seat 5: cvhrzbk (button) (small blind) folded before Flop
Seat 6: Velbor107 (big blind) collected ($2)


PokerStars Hand #172065551459:  Hold'em Limit ($3/$6 USD) - 2017/06/21 14:40:04 ET
Table 'Alzirr' 6-max Seat #5 is the button
Seat 5: cvhrzbk ($317.22 in chips)
Seat 6: Velbor107 ($247.72 in chips)
cvhrzbk: posts small blind $1
Velbor107: posts big blind $3
*** HOLE CARDS ***
belik555 joins the table at seat #1
cvhrzbk: calls $2
Velbor107: checks
*** FLOP *** [7s 7c 5d]
Velbor107: bets $3
cvhrzbk: calls $3
*** TURN *** [7s 7c 5d] [6d]
Velbor107: checks
cvhrzbk has timed out while being disconnected
cvhrzbk: checks
*** RIVER *** [7s 7c 5d 6d] [6s]
cvhrzbk is disconnected
Velbor107: checks
cvhrzbk has timed out while disconnected
cvhrzbk: checks
*** SHOW DOWN ***
Velbor107: shows [3c 9c] (two pair, Sevens and Sixes)
cvhrzbk: shows [Jc 8s] (two pair, Sevens and Sixes - Jack kicker)
cvhrzbk collected $11.76 from pot
*** SUMMARY ***
Total pot $12 | Rake $0.24
Board [7s 7c 5d 6d 6s]
Seat 5: cvhrzbk (button) (small blind) showed [Jc 8s] and won ($11.76) with two pair, Sevens and Sixes
Seat 6: Velbor107 (big blind) showed [3c 9c] and lost with two pair, Sevens and Sixes


PokerStars Hand #172065950014:  Hold'em Limit ($3/$6 USD) - 2017/06/21 14:49:07 ET
Table 'Alzirr' 6-max Seat #6 is the button
Seat 1: belik555 ($108.01 in chips)
Seat 6: Velbor107 ($265.62 in chips)
Velbor107: posts small blind $1
belik555: posts big blind $3
*** HOLE CARDS ***
SALZHERZ joins the table at seat #2
Velbor107: folds
Uncalled bet ($2) returned to belik555
belik555 collected $2 from pot
belik555: doesn't show hand
*** SUMMARY ***
Total pot $2 | Rake $0
Seat 1: belik555 (big blind) collected ($2)
Seat 6: Velbor107 (button) (small blind) folded before Flop


PokerStars Hand #172065934392:  Hold'em Limit ($3/$6 USD) - 2017/06/21 14:48:46 ET
Table 'Alzirr' 6-max Seat #1 is the button
Seat 1: belik555 ($102.25 in chips)
Seat 6: Velbor107 ($271.62 in chips)
belik555: posts small blind $1
Velbor107: posts big blind $3
*** HOLE CARDS ***
belik555: raises $3 to $6
Velbor107: calls $3
*** FLOP *** [Qc 4d Tc]
Velbor107: checks
belik555: bets $3
Velbor107: folds
Uncalled bet ($3) returned to belik555
belik555 collected $11.76 from pot
belik555: doesn't show hand
*** SUMMARY ***
Total pot $12 | Rake $0.24
Board [Qc 4d Tc]
Seat 1: belik555 (button) (small blind) collected ($11.76)
Seat 6: Velbor107 (big blind) folded on the Flop


PokerStars Hand #172068524050:  Hold'em Limit ($3/$6 USD) - 2017/06/21 15:45:48 ET
Table 'Alzirr' 6-max Seat #5 is the button
Seat 3: cvhrzbk ($106.21 in chips)
Seat 5: GoliafUa ($120 in chips)
GoliafUa: posts small blind $1
cvhrzbk: posts big blind $3
*** HOLE CARDS ***
GoliafUa: raises $3 to $6
cvhrzbk: calls $3
*** FLOP *** [Qd Kc 7s]
cvhrzbk: checks
GoliafUa: bets $3
cvhrzbk: folds
Uncalled bet ($3) returned to GoliafUa
GoliafUa collected $11.76 from pot
GoliafUa: doesn't show hand
*** SUMMARY ***
Total pot $12 | Rake $0.24
Board [Qd Kc 7s]
Seat 3: cvhrzbk (big blind) folded on the Flop
Seat 5: GoliafUa (button) (small blind) collected ($11.76)


PokerStars Hand #172068563084:  Hold'em Limit ($3/$6 USD) - 2017/06/21 15:46:39 ET
Table 'Alzirr' 6-max Seat #3 is the button
Seat 3: cvhrzbk ($117.71 in chips)
Seat 5: GoliafUa ($107.52 in chips)
cvhrzbk: posts small blind $1
GoliafUa: posts big blind $3
*** HOLE CARDS ***
cvhrzbk: folds
Uncalled bet ($2) returned to GoliafUa
GoliafUa collected $2 from pot
GoliafUa: doesn't show hand
*** SUMMARY ***
Total pot $2 | Rake $0
Seat 3: cvhrzbk (button) (small blind) folded before Flop
Seat 5: GoliafUa (big blind) collected ($2)


PokerStars Hand #172068551673:  Hold'em Limit ($3/$6 USD) - 2017/06/21 15:46:24 ET
Table 'Alzirr' 6-max Seat #5 is the button
Seat 3: cvhrzbk ($123.71 in chips)
Seat 5: GoliafUa ($101.76 in chips)
GoliafUa: posts small blind $1
cvhrzbk: posts big blind $3
*** HOLE CARDS ***
GoliafUa: raises $3 to $6
cvhrzbk: calls $3
*** FLOP *** [3h Th Kh]
cvhrzbk: checks
GoliafUa: bets $3
cvhrzbk: folds
Uncalled bet ($3) returned to GoliafUa
GoliafUa collected $11.76 from pot
GoliafUa: doesn't show hand
*** SUMMARY ***
Total pot $12 | Rake $0.24
Board [3h Th Kh]
Seat 3: cvhrzbk (big blind) folded on the Flop
Seat 5: GoliafUa (button) (small blind) collected ($11.76)


PokerStars Hand #172068534889:  Hold'em Limit ($3/$6 USD) - 2017/06/21 15:46:02 ET
Table 'Alzirr' 6-max Seat #3 is the button
Seat 3: cvhrzbk ($100.21 in chips)
Seat 5: GoliafUa ($125.76 in chips)
cvhrzbk: posts small blind $1
GoliafUa: posts big blind $3
*** HOLE CARDS ***
cvhrzbk: raises $3 to $6
GoliafUa: raises $3 to $9
cvhrzbk: calls $3
*** FLOP *** [Kc 8s 6s]
GoliafUa: bets $3
cvhrzbk: calls $3
*** TURN *** [Kc 8s 6s] [9h]
GoliafUa: bets $6
cvhrzbk: raises $6 to $12
GoliafUa: calls $6
*** RIVER *** [Kc 8s 6s 9h] [4h]
GoliafUa: checks
cvhrzbk: bets $6
GoliafUa: folds
Uncalled bet ($6) returned to cvhrzbk
cvhrzbk collected $47.50 from pot
cvhrzbk: doesn't show hand
*** SUMMARY ***
Total pot $48 | Rake $0.50
Board [Kc 8s 6s 9h 4h]
Seat 3: cvhrzbk (button) (small blind) collected ($47.50)
Seat 5: GoliafUa (big blind) folded on the River


PokerStars Hand #172068620135:  Hold'em Limit ($3/$6 USD) - 2017/06/21 15:47:51 ET
Table 'Alzirr' 6-max Seat #3 is the button
Seat 3: cvhrzbk ($149.85 in chips)
Seat 5: GoliafUa ($134.28 in chips)
cvhrzbk: posts small blind $1
GoliafUa: posts big blind $3
*** HOLE CARDS ***
cvhrzbk: folds
Uncalled bet ($2) returned to GoliafUa
GoliafUa collected $2 from pot
GoliafUa: doesn't show hand
*** SUMMARY ***
Total pot $2 | Rake $0
Seat 3: cvhrzbk (button) (small blind) folded before Flop
Seat 5: GoliafUa (big blind) collected ($2)


PokerStars Hand #172068606975:  Hold'em Limit ($3/$6 USD) - 2017/06/21 15:47:35 ET
Table 'Alzirr' 6-max Seat #5 is the button
Seat 3: cvhrzbk ($155.85 in chips)
Seat 5: GoliafUa ($128.52 in chips)
GoliafUa: posts small blind $1
cvhrzbk: posts big blind $3
*** HOLE CARDS ***
GoliafUa: raises $3 to $6
cvhrzbk: calls $3
*** FLOP *** [3d Th Qc]
cvhrzbk: checks
GoliafUa: bets $3
cvhrzbk: folds
Uncalled bet ($3) returned to GoliafUa
GoliafUa collected $11.76 from pot
GoliafUa: doesn't show hand
*** SUMMARY ***
Total pot $12 | Rake $0.24
Board [3d Th Qc]
Seat 3: cvhrzbk (big blind) folded on the Flop
Seat 5: GoliafUa (button) (small blind) collected ($11.76)


PokerStars Hand #172068593484:  Hold'em Limit ($3/$6 USD) - 2017/06/21 15:47:18 ET
Table 'Alzirr' 6-max Seat #3 is the button
Seat 3: cvhrzbk ($147.21 in chips)
Seat 5: GoliafUa ($137.52 in chips)
cvhrzbk: posts small blind $1
GoliafUa: posts big blind $3
*** HOLE CARDS ***
cvhrzbk: calls $2
GoliafUa: raises $3 to $6
cvhrzbk: calls $3
*** FLOP *** [7c 5c 4d]
GoliafUa: bets $3
cvhrzbk: calls $3
*** TURN *** [7c 5c 4d] [2d]
GoliafUa: checks
cvhrzbk: bets $6
GoliafUa: folds
Uncalled bet ($6) returned to cvhrzbk
cvhrzbk collected $17.64 from pot
*** SUMMARY ***
Total pot $18 | Rake $0.36
Board [7c 5c 4d 2d]
Seat 3: cvhrzbk (button) (small blind) collected ($17.64)
Seat 5: GoliafUa (big blind) folded on the Turn


PokerStars Hand #172068589614:  Hold'em Limit ($3/$6 USD) - 2017/06/21 15:47:12 ET
Table 'Alzirr' 6-max Seat #5 is the button
Seat 3: cvhrzbk ($146.21 in chips)
Seat 5: GoliafUa ($78.52 in chips)
GoliafUa: posts small blind $1
cvhrzbk: posts big blind $3
*** HOLE CARDS ***
GoliafUa: folds
Uncalled bet ($2) returned to cvhrzbk
cvhrzbk collected $2 from pot
cvhrzbk: doesn't show hand
*** SUMMARY ***
Total pot $2 | Rake $0
Seat 3: cvhrzbk (big blind) collected ($2)
Seat 5: GoliafUa (button) (small blind) folded before Flop


PokerStars Hand #172068584205:  Hold'em Limit ($3/$6 USD) - 2017/06/21 15:47:06 ET
Table 'Alzirr' 6-max Seat #3 is the button
Seat 3: cvhrzbk ($143.21 in chips)
Seat 5: GoliafUa ($81.52 in chips)
cvhrzbk: posts small blind $1
GoliafUa: posts big blind $3
*** HOLE CARDS ***
cvhrzbk: raises $3 to $6
GoliafUa: folds
Uncalled bet ($3) returned to cvhrzbk
cvhrzbk collected $6 from pot
cvhrzbk: doesn't show hand
*** SUMMARY ***
Total pot $6 | Rake $0
Seat 3: cvhrzbk (button) (small blind) collected ($6)
Seat 5: GoliafUa (big blind) folded before Flop


PokerStars Hand #172068567408:  Hold'em Limit ($3/$6 USD) - 2017/06/21 15:46:44 ET
Table 'Alzirr' 6-max Seat #5 is the button
Seat 3: cvhrzbk ($116.71 in chips)
Seat 5: GoliafUa ($108.52 in chips)
GoliafUa: posts small blind $1
cvhrzbk: posts big blind $3
*** HOLE CARDS ***
GoliafUa: raises $3 to $6
cvhrzbk: calls $3
*** FLOP *** [Tc 2h 9s]
cvhrzbk: bets $3
GoliafUa: calls $3
*** TURN *** [Tc 2h 9s] [4h]
cvhrzbk: bets $6
GoliafUa: raises $6 to $12
cvhrzbk: calls $6
*** RIVER *** [Tc 2h 9s 4h] [6s]
cvhrzbk: bets $6
GoliafUa: calls $6
*** SHOW DOWN ***
cvhrzbk: shows [8h 7s] (a straight, Six to Ten)
GoliafUa: mucks hand
cvhrzbk collected $53.50 from pot
*** SUMMARY ***
Total pot $54 | Rake $0.50
Board [Tc 2h 9s 4h 6s]
Seat 3: cvhrzbk (big blind) showed [8h 7s] and won ($53.50) with a straight, Six to Ten
Seat 5: GoliafUa (button) (small blind) mucked


PokerStars Hand #172068659271:  Hold'em Limit ($3/$6 USD) - 2017/06/21 15:48:41 ET
Table 'Alzirr' 6-max Seat #3 is the button
Seat 3: cvhrzbk ($154.35 in chips)
Seat 5: GoliafUa ($128.92 in chips)
cvhrzbk: posts small blind $1
GoliafUa: posts big blind $3
*** HOLE CARDS ***
cvhrzbk: calls $2
GoliafUa: checks
*** FLOP *** [3c 2s 8h]
GoliafUa: bets $3
cvhrzbk: calls $3
*** TURN *** [3c 2s 8h] [Kc]
GoliafUa: bets $6
cvhrzbk: folds
Uncalled bet ($6) returned to GoliafUa
GoliafUa collected $11.76 from pot
GoliafUa: doesn't show hand
*** SUMMARY ***
Total pot $12 | Rake $0.24
Board [3c 2s 8h Kc]
Seat 3: cvhrzbk (button) (small blind) folded on the Turn
Seat 5: GoliafUa (big blind) collected ($11.76)


PokerStars Hand #172068645343:  Hold'em Limit ($3/$6 USD) - 2017/06/21 15:48:23 ET
Table 'Alzirr' 6-max Seat #5 is the button
Seat 3: cvhrzbk ($163.35 in chips)
Seat 5: GoliafUa ($120.28 in chips)
GoliafUa: posts small blind $1
cvhrzbk: posts big blind $3
*** HOLE CARDS ***
GoliafUa: raises $3 to $6
cvhrzbk: calls $3
*** FLOP *** [7d Jc 5c]
cvhrzbk: checks
GoliafUa: bets $3
cvhrzbk: calls $3
*** TURN *** [7d Jc 5c] [Ts]
cvhrzbk: checks
GoliafUa: bets $6
cvhrzbk: folds
Uncalled bet ($6) returned to GoliafUa
GoliafUa collected $17.64 from pot
GoliafUa: doesn't show hand
*** SUMMARY ***
Total pot $18 | Rake $0.36
Board [7d Jc 5c Ts]
Seat 3: cvhrzbk (big blind) folded on the Turn
Seat 5: GoliafUa (button) (small blind) collected ($17.64)


PokerStars Hand #172068631008:  Hold'em Limit ($3/$6 USD) - 2017/06/21 15:48:05 ET
Table 'Alzirr' 6-max Seat #3 is the button
Seat 3: cvhrzbk ($145.85 in chips)
Seat 5: GoliafUa ($138.28 in chips)
cvhrzbk: posts small blind $1
GoliafUa: posts big blind $3
*** HOLE CARDS ***
cvhrzbk: calls $2
GoliafUa: checks
*** FLOP *** [2c Jc 9c]
GoliafUa: bets $3
cvhrzbk: calls $3
*** TURN *** [2c Jc 9c] [Kh]
GoliafUa: bets $6
cvhrzbk: calls $6
*** RIVER *** [2c Jc 9c Kh] [4s]
GoliafUa: bets $6
cvhrzbk: calls $6
*** SHOW DOWN ***
GoliafUa: shows [Jd 6h] (a pair of Jacks)
cvhrzbk: shows [Ts Js] (a pair of Jacks - King+Ten kicker)
cvhrzbk collected $35.50 from pot
*** SUMMARY ***
Total pot $36 | Rake $0.50
Board [2c Jc 9c Kh 4s]
Seat 3: cvhrzbk (button) (small blind) showed [Ts Js] and won ($35.50) with a pair of Jacks
Seat 5: GoliafUa (big blind) showed [Jd 6h] and lost with a pair of Jacks


PokerStars Hand #172068625629:  Hold'em Limit ($3/$6 USD) - 2017/06/21 15:47:58 ET
Table 'Alzirr' 6-max Seat #5 is the button
Seat 3: cvhrzbk ($148.85 in chips)
Seat 5: GoliafUa ($135.28 in chips)
GoliafUa: posts small blind $1
cvhrzbk: posts big blind $3
*** HOLE CARDS ***
GoliafUa: raises $3 to $6
cvhrzbk: folds
Uncalled bet ($3) returned to GoliafUa
GoliafUa collected $6 from pot
GoliafUa: doesn't show hand
*** SUMMARY ***
Total pot $6 | Rake $0
Seat 3: cvhrzbk (big blind) folded before Flop
Seat 5: GoliafUa (button) (small blind) collected ($6)


PokerStars Hand #172068701300:  Hold'em Limit ($3/$6 USD) - 2017/06/21 15:49:35 ET
Table 'Alzirr' 6-max Seat #3 is the button
Seat 3: cvhrzbk ($134.99 in chips)
Seat 5: GoliafUa ($147.18 in chips)
cvhrzbk: posts small blind $1
GoliafUa: posts big blind $3
*** HOLE CARDS ***
cvhrzbk: calls $2
GoliafUa: checks
*** FLOP *** [5d Tc Ad]
GoliafUa: bets $3
cvhrzbk: calls $3
*** TURN *** [5d Tc Ad] [9h]
GoliafUa: checks
cvhrzbk: checks
*** RIVER *** [5d Tc Ad 9h] [6c]
GoliafUa: checks
cvhrzbk: checks
*** SHOW DOWN ***
GoliafUa: shows [9d 4c] (a pair of Nines)
cvhrzbk: mucks hand
GoliafUa collected $11.76 from pot
*** SUMMARY ***
Total pot $12 | Rake $0.24
Board [5d Tc Ad 9h 6c]
Seat 3: cvhrzbk (button) (small blind) mucked
Seat 5: GoliafUa (big blind) showed [9d 4c] and won ($11.76) with a pair of Nines


PokerStars Hand #172068688606:  Hold'em Limit ($3/$6 USD) - 2017/06/21 15:49:19 ET
Table 'Alzirr' 6-max Seat #5 is the button
Seat 3: cvhrzbk ($155.99 in chips)
Seat 5: GoliafUa ($126.68 in chips)
GoliafUa: posts small blind $1
cvhrzbk: posts big blind $3
*** HOLE CARDS ***
GoliafUa: raises $3 to $6
cvhrzbk: calls $3
*** FLOP *** [7h 3h Th]
cvhrzbk: bets $3
GoliafUa: calls $3
*** TURN *** [7h 3h Th] [9d]
cvhrzbk: bets $6
GoliafUa: calls $6
*** RIVER *** [7h 3h Th 9d] [5c]
cvhrzbk: bets $6
GoliafUa: calls $6
*** SHOW DOWN ***
cvhrzbk: shows [7c 8d] (a pair of Sevens)
GoliafUa: shows [Ks 9h] (a pair of Nines)
GoliafUa collected $41.50 from pot
*** SUMMARY ***
Total pot $42 | Rake $0.50
Board [7h 3h Th 9d 5c]
Seat 3: cvhrzbk (big blind) showed [7c 8d] and lost with a pair of Sevens
Seat 5: GoliafUa (button) (small blind) showed [Ks 9h] and won ($41.50) with a pair of Nines


PokerStars Hand #172068684141:  Hold'em Limit ($3/$6 USD) - 2017/06/21 15:49:13 ET
Table 'Alzirr' 6-max Seat #3 is the button
Seat 3: cvhrzbk ($156.99 in chips)
Seat 5: GoliafUa ($125.68 in chips)
cvhrzbk: posts small blind $1
GoliafUa: posts big blind $3
*** HOLE CARDS ***
cvhrzbk: folds
Uncalled bet ($2) returned to GoliafUa
GoliafUa collected $2 from pot
GoliafUa: doesn't show hand
*** SUMMARY ***
Total pot $2 | Rake $0
Seat 3: cvhrzbk (button) (small blind) folded before Flop
Seat 5: GoliafUa (big blind) collected ($2)


PokerStars Hand #172068672941:  Hold'em Limit ($3/$6 USD) - 2017/06/21 15:48:59 ET
Table 'Alzirr' 6-max Seat #5 is the button
Seat 3: cvhrzbk ($148.35 in chips)
Seat 5: GoliafUa ($134.68 in chips)
GoliafUa: posts small blind $1
cvhrzbk: posts big blind $3
*** HOLE CARDS ***
GoliafUa: raises $3 to $6
cvhrzbk: raises $3 to $9
GoliafUa: calls $3
*** FLOP *** [6h 7d Jh]
cvhrzbk: bets $3
GoliafUa: folds
Uncalled bet ($3) returned to cvhrzbk
cvhrzbk collected $17.64 from pot
*** SUMMARY ***
Total pot $18 | Rake $0.36
Board [6h 7d Jh]
Seat 3: cvhrzbk (big blind) collected ($17.64)
Seat 5: GoliafUa (button) (small blind) folded on the Flop


PokerStars Hand #172068714991:  Hold'em Limit ($3/$6 USD) - 2017/06/21 15:49:52 ET
Table 'Alzirr' 6-max Seat #5 is the button
Seat 3: cvhrzbk ($128.99 in chips)
Seat 5: GoliafUa ($152.94 in chips)
GoliafUa: posts small blind $1
cvhrzbk: posts big blind $3
*** HOLE CARDS ***
GoliafUa: raises $3 to $6
cvhrzbk: calls $3
*** FLOP *** [Ks Jh Kh]
cvhrzbk: checks
GoliafUa: bets $3
cvhrzbk: calls $3
*** TURN *** [Ks Jh Kh] [3c]
cvhrzbk: checks
GoliafUa: checks
*** RIVER *** [Ks Jh Kh 3c] [4c]
cvhrzbk: bets $6
GoliafUa: folds
Uncalled bet ($6) returned to cvhrzbk
cvhrzbk collected $17.64 from pot
vlaprok joins the table at seat #4
cvhrzbk: doesn't show hand
*** SUMMARY ***
Total pot $18 | Rake $0.36
Board [Ks Jh Kh 3c 4c]
Seat 3: cvhrzbk (big blind) collected ($17.64)
Seat 5: GoliafUa (button) (small blind) folded on the River


PokerStars Hand #172073265492:  Hold'em Limit ($3/$6 USD) - 2017/06/21 17:30:33 ET
Table 'Alzirr' 6-max Seat #4 is the button
Seat 2: krytalex ($103.09 in chips)
Seat 4: Huai Khwang ($177.28 in chips)
Huai Khwang: posts small blind $1
krytalex: posts big blind $3
*** HOLE CARDS ***
Huai Khwang: raises $3 to $6
krytalex: calls $3
*** FLOP *** [2h 4c 8c]
krytalex: checks
Huai Khwang: bets $3
krytalex: folds
Uncalled bet ($3) returned to Huai Khwang
Huai Khwang collected $11.76 from pot
Huai Khwang: doesn't show hand
*** SUMMARY ***
Total pot $12 | Rake $0.24
Board [2h 4c 8c]
Seat 2: krytalex (big blind) folded on the Flop
Seat 4: Huai Khwang (button) (small blind) collected ($11.76)


PokerStars Hand #172073261646:  Hold'em Limit ($3/$6 USD) - 2017/06/21 17:30:28 ET
Table 'Alzirr' 6-max Seat #2 is the button
Seat 2: krytalex ($104.09 in chips)
Seat 4: Huai Khwang ($176.28 in chips)
krytalex: posts small blind $1
Huai Khwang: posts big blind $3
*** HOLE CARDS ***
krytalex: folds
Uncalled bet ($2) returned to Huai Khwang
Huai Khwang collected $2 from pot
Huai Khwang: doesn't show hand
*** SUMMARY ***
Total pot $2 | Rake $0
Seat 2: krytalex (button) (small blind) folded before Flop
Seat 4: Huai Khwang (big blind) collected ($2)


PokerStars Hand #172073253760:  Hold'em Limit ($3/$6 USD) - 2017/06/21 17:30:17 ET
Table 'Alzirr' 6-max Seat #4 is the button
Seat 2: krytalex ($107.09 in chips)
Seat 4: Huai Khwang ($173.28 in chips)
Huai Khwang: posts small blind $1
vlaprok: is sitting out
krytalex: posts big blind $3
*** HOLE CARDS ***
vlaprok leaves the table
Huai Khwang: raises $3 to $6
krytalex: folds
Uncalled bet ($3) returned to Huai Khwang
Huai Khwang collected $6 from pot
Huai Khwang: doesn't show hand
*** SUMMARY ***
Total pot $6 | Rake $0
Seat 2: krytalex (big blind) folded before Flop
Seat 4: Huai Khwang (button) (small blind) collected ($6)


PokerStars Hand #172073284584:  Hold'em Limit ($3/$6 USD) - 2017/06/21 17:30:59 ET
Table 'Alzirr' 6-max Seat #2 is the button
Seat 2: krytalex ($97.09 in chips)
Seat 4: Huai Khwang ($183.04 in chips)
krytalex: posts small blind $1
Huai Khwang: posts big blind $3
*** HOLE CARDS ***
krytalex: raises $3 to $6
Huai Khwang: folds
Uncalled bet ($3) returned to krytalex
krytalex collected $6 from pot
*** SUMMARY ***
Total pot $6 | Rake $0
Seat 2: krytalex (button) (small blind) collected ($6)
Seat 4: Huai Khwang (big blind) folded before Flop


PokerStars Hand #172073290785:  Hold'em Limit ($3/$6 USD) - 2017/06/21 17:31:07 ET
Table 'Alzirr' 6-max Seat #4 is the button
Seat 2: krytalex ($100.09 in chips)
Seat 4: Huai Khwang ($180.04 in chips)
Huai Khwang: posts small blind $1
krytalex: posts big blind $3
*** HOLE CARDS ***
Huai Khwang: raises $3 to $6
krytalex: raises $3 to $9
Huai Khwang: calls $3
*** FLOP *** [9c 3s 7c]
krytalex: bets $3
Huai Khwang: calls $3
*** TURN *** [9c 3s 7c] [2d]
krytalex: bets $6
Huai Khwang: calls $6
*** RIVER *** [9c 3s 7c 2d] [4s]
krytalex: checks
Huai Khwang: bets $6
krytalex: calls $6
*** SHOW DOWN ***
Huai Khwang: shows [7d Qd] (a pair of Sevens)
krytalex: mucks hand
Huai Khwang collected $47.50 from pot
*** SUMMARY ***
Total pot $48 | Rake $0.50
Board [9c 3s 7c 2d 4s]
Seat 2: krytalex (big blind) mucked
Seat 4: Huai Khwang (button) (small blind) showed [7d Qd] and won ($47.50) with a pair of Sevens


PokerStars Hand #172073318484:  Hold'em Limit ($3/$6 USD) - 2017/06/21 17:31:45 ET
Table 'Alzirr' 6-max Seat #4 is the button
Seat 2: krytalex ($75.09 in chips)
Seat 4: Huai Khwang ($204.54 in chips)
Huai Khwang: posts small blind $1
krytalex: posts big blind $3
*** HOLE CARDS ***
Huai Khwang: folds
Uncalled bet ($2) returned to krytalex
krytalex collected $2 from pot
*** SUMMARY ***
Total pot $2 | Rake $0
Seat 2: krytalex (big blind) collected ($2)
Seat 4: Huai Khwang (button) (small blind) folded before Flop


PokerStars Hand #172073307147:  Hold'em Limit ($3/$6 USD) - 2017/06/21 17:31:30 ET
Table 'Alzirr' 6-max Seat #2 is the button
Seat 2: krytalex ($76.09 in chips)
Seat 4: Huai Khwang ($203.54 in chips)
krytalex: posts small blind $1
Huai Khwang: posts big blind $3
*** HOLE CARDS ***
krytalex: folds
Uncalled bet ($2) returned to Huai Khwang
Huai Khwang collected $2 from pot
Huai Khwang: doesn't show hand
*** SUMMARY ***
Total pot $2 | Rake $0
Seat 2: krytalex (button) (small blind) folded before Flop
Seat 4: Huai Khwang (big blind) collected ($2)


PokerStars Hand #172073321993:  Hold'em Limit ($3/$6 USD) - 2017/06/21 17:31:50 ET
Table 'Alzirr' 6-max Seat #2 is the button
Seat 2: krytalex ($76.09 in chips)
Seat 4: Huai Khwang ($203.54 in chips)
MATEKATA2 joins the table at seat #6
krytalex: posts small blind $1
Huai Khwang: posts big blind $3
*** HOLE CARDS ***
krytalex: raises $3 to $6
Huai Khwang: calls $3
*** FLOP *** [3h Jh 2c]
Huai Khwang: checks
krytalex: bets $3
Huai Khwang: folds
Uncalled bet ($3) returned to krytalex
krytalex collected $11.76 from pot
*** SUMMARY ***
Total pot $12 | Rake $0.24
Board [3h Jh 2c]
Seat 2: krytalex (button) (small blind) collected ($11.76)
Seat 4: Huai Khwang (big blind) folded on the Flop


PokerStars Hand #172074412364:  Hold'em Limit ($3/$6 USD) - 2017/06/21 17:57:42 ET
Table 'Alzirr' 6-max Seat #2 is the button
Seat 2: krytalex ($97.60 in chips)
Seat 4: Huai Khwang ($180.70 in chips)
krytalex: posts small blind $1
Huai Khwang: posts big blind $3
*** HOLE CARDS ***
krytalex: raises $3 to $6
Huai Khwang: calls $3
*** FLOP *** [9s 3c Kd]
Huai Khwang: checks
krytalex: bets $3
Huai Khwang: folds
Uncalled bet ($3) returned to krytalex
krytalex collected $11.76 from pot
*** SUMMARY ***
Total pot $12 | Rake $0.24
Board [9s 3c Kd]
Seat 2: krytalex (button) (small blind) collected ($11.76)
Seat 4: Huai Khwang (big blind) folded on the Flop


PokerStars Hand #172074449495:  Hold'em Limit ($3/$6 USD) - 2017/06/21 17:58:46 ET
Table 'Alzirr' 6-max Seat #4 is the button
Seat 2: krytalex ($91.12 in chips)
Seat 4: Huai Khwang ($186.20 in chips)
Huai Khwang: posts small blind $1
krytalex: posts big blind $3
*** HOLE CARDS ***
Huai Khwang: raises $3 to $6
krytalex: raises $3 to $9
Huai Khwang: calls $3
*** FLOP *** [9d 9h 8c]
krytalex: bets $3
Huai Khwang: calls $3
*** TURN *** [9d 9h 8c] [9c]
krytalex: bets $6
Huai Khwang: calls $6
*** RIVER *** [9d 9h 8c 9c] [9s]
krytalex: bets $6
Huai Khwang: calls $6
*** SHOW DOWN ***
krytalex: shows [Td As] (four of a kind, Nines)
Huai Khwang: mucks hand
krytalex collected $47.50 from pot
*** SUMMARY ***
Total pot $48 | Rake $0.50
Board [9d 9h 8c 9c 9s]
Seat 2: krytalex (big blind) showed [Td As] and won ($47.50) with four of a kind, Nines
Seat 4: Huai Khwang (button) (small blind) mucked


PokerStars Hand #172074437346:  Hold'em Limit ($3/$6 USD) - 2017/06/21 17:58:25 ET
Table 'Alzirr' 6-max Seat #2 is the button
Seat 2: krytalex ($85.36 in chips)
Seat 4: Huai Khwang ($192.20 in chips)
krytalex: posts small blind $1
Huai Khwang: posts big blind $3
*** HOLE CARDS ***
krytalex: raises $3 to $6
Huai Khwang: calls $3
*** FLOP *** [Jd 2c 8h]
Huai Khwang: checks
krytalex: bets $3
Huai Khwang: folds
Uncalled bet ($3) returned to krytalex
krytalex collected $11.76 from pot
*** SUMMARY ***
Total pot $12 | Rake $0.24
Board [Jd 2c 8h]
Seat 2: krytalex (button) (small blind) collected ($11.76)
Seat 4: Huai Khwang (big blind) folded on the Flop


PokerStars Hand #172074421205:  Hold'em Limit ($3/$6 USD) - 2017/06/21 17:57:58 ET
Table 'Alzirr' 6-max Seat #4 is the button
Seat 2: krytalex ($103.36 in chips)
Seat 4: Huai Khwang ($174.70 in chips)
Huai Khwang: posts small blind $1
krytalex: posts big blind $3
*** HOLE CARDS ***
Huai Khwang: raises $3 to $6
krytalex: calls $3
*** FLOP *** [Js 5s Ts]
krytalex: checks
Huai Khwang: bets $3
krytalex: raises $3 to $6
Huai Khwang: calls $3
*** TURN *** [Js 5s Ts] [5c]
krytalex: bets $6
Huai Khwang: calls $6
*** RIVER *** [Js 5s Ts 5c] [8s]
krytalex: checks
Huai Khwang: checks
*** SHOW DOWN ***
krytalex: shows [7d Jd] (two pair, Jacks and Fives)
Huai Khwang: shows [Kd 9s] (a flush, Jack high)
Huai Khwang collected $35.50 from pot
*** SUMMARY ***
Total pot $36 | Rake $0.50
Board [Js 5s Ts 5c 8s]
Seat 2: krytalex (big blind) showed [7d Jd] and lost with two pair, Jacks and Fives
Seat 4: Huai Khwang (button) (small blind) showed [Kd 9s] and won ($35.50) with a flush, Jack high


PokerStars Hand #172074479567:  Hold'em Limit ($3/$6 USD) - 2017/06/21 17:59:39 ET
Table 'Alzirr' 6-max Seat #2 is the button
Seat 2: krytalex ($134.12 in chips)
Seat 4: Huai Khwang ($142.20 in chips)
krytalex: posts small blind $1
Huai Khwang: posts big blind $3
*** HOLE CARDS ***
krytalex: raises $3 to $6
Huai Khwang: calls $3
*** FLOP *** [3h Jc 8d]
Huai Khwang: checks
krytalex: bets $3
Huai Khwang: folds
Uncalled bet ($3) returned to krytalex
krytalex collected $11.76 from pot
*** SUMMARY ***
Total pot $12 | Rake $0.24
Board [3h Jc 8d]
Seat 2: krytalex (button) (small blind) collected ($11.76)
Seat 4: Huai Khwang (big blind) folded on the Flop


PokerStars Hand #172074476813:  Hold'em Limit ($3/$6 USD) - 2017/06/21 17:59:34 ET
Table 'Alzirr' 6-max Seat #4 is the button
Seat 2: krytalex ($133.12 in chips)
Seat 4: Huai Khwang ($143.20 in chips)
Huai Khwang: posts small blind $1
krytalex: posts big blind $3
*** HOLE CARDS ***
Huai Khwang: folds
Uncalled bet ($2) returned to krytalex
krytalex collected $2 from pot
*** SUMMARY ***
Total pot $2 | Rake $0
Seat 2: krytalex (big blind) collected ($2)
Seat 4: Huai Khwang (button) (small blind) folded before Flop


PokerStars Hand #172074486012:  Hold'em Limit ($3/$6 USD) - 2017/06/21 17:59:50 ET
Table 'Alzirr' 6-max Seat #4 is the button
Seat 2: krytalex ($139.88 in chips)
Seat 4: Huai Khwang ($136.20 in chips)
Huai Khwang: posts small blind $1
krytalex: posts big blind $3
*** HOLE CARDS ***
Huai Khwang: raises $3 to $6
krytalex: calls $3
*** FLOP *** [8s 5s Th]
krytalex: checks
Huai Khwang: bets $3
krytalex: calls $3
*** TURN *** [8s 5s Th] [7h]
krytalex: checks
Huai Khwang: bets $6
krytalex: folds
Uncalled bet ($6) returned to Huai Khwang
Huai Khwang collected $17.64 from pot
Huai Khwang: doesn't show hand
*** SUMMARY ***
Total pot $18 | Rake $0.36
Board [8s 5s Th 7h]
Seat 2: krytalex (big blind) folded on the Turn
Seat 4: Huai Khwang (button) (small blind) collected ($17.64)


PokerStars Hand #172074473473:  Hold'em Limit ($3/$6 USD) - 2017/06/21 17:59:28 ET
Table 'Alzirr' 6-max Seat #2 is the button
Seat 2: krytalex ($130.12 in chips)
Seat 4: Huai Khwang ($146.20 in chips)
krytalex: posts small blind $1
Huai Khwang: posts big blind $3
*** HOLE CARDS ***
krytalex: raises $3 to $6
Huai Khwang: folds
Uncalled bet ($3) returned to krytalex
krytalex collected $6 from pot
*** SUMMARY ***
Total pot $6 | Rake $0
Seat 2: krytalex (button) (small blind) collected ($6)
Seat 4: Huai Khwang (big blind) folded before Flop


PokerStars Hand #172074470662:  Hold'em Limit ($3/$6 USD) - 2017/06/21 17:59:23 ET
Table 'Alzirr' 6-max Seat #4 is the button
Seat 2: krytalex ($129.12 in chips)
Seat 4: Huai Khwang ($147.20 in chips)
Huai Khwang: posts small blind $1
krytalex: posts big blind $3
*** HOLE CARDS ***
Huai Khwang: folds
Uncalled bet ($2) returned to krytalex
krytalex collected $2 from pot
*** SUMMARY ***
Total pot $2 | Rake $0
Seat 2: krytalex (big blind) collected ($2)
Seat 4: Huai Khwang (button) (small blind) folded before Flop


PokerStars Hand #172074461790:  Hold'em Limit ($3/$6 USD) - 2017/06/21 17:59:08 ET
Table 'Alzirr' 6-max Seat #2 is the button
Seat 2: krytalex ($114.62 in chips)
Seat 4: Huai Khwang ($162.20 in chips)
krytalex: posts small blind $1
Huai Khwang: posts big blind $3
*** HOLE CARDS ***
krytalex: raises $3 to $6
Huai Khwang: calls $3
*** FLOP *** [Jc 3s Jd]
Huai Khwang: checks
krytalex: bets $3
Huai Khwang: calls $3
*** TURN *** [Jc 3s Jd] [4h]
Huai Khwang: checks
krytalex: checks
*** RIVER *** [Jc 3s Jd 4h] [9s]
Huai Khwang: checks
krytalex: bets $6
Huai Khwang: calls $6
*** SHOW DOWN ***
krytalex: shows [9d Kc] (two pair, Jacks and Nines)
Huai Khwang: mucks hand
krytalex collected $29.50 from pot
*** SUMMARY ***
Total pot $30 | Rake $0.50
Board [Jc 3s Jd 4h 9s]
Seat 2: krytalex (button) (small blind) showed [9d Kc] and won ($29.50) with two pair, Jacks and Nines
Seat 4: Huai Khwang (big blind) mucked


PokerStars Hand #172074527519:  Hold'em Limit ($3/$6 USD) - 2017/06/21 18:00:52 ET
Table 'Alzirr' 6-max Seat #2 is the button
Seat 2: krytalex ($130.88 in chips)
Seat 4: Huai Khwang ($144.84 in chips)
krytalex: posts small blind $1
Huai Khwang: posts big blind $3
*** HOLE CARDS ***
krytalex: folds
Uncalled bet ($2) returned to Huai Khwang
Huai Khwang collected $2 from pot
Huai Khwang: doesn't show hand
*** SUMMARY ***
Total pot $2 | Rake $0
Seat 2: krytalex (button) (small blind) folded before Flop
Seat 4: Huai Khwang (big blind) collected ($2)


PokerStars Hand #172074517953:  Hold'em Limit ($3/$6 USD) - 2017/06/21 18:00:36 ET
Table 'Alzirr' 6-max Seat #2 is the button
Seat 2: krytalex ($130.88 in chips)
Seat 4: Huai Khwang ($144.84 in chips)
krytalex: posts small blind $1
Huai Khwang: posts big blind $3
*** HOLE CARDS ***
krytalex: raises $3 to $6
Huai Khwang: folds
Uncalled bet ($3) returned to krytalex
krytalex collected $6 from pot
*** SUMMARY ***
Total pot $6 | Rake $0
Seat 2: krytalex (button) (small blind) collected ($6)
Seat 4: Huai Khwang (big blind) folded before Flop


PokerStars Hand #172074502510:  Hold'em Limit ($3/$6 USD) - 2017/06/21 18:00:10 ET
Table 'Alzirr' 6-max Seat #2 is the button
Seat 2: krytalex ($130.88 in chips)
Seat 4: Huai Khwang ($144.84 in chips)
krytalex: posts small blind $1
Huai Khwang: posts big blind $3
*** HOLE CARDS ***
krytalex: raises $3 to $6
Huai Khwang: folds
Uncalled bet ($3) returned to krytalex
krytalex collected $6 from pot
*** SUMMARY ***
Total pot $6 | Rake $0
Seat 2: krytalex (button) (small blind) collected ($6)
Seat 4: Huai Khwang (big blind) folded before Flop


PokerStars Hand #172074530848:  Hold'em Limit ($3/$6 USD) - 2017/06/21 18:00:57 ET
Table 'Alzirr' 6-max Seat #4 is the button
Seat 2: krytalex ($129.88 in chips)
Seat 4: Huai Khwang ($145.84 in chips)
Huai Khwang: posts small blind $1
krytalex: posts big blind $3
*** HOLE CARDS ***
Huai Khwang: raises $3 to $6
krytalex: calls $3
*** FLOP *** [5h 8s Qd]
krytalex: checks
Huai Khwang: bets $3
krytalex: folds
Uncalled bet ($3) returned to Huai Khwang
Huai Khwang collected $11.76 from pot
Huai Khwang: doesn't show hand
*** SUMMARY ***
Total pot $12 | Rake $0.24
Board [5h 8s Qd]
Seat 2: krytalex (big blind) folded on the Flop
Seat 4: Huai Khwang (button) (small blind) collected ($11.76)


PokerStars Hand #172074548191:  Hold'em Limit ($3/$6 USD) - 2017/06/21 18:01:24 ET
Table 'Alzirr' 6-max Seat #2 is the button
Seat 2: krytalex ($123.88 in chips)
Seat 4: Huai Khwang ($151.60 in chips)
krytalex: posts small blind $1
Huai Khwang: posts big blind $3
*** HOLE CARDS ***
krytalex: raises $3 to $6
Huai Khwang: calls $3
*** FLOP *** [Qd As 6c]
Huai Khwang: checks
krytalex: bets $3
Huai Khwang: folds
Uncalled bet ($3) returned to krytalex
krytalex collected $11.76 from pot
*** SUMMARY ***
Total pot $12 | Rake $0.24
Board [Qd As 6c]
Seat 2: krytalex (button) (small blind) collected ($11.76)
Seat 4: Huai Khwang (big blind) folded on the Flop


PokerStars Hand #172074556795:  Hold'em Limit ($3/$6 USD) - 2017/06/21 18:01:37 ET
Table 'Alzirr' 6-max Seat #4 is the button
Seat 2: krytalex ($129.64 in chips)
Seat 4: Huai Khwang ($145.60 in chips)
Huai Khwang: posts small blind $1
krytalex: posts big blind $3
*** HOLE CARDS ***
Huai Khwang: raises $3 to $6
krytalex: calls $3
*** FLOP *** [9d 3d 5d]
krytalex: checks
Huai Khwang: bets $3
krytalex: raises $3 to $6
Huai Khwang: calls $3
*** TURN *** [9d 3d 5d] [Ts]
krytalex: bets $6
Huai Khwang: calls $6
*** RIVER *** [9d 3d 5d Ts] [Qh]
krytalex: checks
Huai Khwang: checks
*** SHOW DOWN ***
krytalex: shows [9s 8s] (a pair of Nines)
Huai Khwang: shows [9h 8d] (a pair of Nines)
krytalex collected $17.75 from pot
Huai Khwang collected $17.75 from pot
*** SUMMARY ***
Total pot $36 | Rake $0.50
Board [9d 3d 5d Ts Qh]
Seat 2: krytalex (big blind) showed [9s 8s] and won ($17.75) with a pair of Nines
Seat 4: Huai Khwang (button) (small blind) showed [9h 8d] and won ($17.75) with a pair of Nines


PokerStars Hand #172074581075:  Hold'em Limit ($3/$6 USD) - 2017/06/21 18:02:13 ET
Table 'Alzirr' 6-max Seat #4 is the button
Seat 2: krytalex ($132.39 in chips)
Seat 4: Huai Khwang ($142.35 in chips)
Huai Khwang: posts small blind $1
krytalex: posts big blind $3
*** HOLE CARDS ***
Huai Khwang: folds
Uncalled bet ($2) returned to krytalex
krytalex collected $2 from pot
*** SUMMARY ***
Total pot $2 | Rake $0
Seat 2: krytalex (big blind) collected ($2)
Seat 4: Huai Khwang (button) (small blind) folded before Flop


PokerStars Hand #172074575649:  Hold'em Limit ($3/$6 USD) - 2017/06/21 18:02:05 ET
Table 'Alzirr' 6-max Seat #2 is the button
Seat 2: krytalex ($129.39 in chips)
Seat 4: Huai Khwang ($145.35 in chips)
krytalex: posts small blind $1
Huai Khwang: posts big blind $3
*** HOLE CARDS ***
krytalex: raises $3 to $6
Huai Khwang: folds
Uncalled bet ($3) returned to krytalex
krytalex collected $6 from pot
*** SUMMARY ***
Total pot $6 | Rake $0
Seat 2: krytalex (button) (small blind) collected ($6)
Seat 4: Huai Khwang (big blind) folded before Flop


PokerStars Hand #172074593558:  Hold'em Limit ($3/$6 USD) - 2017/06/21 18:02:31 ET
Table 'Alzirr' 6-max Seat #4 is the button
Seat 2: krytalex ($139.15 in chips)
Seat 4: Huai Khwang ($135.35 in chips)
Huai Khwang: posts small blind $1
krytalex: posts big blind $3
*** HOLE CARDS ***
Huai Khwang: folds
Uncalled bet ($2) returned to krytalex
krytalex collected $2 from pot
*** SUMMARY ***
Total pot $2 | Rake $0
Seat 2: krytalex (big blind) collected ($2)
Seat 4: Huai Khwang (button) (small blind) folded before Flop


PokerStars Hand #172074584312:  Hold'em Limit ($3/$6 USD) - 2017/06/21 18:02:18 ET
Table 'Alzirr' 6-max Seat #2 is the button
Seat 2: krytalex ($133.39 in chips)
Seat 4: Huai Khwang ($141.35 in chips)
krytalex: posts small blind $1
Huai Khwang: posts big blind $3
*** HOLE CARDS ***
krytalex: raises $3 to $6
Huai Khwang: calls $3
*** FLOP *** [4s 4d 8s]
Huai Khwang: checks
krytalex: bets $3
Huai Khwang: folds
Uncalled bet ($3) returned to krytalex
krytalex collected $11.76 from pot
*** SUMMARY ***
Total pot $12 | Rake $0.24
Board [4s 4d 8s]
Seat 2: krytalex (button) (small blind) collected ($11.76)
Seat 4: Huai Khwang (big blind) folded on the Flop


PokerStars Hand #172074596915:  Hold'em Limit ($3/$6 USD) - 2017/06/21 18:02:36 ET
Table 'Alzirr' 6-max Seat #2 is the button
Seat 2: krytalex ($140.15 in chips)
Seat 4: Huai Khwang ($134.35 in chips)
krytalex: posts small blind $1
Huai Khwang: posts big blind $3
*** HOLE CARDS ***
krytalex: raises $3 to $6
Huai Khwang: raises $3 to $9
krytalex: calls $3
*** FLOP *** [Kd Jc Qs]
Huai Khwang: bets $3
krytalex: folds
Uncalled bet ($3) returned to Huai Khwang
Huai Khwang collected $17.64 from pot
Huai Khwang: doesn't show hand
*** SUMMARY ***
Total pot $18 | Rake $0.36
Board [Kd Jc Qs]
Seat 2: krytalex (button) (small blind) folded on the Flop
Seat 4: Huai Khwang (big blind) collected ($17.64)


PokerStars Hand #172074622152:  Hold'em Limit ($3/$6 USD) - 2017/06/21 18:03:14 ET
Table 'Alzirr' 6-max Seat #4 is the button
Seat 2: krytalex ($131.15 in chips)
Seat 4: Huai Khwang ($142.99 in chips)
Huai Khwang: posts small blind $1
krytalex: posts big blind $3
*** HOLE CARDS ***
Huai Khwang: raises $3 to $6
krytalex: calls $3
*** FLOP *** [Jc 8s Th]
krytalex: checks
Huai Khwang: bets $3
krytalex: folds
Uncalled bet ($3) returned to Huai Khwang
Huai Khwang collected $11.76 from pot
Huai Khwang: doesn't show hand
*** SUMMARY ***
Total pot $12 | Rake $0.24
Board [Jc 8s Th]
Seat 2: krytalex (big blind) folded on the Flop
Seat 4: Huai Khwang (button) (small blind) collected ($11.76)


PokerStars Hand #172074637227:  Hold'em Limit ($3/$6 USD) - 2017/06/21 18:03:36 ET
Table 'Alzirr' 6-max Seat #2 is the button
Seat 2: krytalex ($125.15 in chips)
Seat 4: Huai Khwang ($148.75 in chips)
krytalex: posts small blind $1
Huai Khwang: posts big blind $3
*** HOLE CARDS ***
krytalex: raises $3 to $6
Huai Khwang: folds
Uncalled bet ($3) returned to krytalex
krytalex collected $6 from pot
*** SUMMARY ***
Total pot $6 | Rake $0
Seat 2: krytalex (button) (small blind) collected ($6)
Seat 4: Huai Khwang (big blind) folded before Flop


PokerStars Hand #172074644640:  Hold'em Limit ($3/$6 USD) - 2017/06/21 18:03:47 ET
Table 'Alzirr' 6-max Seat #4 is the button
Seat 2: krytalex ($128.15 in chips)
Seat 4: Huai Khwang ($145.75 in chips)
Huai Khwang: posts small blind $1
krytalex: posts big blind $3
*** HOLE CARDS ***
Huai Khwang: folds
Uncalled bet ($2) returned to krytalex
krytalex collected $2 from pot
*** SUMMARY ***
Total pot $2 | Rake $0
Seat 2: krytalex (big blind) collected ($2)
Seat 4: Huai Khwang (button) (small blind) folded before Flop


PokerStars Hand #172074653494:  Hold'em Limit ($3/$6 USD) - 2017/06/21 18:04:00 ET
Table 'Alzirr' 6-max Seat #4 is the button
Seat 2: krytalex ($132.15 in chips)
Seat 4: Huai Khwang ($141.75 in chips)
Huai Khwang: posts small blind $1
krytalex: posts big blind $3
*** HOLE CARDS ***
Huai Khwang: folds
Uncalled bet ($2) returned to krytalex
krytalex collected $2 from pot
*** SUMMARY ***
Total pot $2 | Rake $0
Seat 2: krytalex (big blind) collected ($2)
Seat 4: Huai Khwang (button) (small blind) folded before Flop


PokerStars Hand #172074648605:  Hold'em Limit ($3/$6 USD) - 2017/06/21 18:03:53 ET
Table 'Alzirr' 6-max Seat #2 is the button
Seat 2: krytalex ($129.15 in chips)
Seat 4: Huai Khwang ($144.75 in chips)
krytalex: posts small blind $1
Huai Khwang: posts big blind $3
*** HOLE CARDS ***
krytalex: raises $3 to $6
Huai Khwang: folds
Uncalled bet ($3) returned to krytalex
krytalex collected $6 from pot
*** SUMMARY ***
Total pot $6 | Rake $0
Seat 2: krytalex (button) (small blind) collected ($6)
Seat 4: Huai Khwang (big blind) folded before Flop


PokerStars Hand #172074657145:  Hold'em Limit ($3/$6 USD) - 2017/06/21 18:04:05 ET
Table 'Alzirr' 6-max Seat #2 is the button
Seat 2: krytalex ($133.15 in chips)
Seat 4: Huai Khwang ($140.75 in chips)
krytalex: posts small blind $1
Huai Khwang: posts big blind $3
*** HOLE CARDS ***
krytalex: raises $3 to $6
Huai Khwang: folds
Uncalled bet ($3) returned to krytalex
krytalex collected $6 from pot
*** SUMMARY ***
Total pot $6 | Rake $0
Seat 2: krytalex (button) (small blind) collected ($6)
Seat 4: Huai Khwang (big blind) folded before Flop


PokerStars Hand #172074666563:  Hold'em Limit ($3/$6 USD) - 2017/06/21 18:04:19 ET
Table 'Alzirr' 6-max Seat #4 is the button
Seat 2: krytalex ($136.15 in chips)
Seat 4: Huai Khwang ($137.75 in chips)
Huai Khwang: posts small blind $1
krytalex: posts big blind $3
*** HOLE CARDS ***
Huai Khwang: folds
Uncalled bet ($2) returned to krytalex
krytalex collected $2 from pot
*** SUMMARY ***
Total pot $2 | Rake $0
Seat 2: krytalex (big blind) collected ($2)
Seat 4: Huai Khwang (button) (small blind) folded before Flop


PokerStars Hand #172074670039:  Hold'em Limit ($3/$6 USD) - 2017/06/21 18:04:24 ET
Table 'Alzirr' 6-max Seat #2 is the button
Seat 2: krytalex ($137.15 in chips)
Seat 4: Huai Khwang ($136.75 in chips)
krytalex: posts small blind $1
Huai Khwang: posts big blind $3
*** HOLE CARDS ***
krytalex: folds
Uncalled bet ($2) returned to Huai Khwang
Huai Khwang collected $2 from pot
Huai Khwang: doesn't show hand
*** SUMMARY ***
Total pot $2 | Rake $0
Seat 2: krytalex (button) (small blind) folded before Flop
Seat 4: Huai Khwang (big blind) collected ($2)


PokerStars Hand #172074679093:  Hold'em Limit ($3/$6 USD) - 2017/06/21 18:04:37 ET
Table 'Alzirr' 6-max Seat #2 is the button
Seat 2: krytalex ($133.15 in chips)
Seat 4: Huai Khwang ($140.75 in chips)
krytalex: posts small blind $1
Huai Khwang: posts big blind $3
*** HOLE CARDS ***
krytalex: raises $3 to $6
Huai Khwang: folds
Uncalled bet ($3) returned to krytalex
krytalex collected $6 from pot
*** SUMMARY ***
Total pot $6 | Rake $0
Seat 2: krytalex (button) (small blind) collected ($6)
Seat 4: Huai Khwang (big blind) folded before Flop


