PokerStars Hand #164685542030:  Hold'em Limit ($3/$6 USD) - 2017/01/16 15:29:22 ET
Table 'Alzirr II' 10-max Seat #1 is the button
Seat 1: Chessnok ($120 in chips)
Seat 5: isildur_Bluf ($231.50 in chips)
Chessnok: posts small blind $1
isildur_Bluf: posts big blind $3
*** HOLE CARDS ***
Chessnok: raises $3 to $6
isildur_Bluf: calls $3
*** FLOP *** [Qd Td 9d]
isildur_Bluf: checks
Chessnok: bets $3
isildur_Bluf: calls $3
*** TURN *** [Qd Td 9d] [4h]
isildur_Bluf: checks
Chessnok: bets $6
isildur_Bluf: calls $6
*** RIVER *** [Qd Td 9d 4h] [7c]
isildur_Bluf: checks
Chessnok: bets $6
isildur_Bluf: calls $6
*** SHOW DOWN ***
Chessnok: shows [5d 8c] (high card Queen)
isildur_Bluf: shows [Tc 6s] (a pair of Tens)
isildur_Bluf collected $41.50 from pot
*** SUMMARY ***
Total pot $42 | Rake $0.50
Board [Qd Td 9d 4h 7c]
Seat 1: Chessnok (button) (small blind) showed [5d 8c] and lost with high card Queen
Seat 5: isildur_Bluf (big blind) showed [Tc 6s] and won ($41.50) with a pair of Tens


PokerStars Hand #164688606225:  Hold'em Limit ($3/$6 USD) - 2017/01/16 16:19:52 ET
Table 'Alzirr II' 10-max Seat #1 is the button
Seat 1: Chessnok ($81.64 in chips)
Seat 5: 0...TY3...0 ($93.38 in chips)
Chessnok: posts small blind $1
0...TY3...0: posts big blind $3
*** HOLE CARDS ***
Chessnok: raises $3 to $6
0...TY3...0: calls $3
*** FLOP *** [As 3d Jd]
0...TY3...0: checks
Chessnok: bets $3
0...TY3...0: calls $3
*** TURN *** [As 3d Jd] [9h]
0...TY3...0: checks
Chessnok: checks
*** RIVER *** [As 3d Jd 9h] [Td]
0...TY3...0: bets $6
Chessnok: calls $6
*** SHOW DOWN ***
0...TY3...0: shows [7s 5s] (high card Ace)
Chessnok: shows [4c Tc] (a pair of Tens)
Chessnok collected $29.50 from pot
*** SUMMARY ***
Total pot $30 | Rake $0.50
Board [As 3d Jd 9h Td]
Seat 1: Chessnok (button) (small blind) showed [4c Tc] and won ($29.50) with a pair of Tens
Seat 5: 0...TY3...0 (big blind) showed [7s 5s] and lost with high card Ace


PokerStars Hand #164688600968:  Hold'em Limit ($3/$6 USD) - 2017/01/16 16:19:47 ET
Table 'Alzirr II' 10-max Seat #5 is the button
Seat 1: Chessnok ($80.64 in chips)
Seat 5: 0...TY3...0 ($94.38 in chips)
0...TY3...0: posts small blind $1
Chessnok: posts big blind $3
*** HOLE CARDS ***
0...TY3...0: folds
Uncalled bet ($2) returned to Chessnok
Chessnok collected $2 from pot
Chessnok: doesn't show hand
*** SUMMARY ***
Total pot $2 | Rake $0
Seat 1: Chessnok (big blind) collected ($2)
Seat 5: 0...TY3...0 (button) (small blind) folded before Flop


PokerStars Hand #164688582281:  Hold'em Limit ($3/$6 USD) - 2017/01/16 16:19:28 ET
Table 'Alzirr II' 10-max Seat #1 is the button
Seat 1: Chessnok ($72 in chips)
Seat 5: 0...TY3...0 ($103.38 in chips)
Chessnok: posts small blind $1
0...TY3...0: posts big blind $3
*** HOLE CARDS ***
Chessnok: raises $3 to $6
0...TY3...0: calls $3
*** FLOP *** [Ad 8s 2d]
0...TY3...0: checks
bd1956@bk.ru leaves the table
Chessnok: bets $3
0...TY3...0: calls $3
*** TURN *** [Ad 8s 2d] [Kh]
0...TY3...0: checks
Chessnok: bets $6
0...TY3...0: folds
Uncalled bet ($6) returned to Chessnok
Chessnok collected $17.64 from pot
Chessnok: doesn't show hand
*** SUMMARY ***
Total pot $18 | Rake $0.36
Board [Ad 8s 2d Kh]
Seat 1: Chessnok (button) (small blind) collected ($17.64)
Seat 5: 0...TY3...0 (big blind) folded on the Turn


PokerStars Hand #164688576667:  Hold'em Limit ($3/$6 USD) - 2017/01/16 16:19:23 ET
Table 'Alzirr II' 10-max Seat #5 is the button
Seat 1: Chessnok ($71 in chips)
Seat 5: 0...TY3...0 ($104.38 in chips)
0...TY3...0: posts small blind $1
Chessnok: posts big blind $3
*** HOLE CARDS ***
0...TY3...0: folds
Uncalled bet ($2) returned to Chessnok
Chessnok collected $2 from pot
Chessnok: doesn't show hand
*** SUMMARY ***
Total pot $2 | Rake $0
Seat 1: Chessnok (big blind) collected ($2)
Seat 5: 0...TY3...0 (button) (small blind) folded before Flop


PokerStars Hand #164688685001:  Hold'em Limit ($3/$6 USD) - 2017/01/16 16:21:09 ET
Table 'Alzirr II' 10-max Seat #5 is the button
Seat 1: Chessnok ($90.66 in chips)
Seat 5: 0...TY3...0 ($82.88 in chips)
0...TY3...0: posts small blind $1
Chessnok: posts big blind $3
*** HOLE CARDS ***
0...TY3...0: folds
Uncalled bet ($2) returned to Chessnok
Chessnok collected $2 from pot
Chessnok: doesn't show hand
*** SUMMARY ***
Total pot $2 | Rake $0
Seat 1: Chessnok (big blind) collected ($2)
Seat 5: 0...TY3...0 (button) (small blind) folded before Flop


PokerStars Hand #164688671437:  Hold'em Limit ($3/$6 USD) - 2017/01/16 16:20:56 ET
Table 'Alzirr II' 10-max Seat #1 is the button
Seat 1: Chessnok ($84.90 in chips)
Seat 5: 0...TY3...0 ($88.88 in chips)
Chessnok: posts small blind $1
0...TY3...0: posts big blind $3
*** HOLE CARDS ***
Chessnok: raises $3 to $6
0...TY3...0: calls $3
*** FLOP *** [8d Kh Js]
0...TY3...0: checks
Chessnok: bets $3
0...TY3...0: folds
Uncalled bet ($3) returned to Chessnok
Chessnok collected $11.76 from pot
Chessnok: doesn't show hand
*** SUMMARY ***
Total pot $12 | Rake $0.24
Board [8d Kh Js]
Seat 1: Chessnok (button) (small blind) collected ($11.76)
Seat 5: 0...TY3...0 (big blind) folded on the Flop


PokerStars Hand #164688665679:  Hold'em Limit ($3/$6 USD) - 2017/01/16 16:20:50 ET
Table 'Alzirr II' 10-max Seat #5 is the button
Seat 1: Chessnok ($83.90 in chips)
Seat 5: 0...TY3...0 ($89.88 in chips)
0...TY3...0: posts small blind $1
Chessnok: posts big blind $3
*** HOLE CARDS ***
0...TY3...0: folds
Uncalled bet ($2) returned to Chessnok
Chessnok collected $2 from pot
Chessnok: doesn't show hand
*** SUMMARY ***
Total pot $2 | Rake $0
Seat 1: Chessnok (big blind) collected ($2)
Seat 5: 0...TY3...0 (button) (small blind) folded before Flop


PokerStars Hand #164688650649:  Hold'em Limit ($3/$6 USD) - 2017/01/16 16:20:35 ET
Table 'Alzirr II' 10-max Seat #1 is the button
Seat 1: Chessnok ($78.14 in chips)
Seat 5: 0...TY3...0 ($95.88 in chips)
Chessnok: posts small blind $1
0...TY3...0: posts big blind $3
*** HOLE CARDS ***
Chessnok: raises $3 to $6
0...TY3...0: calls $3
*** FLOP *** [Qs Kd 5s]
0...TY3...0: checks
Chessnok: bets $3
0...TY3...0: folds
Uncalled bet ($3) returned to Chessnok
Chessnok collected $11.76 from pot
Chessnok: doesn't show hand
*** SUMMARY ***
Total pot $12 | Rake $0.24
Board [Qs Kd 5s]
Seat 1: Chessnok (button) (small blind) collected ($11.76)
Seat 5: 0...TY3...0 (big blind) folded on the Flop


PokerStars Hand #164688626400:  Hold'em Limit ($3/$6 USD) - 2017/01/16 16:20:11 ET
Table 'Alzirr II' 10-max Seat #5 is the button
Seat 1: Chessnok ($96.14 in chips)
Seat 5: 0...TY3...0 ($78.38 in chips)
0...TY3...0: posts small blind $1
Chessnok: posts big blind $3
*** HOLE CARDS ***
0...TY3...0: raises $3 to $6
Chessnok: calls $3
*** FLOP *** [Js 5c 9s]
Chessnok: checks
0...TY3...0: checks
*** TURN *** [Js 5c 9s] [Qd]
Chessnok: bets $6
0...TY3...0: calls $6
*** RIVER *** [Js 5c 9s Qd] [4d]
Chessnok: bets $6
0...TY3...0: calls $6
*** SHOW DOWN ***
Chessnok: shows [Ts 7d] (high card Queen)
0...TY3...0: shows [6s Qh] (a pair of Queens)
0...TY3...0 collected $35.50 from pot
*** SUMMARY ***
Total pot $36 | Rake $0.50
Board [Js 5c 9s Qd 4d]
Seat 1: Chessnok (big blind) showed [Ts 7d] and lost with high card Queen
Seat 5: 0...TY3...0 (button) (small blind) showed [6s Qh] and won ($35.50) with a pair of Queens


PokerStars Hand #164688690534:  Hold'em Limit ($3/$6 USD) - 2017/01/16 16:21:15 ET
Table 'Alzirr II' 10-max Seat #1 is the button
Seat 1: Chessnok ($91.66 in chips)
Seat 5: 0...TY3...0 ($81.88 in chips)
Chessnok: posts small blind $1
0...TY3...0: posts big blind $3
*** HOLE CARDS ***
Chessnok: raises $3 to $6
0...TY3...0: calls $3
*** FLOP *** [9h Tc Kc]
0...TY3...0: checks
Chessnok: bets $3
0...TY3...0: calls $3
*** TURN *** [9h Tc Kc] [4s]
0...TY3...0: checks
Chessnok: bets $6
0...TY3...0: raises $6 to $12
Chessnok: calls $6
*** RIVER *** [9h Tc Kc 4s] [5s]
0...TY3...0: bets $6
Chessnok: calls $6
*** SHOW DOWN ***
0...TY3...0: shows [Kd 9s] (two pair, Kings and Nines)
Chessnok: mucks hand
0...TY3...0 collected $53.50 from pot
*** SUMMARY ***
Total pot $54 | Rake $0.50
Board [9h Tc Kc 4s 5s]
Seat 1: Chessnok (button) (small blind) mucked
Seat 5: 0...TY3...0 (big blind) showed [Kd 9s] and won ($53.50) with two pair, Kings and Nines


PokerStars Hand #164688755346:  Hold'em Limit ($3/$6 USD) - 2017/01/16 16:22:18 ET
Table 'Alzirr II' 10-max Seat #1 is the button
Seat 1: Chessnok ($73.30 in chips)
Seat 5: 0...TY3...0 ($99.38 in chips)
Chessnok: posts small blind $1
0...TY3...0: posts big blind $3
*** HOLE CARDS ***
Chessnok: raises $3 to $6
0...TY3...0: calls $3
*** FLOP *** [3d Ad As]
0...TY3...0: checks
Zubasa07 joins the table at seat #6
Chessnok: bets $3
0...TY3...0: calls $3
*** TURN *** [3d Ad As] [7s]
0...TY3...0: checks
Chessnok: bets $6
0...TY3...0: calls $6
*** RIVER *** [3d Ad As 7s] [6d]
0...TY3...0: checks
Chessnok: bets $6
0...TY3...0: calls $6
*** SHOW DOWN ***
Chessnok: shows [7c 5h] (two pair, Aces and Sevens)
0...TY3...0: mucks hand
Chessnok collected $41.50 from pot
*** SUMMARY ***
Total pot $42 | Rake $0.50
Board [3d Ad As 7s 6d]
Seat 1: Chessnok (button) (small blind) showed [7c 5h] and won ($41.50) with two pair, Aces and Sevens
Seat 5: 0...TY3...0 (big blind) mucked


PokerStars Hand #164688738391:  Hold'em Limit ($3/$6 USD) - 2017/01/16 16:22:02 ET
Table 'Alzirr II' 10-max Seat #5 is the button
Seat 1: Chessnok ($64.66 in chips)
Seat 5: 0...TY3...0 ($108.38 in chips)
0...TY3...0: posts small blind $1
Chessnok: posts big blind $3
*** HOLE CARDS ***
0...TY3...0: calls $2
Chessnok: raises $3 to $6
0...TY3...0: calls $3
*** FLOP *** [As Tc 9d]
Chessnok: bets $3
0...TY3...0: calls $3
*** TURN *** [As Tc 9d] [Js]
Chessnok: bets $6
0...TY3...0: folds
Uncalled bet ($6) returned to Chessnok
Chessnok collected $17.64 from pot
Chessnok: doesn't show hand
*** SUMMARY ***
Total pot $18 | Rake $0.36
Board [As Tc 9d Js]
Seat 1: Chessnok (big blind) collected ($17.64)
Seat 5: 0...TY3...0 (button) (small blind) folded on the Turn


