PokerStars Hand #145844257635:  Hold'em Limit ($3/$6 USD) - 2015/12/24 9:00:18 ET
Table 'Alzir' 2-max Seat #1 is the button
Seat 1: liza3008 ($126.64 in chips)
Seat 2: oftalmolog ($233 in chips)
liza3008: posts small blind $1
oftalmolog: posts big blind $3
*** HOLE CARDS ***
liza3008: raises $3 to $6
oftalmolog: calls $3
*** FLOP *** [Jc 6d 4d]
oftalmolog: checks
liza3008: checks
*** TURN *** [Jc 6d 4d] [6h]
oftalmolog: bets $6
liza3008: folds
Uncalled bet ($6) returned to oftalmolog
oftalmolog collected $11.76 from pot
oftalmolog: doesn't show hand
*** SUMMARY ***
Total pot $12 | Rake $0.24
Board [Jc 6d 4d 6h]
Seat 1: liza3008 (button) (small blind) folded on the Turn
Seat 2: oftalmolog (big blind) collected ($11.76)


PokerStars Hand #145844298384:  Hold'em Limit ($3/$6 USD) - 2015/12/24 9:01:20 ET
Table 'Alzir' 2-max Seat #2 is the button
Seat 1: liza3008 ($117.28 in chips)
Seat 2: oftalmolog ($241.52 in chips)
oftalmolog: posts small blind $1
liza3008: posts big blind $3
*** HOLE CARDS ***
oftalmolog: raises $3 to $6
liza3008: raises $3 to $9
oftalmolog: calls $3
*** FLOP *** [Qc 5c 9s]
liza3008: bets $3
oftalmolog: calls $3
*** TURN *** [Qc 5c 9s] [4s]
liza3008: bets $6
oftalmolog: folds
Uncalled bet ($6) returned to liza3008
liza3008 collected $23.52 from pot
liza3008: doesn't show hand
*** SUMMARY ***
Total pot $24 | Rake $0.48
Board [Qc 5c 9s 4s]
Seat 1: liza3008 (big blind) collected ($23.52)
Seat 2: oftalmolog (button) (small blind) folded on the Turn


PokerStars Hand #145844295184:  Hold'em Limit ($3/$6 USD) - 2015/12/24 9:01:16 ET
Table 'Alzir' 2-max Seat #1 is the button
Seat 1: liza3008 ($118.28 in chips)
Seat 2: oftalmolog ($240.52 in chips)
liza3008: posts small blind $1
oftalmolog: posts big blind $3
*** HOLE CARDS ***
liza3008: folds
Uncalled bet ($2) returned to oftalmolog
oftalmolog collected $2 from pot
oftalmolog: doesn't show hand
*** SUMMARY ***
Total pot $2 | Rake $0
Seat 1: liza3008 (button) (small blind) folded before Flop
Seat 2: oftalmolog (big blind) collected ($2)


PokerStars Hand #145844287757:  Hold'em Limit ($3/$6 USD) - 2015/12/24 9:01:05 ET
Table 'Alzir' 2-max Seat #2 is the button
Seat 1: liza3008 ($124.28 in chips)
Seat 2: oftalmolog ($234.76 in chips)
oftalmolog: posts small blind $1
liza3008: posts big blind $3
*** HOLE CARDS ***
oftalmolog: raises $3 to $6
liza3008: calls $3
*** FLOP *** [Ac Kh 9d]
liza3008: checks
oftalmolog: bets $3
liza3008: folds
Uncalled bet ($3) returned to oftalmolog
oftalmolog collected $11.76 from pot
oftalmolog: doesn't show hand
*** SUMMARY ***
Total pot $12 | Rake $0.24
Board [Ac Kh 9d]
Seat 1: liza3008 (big blind) folded on the Flop
Seat 2: oftalmolog (button) (small blind) collected ($11.76)


PokerStars Hand #145844284662:  Hold'em Limit ($3/$6 USD) - 2015/12/24 9:01:01 ET
Table 'Alzir' 2-max Seat #1 is the button
Seat 1: liza3008 ($125.28 in chips)
Seat 2: oftalmolog ($233.76 in chips)
liza3008: posts small blind $1
oftalmolog: posts big blind $3
*** HOLE CARDS ***
liza3008: folds
Uncalled bet ($2) returned to oftalmolog
oftalmolog collected $2 from pot
oftalmolog: doesn't show hand
*** SUMMARY ***
Total pot $2 | Rake $0
Seat 1: liza3008 (button) (small blind) folded before Flop
Seat 2: oftalmolog (big blind) collected ($2)


PokerStars Hand #145844278002:  Hold'em Limit ($3/$6 USD) - 2015/12/24 9:00:51 ET
Table 'Alzir' 2-max Seat #2 is the button
Seat 1: liza3008 ($128.28 in chips)
Seat 2: oftalmolog ($230.76 in chips)
oftalmolog: posts small blind $1
liza3008: posts big blind $3
*** HOLE CARDS ***
oftalmolog: raises $3 to $6
liza3008: folds
Uncalled bet ($3) returned to oftalmolog
oftalmolog collected $6 from pot
oftalmolog: doesn't show hand
*** SUMMARY ***
Total pot $6 | Rake $0
Seat 1: liza3008 (big blind) folded before Flop
Seat 2: oftalmolog (button) (small blind) collected ($6)


PokerStars Hand #145844275071:  Hold'em Limit ($3/$6 USD) - 2015/12/24 9:00:46 ET
Table 'Alzir' 2-max Seat #1 is the button
Seat 1: liza3008 ($129.28 in chips)
Seat 2: oftalmolog ($229.76 in chips)
liza3008: posts small blind $1
oftalmolog: posts big blind $3
*** HOLE CARDS ***
liza3008: folds
Uncalled bet ($2) returned to oftalmolog
oftalmolog collected $2 from pot
oftalmolog: doesn't show hand
*** SUMMARY ***
Total pot $2 | Rake $0
Seat 1: liza3008 (button) (small blind) folded before Flop
Seat 2: oftalmolog (big blind) collected ($2)


PokerStars Hand #145844265550:  Hold'em Limit ($3/$6 USD) - 2015/12/24 9:00:31 ET
Table 'Alzir' 2-max Seat #2 is the button
Seat 1: liza3008 ($120.64 in chips)
Seat 2: oftalmolog ($238.76 in chips)
oftalmolog: posts small blind $1
liza3008: posts big blind $3
*** HOLE CARDS ***
oftalmolog: raises $3 to $6
liza3008: calls $3
*** FLOP *** [5s 2c 6c]
liza3008: checks
oftalmolog: bets $3
liza3008: calls $3
*** TURN *** [5s 2c 6c] [8h]
liza3008: checks
oftalmolog: checks
*** RIVER *** [5s 2c 6c 8h] [4d]
liza3008: bets $6
oftalmolog: folds
Uncalled bet ($6) returned to liza3008
liza3008 collected $17.64 from pot
liza3008: doesn't show hand
*** SUMMARY ***
Total pot $18 | Rake $0.36
Board [5s 2c 6c 8h 4d]
Seat 1: liza3008 (big blind) collected ($17.64)
Seat 2: oftalmolog (button) (small blind) folded on the River


PokerStars Hand #145844342606:  Hold'em Limit ($3/$6 USD) - 2015/12/24 9:02:23 ET
Table 'Alzir' 2-max Seat #2 is the button
Seat 1: liza3008 ($108.56 in chips)
Seat 2: oftalmolog ($248.78 in chips)
oftalmolog: posts small blind $1
liza3008: posts big blind $3
*** HOLE CARDS ***
oftalmolog: folds
Uncalled bet ($2) returned to liza3008
liza3008 collected $2 from pot
liza3008: doesn't show hand
*** SUMMARY ***
Total pot $2 | Rake $0
Seat 1: liza3008 (big blind) collected ($2)
Seat 2: oftalmolog (button) (small blind) folded before Flop


PokerStars Hand #145844334106:  Hold'em Limit ($3/$6 USD) - 2015/12/24 9:02:12 ET
Table 'Alzir' 2-max Seat #1 is the button
Seat 1: liza3008 ($102.80 in chips)
Seat 2: oftalmolog ($254.78 in chips)
liza3008: posts small blind $1
oftalmolog: posts big blind $3
*** HOLE CARDS ***
liza3008: raises $3 to $6
oftalmolog: calls $3
*** FLOP *** [7c 9s 2s]
oftalmolog: checks
liza3008: bets $3
oftalmolog: folds
Uncalled bet ($3) returned to liza3008
liza3008 collected $11.76 from pot
liza3008: doesn't show hand
*** SUMMARY ***
Total pot $12 | Rake $0.24
Board [7c 9s 2s]
Seat 1: liza3008 (button) (small blind) collected ($11.76)
Seat 2: oftalmolog (big blind) folded on the Flop


PokerStars Hand #145844327426:  Hold'em Limit ($3/$6 USD) - 2015/12/24 9:02:03 ET
Table 'Alzir' 2-max Seat #2 is the button
Seat 1: liza3008 ($108.80 in chips)
Seat 2: oftalmolog ($249.02 in chips)
oftalmolog: posts small blind $1
liza3008: posts big blind $3
*** HOLE CARDS ***
oftalmolog: raises $3 to $6
liza3008: calls $3
*** FLOP *** [As Js 8h]
liza3008: checks
oftalmolog: bets $3
liza3008: folds
Uncalled bet ($3) returned to oftalmolog
oftalmolog collected $11.76 from pot
oftalmolog: doesn't show hand
*** SUMMARY ***
Total pot $12 | Rake $0.24
Board [As Js 8h]
Seat 1: liza3008 (big blind) folded on the Flop
Seat 2: oftalmolog (button) (small blind) collected ($11.76)


PokerStars Hand #145844323745:  Hold'em Limit ($3/$6 USD) - 2015/12/24 9:01:57 ET
Table 'Alzir' 2-max Seat #1 is the button
Seat 1: liza3008 ($105.80 in chips)
Seat 2: oftalmolog ($252.02 in chips)
liza3008: posts small blind $1
oftalmolog: posts big blind $3
*** HOLE CARDS ***
liza3008: raises $3 to $6
oftalmolog: folds
Uncalled bet ($3) returned to liza3008
liza3008 collected $6 from pot
liza3008: doesn't show hand
*** SUMMARY ***
Total pot $6 | Rake $0
Seat 1: liza3008 (button) (small blind) collected ($6)
Seat 2: oftalmolog (big blind) folded before Flop


PokerStars Hand #145844320237:  Hold'em Limit ($3/$6 USD) - 2015/12/24 9:01:52 ET
Table 'Alzir' 2-max Seat #2 is the button
Seat 1: liza3008 ($104.80 in chips)
Seat 2: oftalmolog ($253.02 in chips)
oftalmolog: posts small blind $1
liza3008: posts big blind $3
*** HOLE CARDS ***
oftalmolog: folds
Uncalled bet ($2) returned to liza3008
liza3008 collected $2 from pot
liza3008: doesn't show hand
*** SUMMARY ***
Total pot $2 | Rake $0
Seat 1: liza3008 (big blind) collected ($2)
Seat 2: oftalmolog (button) (small blind) folded before Flop


PokerStars Hand #145844308702:  Hold'em Limit ($3/$6 USD) - 2015/12/24 9:01:35 ET
Table 'Alzir' 2-max Seat #1 is the button
Seat 1: liza3008 ($128.80 in chips)
Seat 2: oftalmolog ($229.52 in chips)
liza3008: posts small blind $1
oftalmolog: posts big blind $3
*** HOLE CARDS ***
liza3008: raises $3 to $6
oftalmolog: raises $3 to $9
liza3008: calls $3
*** FLOP *** [Jc 6h 7d]
oftalmolog: bets $3
liza3008: calls $3
*** TURN *** [Jc 6h 7d] [3h]
oftalmolog: bets $6
liza3008: calls $6
*** RIVER *** [Jc 6h 7d 3h] [Jd]
oftalmolog: bets $6
liza3008: calls $6
*** SHOW DOWN ***
oftalmolog: shows [5d 6d] (two pair, Jacks and Sixes)
liza3008: mucks hand
oftalmolog collected $47.50 from pot
*** SUMMARY ***
Total pot $48 | Rake $0.50
Board [Jc 6h 7d 3h Jd]
Seat 1: liza3008 (button) (small blind) mucked
Seat 2: oftalmolog (big blind) showed [5d 6d] and won ($47.50) with two pair, Jacks and Sixes


PokerStars Hand #145844390046:  Hold'em Limit ($3/$6 USD) - 2015/12/24 9:03:30 ET
Table 'Alzir' 2-max Seat #1 is the button
Seat 1: liza3008 ($99.14 in chips)
Seat 2: oftalmolog ($256.88 in chips)
liza3008: posts small blind $1
oftalmolog: posts big blind $3
*** HOLE CARDS ***
liza3008: raises $3 to $6
oftalmolog: folds
Uncalled bet ($3) returned to liza3008
liza3008 collected $6 from pot
liza3008: doesn't show hand
*** SUMMARY ***
Total pot $6 | Rake $0
Seat 1: liza3008 (button) (small blind) collected ($6)
Seat 2: oftalmolog (big blind) folded before Flop


PokerStars Hand #145844386398:  Hold'em Limit ($3/$6 USD) - 2015/12/24 9:03:25 ET
Table 'Alzir' 2-max Seat #2 is the button
Seat 1: liza3008 ($98.14 in chips)
Seat 2: oftalmolog ($257.88 in chips)
oftalmolog: posts small blind $1
liza3008: posts big blind $3
*** HOLE CARDS ***
oftalmolog: folds
Uncalled bet ($2) returned to liza3008
liza3008 collected $2 from pot
liza3008: doesn't show hand
*** SUMMARY ***
Total pot $2 | Rake $0
Seat 1: liza3008 (big blind) collected ($2)
Seat 2: oftalmolog (button) (small blind) folded before Flop


PokerStars Hand #145844377073:  Hold'em Limit ($3/$6 USD) - 2015/12/24 9:03:12 ET
Table 'Alzir' 2-max Seat #1 is the button
Seat 1: liza3008 ($92.38 in chips)
Seat 2: oftalmolog ($263.88 in chips)
liza3008: posts small blind $1
oftalmolog: posts big blind $3
*** HOLE CARDS ***
liza3008: raises $3 to $6
oftalmolog: calls $3
*** FLOP *** [8d 2h Jc]
oftalmolog: checks
liza3008: checks
*** TURN *** [8d 2h Jc] [3c]
oftalmolog: checks
liza3008: bets $6
oftalmolog: folds
Uncalled bet ($6) returned to liza3008
liza3008 collected $11.76 from pot
liza3008: doesn't show hand
*** SUMMARY ***
Total pot $12 | Rake $0.24
Board [8d 2h Jc 3c]
Seat 1: liza3008 (button) (small blind) collected ($11.76)
Seat 2: oftalmolog (big blind) folded on the Turn


PokerStars Hand #145844370526:  Hold'em Limit ($3/$6 USD) - 2015/12/24 9:03:03 ET
Table 'Alzir' 2-max Seat #2 is the button
Seat 1: liza3008 ($98.38 in chips)
Seat 2: oftalmolog ($258.12 in chips)
oftalmolog: posts small blind $1
liza3008: posts big blind $3
*** HOLE CARDS ***
oftalmolog: raises $3 to $6
liza3008: calls $3
*** FLOP *** [Qc 3d Qh]
liza3008: checks
oftalmolog: bets $3
liza3008: folds
Uncalled bet ($3) returned to oftalmolog
oftalmolog collected $11.76 from pot
oftalmolog: doesn't show hand
*** SUMMARY ***
Total pot $12 | Rake $0.24
Board [Qc 3d Qh]
Seat 1: liza3008 (big blind) folded on the Flop
Seat 2: oftalmolog (button) (small blind) collected ($11.76)


PokerStars Hand #145844360846:  Hold'em Limit ($3/$6 USD) - 2015/12/24 9:02:49 ET
Table 'Alzir' 2-max Seat #1 is the button
Seat 1: liza3008 ($110.38 in chips)
Seat 2: oftalmolog ($246.60 in chips)
liza3008: posts small blind $1
oftalmolog: posts big blind $3
*** HOLE CARDS ***
liza3008: raises $3 to $6
oftalmolog: calls $3
*** FLOP *** [Jc As 7s]
oftalmolog: checks
liza3008: checks
*** TURN *** [Jc As 7s] [Qh]
oftalmolog: checks
liza3008: checks
*** RIVER *** [Jc As 7s Qh] [3s]
oftalmolog: bets $6
liza3008: calls $6
*** SHOW DOWN ***
oftalmolog: shows [4d Jd] (a pair of Jacks)
liza3008: mucks hand
oftalmolog collected $23.52 from pot
*** SUMMARY ***
Total pot $24 | Rake $0.48
Board [Jc As 7s Qh 3s]
Seat 1: liza3008 (button) (small blind) mucked
Seat 2: oftalmolog (big blind) showed [4d Jd] and won ($23.52) with a pair of Jacks


PokerStars Hand #145844357709:  Hold'em Limit ($3/$6 USD) - 2015/12/24 9:02:45 ET
Table 'Alzir' 2-max Seat #2 is the button
Seat 1: liza3008 ($109.38 in chips)
Seat 2: oftalmolog ($247.60 in chips)
oftalmolog: posts small blind $1
liza3008: posts big blind $3
*** HOLE CARDS ***
oftalmolog: folds
Uncalled bet ($2) returned to liza3008
liza3008 collected $2 from pot
liza3008: doesn't show hand
*** SUMMARY ***
Total pot $2 | Rake $0
Seat 1: liza3008 (big blind) collected ($2)
Seat 2: oftalmolog (button) (small blind) folded before Flop


PokerStars Hand #145844346594:  Hold'em Limit ($3/$6 USD) - 2015/12/24 9:02:28 ET
Table 'Alzir' 2-max Seat #1 is the button
Seat 1: liza3008 ($109.56 in chips)
Seat 2: oftalmolog ($247.78 in chips)
liza3008: posts small blind $1
oftalmolog: posts big blind $3
*** HOLE CARDS ***
liza3008: raises $3 to $6
oftalmolog: calls $3
*** FLOP *** [Qs Ts 8c]
oftalmolog: checks
liza3008: bets $3
oftalmolog: calls $3
*** TURN *** [Qs Ts 8c] [9c]
oftalmolog: checks
liza3008: checks
*** RIVER *** [Qs Ts 8c 9c] [As]
oftalmolog: checks
liza3008: checks
*** SHOW DOWN ***
oftalmolog: shows [8h 6c] (a pair of Eights)
liza3008: shows [4d 8s] (a pair of Eights)
oftalmolog collected $8.82 from pot
liza3008 collected $8.82 from pot
*** SUMMARY ***
Total pot $18 | Rake $0.36
Board [Qs Ts 8c 9c As]
Seat 1: liza3008 (button) (small blind) showed [4d 8s] and won ($8.82) with a pair of Eights
Seat 2: oftalmolog (big blind) showed [8h 6c] and won ($8.82) with a pair of Eights


PokerStars Hand #145844431149:  Hold'em Limit ($3/$6 USD) - 2015/12/24 9:04:26 ET
Table 'Alzir' 2-max Seat #2 is the button
Seat 1: liza3008 ($116.53 in chips)
Seat 2: oftalmolog ($238.63 in chips)
oftalmolog: posts small blind $1
liza3008: posts big blind $3
*** HOLE CARDS ***
oftalmolog: raises $3 to $6
liza3008: folds
Uncalled bet ($3) returned to oftalmolog
oftalmolog collected $6 from pot
oftalmolog: doesn't show hand
*** SUMMARY ***
Total pot $6 | Rake $0
Seat 1: liza3008 (big blind) folded before Flop
Seat 2: oftalmolog (button) (small blind) collected ($6)


PokerStars Hand #145844426942:  Hold'em Limit ($3/$6 USD) - 2015/12/24 9:04:21 ET
Table 'Alzir' 2-max Seat #1 is the button
Seat 1: liza3008 ($113.53 in chips)
Seat 2: oftalmolog ($241.63 in chips)
liza3008: posts small blind $1
oftalmolog: posts big blind $3
*** HOLE CARDS ***
liza3008: raises $3 to $6
oftalmolog: folds
Uncalled bet ($3) returned to liza3008
liza3008 collected $6 from pot
liza3008: doesn't show hand
*** SUMMARY ***
Total pot $6 | Rake $0
Seat 1: liza3008 (button) (small blind) collected ($6)
Seat 2: oftalmolog (big blind) folded before Flop


PokerStars Hand #145844413815:  Hold'em Limit ($3/$6 USD) - 2015/12/24 9:04:03 ET
Table 'Alzir' 2-max Seat #2 is the button
Seat 1: liza3008 ($104.89 in chips)
Seat 2: oftalmolog ($250.63 in chips)
oftalmolog: posts small blind $1
liza3008: posts big blind $3
*** HOLE CARDS ***
oftalmolog: raises $3 to $6
liza3008: calls $3
*** FLOP *** [5s 9s 7h]
liza3008: checks
oftalmolog: bets $3
liza3008: calls $3
*** TURN *** [5s 9s 7h] [Jc]
liza3008: checks
oftalmolog: checks
*** RIVER *** [5s 9s 7h Jc] [6c]
liza3008: bets $6
oftalmolog: folds
Uncalled bet ($6) returned to liza3008
liza3008 collected $17.64 from pot
liza3008: doesn't show hand
*** SUMMARY ***
Total pot $18 | Rake $0.36
Board [5s 9s 7h Jc 6c]
Seat 1: liza3008 (big blind) collected ($17.64)
Seat 2: oftalmolog (button) (small blind) folded on the River


PokerStars Hand #145844408650:  Hold'em Limit ($3/$6 USD) - 2015/12/24 9:03:55 ET
Table 'Alzir' 2-max Seat #1 is the button
Seat 1: liza3008 ($101.89 in chips)
Seat 2: oftalmolog ($253.63 in chips)
liza3008: posts small blind $1
oftalmolog: posts big blind $3
*** HOLE CARDS ***
liza3008: raises $3 to $6
oftalmolog: folds
Uncalled bet ($3) returned to liza3008
liza3008 collected $6 from pot
liza3008: doesn't show hand
*** SUMMARY ***
Total pot $6 | Rake $0
Seat 1: liza3008 (button) (small blind) collected ($6)
Seat 2: oftalmolog (big blind) folded before Flop


PokerStars Hand #145844393891:  Hold'em Limit ($3/$6 USD) - 2015/12/24 9:03:35 ET
Table 'Alzir' 2-max Seat #2 is the button
Seat 1: liza3008 ($102.14 in chips)
Seat 2: oftalmolog ($253.88 in chips)
oftalmolog: posts small blind $1
liza3008: posts big blind $3
*** HOLE CARDS ***
oftalmolog: raises $3 to $6
liza3008: calls $3
*** FLOP *** [5d 9h 6d]
liza3008: bets $3
oftalmolog: calls $3
*** TURN *** [5d 9h 6d] [3c]
liza3008: bets $6
oftalmolog: calls $6
*** RIVER *** [5d 9h 6d 3c] [4s]
liza3008: bets $6
oftalmolog: raises $6 to $12
liza3008: calls $6
*** SHOW DOWN ***
oftalmolog: shows [9d 7c] (a straight, Three to Seven)
liza3008: shows [7h 6c] (a straight, Three to Seven)
liza3008 collected $26.75 from pot
oftalmolog collected $26.75 from pot
*** SUMMARY ***
Total pot $54 | Rake $0.50
Board [5d 9h 6d 3c 4s]
Seat 1: liza3008 (big blind) showed [7h 6c] and won ($26.75) with a straight, Three to Seven
Seat 2: oftalmolog (button) (small blind) showed [9d 7c] and won ($26.75) with a straight, Three to Seven


PokerStars Hand #145844464906:  Hold'em Limit ($3/$6 USD) - 2015/12/24 9:05:13 ET
Table 'Alzir' 2-max Seat #1 is the button
Seat 1: liza3008 ($116.17 in chips)
Seat 2: oftalmolog ($238.39 in chips)
liza3008: posts small blind $1
oftalmolog: posts big blind $3
*** HOLE CARDS ***
liza3008: raises $3 to $6
oftalmolog: calls $3
*** FLOP *** [Qc 6c 5h]
oftalmolog: checks
liza3008: bets $3
oftalmolog: calls $3
*** TURN *** [Qc 6c 5h] [Tc]
oftalmolog: checks
liza3008: checks
*** RIVER *** [Qc 6c 5h Tc] [8c]
oftalmolog: bets $6
liza3008: calls $6
*** SHOW DOWN ***
oftalmolog: shows [9s 7s] (a straight, Six to Ten)
liza3008: shows [4d 5c] (a flush, Queen high)
liza3008 collected $29.50 from pot
*** SUMMARY ***
Total pot $30 | Rake $0.50
Board [Qc 6c 5h Tc 8c]
Seat 1: liza3008 (button) (small blind) showed [4d 5c] and won ($29.50) with a flush, Queen high
Seat 2: oftalmolog (big blind) showed [9s 7s] and lost with a straight, Six to Ten


PokerStars Hand #145844446611:  Hold'em Limit ($3/$6 USD) - 2015/12/24 9:04:48 ET
Table 'Alzir' 2-max Seat #2 is the button
Seat 1: liza3008 ($107.53 in chips)
Seat 2: oftalmolog ($247.39 in chips)
oftalmolog: posts small blind $1
liza3008: posts big blind $3
*** HOLE CARDS ***
oftalmolog: raises $3 to $6
liza3008: calls $3
*** FLOP *** [6h 3c 4c]
liza3008: checks
oftalmolog: bets $3
liza3008: calls $3
*** TURN *** [6h 3c 4c] [8h]
liza3008: checks
oftalmolog: checks
*** RIVER *** [6h 3c 4c 8h] [Ts]
liza3008: checks
oftalmolog: checks
*** SHOW DOWN ***
liza3008: shows [Ah 5c] (high card Ace)
oftalmolog: mucks hand
liza3008 collected $17.64 from pot
*** SUMMARY ***
Total pot $18 | Rake $0.36
Board [6h 3c 4c 8h Ts]
Seat 1: liza3008 (big blind) showed [Ah 5c] and won ($17.64) with high card Ace
Seat 2: oftalmolog (button) (small blind) mucked


PokerStars Hand #145844434978:  Hold'em Limit ($3/$6 USD) - 2015/12/24 9:04:32 ET
Table 'Alzir' 2-max Seat #1 is the button
Seat 1: liza3008 ($113.53 in chips)
Seat 2: oftalmolog ($241.63 in chips)
liza3008: posts small blind $1
oftalmolog: posts big blind $3
*** HOLE CARDS ***
liza3008: raises $3 to $6
oftalmolog: calls $3
*** FLOP *** [8d 7c Td]
oftalmolog: checks
liza3008: checks
*** TURN *** [8d 7c Td] [6d]
oftalmolog: checks
liza3008: checks
*** RIVER *** [8d 7c Td 6d] [Tc]
oftalmolog: checks
liza3008: checks
*** SHOW DOWN ***
oftalmolog: shows [4s As] (a pair of Tens)
liza3008: mucks hand
oftalmolog collected $11.76 from pot
*** SUMMARY ***
Total pot $12 | Rake $0.24
Board [8d 7c Td 6d Tc]
Seat 1: liza3008 (button) (small blind) mucked
Seat 2: oftalmolog (big blind) showed [4s As] and won ($11.76) with a pair of Tens


PokerStars Hand #145844516929:  Hold'em Limit ($3/$6 USD) - 2015/12/24 9:06:23 ET
Table 'Alzir' 2-max Seat #1 is the button
Seat 1: liza3008 ($138.43 in chips)
Seat 2: oftalmolog ($215.39 in chips)
liza3008: posts small blind $1
oftalmolog: posts big blind $3
*** HOLE CARDS ***
liza3008: raises $3 to $6
oftalmolog: calls $3
*** FLOP *** [9c Ah 4d]
oftalmolog: checks
liza3008: bets $3
oftalmolog: folds
Uncalled bet ($3) returned to liza3008
liza3008 collected $11.76 from pot
liza3008: doesn't show hand
*** SUMMARY ***
Total pot $12 | Rake $0.24
Board [9c Ah 4d]
Seat 1: liza3008 (button) (small blind) collected ($11.76)
Seat 2: oftalmolog (big blind) folded on the Flop


PokerStars Hand #145844513417:  Hold'em Limit ($3/$6 USD) - 2015/12/24 9:06:18 ET
Table 'Alzir' 2-max Seat #2 is the button
Seat 1: liza3008 ($137.43 in chips)
Seat 2: oftalmolog ($216.39 in chips)
oftalmolog: posts small blind $1
liza3008: posts big blind $3
*** HOLE CARDS ***
oftalmolog: folds
Uncalled bet ($2) returned to liza3008
liza3008 collected $2 from pot
liza3008: doesn't show hand
*** SUMMARY ***
Total pot $2 | Rake $0
Seat 1: liza3008 (big blind) collected ($2)
Seat 2: oftalmolog (button) (small blind) folded before Flop


PokerStars Hand #145844498379:  Hold'em Limit ($3/$6 USD) - 2015/12/24 9:05:58 ET
Table 'Alzir' 2-max Seat #1 is the button
Seat 1: liza3008 ($131.67 in chips)
Seat 2: oftalmolog ($222.39 in chips)
liza3008: posts small blind $1
oftalmolog: posts big blind $3
*** HOLE CARDS ***
liza3008: raises $3 to $6
oftalmolog: calls $3
*** FLOP *** [9c Tc Td]
oftalmolog: checks
liza3008: checks
*** TURN *** [9c Tc Td] [Qc]
oftalmolog: checks
liza3008: checks
*** RIVER *** [9c Tc Td Qc] [8c]
oftalmolog: checks
liza3008: bets $6
oftalmolog: folds
Uncalled bet ($6) returned to liza3008
liza3008 collected $11.76 from pot
liza3008: doesn't show hand
*** SUMMARY ***
Total pot $12 | Rake $0.24
Board [9c Tc Td Qc 8c]
Seat 1: liza3008 (button) (small blind) collected ($11.76)
Seat 2: oftalmolog (big blind) folded on the River


PokerStars Hand #145844494382:  Hold'em Limit ($3/$6 USD) - 2015/12/24 9:05:52 ET
Table 'Alzir' 2-max Seat #2 is the button
Seat 1: liza3008 ($130.67 in chips)
Seat 2: oftalmolog ($223.39 in chips)
oftalmolog: posts small blind $1
liza3008: posts big blind $3
*** HOLE CARDS ***
oftalmolog: folds
Uncalled bet ($2) returned to liza3008
liza3008 collected $2 from pot
liza3008: doesn't show hand
*** SUMMARY ***
Total pot $2 | Rake $0
Seat 1: liza3008 (big blind) collected ($2)
Seat 2: oftalmolog (button) (small blind) folded before Flop


PokerStars Hand #145844487506:  Hold'em Limit ($3/$6 USD) - 2015/12/24 9:05:43 ET
Table 'Alzir' 2-max Seat #1 is the button
Seat 1: liza3008 ($127.67 in chips)
Seat 2: oftalmolog ($226.39 in chips)
liza3008: posts small blind $1
oftalmolog: posts big blind $3
*** HOLE CARDS ***
liza3008: raises $3 to $6
oftalmolog: folds
Uncalled bet ($3) returned to liza3008
liza3008 collected $6 from pot
liza3008: doesn't show hand
*** SUMMARY ***
Total pot $6 | Rake $0
Seat 1: liza3008 (button) (small blind) collected ($6)
Seat 2: oftalmolog (big blind) folded before Flop


PokerStars Hand #145844483309:  Hold'em Limit ($3/$6 USD) - 2015/12/24 9:05:38 ET
Table 'Alzir' 2-max Seat #2 is the button
Seat 1: liza3008 ($130.67 in chips)
Seat 2: oftalmolog ($223.39 in chips)
oftalmolog: posts small blind $1
liza3008: posts big blind $3
*** HOLE CARDS ***
oftalmolog: raises $3 to $6
liza3008: folds
Uncalled bet ($3) returned to oftalmolog
oftalmolog collected $6 from pot
oftalmolog: doesn't show hand
*** SUMMARY ***
Total pot $6 | Rake $0
Seat 1: liza3008 (big blind) folded before Flop
Seat 2: oftalmolog (button) (small blind) collected ($6)


PokerStars Hand #145844563387:  Hold'em Limit ($3/$6 USD) - 2015/12/24 9:07:26 ET
Table 'Alzir' 2-max Seat #2 is the button
Seat 1: liza3008 ($156.69 in chips)
Seat 2: oftalmolog ($196.03 in chips)
oftalmolog: posts small blind $1
liza3008: posts big blind $3
*** HOLE CARDS ***
oftalmolog: raises $3 to $6
liza3008: calls $3
*** FLOP *** [6d 8d 4d]
liza3008: checks
oftalmolog: bets $3
liza3008: calls $3
*** TURN *** [6d 8d 4d] [5s]
liza3008: checks
oftalmolog: bets $6
liza3008: folds
Uncalled bet ($6) returned to oftalmolog
oftalmolog collected $17.64 from pot
oftalmolog: doesn't show hand
*** SUMMARY ***
Total pot $18 | Rake $0.36
Board [6d 8d 4d 5s]
Seat 1: liza3008 (big blind) folded on the Turn
Seat 2: oftalmolog (button) (small blind) collected ($17.64)


PokerStars Hand #145844555909:  Hold'em Limit ($3/$6 USD) - 2015/12/24 9:07:15 ET
Table 'Alzir' 2-max Seat #2 is the button
Seat 1: liza3008 ($152.69 in chips)
Seat 2: oftalmolog ($200.03 in chips)
oftalmolog: posts small blind $1
liza3008: posts big blind $3
*** HOLE CARDS ***
oftalmolog: folds
Uncalled bet ($2) returned to liza3008
liza3008 collected $2 from pot
liza3008: doesn't show hand
*** SUMMARY ***
Total pot $2 | Rake $0
Seat 1: liza3008 (big blind) collected ($2)
Seat 2: oftalmolog (button) (small blind) folded before Flop


PokerStars Hand #145844543865:  Hold'em Limit ($3/$6 USD) - 2015/12/24 9:06:59 ET
Table 'Alzir' 2-max Seat #1 is the button
Seat 1: liza3008 ($135.19 in chips)
Seat 2: oftalmolog ($218.03 in chips)
liza3008: posts small blind $1
oftalmolog: posts big blind $3
*** HOLE CARDS ***
liza3008: raises $3 to $6
oftalmolog: calls $3
*** FLOP *** [3c Qh 8d]
oftalmolog: checks
liza3008: checks
*** TURN *** [3c Qh 8d] [3d]
oftalmolog: checks
liza3008: bets $6
oftalmolog: calls $6
*** RIVER *** [3c Qh 8d 3d] [6h]
oftalmolog: checks
liza3008: bets $6
oftalmolog: calls $6
*** SHOW DOWN ***
liza3008: shows [Js Qc] (two pair, Queens and Threes)
oftalmolog: mucks hand
liza3008 collected $35.50 from pot
*** SUMMARY ***
Total pot $36 | Rake $0.50
Board [3c Qh 8d 3d 6h]
Seat 1: liza3008 (button) (small blind) showed [Js Qc] and won ($35.50) with two pair, Queens and Threes
Seat 2: oftalmolog (big blind) mucked


PokerStars Hand #145844540259:  Hold'em Limit ($3/$6 USD) - 2015/12/24 9:06:54 ET
Table 'Alzir' 2-max Seat #2 is the button
Seat 1: liza3008 ($138.19 in chips)
Seat 2: oftalmolog ($215.03 in chips)
oftalmolog: posts small blind $1
liza3008: posts big blind $3
*** HOLE CARDS ***
oftalmolog: raises $3 to $6
liza3008: folds
Uncalled bet ($3) returned to oftalmolog
oftalmolog collected $6 from pot
oftalmolog: doesn't show hand
*** SUMMARY ***
Total pot $6 | Rake $0
Seat 1: liza3008 (big blind) folded before Flop
Seat 2: oftalmolog (button) (small blind) collected ($6)


PokerStars Hand #145844536219:  Hold'em Limit ($3/$6 USD) - 2015/12/24 9:06:49 ET
Table 'Alzir' 2-max Seat #1 is the button
Seat 1: liza3008 ($135.19 in chips)
Seat 2: oftalmolog ($218.03 in chips)
liza3008: posts small blind $1
oftalmolog: posts big blind $3
*** HOLE CARDS ***
liza3008: raises $3 to $6
oftalmolog: folds
Uncalled bet ($3) returned to liza3008
liza3008 collected $6 from pot
liza3008: doesn't show hand
*** SUMMARY ***
Total pot $6 | Rake $0
Seat 1: liza3008 (button) (small blind) collected ($6)
Seat 2: oftalmolog (big blind) folded before Flop


PokerStars Hand #145844525742:  Hold'em Limit ($3/$6 USD) - 2015/12/24 9:06:35 ET
Table 'Alzir' 2-max Seat #2 is the button
Seat 1: liza3008 ($144.19 in chips)
Seat 2: oftalmolog ($209.39 in chips)
oftalmolog: posts small blind $1
liza3008: posts big blind $3
*** HOLE CARDS ***
oftalmolog: raises $3 to $6
liza3008: calls $3
*** FLOP *** [Tc 2d 5c]
liza3008: checks
oftalmolog: bets $3
liza3008: calls $3
*** TURN *** [Tc 2d 5c] [9c]
liza3008: checks
oftalmolog: bets $6
liza3008: folds
Uncalled bet ($6) returned to oftalmolog
oftalmolog collected $17.64 from pot
oftalmolog: doesn't show hand
*** SUMMARY ***
Total pot $18 | Rake $0.36
Board [Tc 2d 5c 9c]
Seat 1: liza3008 (big blind) folded on the Turn
Seat 2: oftalmolog (button) (small blind) collected ($17.64)


PokerStars Hand #145844610107:  Hold'em Limit ($3/$6 USD) - 2015/12/24 9:08:29 ET
Table 'Alzir' 2-max Seat #2 is the button
Seat 1: liza3008 ($152.97 in chips)
Seat 2: oftalmolog ($198.31 in chips)
oftalmolog: posts small blind $1
liza3008: posts big blind $3
*** HOLE CARDS ***
oftalmolog: folds
Uncalled bet ($2) returned to liza3008
liza3008 collected $2 from pot
liza3008: doesn't show hand
*** SUMMARY ***
Total pot $2 | Rake $0
Seat 1: liza3008 (big blind) collected ($2)
Seat 2: oftalmolog (button) (small blind) folded before Flop


PokerStars Hand #145844602700:  Hold'em Limit ($3/$6 USD) - 2015/12/24 9:08:19 ET
Table 'Alzir' 2-max Seat #1 is the button
Seat 1: liza3008 ($147.21 in chips)
Seat 2: oftalmolog ($204.31 in chips)
liza3008: posts small blind $1
oftalmolog: posts big blind $3
*** HOLE CARDS ***
liza3008: raises $3 to $6
oftalmolog: calls $3
*** FLOP *** [9c Th 8c]
oftalmolog: checks
liza3008: bets $3
oftalmolog: folds
Uncalled bet ($3) returned to liza3008
liza3008 collected $11.76 from pot
liza3008: doesn't show hand
*** SUMMARY ***
Total pot $12 | Rake $0.24
Board [9c Th 8c]
Seat 1: liza3008 (button) (small blind) collected ($11.76)
Seat 2: oftalmolog (big blind) folded on the Flop


PokerStars Hand #145844599272:  Hold'em Limit ($3/$6 USD) - 2015/12/24 9:08:14 ET
Table 'Alzir' 2-max Seat #2 is the button
Seat 1: liza3008 ($150.21 in chips)
Seat 2: oftalmolog ($201.31 in chips)
oftalmolog: posts small blind $1
liza3008: posts big blind $3
*** HOLE CARDS ***
oftalmolog: raises $3 to $6
liza3008: folds
Uncalled bet ($3) returned to oftalmolog
oftalmolog collected $6 from pot
oftalmolog: doesn't show hand
*** SUMMARY ***
Total pot $6 | Rake $0
Seat 1: liza3008 (big blind) folded before Flop
Seat 2: oftalmolog (button) (small blind) collected ($6)


PokerStars Hand #145844592116:  Hold'em Limit ($3/$6 USD) - 2015/12/24 9:08:05 ET
Table 'Alzir' 2-max Seat #1 is the button
Seat 1: liza3008 ($144.45 in chips)
Seat 2: oftalmolog ($207.31 in chips)
liza3008: posts small blind $1
oftalmolog: posts big blind $3
*** HOLE CARDS ***
liza3008: raises $3 to $6
oftalmolog: calls $3
*** FLOP *** [7s 5d Qd]
oftalmolog: checks
liza3008: bets $3
oftalmolog: folds
Uncalled bet ($3) returned to liza3008
liza3008 collected $11.76 from pot
liza3008: doesn't show hand
*** SUMMARY ***
Total pot $12 | Rake $0.24
Board [7s 5d Qd]
Seat 1: liza3008 (button) (small blind) collected ($11.76)
Seat 2: oftalmolog (big blind) folded on the Flop


PokerStars Hand #145844573052:  Hold'em Limit ($3/$6 USD) - 2015/12/24 9:07:39 ET
Table 'Alzir' 2-max Seat #1 is the button
Seat 1: liza3008 ($147.69 in chips)
Seat 2: oftalmolog ($204.67 in chips)
liza3008: posts small blind $1
oftalmolog: posts big blind $3
*** HOLE CARDS ***
liza3008: raises $3 to $6
oftalmolog: calls $3
*** FLOP *** [3s 2s 9h]
oftalmolog: checks
liza3008: checks
*** TURN *** [3s 2s 9h] [5s]
oftalmolog: checks
liza3008: bets $6
oftalmolog: folds
Uncalled bet ($6) returned to liza3008
liza3008 collected $11.76 from pot
liza3008: doesn't show hand
*** SUMMARY ***
Total pot $12 | Rake $0.24
Board [3s 2s 9h 5s]
Seat 1: liza3008 (button) (small blind) collected ($11.76)
Seat 2: oftalmolog (big blind) folded on the Turn


PokerStars Hand #145844654839:  Hold'em Limit ($3/$6 USD) - 2015/12/24 9:09:30 ET
Table 'Alzir' 2-max Seat #1 is the button
Seat 1: liza3008 ($156.23 in chips)
Seat 2: oftalmolog ($193.57 in chips)
liza3008: posts small blind $1
oftalmolog: posts big blind $3
*** HOLE CARDS ***
liza3008: raises $3 to $6
oftalmolog: calls $3
*** FLOP *** [3s Ks 6h]
oftalmolog: checks
liza3008: bets $3
oftalmolog: folds
Uncalled bet ($3) returned to liza3008
liza3008 collected $11.76 from pot
liza3008: doesn't show hand
*** SUMMARY ***
Total pot $12 | Rake $0.24
Board [3s Ks 6h]
Seat 1: liza3008 (button) (small blind) collected ($11.76)
Seat 2: oftalmolog (big blind) folded on the Flop


PokerStars Hand #145844643592:  Hold'em Limit ($3/$6 USD) - 2015/12/24 9:09:14 ET
Table 'Alzir' 2-max Seat #2 is the button
Seat 1: liza3008 ($141.73 in chips)
Seat 2: oftalmolog ($208.57 in chips)
oftalmolog: posts small blind $1
liza3008: posts big blind $3
*** HOLE CARDS ***
oftalmolog: raises $3 to $6
liza3008: calls $3
*** FLOP *** [4h Kc 8d]
liza3008: checks
oftalmolog: bets $3
liza3008: calls $3
*** TURN *** [4h Kc 8d] [Ah]
liza3008: checks
oftalmolog: bets $6
liza3008: calls $6
*** RIVER *** [4h Kc 8d Ah] [Tc]
liza3008: checks
oftalmolog: checks
*** SHOW DOWN ***
liza3008: shows [Kh 6s] (a pair of Kings)
oftalmolog: mucks hand
liza3008 collected $29.50 from pot
*** SUMMARY ***
Total pot $30 | Rake $0.50
Board [4h Kc 8d Ah Tc]
Seat 1: liza3008 (big blind) showed [Kh 6s] and won ($29.50) with a pair of Kings
Seat 2: oftalmolog (button) (small blind) mucked


PokerStars Hand #145844639429:  Hold'em Limit ($3/$6 USD) - 2015/12/24 9:09:09 ET
Table 'Alzir' 2-max Seat #1 is the button
Seat 1: liza3008 ($138.73 in chips)
Seat 2: oftalmolog ($211.57 in chips)
liza3008: posts small blind $1
oftalmolog: posts big blind $3
*** HOLE CARDS ***
liza3008: raises $3 to $6
oftalmolog: folds
Uncalled bet ($3) returned to liza3008
liza3008 collected $6 from pot
liza3008: doesn't show hand
*** SUMMARY ***
Total pot $6 | Rake $0
Seat 1: liza3008 (button) (small blind) collected ($6)
Seat 2: oftalmolog (big blind) folded before Flop


PokerStars Hand #145844626610:  Hold'em Limit ($3/$6 USD) - 2015/12/24 9:08:52 ET
Table 'Alzir' 2-max Seat #2 is the button
Seat 1: liza3008 ($153.73 in chips)
Seat 2: oftalmolog ($197.07 in chips)
oftalmolog: posts small blind $1
liza3008: posts big blind $3
*** HOLE CARDS ***
oftalmolog: raises $3 to $6
liza3008: calls $3
*** FLOP *** [Kh Jh 7s]
liza3008: checks
oftalmolog: bets $3
liza3008: calls $3
*** TURN *** [Kh Jh 7s] [8h]
liza3008: checks
oftalmolog: bets $6
liza3008: calls $6
*** RIVER *** [Kh Jh 7s 8h] [Qs]
liza3008: checks
oftalmolog: checks
*** SHOW DOWN ***
liza3008: shows [4c 7c] (a pair of Sevens)
oftalmolog: shows [8s Td] (a pair of Eights)
oftalmolog collected $29.50 from pot
*** SUMMARY ***
Total pot $30 | Rake $0.50
Board [Kh Jh 7s 8h Qs]
Seat 1: liza3008 (big blind) showed [4c 7c] and lost with a pair of Sevens
Seat 2: oftalmolog (button) (small blind) showed [8s Td] and won ($29.50) with a pair of Eights


PokerStars Hand #145844613567:  Hold'em Limit ($3/$6 USD) - 2015/12/24 9:08:34 ET
Table 'Alzir' 2-max Seat #1 is the button
Seat 1: liza3008 ($153.97 in chips)
Seat 2: oftalmolog ($197.31 in chips)
liza3008: posts small blind $1
oftalmolog: posts big blind $3
*** HOLE CARDS ***
liza3008: raises $3 to $6
oftalmolog: raises $3 to $9
liza3008: calls $3
*** FLOP *** [3h 4s 5h]
oftalmolog: bets $3
liza3008: calls $3
*** TURN *** [3h 4s 5h] [4d]
oftalmolog: checks
liza3008: checks
*** RIVER *** [3h 4s 5h 4d] [Qh]
oftalmolog: checks
liza3008: checks
*** SHOW DOWN ***
oftalmolog: shows [Kc Jd] (a pair of Fours)
liza3008: shows [Kd Js] (a pair of Fours)
oftalmolog collected $11.76 from pot
liza3008 collected $11.76 from pot
*** SUMMARY ***
Total pot $24 | Rake $0.48
Board [3h 4s 5h 4d Qh]
Seat 1: liza3008 (button) (small blind) showed [Kd Js] and won ($11.76) with a pair of Fours
Seat 2: oftalmolog (big blind) showed [Kc Jd] and won ($11.76) with a pair of Fours


PokerStars Hand #145844698291:  Hold'em Limit ($3/$6 USD) - 2015/12/24 9:10:30 ET
Table 'Alzir' 2-max Seat #2 is the button
Seat 1: liza3008 ($150.74 in chips)
Seat 2: oftalmolog ($197.84 in chips)
oftalmolog: posts small blind $1
liza3008: posts big blind $3
*** HOLE CARDS ***
oftalmolog: folds
Uncalled bet ($2) returned to liza3008
liza3008 collected $2 from pot
liza3008: doesn't show hand
*** SUMMARY ***
Total pot $2 | Rake $0
Seat 1: liza3008 (big blind) collected ($2)
Seat 2: oftalmolog (button) (small blind) folded before Flop


PokerStars Hand #145844687484:  Hold'em Limit ($3/$6 USD) - 2015/12/24 9:10:15 ET
Table 'Alzir' 2-max Seat #1 is the button
Seat 1: liza3008 ($156.74 in chips)
Seat 2: oftalmolog ($192.08 in chips)
liza3008: posts small blind $1
oftalmolog: posts big blind $3
*** HOLE CARDS ***
liza3008: raises $3 to $6
oftalmolog: calls $3
*** FLOP *** [Qc 8h 7h]
oftalmolog: checks
liza3008: checks
*** TURN *** [Qc 8h 7h] [8d]
oftalmolog: checks
liza3008: checks
*** RIVER *** [Qc 8h 7h 8d] [Kh]
oftalmolog: bets $6
liza3008: folds
Uncalled bet ($6) returned to oftalmolog
oftalmolog collected $11.76 from pot
oftalmolog: doesn't show hand
*** SUMMARY ***
Total pot $12 | Rake $0.24
Board [Qc 8h 7h 8d Kh]
Seat 1: liza3008 (button) (small blind) folded on the River
Seat 2: oftalmolog (big blind) collected ($11.76)


PokerStars Hand #145844682950:  Hold'em Limit ($3/$6 USD) - 2015/12/24 9:10:08 ET
Table 'Alzir' 2-max Seat #2 is the button
Seat 1: liza3008 ($155.74 in chips)
Seat 2: oftalmolog ($193.08 in chips)
oftalmolog: posts small blind $1
liza3008: posts big blind $3
*** HOLE CARDS ***
oftalmolog: folds
Uncalled bet ($2) returned to liza3008
liza3008 collected $2 from pot
liza3008: doesn't show hand
*** SUMMARY ***
Total pot $2 | Rake $0
Seat 1: liza3008 (big blind) collected ($2)
Seat 2: oftalmolog (button) (small blind) folded before Flop


PokerStars Hand #145844674064:  Hold'em Limit ($3/$6 USD) - 2015/12/24 9:09:56 ET
Table 'Alzir' 2-max Seat #1 is the button
Seat 1: liza3008 ($161.74 in chips)
Seat 2: oftalmolog ($187.32 in chips)
liza3008: posts small blind $1
oftalmolog: posts big blind $3
*** HOLE CARDS ***
liza3008: raises $3 to $6
oftalmolog: calls $3
*** FLOP *** [Ac Ah 9s]
oftalmolog: checks
liza3008: checks
*** TURN *** [Ac Ah 9s] [9h]
oftalmolog: bets $6
liza3008: folds
Uncalled bet ($6) returned to oftalmolog
oftalmolog collected $11.76 from pot
oftalmolog: doesn't show hand
*** SUMMARY ***
Total pot $12 | Rake $0.24
Board [Ac Ah 9s 9h]
Seat 1: liza3008 (button) (small blind) folded on the Turn
Seat 2: oftalmolog (big blind) collected ($11.76)


PokerStars Hand #145844662576:  Hold'em Limit ($3/$6 USD) - 2015/12/24 9:09:41 ET
Table 'Alzir' 2-max Seat #2 is the button
Seat 1: liza3008 ($161.99 in chips)
Seat 2: oftalmolog ($187.57 in chips)
oftalmolog: posts small blind $1
liza3008: posts big blind $3
*** HOLE CARDS ***
oftalmolog: raises $3 to $6
liza3008: calls $3
*** FLOP *** [8c Qc Qs]
liza3008: checks
oftalmolog: bets $3
liza3008: calls $3
*** TURN *** [8c Qc Qs] [Qd]
liza3008: checks
oftalmolog: bets $6
liza3008: calls $6
*** RIVER *** [8c Qc Qs Qd] [Tc]
liza3008: checks
oftalmolog: checks
*** SHOW DOWN ***
liza3008: shows [As 3c] (three of a kind, Queens)
oftalmolog: shows [Ad 6c] (three of a kind, Queens)
liza3008 collected $14.75 from pot
oftalmolog collected $14.75 from pot
*** SUMMARY ***
Total pot $30 | Rake $0.50
Board [8c Qc Qs Qd Tc]
Seat 1: liza3008 (big blind) showed [As 3c] and won ($14.75) with three of a kind, Queens
Seat 2: oftalmolog (button) (small blind) showed [Ad 6c] and won ($14.75) with three of a kind, Queens


PokerStars Hand #145844701643:  Hold'em Limit ($3/$6 USD) - 2015/12/24 9:10:34 ET
Table 'Alzir' 2-max Seat #1 is the button
Seat 1: liza3008 ($151.74 in chips)
Seat 2: oftalmolog ($196.84 in chips)
liza3008: posts small blind $1
oftalmolog: posts big blind $3
*** HOLE CARDS ***
liza3008: raises $3 to $6
oftalmolog: calls $3
*** FLOP *** [6d 3d 3c]
oftalmolog: checks
liza3008: checks
*** TURN *** [6d 3d 3c] [Ts]
oftalmolog: bets $6
liza3008: calls $6
*** RIVER *** [6d 3d 3c Ts] [8d]
oftalmolog: bets $6
liza3008: folds
Uncalled bet ($6) returned to oftalmolog
oftalmolog collected $23.52 from pot
oftalmolog: doesn't show hand
*** SUMMARY ***
Total pot $24 | Rake $0.48
Board [6d 3d 3c Ts 8d]
Seat 1: liza3008 (button) (small blind) folded on the River
Seat 2: oftalmolog (big blind) collected ($23.52)


PokerStars Hand #145844729361:  Hold'em Limit ($3/$6 USD) - 2015/12/24 9:11:12 ET
Table 'Alzir' 2-max Seat #1 is the button
Seat 1: liza3008 ($106.74 in chips)
Seat 2: oftalmolog ($240.86 in chips)
liza3008: posts small blind $1
oftalmolog: posts big blind $3
*** HOLE CARDS ***
liza3008: raises $3 to $6
oftalmolog: folds
Uncalled bet ($3) returned to liza3008
liza3008 collected $6 from pot
liza3008: doesn't show hand
*** SUMMARY ***
Total pot $6 | Rake $0
Seat 1: liza3008 (button) (small blind) collected ($6)
Seat 2: oftalmolog (big blind) folded before Flop


PokerStars Hand #145844712820:  Hold'em Limit ($3/$6 USD) - 2015/12/24 9:10:49 ET
Table 'Alzir' 2-max Seat #2 is the button
Seat 1: liza3008 ($139.74 in chips)
Seat 2: oftalmolog ($208.36 in chips)
oftalmolog: posts small blind $1
liza3008: posts big blind $3
*** HOLE CARDS ***
oftalmolog: raises $3 to $6
liza3008: calls $3
*** FLOP *** [6h 9c Ts]
liza3008: checks
oftalmolog: bets $3
liza3008: calls $3
*** TURN *** [6h 9c Ts] [5c]
liza3008: checks
oftalmolog: bets $6
liza3008: raises $6 to $12
oftalmolog: calls $6
*** RIVER *** [6h 9c Ts 5c] [4c]
liza3008: bets $6
oftalmolog: raises $6 to $12
liza3008: calls $6
*** SHOW DOWN ***
oftalmolog: shows [2c Kc] (a flush, King high)
liza3008: mucks hand
oftalmolog collected $65.50 from pot
*** SUMMARY ***
Total pot $66 | Rake $0.50
Board [6h 9c Ts 5c 4c]
Seat 1: liza3008 (big blind) mucked
Seat 2: oftalmolog (button) (small blind) showed [2c Kc] and won ($65.50) with a flush, King high


PokerStars Hand #145844733823:  Hold'em Limit ($3/$6 USD) - 2015/12/24 9:11:18 ET
Table 'Alzir' 2-max Seat #2 is the button
Seat 1: liza3008 ($109.74 in chips)
Seat 2: oftalmolog ($237.86 in chips)
oftalmolog: posts small blind $1
liza3008: posts big blind $3
*** HOLE CARDS ***
oftalmolog: raises $3 to $6
liza3008: calls $3
*** FLOP *** [5h Kd 7d]
liza3008: checks
oftalmolog: bets $3
liza3008: raises $3 to $6
oftalmolog: calls $3
*** TURN *** [5h Kd 7d] [Kh]
liza3008: bets $6
oftalmolog: calls $6
*** RIVER *** [5h Kd 7d Kh] [Jc]
liza3008: bets $6
oftalmolog: calls $6
*** SHOW DOWN ***
liza3008: shows [Ks 9d] (three of a kind, Kings)
oftalmolog: mucks hand
liza3008 collected $47.50 from pot
*** SUMMARY ***
Total pot $48 | Rake $0.50
Board [5h Kd 7d Kh Jc]
Seat 1: liza3008 (big blind) showed [Ks 9d] and won ($47.50) with three of a kind, Kings
Seat 2: oftalmolog (button) (small blind) mucked


PokerStars Hand #145844747439:  Hold'em Limit ($3/$6 USD) - 2015/12/24 9:11:37 ET
Table 'Alzir' 2-max Seat #1 is the button
Seat 1: liza3008 ($133.24 in chips)
Seat 2: oftalmolog ($213.86 in chips)
liza3008: posts small blind $1
oftalmolog: posts big blind $3
*** HOLE CARDS ***
liza3008: raises $3 to $6
oftalmolog: calls $3
*** FLOP *** [3c As 9h]
oftalmolog: checks
liza3008: bets $3
oftalmolog: calls $3
*** TURN *** [3c As 9h] [7s]
oftalmolog: checks
liza3008: checks
*** RIVER *** [3c As 9h 7s] [Ah]
oftalmolog: bets $6
liza3008: calls $6
*** SHOW DOWN ***
oftalmolog: shows [7h Kd] (two pair, Aces and Sevens)
liza3008: mucks hand
oftalmolog collected $29.50 from pot
*** SUMMARY ***
Total pot $30 | Rake $0.50
Board [3c As 9h 7s Ah]
Seat 1: liza3008 (button) (small blind) mucked
Seat 2: oftalmolog (big blind) showed [7h Kd] and won ($29.50) with two pair, Aces and Sevens


PokerStars Hand #145844758773:  Hold'em Limit ($3/$6 USD) - 2015/12/24 9:11:52 ET
Table 'Alzir' 2-max Seat #2 is the button
Seat 1: liza3008 ($118.24 in chips)
Seat 2: oftalmolog ($228.36 in chips)
oftalmolog: posts small blind $1
liza3008: posts big blind $3
*** HOLE CARDS ***
oftalmolog: folds
Uncalled bet ($2) returned to liza3008
liza3008 collected $2 from pot
liza3008: doesn't show hand
*** SUMMARY ***
Total pot $2 | Rake $0
Seat 1: liza3008 (big blind) collected ($2)
Seat 2: oftalmolog (button) (small blind) folded before Flop


PokerStars Hand #145844762338:  Hold'em Limit ($3/$6 USD) - 2015/12/24 9:11:58 ET
Table 'Alzir' 2-max Seat #1 is the button
Seat 1: liza3008 ($119.24 in chips)
Seat 2: oftalmolog ($227.36 in chips)
liza3008: posts small blind $1
oftalmolog: posts big blind $3
*** HOLE CARDS ***
liza3008: raises $3 to $6
oftalmolog: calls $3
*** FLOP *** [9h 5s 6h]
oftalmolog: checks
liza3008: checks
*** TURN *** [9h 5s 6h] [Ah]
oftalmolog: bets $6
liza3008: folds
Uncalled bet ($6) returned to oftalmolog
oftalmolog collected $11.76 from pot
oftalmolog: doesn't show hand
*** SUMMARY ***
Total pot $12 | Rake $0.24
Board [9h 5s 6h Ah]
Seat 1: liza3008 (button) (small blind) folded on the Turn
Seat 2: oftalmolog (big blind) collected ($11.76)


PokerStars Hand #145844780862:  Hold'em Limit ($3/$6 USD) - 2015/12/24 9:12:23 ET
Table 'Alzir' 2-max Seat #1 is the button
Seat 1: liza3008 ($121.88 in chips)
Seat 2: oftalmolog ($224.12 in chips)
liza3008: posts small blind $1
oftalmolog: posts big blind $3
*** HOLE CARDS ***
liza3008: raises $3 to $6
oftalmolog: folds
Uncalled bet ($3) returned to liza3008
liza3008 collected $6 from pot
liza3008: doesn't show hand
*** SUMMARY ***
Total pot $6 | Rake $0
Seat 1: liza3008 (button) (small blind) collected ($6)
Seat 2: oftalmolog (big blind) folded before Flop


PokerStars Hand #145844769938:  Hold'em Limit ($3/$6 USD) - 2015/12/24 9:12:08 ET
Table 'Alzir' 2-max Seat #2 is the button
Seat 1: liza3008 ($113.24 in chips)
Seat 2: oftalmolog ($233.12 in chips)
oftalmolog: posts small blind $1
liza3008: posts big blind $3
*** HOLE CARDS ***
oftalmolog: raises $3 to $6
liza3008: calls $3
*** FLOP *** [3h 5d Ac]
liza3008: checks
oftalmolog: bets $3
liza3008: calls $3
*** TURN *** [3h 5d Ac] [6d]
liza3008: checks
oftalmolog: checks
*** RIVER *** [3h 5d Ac 6d] [Js]
liza3008: bets $6
oftalmolog: folds
Uncalled bet ($6) returned to liza3008
liza3008 collected $17.64 from pot
liza3008: doesn't show hand
*** SUMMARY ***
Total pot $18 | Rake $0.36
Board [3h 5d Ac 6d Js]
Seat 1: liza3008 (big blind) collected ($17.64)
Seat 2: oftalmolog (button) (small blind) folded on the River


PokerStars Hand #145844784623:  Hold'em Limit ($3/$6 USD) - 2015/12/24 9:12:28 ET
Table 'Alzir' 2-max Seat #2 is the button
Seat 1: liza3008 ($124.88 in chips)
Seat 2: oftalmolog ($221.12 in chips)
oftalmolog: posts small blind $1
liza3008: posts big blind $3
*** HOLE CARDS ***
oftalmolog: raises $3 to $6
liza3008: calls $3
*** FLOP *** [5c Js Qd]
liza3008: checks
oftalmolog: bets $3
liza3008: calls $3
*** TURN *** [5c Js Qd] [Ah]
liza3008: checks
oftalmolog: checks
*** RIVER *** [5c Js Qd Ah] [9c]
liza3008: bets $6
oftalmolog: calls $6
*** SHOW DOWN ***
liza3008: shows [As Qs] (two pair, Aces and Queens)
oftalmolog: mucks hand
liza3008 collected $29.50 from pot
*** SUMMARY ***
Total pot $30 | Rake $0.50
Board [5c Js Qd Ah 9c]
Seat 1: liza3008 (big blind) showed [As Qs] and won ($29.50) with two pair, Aces and Queens
Seat 2: oftalmolog (button) (small blind) mucked


PokerStars Hand #145844794627:  Hold'em Limit ($3/$6 USD) - 2015/12/24 9:12:42 ET
Table 'Alzir' 2-max Seat #1 is the button
Seat 1: liza3008 ($139.38 in chips)
Seat 2: oftalmolog ($206.12 in chips)
liza3008: posts small blind $1
oftalmolog: posts big blind $3
*** HOLE CARDS ***
liza3008: raises $3 to $6
oftalmolog: calls $3
*** FLOP *** [3s 5d 9s]
oftalmolog: checks
liza3008: bets $3
oftalmolog: folds
Uncalled bet ($3) returned to liza3008
liza3008 collected $11.76 from pot
liza3008: doesn't show hand
*** SUMMARY ***
Total pot $12 | Rake $0.24
Board [3s 5d 9s]
Seat 1: liza3008 (button) (small blind) collected ($11.76)
Seat 2: oftalmolog (big blind) folded on the Flop


PokerStars Hand #145844800776:  Hold'em Limit ($3/$6 USD) - 2015/12/24 9:12:51 ET
Table 'Alzir' 2-max Seat #2 is the button
Seat 1: liza3008 ($145.14 in chips)
Seat 2: oftalmolog ($200.12 in chips)
oftalmolog: posts small blind $1
liza3008: posts big blind $3
*** HOLE CARDS ***
oftalmolog: raises $3 to $6
liza3008: calls $3
*** FLOP *** [2d 4c 3h]
liza3008: checks
oftalmolog: bets $3
liza3008: calls $3
*** TURN *** [2d 4c 3h] [Qs]
liza3008: checks
oftalmolog: bets $6
liza3008: calls $6
*** RIVER *** [2d 4c 3h Qs] [Kh]
liza3008: checks
oftalmolog: checks
*** SHOW DOWN ***
liza3008: shows [Ah 3d] (a pair of Threes)
oftalmolog: mucks hand
liza3008 collected $29.50 from pot
*** SUMMARY ***
Total pot $30 | Rake $0.50
Board [2d 4c 3h Qs Kh]
Seat 1: liza3008 (big blind) showed [Ah 3d] and won ($29.50) with a pair of Threes
Seat 2: oftalmolog (button) (small blind) mucked


PokerStars Hand #145844813096:  Hold'em Limit ($3/$6 USD) - 2015/12/24 9:13:08 ET
Table 'Alzir' 2-max Seat #1 is the button
Seat 1: liza3008 ($159.64 in chips)
Seat 2: oftalmolog ($185.12 in chips)
liza3008: posts small blind $1
oftalmolog: posts big blind $3
*** HOLE CARDS ***
liza3008: raises $3 to $6
oftalmolog: folds
Uncalled bet ($3) returned to liza3008
liza3008 collected $6 from pot
liza3008: doesn't show hand
*** SUMMARY ***
Total pot $6 | Rake $0
Seat 1: liza3008 (button) (small blind) collected ($6)
Seat 2: oftalmolog (big blind) folded before Flop


PokerStars Hand #145844818471:  Hold'em Limit ($3/$6 USD) - 2015/12/24 9:13:15 ET
Table 'Alzir' 2-max Seat #2 is the button
Seat 1: liza3008 ($162.64 in chips)
Seat 2: oftalmolog ($182.12 in chips)
oftalmolog: posts small blind $1
liza3008: posts big blind $3
*** HOLE CARDS ***
oftalmolog: raises $3 to $6
liza3008: calls $3
*** FLOP *** [Ac Ah Th]
liza3008: checks
oftalmolog: bets $3
liza3008: calls $3
*** TURN *** [Ac Ah Th] [As]
liza3008: checks
oftalmolog: bets $6
liza3008: calls $6
*** RIVER *** [Ac Ah Th As] [4c]
liza3008: checks
oftalmolog: checks
*** SHOW DOWN ***
liza3008: shows [Qh Ts] (a full house, Aces full of Tens)
oftalmolog: mucks hand
liza3008 collected $29.50 from pot
*** SUMMARY ***
Total pot $30 | Rake $0.50
Board [Ac Ah Th As 4c]
Seat 1: liza3008 (big blind) showed [Qh Ts] and won ($29.50) with a full house, Aces full of Tens
Seat 2: oftalmolog (button) (small blind) mucked


PokerStars Hand #145844839414:  Hold'em Limit ($3/$6 USD) - 2015/12/24 9:13:44 ET
Table 'Alzir' 2-max Seat #2 is the button
Seat 1: liza3008 ($165.14 in chips)
Seat 2: oftalmolog ($178.64 in chips)
oftalmolog: posts small blind $1
liza3008: posts big blind $3
*** HOLE CARDS ***
oftalmolog: folds
Uncalled bet ($2) returned to liza3008
liza3008 collected $2 from pot
liza3008: doesn't show hand
*** SUMMARY ***
Total pot $2 | Rake $0
Seat 1: liza3008 (big blind) collected ($2)
Seat 2: oftalmolog (button) (small blind) folded before Flop


PokerStars Hand #145844829558:  Hold'em Limit ($3/$6 USD) - 2015/12/24 9:13:30 ET
Table 'Alzir' 2-max Seat #1 is the button
Seat 1: liza3008 ($177.14 in chips)
Seat 2: oftalmolog ($167.12 in chips)
liza3008: posts small blind $1
oftalmolog: posts big blind $3
*** HOLE CARDS ***
liza3008: raises $3 to $6
oftalmolog: calls $3
*** FLOP *** [8c Jc 5c]
oftalmolog: checks
liza3008: checks
*** TURN *** [8c Jc 5c] [Ah]
oftalmolog: bets $6
liza3008: calls $6
*** RIVER *** [8c Jc 5c Ah] [8d]
oftalmolog: bets $6
liza3008: folds
Uncalled bet ($6) returned to oftalmolog
oftalmolog collected $23.52 from pot
oftalmolog: doesn't show hand
*** SUMMARY ***
Total pot $24 | Rake $0.48
Board [8c Jc 5c Ah 8d]
Seat 1: liza3008 (button) (small blind) folded on the River
Seat 2: oftalmolog (big blind) collected ($23.52)


PokerStars Hand #145844849135:  Hold'em Limit ($3/$6 USD) - 2015/12/24 9:13:58 ET
Table 'Alzir' 2-max Seat #2 is the button
Seat 1: liza3008 ($171.90 in chips)
Seat 2: oftalmolog ($171.64 in chips)
oftalmolog: posts small blind $1
liza3008: posts big blind $3
*** HOLE CARDS ***
oftalmolog: folds
Uncalled bet ($2) returned to liza3008
liza3008 collected $2 from pot
liza3008: doesn't show hand
*** SUMMARY ***
Total pot $2 | Rake $0
Seat 1: liza3008 (big blind) collected ($2)
Seat 2: oftalmolog (button) (small blind) folded before Flop


PokerStars Hand #145844842649:  Hold'em Limit ($3/$6 USD) - 2015/12/24 9:13:49 ET
Table 'Alzir' 2-max Seat #1 is the button
Seat 1: liza3008 ($166.14 in chips)
Seat 2: oftalmolog ($177.64 in chips)
liza3008: posts small blind $1
oftalmolog: posts big blind $3
*** HOLE CARDS ***
liza3008: raises $3 to $6
oftalmolog: calls $3
*** FLOP *** [7c Qd 4h]
oftalmolog: checks
liza3008: bets $3
oftalmolog: folds
Uncalled bet ($3) returned to liza3008
liza3008 collected $11.76 from pot
liza3008: doesn't show hand
*** SUMMARY ***
Total pot $12 | Rake $0.24
Board [7c Qd 4h]
Seat 1: liza3008 (button) (small blind) collected ($11.76)
Seat 2: oftalmolog (big blind) folded on the Flop


PokerStars Hand #145844852862:  Hold'em Limit ($3/$6 USD) - 2015/12/24 9:14:03 ET
Table 'Alzir' 2-max Seat #1 is the button
Seat 1: liza3008 ($172.90 in chips)
Seat 2: oftalmolog ($170.64 in chips)
liza3008: posts small blind $1
oftalmolog: posts big blind $3
*** HOLE CARDS ***
liza3008: raises $3 to $6
oftalmolog: raises $3 to $9
liza3008: calls $3
*** FLOP *** [6c 7c Th]
oftalmolog: bets $3
liza3008: calls $3
*** TURN *** [6c 7c Th] [4s]
oftalmolog: bets $6
liza3008: calls $6
*** RIVER *** [6c 7c Th 4s] [8h]
oftalmolog: checks
liza3008: bets $6
oftalmolog: folds
Uncalled bet ($6) returned to liza3008
liza3008 collected $35.50 from pot
liza3008: doesn't show hand
*** SUMMARY ***
Total pot $36 | Rake $0.50
Board [6c 7c Th 4s 8h]
Seat 1: liza3008 (button) (small blind) collected ($35.50)
Seat 2: oftalmolog (big blind) folded on the River


PokerStars Hand #145844872679:  Hold'em Limit ($3/$6 USD) - 2015/12/24 9:14:30 ET
Table 'Alzir' 2-max Seat #2 is the button
Seat 1: liza3008 ($190.40 in chips)
Seat 2: oftalmolog ($152.64 in chips)
oftalmolog: posts small blind $1
liza3008: posts big blind $3
*** HOLE CARDS ***
oftalmolog: folds
Uncalled bet ($2) returned to liza3008
liza3008 collected $2 from pot
liza3008: doesn't show hand
*** SUMMARY ***
Total pot $2 | Rake $0
Seat 1: liza3008 (big blind) collected ($2)
Seat 2: oftalmolog (button) (small blind) folded before Flop


PokerStars Hand #145844882270:  Hold'em Limit ($3/$6 USD) - 2015/12/24 9:14:44 ET
Table 'Alzir' 2-max Seat #2 is the button
Seat 1: liza3008 ($185.40 in chips)
Seat 2: oftalmolog ($157.40 in chips)
oftalmolog: posts small blind $1
liza3008: posts big blind $3
*** HOLE CARDS ***
oftalmolog: folds
Uncalled bet ($2) returned to liza3008
liza3008 collected $2 from pot
liza3008: doesn't show hand
*** SUMMARY ***
Total pot $2 | Rake $0
Seat 1: liza3008 (big blind) collected ($2)
Seat 2: oftalmolog (button) (small blind) folded before Flop


PokerStars Hand #145844875722:  Hold'em Limit ($3/$6 USD) - 2015/12/24 9:14:35 ET
Table 'Alzir' 2-max Seat #1 is the button
Seat 1: liza3008 ($191.40 in chips)
Seat 2: oftalmolog ($151.64 in chips)
liza3008: posts small blind $1
oftalmolog: posts big blind $3
*** HOLE CARDS ***
liza3008: raises $3 to $6
oftalmolog: calls $3
*** FLOP *** [Ad 9c Qs]
oftalmolog: bets $3
liza3008: folds
Uncalled bet ($3) returned to oftalmolog
oftalmolog collected $11.76 from pot
oftalmolog: doesn't show hand
*** SUMMARY ***
Total pot $12 | Rake $0.24
Board [Ad 9c Qs]
Seat 1: liza3008 (button) (small blind) folded on the Flop
Seat 2: oftalmolog (big blind) collected ($11.76)


PokerStars Hand #145844885696:  Hold'em Limit ($3/$6 USD) - 2015/12/24 9:14:48 ET
Table 'Alzir' 2-max Seat #1 is the button
Seat 1: liza3008 ($186.40 in chips)
Seat 2: oftalmolog ($156.40 in chips)
liza3008: posts small blind $1
oftalmolog: posts big blind $3
*** HOLE CARDS ***
liza3008: raises $3 to $6
oftalmolog: raises $3 to $9
liza3008: calls $3
*** FLOP *** [Tc 2d 8c]
oftalmolog: bets $3
liza3008: calls $3
*** TURN *** [Tc 2d 8c] [As]
oftalmolog: bets $6
liza3008: calls $6
*** RIVER *** [Tc 2d 8c As] [8s]
oftalmolog: bets $6
liza3008: calls $6
*** SHOW DOWN ***
oftalmolog: shows [Td 9d] (two pair, Tens and Eights)
liza3008: shows [Ts 7h] (two pair, Tens and Eights)
oftalmolog collected $23.75 from pot
liza3008 collected $23.75 from pot
*** SUMMARY ***
Total pot $48 | Rake $0.50
Board [Tc 2d 8c As 8s]
Seat 1: liza3008 (button) (small blind) showed [Ts 7h] and won ($23.75) with two pair, Tens and Eights
Seat 2: oftalmolog (big blind) showed [Td 9d] and won ($23.75) with two pair, Tens and Eights


PokerStars Hand #145844896757:  Hold'em Limit ($3/$6 USD) - 2015/12/24 9:15:03 ET
Table 'Alzir' 2-max Seat #2 is the button
Seat 1: liza3008 ($186.15 in chips)
Seat 2: oftalmolog ($156.15 in chips)
oftalmolog: posts small blind $1
liza3008: posts big blind $3
*** HOLE CARDS ***
oftalmolog: raises $3 to $6
liza3008: calls $3
*** FLOP *** [Ad 3h Ac]
liza3008: checks
oftalmolog: bets $3
liza3008: calls $3
*** TURN *** [Ad 3h Ac] [2d]
liza3008: checks
oftalmolog: checks
*** RIVER *** [Ad 3h Ac 2d] [Js]
liza3008: bets $6
oftalmolog: folds
Uncalled bet ($6) returned to liza3008
liza3008 collected $17.64 from pot
liza3008: doesn't show hand
*** SUMMARY ***
Total pot $18 | Rake $0.36
Board [Ad 3h Ac 2d Js]
Seat 1: liza3008 (big blind) collected ($17.64)
Seat 2: oftalmolog (button) (small blind) folded on the River


PokerStars Hand #145844907655:  Hold'em Limit ($3/$6 USD) - 2015/12/24 9:15:18 ET
Table 'Alzir' 2-max Seat #1 is the button
Seat 1: liza3008 ($194.79 in chips)
Seat 2: oftalmolog ($147.15 in chips)
liza3008: posts small blind $1
oftalmolog: posts big blind $3
*** HOLE CARDS ***
liza3008: raises $3 to $6
oftalmolog: calls $3
*** FLOP *** [4h Ad 8h]
oftalmolog: checks
liza3008: checks
*** TURN *** [4h Ad 8h] [Ts]
oftalmolog: bets $6
liza3008: calls $6
*** RIVER *** [4h Ad 8h Ts] [4d]
oftalmolog: bets $6
liza3008: calls $6
*** SHOW DOWN ***
oftalmolog: shows [Ac 2c] (two pair, Aces and Fours)
liza3008: mucks hand
oftalmolog collected $35.50 from pot
*** SUMMARY ***
Total pot $36 | Rake $0.50
Board [4h Ad 8h Ts 4d]
Seat 1: liza3008 (button) (small blind) mucked
Seat 2: oftalmolog (big blind) showed [Ac 2c] and won ($35.50) with two pair, Aces and Fours


PokerStars Hand #145844921010:  Hold'em Limit ($3/$6 USD) - 2015/12/24 9:15:37 ET
Table 'Alzir' 2-max Seat #2 is the button
Seat 1: liza3008 ($176.79 in chips)
Seat 2: oftalmolog ($164.65 in chips)
oftalmolog: posts small blind $1
liza3008: posts big blind $3
*** HOLE CARDS ***
oftalmolog: raises $3 to $6
liza3008: calls $3
*** FLOP *** [8d 8s 8c]
liza3008: checks
oftalmolog: bets $3
liza3008: calls $3
*** TURN *** [8d 8s 8c] [4h]
liza3008: checks
oftalmolog: bets $6
liza3008: folds
Uncalled bet ($6) returned to oftalmolog
oftalmolog collected $17.64 from pot
oftalmolog: doesn't show hand
*** SUMMARY ***
Total pot $18 | Rake $0.36
Board [8d 8s 8c 4h]
Seat 1: liza3008 (big blind) folded on the Turn
Seat 2: oftalmolog (button) (small blind) collected ($17.64)


PokerStars Hand #145844932379:  Hold'em Limit ($3/$6 USD) - 2015/12/24 9:15:52 ET
Table 'Alzir' 2-max Seat #1 is the button
Seat 1: liza3008 ($167.79 in chips)
Seat 2: oftalmolog ($173.29 in chips)
liza3008: posts small blind $1
oftalmolog: posts big blind $3
*** HOLE CARDS ***
liza3008: raises $3 to $6
oftalmolog: calls $3
*** FLOP *** [3s 9c 6h]
oftalmolog: checks
liza3008: checks
*** TURN *** [3s 9c 6h] [Jh]
oftalmolog: checks
liza3008: bets $6
oftalmolog: folds
Uncalled bet ($6) returned to liza3008
liza3008 collected $11.76 from pot
liza3008: doesn't show hand
*** SUMMARY ***
Total pot $12 | Rake $0.24
Board [3s 9c 6h Jh]
Seat 1: liza3008 (button) (small blind) collected ($11.76)
Seat 2: oftalmolog (big blind) folded on the Turn


PokerStars Hand #145844941392:  Hold'em Limit ($3/$6 USD) - 2015/12/24 9:16:05 ET
Table 'Alzir' 2-max Seat #2 is the button
Seat 1: liza3008 ($173.55 in chips)
Seat 2: oftalmolog ($167.29 in chips)
oftalmolog: posts small blind $1
liza3008: posts big blind $3
*** HOLE CARDS ***
oftalmolog: raises $3 to $6
liza3008: calls $3
*** FLOP *** [7d 5s 3d]
liza3008: checks
oftalmolog: bets $3
liza3008: calls $3
*** TURN *** [7d 5s 3d] [Ac]
liza3008: checks
oftalmolog: bets $6
liza3008: calls $6
*** RIVER *** [7d 5s 3d Ac] [Ks]
liza3008: checks
oftalmolog: checks
*** SHOW DOWN ***
liza3008: shows [3s 6c] (a pair of Threes)
oftalmolog: mucks hand
liza3008 collected $29.50 from pot
*** SUMMARY ***
Total pot $30 | Rake $0.50
Board [7d 5s 3d Ac Ks]
Seat 1: liza3008 (big blind) showed [3s 6c] and won ($29.50) with a pair of Threes
Seat 2: oftalmolog (button) (small blind) mucked


PokerStars Hand #145844956487:  Hold'em Limit ($3/$6 USD) - 2015/12/24 9:16:25 ET
Table 'Alzir' 2-max Seat #2 is the button
Seat 1: liza3008 ($191.05 in chips)
Seat 2: oftalmolog ($149.29 in chips)
oftalmolog: posts small blind $1
liza3008: posts big blind $3
*** HOLE CARDS ***
oftalmolog: folds
Uncalled bet ($2) returned to liza3008
liza3008 collected $2 from pot
liza3008: doesn't show hand
*** SUMMARY ***
Total pot $2 | Rake $0
Seat 1: liza3008 (big blind) collected ($2)
Seat 2: oftalmolog (button) (small blind) folded before Flop


PokerStars Hand #145844952587:  Hold'em Limit ($3/$6 USD) - 2015/12/24 9:16:20 ET
Table 'Alzir' 2-max Seat #1 is the button
Seat 1: liza3008 ($188.05 in chips)
Seat 2: oftalmolog ($152.29 in chips)
liza3008: posts small blind $1
oftalmolog: posts big blind $3
*** HOLE CARDS ***
liza3008: raises $3 to $6
oftalmolog: folds
Uncalled bet ($3) returned to liza3008
liza3008 collected $6 from pot
liza3008: doesn't show hand
*** SUMMARY ***
Total pot $6 | Rake $0
Seat 1: liza3008 (button) (small blind) collected ($6)
Seat 2: oftalmolog (big blind) folded before Flop


PokerStars Hand #145844959886:  Hold'em Limit ($3/$6 USD) - 2015/12/24 9:16:30 ET
Table 'Alzir' 2-max Seat #1 is the button
Seat 1: liza3008 ($192.05 in chips)
Seat 2: oftalmolog ($148.29 in chips)
liza3008: posts small blind $1
oftalmolog: posts big blind $3
*** HOLE CARDS ***
liza3008: raises $3 to $6
oftalmolog: calls $3
*** FLOP *** [Kd 2c 4h]
oftalmolog: checks
liza3008: checks
*** TURN *** [Kd 2c 4h] [7d]
oftalmolog: bets $6
liza3008: folds
Uncalled bet ($6) returned to oftalmolog
oftalmolog collected $11.76 from pot
oftalmolog: doesn't show hand
*** SUMMARY ***
Total pot $12 | Rake $0.24
Board [Kd 2c 4h 7d]
Seat 1: liza3008 (button) (small blind) folded on the Turn
Seat 2: oftalmolog (big blind) collected ($11.76)


PokerStars Hand #145844967733:  Hold'em Limit ($3/$6 USD) - 2015/12/24 9:16:41 ET
Table 'Alzir' 2-max Seat #2 is the button
Seat 1: liza3008 ($186.05 in chips)
Seat 2: oftalmolog ($154.05 in chips)
oftalmolog: posts small blind $1
liza3008: posts big blind $3
*** HOLE CARDS ***
oftalmolog: folds
Uncalled bet ($2) returned to liza3008
liza3008 collected $2 from pot
liza3008: doesn't show hand
*** SUMMARY ***
Total pot $2 | Rake $0
Seat 1: liza3008 (big blind) collected ($2)
Seat 2: oftalmolog (button) (small blind) folded before Flop


PokerStars Hand #145844971158:  Hold'em Limit ($3/$6 USD) - 2015/12/24 9:16:46 ET
Table 'Alzir' 2-max Seat #1 is the button
Seat 1: liza3008 ($187.05 in chips)
Seat 2: oftalmolog ($153.05 in chips)
liza3008: posts small blind $1
oftalmolog: posts big blind $3
*** HOLE CARDS ***
liza3008: raises $3 to $6
oftalmolog: calls $3
*** FLOP *** [9s 2d Qh]
oftalmolog: checks
liza3008: checks
*** TURN *** [9s 2d Qh] [5h]
oftalmolog: checks
liza3008: checks
*** RIVER *** [9s 2d Qh 5h] [9d]
oftalmolog: checks
liza3008: bets $6
oftalmolog: calls $6
*** SHOW DOWN ***
liza3008: shows [8s 8c] (two pair, Nines and Eights)
oftalmolog: mucks hand
liza3008 collected $23.52 from pot
*** SUMMARY ***
Total pot $24 | Rake $0.48
Board [9s 2d Qh 5h 9d]
Seat 1: liza3008 (button) (small blind) showed [8s 8c] and won ($23.52) with two pair, Nines and Eights
Seat 2: oftalmolog (big blind) mucked


PokerStars Hand #145844982558:  Hold'em Limit ($3/$6 USD) - 2015/12/24 9:17:01 ET
Table 'Alzir' 2-max Seat #2 is the button
Seat 1: liza3008 ($198.57 in chips)
Seat 2: oftalmolog ($141.05 in chips)
oftalmolog: posts small blind $1
liza3008: posts big blind $3
*** HOLE CARDS ***
oftalmolog: folds
Uncalled bet ($2) returned to liza3008
liza3008 collected $2 from pot
liza3008: doesn't show hand
*** SUMMARY ***
Total pot $2 | Rake $0
Seat 1: liza3008 (big blind) collected ($2)
Seat 2: oftalmolog (button) (small blind) folded before Flop


PokerStars Hand #145844986005:  Hold'em Limit ($3/$6 USD) - 2015/12/24 9:17:06 ET
Table 'Alzir' 2-max Seat #1 is the button
Seat 1: liza3008 ($199.57 in chips)
Seat 2: oftalmolog ($140.05 in chips)
liza3008: posts small blind $1
oftalmolog: posts big blind $3
*** HOLE CARDS ***
liza3008: raises $3 to $6
oftalmolog: calls $3
*** FLOP *** [Jh 7c 2s]
oftalmolog: checks
liza3008: checks
*** TURN *** [Jh 7c 2s] [Th]
oftalmolog: bets $6
liza3008: folds
Uncalled bet ($6) returned to oftalmolog
oftalmolog collected $11.76 from pot
oftalmolog: doesn't show hand
*** SUMMARY ***
Total pot $12 | Rake $0.24
Board [Jh 7c 2s Th]
Seat 1: liza3008 (button) (small blind) folded on the Turn
Seat 2: oftalmolog (big blind) collected ($11.76)


PokerStars Hand #145844993448:  Hold'em Limit ($3/$6 USD) - 2015/12/24 9:17:16 ET
Table 'Alzir' 2-max Seat #2 is the button
Seat 1: liza3008 ($193.57 in chips)
Seat 2: oftalmolog ($145.81 in chips)
oftalmolog: posts small blind $1
liza3008: posts big blind $3
*** HOLE CARDS ***
oftalmolog: raises $3 to $6
liza3008: calls $3
*** FLOP *** [Ac 4s Qs]
liza3008: checks
oftalmolog: bets $3
liza3008: folds
Uncalled bet ($3) returned to oftalmolog
oftalmolog collected $11.76 from pot
oftalmolog: doesn't show hand
*** SUMMARY ***
Total pot $12 | Rake $0.24
Board [Ac 4s Qs]
Seat 1: liza3008 (big blind) folded on the Flop
Seat 2: oftalmolog (button) (small blind) collected ($11.76)


PokerStars Hand #145844999853:  Hold'em Limit ($3/$6 USD) - 2015/12/24 9:17:25 ET
Table 'Alzir' 2-max Seat #1 is the button
Seat 1: liza3008 ($187.57 in chips)
Seat 2: oftalmolog ($151.57 in chips)
liza3008: posts small blind $1
oftalmolog: posts big blind $3
*** HOLE CARDS ***
liza3008: raises $3 to $6
oftalmolog: calls $3
*** FLOP *** [3h 2d 3d]
oftalmolog: checks
liza3008: checks
*** TURN *** [3h 2d 3d] [Jd]
oftalmolog: bets $6
liza3008: folds
Uncalled bet ($6) returned to oftalmolog
oftalmolog collected $11.76 from pot
oftalmolog: doesn't show hand
*** SUMMARY ***
Total pot $12 | Rake $0.24
Board [3h 2d 3d Jd]
Seat 1: liza3008 (button) (small blind) folded on the Turn
Seat 2: oftalmolog (big blind) collected ($11.76)


PokerStars Hand #145845008035:  Hold'em Limit ($3/$6 USD) - 2015/12/24 9:17:36 ET
Table 'Alzir' 2-max Seat #2 is the button
Seat 1: liza3008 ($181.57 in chips)
Seat 2: oftalmolog ($157.33 in chips)
oftalmolog: posts small blind $1
liza3008: posts big blind $3
*** HOLE CARDS ***
oftalmolog: raises $3 to $6
liza3008: calls $3
*** FLOP *** [Jc 3c Qs]
liza3008: bets $3
oftalmolog: calls $3
*** TURN *** [Jc 3c Qs] [Jd]
liza3008: bets $6
oftalmolog: calls $6
*** RIVER *** [Jc 3c Qs Jd] [3s]
liza3008: checks
oftalmolog: checks
*** SHOW DOWN ***
liza3008: shows [6s 4c] (two pair, Jacks and Threes)
oftalmolog: shows [Ah Th] (two pair, Jacks and Threes - Ace kicker)
oftalmolog collected $29.50 from pot
*** SUMMARY ***
Total pot $30 | Rake $0.50
Board [Jc 3c Qs Jd 3s]
Seat 1: liza3008 (big blind) showed [6s 4c] and lost with two pair, Jacks and Threes
Seat 2: oftalmolog (button) (small blind) showed [Ah Th] and won ($29.50) with two pair, Jacks and Threes


PokerStars Hand #145845025634:  Hold'em Limit ($3/$6 USD) - 2015/12/24 9:18:01 ET
Table 'Alzir' 2-max Seat #1 is the button
Seat 1: liza3008 ($166.57 in chips)
Seat 2: oftalmolog ($171.83 in chips)
liza3008: posts small blind $1
oftalmolog: posts big blind $3
*** HOLE CARDS ***
liza3008: raises $3 to $6
oftalmolog: calls $3
*** FLOP *** [Qc Ah Jd]
oftalmolog: checks
liza3008: checks
*** TURN *** [Qc Ah Jd] [2h]
oftalmolog: checks
liza3008: checks
*** RIVER *** [Qc Ah Jd 2h] [7c]
oftalmolog: checks
liza3008: bets $6
oftalmolog: calls $6
*** SHOW DOWN ***
liza3008: shows [6d Th] (high card Ace)
oftalmolog: shows [6c Qs] (a pair of Queens)
oftalmolog collected $23.52 from pot
*** SUMMARY ***
Total pot $24 | Rake $0.48
Board [Qc Ah Jd 2h 7c]
Seat 1: liza3008 (button) (small blind) showed [6d Th] and lost with high card Ace
Seat 2: oftalmolog (big blind) showed [6c Qs] and won ($23.52) with a pair of Queens


PokerStars Hand #145845035967:  Hold'em Limit ($3/$6 USD) - 2015/12/24 9:18:15 ET
Table 'Alzir' 2-max Seat #2 is the button
Seat 1: liza3008 ($154.57 in chips)
Seat 2: oftalmolog ($183.35 in chips)
oftalmolog: posts small blind $1
liza3008: posts big blind $3
*** HOLE CARDS ***
oftalmolog: raises $3 to $6
liza3008: calls $3
*** FLOP *** [2h Qs 8c]
liza3008: checks
oftalmolog: bets $3
liza3008: calls $3
*** TURN *** [2h Qs 8c] [9s]
liza3008: checks
oftalmolog: bets $6
liza3008: calls $6
*** RIVER *** [2h Qs 8c 9s] [8s]
liza3008: checks
oftalmolog: checks
*** SHOW DOWN ***
liza3008: shows [Td 9d] (two pair, Nines and Eights)
oftalmolog: mucks hand
liza3008 collected $29.50 from pot
*** SUMMARY ***
Total pot $30 | Rake $0.50
Board [2h Qs 8c 9s 8s]
Seat 1: liza3008 (big blind) showed [Td 9d] and won ($29.50) with two pair, Nines and Eights
Seat 2: oftalmolog (button) (small blind) mucked


PokerStars Hand #145845046987:  Hold'em Limit ($3/$6 USD) - 2015/12/24 9:18:30 ET
Table 'Alzir' 2-max Seat #1 is the button
Seat 1: liza3008 ($169.07 in chips)
Seat 2: oftalmolog ($168.35 in chips)
liza3008: posts small blind $1
oftalmolog: posts big blind $3
*** HOLE CARDS ***
liza3008: raises $3 to $6
oftalmolog: calls $3
*** FLOP *** [Qd 7d 6c]
oftalmolog: bets $3
liza3008: calls $3
*** TURN *** [Qd 7d 6c] [8d]
oftalmolog: bets $6
liza3008: calls $6
*** RIVER *** [Qd 7d 6c 8d] [9d]
oftalmolog: bets $6
liza3008: folds
Uncalled bet ($6) returned to oftalmolog
oftalmolog collected $29.50 from pot
oftalmolog: doesn't show hand
*** SUMMARY ***
Total pot $30 | Rake $0.50
Board [Qd 7d 6c 8d 9d]
Seat 1: liza3008 (button) (small blind) folded on the River
Seat 2: oftalmolog (big blind) collected ($29.50)


PokerStars Hand #145845059185:  Hold'em Limit ($3/$6 USD) - 2015/12/24 9:18:47 ET
Table 'Alzir' 2-max Seat #2 is the button
Seat 1: liza3008 ($154.07 in chips)
Seat 2: oftalmolog ($182.85 in chips)
oftalmolog: posts small blind $1
liza3008: posts big blind $3
*** HOLE CARDS ***
oftalmolog: raises $3 to $6
liza3008: calls $3
*** FLOP *** [6d 9s Jh]
liza3008: checks
oftalmolog: bets $3
liza3008: calls $3
*** TURN *** [6d 9s Jh] [3d]
liza3008: checks
oftalmolog: bets $6
liza3008: folds
Uncalled bet ($6) returned to oftalmolog
oftalmolog collected $17.64 from pot
oftalmolog: doesn't show hand
*** SUMMARY ***
Total pot $18 | Rake $0.36
Board [6d 9s Jh 3d]
Seat 1: liza3008 (big blind) folded on the Turn
Seat 2: oftalmolog (button) (small blind) collected ($17.64)


PokerStars Hand #145845067643:  Hold'em Limit ($3/$6 USD) - 2015/12/24 9:18:59 ET
Table 'Alzir' 2-max Seat #1 is the button
Seat 1: liza3008 ($145.07 in chips)
Seat 2: oftalmolog ($191.49 in chips)
liza3008: posts small blind $1
oftalmolog: posts big blind $3
*** HOLE CARDS ***
liza3008: raises $3 to $6
oftalmolog: calls $3
*** FLOP *** [Ts Kc 7c]
oftalmolog: checks
liza3008: bets $3
oftalmolog: folds
Uncalled bet ($3) returned to liza3008
liza3008 collected $11.76 from pot
liza3008: doesn't show hand
*** SUMMARY ***
Total pot $12 | Rake $0.24
Board [Ts Kc 7c]
Seat 1: liza3008 (button) (small blind) collected ($11.76)
Seat 2: oftalmolog (big blind) folded on the Flop


PokerStars Hand #145845083815:  Hold'em Limit ($3/$6 USD) - 2015/12/24 9:19:21 ET
Table 'Alzir' 2-max Seat #2 is the button
Seat 1: liza3008 ($150.83 in chips)
Seat 2: oftalmolog ($185.49 in chips)
oftalmolog: posts small blind $1
liza3008: posts big blind $3
*** HOLE CARDS ***
oftalmolog: folds
Uncalled bet ($2) returned to liza3008
liza3008 collected $2 from pot
liza3008: doesn't show hand
*** SUMMARY ***
Total pot $2 | Rake $0
Seat 1: liza3008 (big blind) collected ($2)
Seat 2: oftalmolog (button) (small blind) folded before Flop


PokerStars Hand #145845091054:  Hold'em Limit ($3/$6 USD) - 2015/12/24 9:19:31 ET
Table 'Alzir' 2-max Seat #1 is the button
Seat 1: liza3008 ($151.83 in chips)
Seat 2: oftalmolog ($184.49 in chips)
liza3008: posts small blind $1
oftalmolog: posts big blind $3
*** HOLE CARDS ***
liza3008: raises $3 to $6
oftalmolog: calls $3
*** FLOP *** [3h Ad 8h]
oftalmolog: checks
liza3008: bets $3
oftalmolog: folds
Uncalled bet ($3) returned to liza3008
liza3008 collected $11.76 from pot
liza3008: doesn't show hand
*** SUMMARY ***
Total pot $12 | Rake $0.24
Board [3h Ad 8h]
Seat 1: liza3008 (button) (small blind) collected ($11.76)
Seat 2: oftalmolog (big blind) folded on the Flop


PokerStars Hand #145845101625:  Hold'em Limit ($3/$6 USD) - 2015/12/24 9:19:45 ET
Table 'Alzir' 2-max Seat #1 is the button
Seat 1: liza3008 ($158.59 in chips)
Seat 2: oftalmolog ($177.49 in chips)
liza3008: posts small blind $1
oftalmolog: posts big blind $3
*** HOLE CARDS ***
liza3008: raises $3 to $6
oftalmolog: folds
Uncalled bet ($3) returned to liza3008
liza3008 collected $6 from pot
liza3008: doesn't show hand
*** SUMMARY ***
Total pot $6 | Rake $0
Seat 1: liza3008 (button) (small blind) collected ($6)
Seat 2: oftalmolog (big blind) folded before Flop


PokerStars Hand #145845107593:  Hold'em Limit ($3/$6 USD) - 2015/12/24 9:19:54 ET
Table 'Alzir' 2-max Seat #2 is the button
Seat 1: liza3008 ($161.59 in chips)
Seat 2: oftalmolog ($174.49 in chips)
oftalmolog: posts small blind $1
liza3008: posts big blind $3
*** HOLE CARDS ***
oftalmolog: folds
Uncalled bet ($2) returned to liza3008
liza3008 collected $2 from pot
liza3008: doesn't show hand
*** SUMMARY ***
Total pot $2 | Rake $0
Seat 1: liza3008 (big blind) collected ($2)
Seat 2: oftalmolog (button) (small blind) folded before Flop


PokerStars Hand #145845118784:  Hold'em Limit ($3/$6 USD) - 2015/12/24 9:20:09 ET
Table 'Alzir' 2-max Seat #2 is the button
Seat 1: liza3008 ($156.59 in chips)
Seat 2: oftalmolog ($179.25 in chips)
oftalmolog: posts small blind $1
liza3008: posts big blind $3
*** HOLE CARDS ***
oftalmolog: folds
Uncalled bet ($2) returned to liza3008
liza3008 collected $2 from pot
liza3008: doesn't show hand
*** SUMMARY ***
Total pot $2 | Rake $0
Seat 1: liza3008 (big blind) collected ($2)
Seat 2: oftalmolog (button) (small blind) folded before Flop


PokerStars Hand #145845110887:  Hold'em Limit ($3/$6 USD) - 2015/12/24 9:19:58 ET
Table 'Alzir' 2-max Seat #1 is the button
Seat 1: liza3008 ($162.59 in chips)
Seat 2: oftalmolog ($173.49 in chips)
liza3008: posts small blind $1
oftalmolog: posts big blind $3
*** HOLE CARDS ***
liza3008: raises $3 to $6
oftalmolog: calls $3
*** FLOP *** [6s Jc 7d]
oftalmolog: checks
liza3008: checks
*** TURN *** [6s Jc 7d] [Jd]
oftalmolog: bets $6
liza3008: folds
Uncalled bet ($6) returned to oftalmolog
oftalmolog collected $11.76 from pot
oftalmolog: doesn't show hand
*** SUMMARY ***
Total pot $12 | Rake $0.24
Board [6s Jc 7d Jd]
Seat 1: liza3008 (button) (small blind) folded on the Turn
Seat 2: oftalmolog (big blind) collected ($11.76)


PokerStars Hand #145845122062:  Hold'em Limit ($3/$6 USD) - 2015/12/24 9:20:14 ET
Table 'Alzir' 2-max Seat #1 is the button
Seat 1: liza3008 ($157.59 in chips)
Seat 2: oftalmolog ($178.25 in chips)
liza3008: posts small blind $1
oftalmolog: posts big blind $3
*** HOLE CARDS ***
liza3008: folds
Uncalled bet ($2) returned to oftalmolog
oftalmolog collected $2 from pot
oftalmolog: doesn't show hand
*** SUMMARY ***
Total pot $2 | Rake $0
Seat 1: liza3008 (button) (small blind) folded before Flop
Seat 2: oftalmolog (big blind) collected ($2)


PokerStars Hand #145845125330:  Hold'em Limit ($3/$6 USD) - 2015/12/24 9:20:18 ET
Table 'Alzir' 2-max Seat #2 is the button
Seat 1: liza3008 ($156.59 in chips)
Seat 2: oftalmolog ($179.25 in chips)
oftalmolog: posts small blind $1
liza3008: posts big blind $3
*** HOLE CARDS ***
oftalmolog: raises $3 to $6
liza3008: calls $3
*** FLOP *** [Ts 7c Js]
liza3008: checks
oftalmolog: bets $3
liza3008: calls $3
*** TURN *** [Ts 7c Js] [Td]
liza3008: checks
oftalmolog: bets $6
liza3008: folds
Uncalled bet ($6) returned to oftalmolog
oftalmolog collected $17.64 from pot
oftalmolog: doesn't show hand
*** SUMMARY ***
Total pot $18 | Rake $0.36
Board [Ts 7c Js Td]
Seat 1: liza3008 (big blind) folded on the Turn
Seat 2: oftalmolog (button) (small blind) collected ($17.64)


PokerStars Hand #145845133510:  Hold'em Limit ($3/$6 USD) - 2015/12/24 9:20:30 ET
Table 'Alzir' 2-max Seat #1 is the button
Seat 1: liza3008 ($147.59 in chips)
Seat 2: oftalmolog ($187.89 in chips)
liza3008: posts small blind $1
oftalmolog: posts big blind $3
*** HOLE CARDS ***
liza3008: raises $3 to $6
oftalmolog: calls $3
*** FLOP *** [Qh Jh 5h]
oftalmolog: checks
liza3008: checks
*** TURN *** [Qh Jh 5h] [3d]
oftalmolog: checks
liza3008: checks
*** RIVER *** [Qh Jh 5h 3d] [5c]
oftalmolog: checks
liza3008: checks
*** SHOW DOWN ***
oftalmolog: shows [6c Kh] (a pair of Fives)
liza3008: shows [8d As] (a pair of Fives - Ace kicker)
liza3008 collected $11.76 from pot
*** SUMMARY ***
Total pot $12 | Rake $0.24
Board [Qh Jh 5h 3d 5c]
Seat 1: liza3008 (button) (small blind) showed [8d As] and won ($11.76) with a pair of Fives
Seat 2: oftalmolog (big blind) showed [6c Kh] and lost with a pair of Fives


PokerStars Hand #145845143072:  Hold'em Limit ($3/$6 USD) - 2015/12/24 9:20:43 ET
Table 'Alzir' 2-max Seat #2 is the button
Seat 1: liza3008 ($153.35 in chips)
Seat 2: oftalmolog ($181.89 in chips)
oftalmolog: posts small blind $1
liza3008: posts big blind $3
*** HOLE CARDS ***
oftalmolog: raises $3 to $6
liza3008: calls $3
*** FLOP *** [3h Jh 5c]
liza3008: checks
oftalmolog: bets $3
liza3008: calls $3
*** TURN *** [3h Jh 5c] [7d]
liza3008: checks
oftalmolog: bets $6
liza3008: calls $6
*** RIVER *** [3h Jh 5c 7d] [Jd]
liza3008: checks
oftalmolog: checks
*** SHOW DOWN ***
liza3008: shows [As 9s] (a pair of Jacks)
oftalmolog: shows [2d 2s] (two pair, Jacks and Deuces)
oftalmolog collected $29.50 from pot
*** SUMMARY ***
Total pot $30 | Rake $0.50
Board [3h Jh 5c 7d Jd]
Seat 1: liza3008 (big blind) showed [As 9s] and lost with a pair of Jacks
Seat 2: oftalmolog (button) (small blind) showed [2d 2s] and won ($29.50) with two pair, Jacks and Deuces


PokerStars Hand #145845153635:  Hold'em Limit ($3/$6 USD) - 2015/12/24 9:20:58 ET
Table 'Alzir' 2-max Seat #1 is the button
Seat 1: liza3008 ($138.35 in chips)
Seat 2: oftalmolog ($196.39 in chips)
liza3008: posts small blind $1
oftalmolog: posts big blind $3
*** HOLE CARDS ***
liza3008: raises $3 to $6
oftalmolog: calls $3
*** FLOP *** [8d 2d Ts]
oftalmolog: checks
liza3008: checks
*** TURN *** [8d 2d Ts] [8h]
oftalmolog: bets $6
liza3008: folds
Uncalled bet ($6) returned to oftalmolog
oftalmolog collected $11.76 from pot
oftalmolog: doesn't show hand
*** SUMMARY ***
Total pot $12 | Rake $0.24
Board [8d 2d Ts 8h]
Seat 1: liza3008 (button) (small blind) folded on the Turn
Seat 2: oftalmolog (big blind) collected ($11.76)


PokerStars Hand #145845173584:  Hold'em Limit ($3/$6 USD) - 2015/12/24 9:21:25 ET
Table 'Alzir' 2-max Seat #2 is the button
Seat 1: liza3008 ($132.35 in chips)
Seat 2: oftalmolog ($202.15 in chips)
oftalmolog: posts small blind $1
liza3008: posts big blind $3
*** HOLE CARDS ***
oftalmolog: raises $3 to $6
liza3008: calls $3
*** FLOP *** [Qs Jh 3h]
liza3008: checks
oftalmolog: bets $3
liza3008: calls $3
*** TURN *** [Qs Jh 3h] [6s]
liza3008: checks
oftalmolog: bets $6
liza3008: calls $6
*** RIVER *** [Qs Jh 3h 6s] [3s]
liza3008: checks
oftalmolog: bets $6
liza3008: folds
Uncalled bet ($6) returned to oftalmolog
oftalmolog collected $29.50 from pot
oftalmolog: doesn't show hand
*** SUMMARY ***
Total pot $30 | Rake $0.50
Board [Qs Jh 3h 6s 3s]
Seat 1: liza3008 (big blind) folded on the River
Seat 2: oftalmolog (button) (small blind) collected ($29.50)


PokerStars Hand #145845185672:  Hold'em Limit ($3/$6 USD) - 2015/12/24 9:21:42 ET
Table 'Alzir' 2-max Seat #1 is the button
Seat 1: liza3008 ($117.35 in chips)
Seat 2: oftalmolog ($216.65 in chips)
liza3008: posts small blind $1
oftalmolog: posts big blind $3
*** HOLE CARDS ***
liza3008: raises $3 to $6
oftalmolog: calls $3
*** FLOP *** [Td 5c 5h]
oftalmolog: checks
liza3008: checks
*** TURN *** [Td 5c 5h] [Tc]
oftalmolog: checks
liza3008: checks
*** RIVER *** [Td 5c 5h Tc] [5s]
oftalmolog: bets $6
liza3008: calls $6
*** SHOW DOWN ***
oftalmolog: shows [Ac 7d] (a full house, Fives full of Tens)
liza3008: shows [Qc 6s] (a full house, Fives full of Tens)
oftalmolog collected $11.76 from pot
liza3008 collected $11.76 from pot
*** SUMMARY ***
Total pot $24 | Rake $0.48
Board [Td 5c 5h Tc 5s]
Seat 1: liza3008 (button) (small blind) showed [Qc 6s] and won ($11.76) with a full house, Fives full of Tens
Seat 2: oftalmolog (big blind) showed [Ac 7d] and won ($11.76) with a full house, Fives full of Tens


PokerStars Hand #145845195297:  Hold'em Limit ($3/$6 USD) - 2015/12/24 9:21:55 ET
Table 'Alzir' 2-max Seat #2 is the button
Seat 1: liza3008 ($117.11 in chips)
Seat 2: oftalmolog ($216.41 in chips)
oftalmolog: posts small blind $1
liza3008: posts big blind $3
*** HOLE CARDS ***
oftalmolog: raises $3 to $6
liza3008: calls $3
*** FLOP *** [Tc 9h 2c]
liza3008: checks
oftalmolog: bets $3
liza3008: folds
Uncalled bet ($3) returned to oftalmolog
oftalmolog collected $11.76 from pot
oftalmolog: doesn't show hand
*** SUMMARY ***
Total pot $12 | Rake $0.24
Board [Tc 9h 2c]
Seat 1: liza3008 (big blind) folded on the Flop
Seat 2: oftalmolog (button) (small blind) collected ($11.76)


PokerStars Hand #145845201782:  Hold'em Limit ($3/$6 USD) - 2015/12/24 9:22:04 ET
Table 'Alzir' 2-max Seat #1 is the button
Seat 1: liza3008 ($111.11 in chips)
Seat 2: oftalmolog ($222.17 in chips)
liza3008: posts small blind $1
oftalmolog: posts big blind $3
*** HOLE CARDS ***
liza3008: raises $3 to $6
oftalmolog: calls $3
*** FLOP *** [8h Ac 5s]
oftalmolog: checks
liza3008: bets $3
oftalmolog: folds
Uncalled bet ($3) returned to liza3008
liza3008 collected $11.76 from pot
liza3008: doesn't show hand
*** SUMMARY ***
Total pot $12 | Rake $0.24
Board [8h Ac 5s]
Seat 1: liza3008 (button) (small blind) collected ($11.76)
Seat 2: oftalmolog (big blind) folded on the Flop


PokerStars Hand #145845208187:  Hold'em Limit ($3/$6 USD) - 2015/12/24 9:22:13 ET
Table 'Alzir' 2-max Seat #2 is the button
Seat 1: liza3008 ($116.87 in chips)
Seat 2: oftalmolog ($216.17 in chips)
oftalmolog: posts small blind $1
liza3008: posts big blind $3
*** HOLE CARDS ***
oftalmolog: raises $3 to $6
liza3008: calls $3
*** FLOP *** [Tc 8d 2d]
liza3008: checks
oftalmolog: bets $3
liza3008: calls $3
*** TURN *** [Tc 8d 2d] [6c]
liza3008: checks
oftalmolog: bets $6
liza3008: folds
Uncalled bet ($6) returned to oftalmolog
oftalmolog collected $17.64 from pot
oftalmolog: doesn't show hand
*** SUMMARY ***
Total pot $18 | Rake $0.36
Board [Tc 8d 2d 6c]
Seat 1: liza3008 (big blind) folded on the Turn
Seat 2: oftalmolog (button) (small blind) collected ($17.64)


PokerStars Hand #145845217467:  Hold'em Limit ($3/$6 USD) - 2015/12/24 9:22:26 ET
Table 'Alzir' 2-max Seat #1 is the button
Seat 1: liza3008 ($107.87 in chips)
Seat 2: oftalmolog ($224.81 in chips)
liza3008: posts small blind $1
oftalmolog: posts big blind $3
*** HOLE CARDS ***
liza3008: raises $3 to $6
oftalmolog: raises $3 to $9
liza3008: calls $3
*** FLOP *** [Ks Kd 3c]
oftalmolog: bets $3
liza3008: folds
Uncalled bet ($3) returned to oftalmolog
oftalmolog collected $17.64 from pot
oftalmolog: doesn't show hand
*** SUMMARY ***
Total pot $18 | Rake $0.36
Board [Ks Kd 3c]
Seat 1: liza3008 (button) (small blind) folded on the Flop
Seat 2: oftalmolog (big blind) collected ($17.64)


PokerStars Hand #145845227124:  Hold'em Limit ($3/$6 USD) - 2015/12/24 9:22:40 ET
Table 'Alzir' 2-max Seat #1 is the button
Seat 1: liza3008 ($99.87 in chips)
Seat 2: oftalmolog ($232.45 in chips)
liza3008: posts small blind $1
oftalmolog: posts big blind $3
*** HOLE CARDS ***
liza3008: raises $3 to $6
oftalmolog: calls $3
*** FLOP *** [3h 5h Qd]
oftalmolog: checks
liza3008: bets $3
oftalmolog: calls $3
*** TURN *** [3h 5h Qd] [8s]
oftalmolog: checks
liza3008: bets $6
oftalmolog: calls $6
*** RIVER *** [3h 5h Qd 8s] [Qs]
oftalmolog: checks
liza3008: bets $6
oftalmolog: calls $6
*** SHOW DOWN ***
liza3008: shows [8c 8d] (a full house, Eights full of Queens)
oftalmolog: mucks hand
liza3008 collected $41.50 from pot
*** SUMMARY ***
Total pot $42 | Rake $0.50
Board [3h 5h Qd 8s Qs]
Seat 1: liza3008 (button) (small blind) showed [8c 8d] and won ($41.50) with a full house, Eights full of Queens
Seat 2: oftalmolog (big blind) mucked


PokerStars Hand #145845242148:  Hold'em Limit ($3/$6 USD) - 2015/12/24 9:23:01 ET
Table 'Alzir' 2-max Seat #1 is the button
Seat 1: liza3008 ($121.37 in chips)
Seat 2: oftalmolog ($210.45 in chips)
liza3008: posts small blind $1
oftalmolog: posts big blind $3
*** HOLE CARDS ***
liza3008: raises $3 to $6
oftalmolog: calls $3
*** FLOP *** [4d 6d 7c]
oftalmolog: checks
liza3008: checks
*** TURN *** [4d 6d 7c] [Kd]
oftalmolog: bets $6
liza3008: folds
Uncalled bet ($6) returned to oftalmolog
oftalmolog collected $11.76 from pot
oftalmolog: doesn't show hand
*** SUMMARY ***
Total pot $12 | Rake $0.24
Board [4d 6d 7c Kd]
Seat 1: liza3008 (button) (small blind) folded on the Turn
Seat 2: oftalmolog (big blind) collected ($11.76)


PokerStars Hand #145845250165:  Hold'em Limit ($3/$6 USD) - 2015/12/24 9:23:12 ET
Table 'Alzir' 2-max Seat #2 is the button
Seat 1: liza3008 ($115.37 in chips)
Seat 2: oftalmolog ($216.21 in chips)
oftalmolog: posts small blind $1
liza3008: posts big blind $3
*** HOLE CARDS ***
oftalmolog: raises $3 to $6
liza3008: raises $3 to $9
oftalmolog: calls $3
*** FLOP *** [Qh 5c 7s]
liza3008: bets $3
oftalmolog: folds
Uncalled bet ($3) returned to liza3008
liza3008 collected $17.64 from pot
liza3008: doesn't show hand
*** SUMMARY ***
Total pot $18 | Rake $0.36
Board [Qh 5c 7s]
Seat 1: liza3008 (big blind) collected ($17.64)
Seat 2: oftalmolog (button) (small blind) folded on the Flop


PokerStars Hand #145845258128:  Hold'em Limit ($3/$6 USD) - 2015/12/24 9:23:23 ET
Table 'Alzir' 2-max Seat #1 is the button
Seat 1: liza3008 ($124.01 in chips)
Seat 2: oftalmolog ($207.21 in chips)
liza3008: posts small blind $1
oftalmolog: posts big blind $3
*** HOLE CARDS ***
liza3008: raises $3 to $6
oftalmolog: raises $3 to $9
liza3008: calls $3
*** FLOP *** [6d Qc Tc]
oftalmolog: bets $3
liza3008: calls $3
*** TURN *** [6d Qc Tc] [8c]
oftalmolog: bets $6
liza3008: raises $6 to $12
oftalmolog: calls $6
*** RIVER *** [6d Qc Tc 8c] [4h]
oftalmolog: checks
liza3008: bets $6
oftalmolog: folds
Uncalled bet ($6) returned to liza3008
liza3008 collected $47.50 from pot
liza3008: doesn't show hand
*** SUMMARY ***
Total pot $48 | Rake $0.50
Board [6d Qc Tc 8c 4h]
Seat 1: liza3008 (button) (small blind) collected ($47.50)
Seat 2: oftalmolog (big blind) folded on the River


PokerStars Hand #145845270956:  Hold'em Limit ($3/$6 USD) - 2015/12/24 9:23:41 ET
Table 'Alzir' 2-max Seat #2 is the button
Seat 1: liza3008 ($147.51 in chips)
Seat 2: oftalmolog ($183.21 in chips)
oftalmolog: posts small blind $1
liza3008: posts big blind $3
*** HOLE CARDS ***
oftalmolog: raises $3 to $6
liza3008: calls $3
*** FLOP *** [Ks 2h 4s]
liza3008: checks
oftalmolog: bets $3
liza3008: folds
Uncalled bet ($3) returned to oftalmolog
oftalmolog collected $11.76 from pot
oftalmolog: doesn't show hand
*** SUMMARY ***
Total pot $12 | Rake $0.24
Board [Ks 2h 4s]
Seat 1: liza3008 (big blind) folded on the Flop
Seat 2: oftalmolog (button) (small blind) collected ($11.76)


PokerStars Hand #145845296222:  Hold'em Limit ($3/$6 USD) - 2015/12/24 9:24:16 ET
Table 'Alzir' 2-max Seat #2 is the button
Seat 1: liza3008 ($153.03 in chips)
Seat 2: oftalmolog ($176.97 in chips)
oftalmolog: posts small blind $1
liza3008: posts big blind $3
*** HOLE CARDS ***
oftalmolog: raises $3 to $6
liza3008: folds
Uncalled bet ($3) returned to oftalmolog
oftalmolog collected $6 from pot
oftalmolog: doesn't show hand
*** SUMMARY ***
Total pot $6 | Rake $0
Seat 1: liza3008 (big blind) folded before Flop
Seat 2: oftalmolog (button) (small blind) collected ($6)


PokerStars Hand #145845314064:  Hold'em Limit ($3/$6 USD) - 2015/12/24 9:24:41 ET
Table 'Alzir' 2-max Seat #2 is the button
Seat 1: liza3008 ($167.53 in chips)
Seat 2: oftalmolog ($161.97 in chips)
oftalmolog: posts small blind $1
liza3008: posts big blind $3
*** HOLE CARDS ***
oftalmolog: raises $3 to $6
liza3008: calls $3
*** FLOP *** [2s Td 3s]
liza3008: checks
oftalmolog: bets $3
liza3008: calls $3
*** TURN *** [2s Td 3s] [4d]
liza3008: checks
oftalmolog: checks
*** RIVER *** [2s Td 3s 4d] [2c]
liza3008: bets $6
oftalmolog: folds
Uncalled bet ($6) returned to liza3008
liza3008 collected $17.64 from pot
liza3008: doesn't show hand
*** SUMMARY ***
Total pot $18 | Rake $0.36
Board [2s Td 3s 4d 2c]
Seat 1: liza3008 (big blind) collected ($17.64)
Seat 2: oftalmolog (button) (small blind) folded on the River


PokerStars Hand #145845333253:  Hold'em Limit ($3/$6 USD) - 2015/12/24 9:25:08 ET
Table 'Alzir' 2-max Seat #2 is the button
Seat 1: liza3008 ($170.17 in chips)
Seat 2: oftalmolog ($158.73 in chips)
oftalmolog: posts small blind $1
liza3008: posts big blind $3
*** HOLE CARDS ***
oftalmolog: folds
Uncalled bet ($2) returned to liza3008
liza3008 collected $2 from pot
liza3008: doesn't show hand
*** SUMMARY ***
Total pot $2 | Rake $0
Seat 1: liza3008 (big blind) collected ($2)
Seat 2: oftalmolog (button) (small blind) folded before Flop


PokerStars Hand #145845325216:  Hold'em Limit ($3/$6 USD) - 2015/12/24 9:24:57 ET
Table 'Alzir' 2-max Seat #1 is the button
Seat 1: liza3008 ($176.17 in chips)
Seat 2: oftalmolog ($152.97 in chips)
liza3008: posts small blind $1
oftalmolog: posts big blind $3
*** HOLE CARDS ***
liza3008: raises $3 to $6
oftalmolog: calls $3
*** FLOP *** [6h Qd Td]
oftalmolog: checks
liza3008: checks
*** TURN *** [6h Qd Td] [Jd]
oftalmolog: bets $6
liza3008: folds
Uncalled bet ($6) returned to oftalmolog
oftalmolog collected $11.76 from pot
oftalmolog: doesn't show hand
*** SUMMARY ***
Total pot $12 | Rake $0.24
Board [6h Qd Td Jd]
Seat 1: liza3008 (button) (small blind) folded on the Turn
Seat 2: oftalmolog (big blind) collected ($11.76)


PokerStars Hand #145845336953:  Hold'em Limit ($3/$6 USD) - 2015/12/24 9:25:13 ET
Table 'Alzir' 2-max Seat #1 is the button
Seat 1: liza3008 ($171.17 in chips)
Seat 2: oftalmolog ($157.73 in chips)
liza3008: posts small blind $1
oftalmolog: posts big blind $3
*** HOLE CARDS ***
liza3008: raises $3 to $6
oftalmolog: calls $3
*** FLOP *** [6c Kc 2s]
oftalmolog: checks
liza3008: bets $3
oftalmolog: calls $3
*** TURN *** [6c Kc 2s] [6s]
oftalmolog: checks
liza3008: checks
*** RIVER *** [6c Kc 2s 6s] [3c]
oftalmolog: bets $6
liza3008: calls $6
*** SHOW DOWN ***
oftalmolog: shows [4s Ad] (a pair of Sixes)
liza3008: shows [Jh 2d] (two pair, Sixes and Deuces)
liza3008 collected $29.50 from pot
*** SUMMARY ***
Total pot $30 | Rake $0.50
Board [6c Kc 2s 6s 3c]
Seat 1: liza3008 (button) (small blind) showed [Jh 2d] and won ($29.50) with two pair, Sixes and Deuces
Seat 2: oftalmolog (big blind) showed [4s Ad] and lost with a pair of Sixes


PokerStars Hand #145845348495:  Hold'em Limit ($3/$6 USD) - 2015/12/24 9:25:29 ET
Table 'Alzir' 2-max Seat #2 is the button
Seat 1: liza3008 ($185.67 in chips)
Seat 2: oftalmolog ($142.73 in chips)
oftalmolog: posts small blind $1
liza3008: posts big blind $3
*** HOLE CARDS ***
oftalmolog: raises $3 to $6
liza3008: calls $3
*** FLOP *** [As Kh 2c]
liza3008: checks
oftalmolog: bets $3
liza3008: folds
Uncalled bet ($3) returned to oftalmolog
oftalmolog collected $11.76 from pot
oftalmolog: doesn't show hand
*** SUMMARY ***
Total pot $12 | Rake $0.24
Board [As Kh 2c]
Seat 1: liza3008 (big blind) folded on the Flop
Seat 2: oftalmolog (button) (small blind) collected ($11.76)


PokerStars Hand #145845393121:  Hold'em Limit ($3/$6 USD) - 2015/12/24 9:26:31 ET
Table 'Alzir' 2-max Seat #1 is the button
Seat 1: liza3008 ($181.83 in chips)
Seat 2: oftalmolog ($144.99 in chips)
liza3008: posts small blind $1
oftalmolog: posts big blind $3
*** HOLE CARDS ***
liza3008: raises $3 to $6
oftalmolog: calls $3
*** FLOP *** [5c 6s 8h]
oftalmolog: checks
liza3008: checks
*** TURN *** [5c 6s 8h] [2c]
oftalmolog: bets $6
liza3008: folds
Uncalled bet ($6) returned to oftalmolog
oftalmolog collected $11.76 from pot
oftalmolog: doesn't show hand
*** SUMMARY ***
Total pot $12 | Rake $0.24
Board [5c 6s 8h 2c]
Seat 1: liza3008 (button) (small blind) folded on the Turn
Seat 2: oftalmolog (big blind) collected ($11.76)


PokerStars Hand #145845382725:  Hold'em Limit ($3/$6 USD) - 2015/12/24 9:26:17 ET
Table 'Alzir' 2-max Seat #2 is the button
Seat 1: liza3008 ($196.83 in chips)
Seat 2: oftalmolog ($130.49 in chips)
oftalmolog: posts small blind $1
liza3008: posts big blind $3
*** HOLE CARDS ***
oftalmolog: raises $3 to $6
liza3008: calls $3
*** FLOP *** [Tc Ad Qs]
liza3008: checks
oftalmolog: bets $3
liza3008: calls $3
*** TURN *** [Tc Ad Qs] [4h]
liza3008: checks
oftalmolog: bets $6
liza3008: calls $6
*** RIVER *** [Tc Ad Qs 4h] [Ts]
liza3008: checks
oftalmolog: checks
*** SHOW DOWN ***
liza3008: shows [9d Jd] (a pair of Tens)
oftalmolog: shows [5h 4d] (two pair, Tens and Fours)
oftalmolog collected $29.50 from pot
*** SUMMARY ***
Total pot $30 | Rake $0.50
Board [Tc Ad Qs 4h Ts]
Seat 1: liza3008 (big blind) showed [9d Jd] and lost with a pair of Tens
Seat 2: oftalmolog (button) (small blind) showed [5h 4d] and won ($29.50) with two pair, Tens and Fours


PokerStars Hand #145845368248:  Hold'em Limit ($3/$6 USD) - 2015/12/24 9:25:56 ET
Table 'Alzir' 2-max Seat #1 is the button
Seat 1: liza3008 ($188.19 in chips)
Seat 2: oftalmolog ($139.49 in chips)
liza3008: posts small blind $1
oftalmolog: posts big blind $3
*** HOLE CARDS ***
liza3008: raises $3 to $6
oftalmolog: calls $3
*** FLOP *** [4h 2s Kc]
oftalmolog: checks
liza3008: bets $3
oftalmolog: calls $3
*** TURN *** [4h 2s Kc] [6s]
oftalmolog: checks
liza3008: checks
*** RIVER *** [4h 2s Kc 6s] [7h]
oftalmolog: checks
liza3008: checks
*** SHOW DOWN ***
oftalmolog: shows [9d Qc] (high card King)
liza3008: shows [5d 5s] (a pair of Fives)
liza3008 collected $17.64 from pot
*** SUMMARY ***
Total pot $18 | Rake $0.36
Board [4h 2s Kc 6s 7h]
Seat 1: liza3008 (button) (small blind) showed [5d 5s] and won ($17.64) with a pair of Fives
Seat 2: oftalmolog (big blind) showed [9d Qc] and lost with high card King


PokerStars Hand #145845364271:  Hold'em Limit ($3/$6 USD) - 2015/12/24 9:25:51 ET
Table 'Alzir' 2-max Seat #2 is the button
Seat 1: liza3008 ($191.19 in chips)
Seat 2: oftalmolog ($136.49 in chips)
oftalmolog: posts small blind $1
liza3008: posts big blind $3
*** HOLE CARDS ***
oftalmolog: raises $3 to $6
liza3008: folds
Uncalled bet ($3) returned to oftalmolog
oftalmolog collected $6 from pot
oftalmolog: doesn't show hand
*** SUMMARY ***
Total pot $6 | Rake $0
Seat 1: liza3008 (big blind) folded before Flop
Seat 2: oftalmolog (button) (small blind) collected ($6)


PokerStars Hand #145845354469:  Hold'em Limit ($3/$6 USD) - 2015/12/24 9:25:37 ET
Table 'Alzir' 2-max Seat #1 is the button
Seat 1: liza3008 ($179.67 in chips)
Seat 2: oftalmolog ($148.49 in chips)
liza3008: posts small blind $1
oftalmolog: posts big blind $3
*** HOLE CARDS ***
liza3008: raises $3 to $6
oftalmolog: calls $3
*** FLOP *** [8d 8h 2s]
oftalmolog: checks
liza3008: checks
*** TURN *** [8d 8h 2s] [9d]
oftalmolog: bets $6
liza3008: raises $6 to $12
oftalmolog: folds
Uncalled bet ($6) returned to liza3008
liza3008 collected $23.52 from pot
liza3008: doesn't show hand
*** SUMMARY ***
Total pot $24 | Rake $0.48
Board [8d 8h 2s 9d]
Seat 1: liza3008 (button) (small blind) collected ($23.52)
Seat 2: oftalmolog (big blind) folded on the Turn


PokerStars Hand #145845440856:  Hold'em Limit ($3/$6 USD) - 2015/12/24 9:27:37 ET
Table 'Alzir' 2-max Seat #2 is the button
Seat 1: liza3008 ($174.33 in chips)
Seat 2: oftalmolog ($151.25 in chips)
oftalmolog: posts small blind $1
liza3008: posts big blind $3
*** HOLE CARDS ***
oftalmolog: raises $3 to $6
liza3008: calls $3
*** FLOP *** [3h As Ts]
liza3008: checks
oftalmolog: bets $3
liza3008: folds
Uncalled bet ($3) returned to oftalmolog
oftalmolog collected $11.76 from pot
oftalmolog: doesn't show hand
*** SUMMARY ***
Total pot $12 | Rake $0.24
Board [3h As Ts]
Seat 1: liza3008 (big blind) folded on the Flop
Seat 2: oftalmolog (button) (small blind) collected ($11.76)


PokerStars Hand #145845437096:  Hold'em Limit ($3/$6 USD) - 2015/12/24 9:27:32 ET
Table 'Alzir' 2-max Seat #1 is the button
Seat 1: liza3008 ($171.33 in chips)
Seat 2: oftalmolog ($154.25 in chips)
liza3008: posts small blind $1
oftalmolog: posts big blind $3
*** HOLE CARDS ***
liza3008: raises $3 to $6
oftalmolog: folds
Uncalled bet ($3) returned to liza3008
liza3008 collected $6 from pot
liza3008: doesn't show hand
*** SUMMARY ***
Total pot $6 | Rake $0
Seat 1: liza3008 (button) (small blind) collected ($6)
Seat 2: oftalmolog (big blind) folded before Flop


PokerStars Hand #145845424629:  Hold'em Limit ($3/$6 USD) - 2015/12/24 9:27:15 ET
Table 'Alzir' 2-max Seat #2 is the button
Seat 1: liza3008 ($192.33 in chips)
Seat 2: oftalmolog ($133.75 in chips)
oftalmolog: posts small blind $1
liza3008: posts big blind $3
*** HOLE CARDS ***
oftalmolog: raises $3 to $6
liza3008: calls $3
*** FLOP *** [Kc 8h 9d]
liza3008: checks
oftalmolog: bets $3
liza3008: calls $3
*** TURN *** [Kc 8h 9d] [9h]
liza3008: checks
oftalmolog: bets $6
liza3008: raises $6 to $12
oftalmolog: calls $6
*** RIVER *** [Kc 8h 9d 9h] [5c]
liza3008: checks
oftalmolog: checks
*** SHOW DOWN ***
liza3008: shows [Jh Td] (a pair of Nines)
oftalmolog: shows [7h 7c] (two pair, Nines and Sevens)
oftalmolog collected $41.50 from pot
*** SUMMARY ***
Total pot $42 | Rake $0.50
Board [Kc 8h 9d 9h 5c]
Seat 1: liza3008 (big blind) showed [Jh Td] and lost with a pair of Nines
Seat 2: oftalmolog (button) (small blind) showed [7h 7c] and won ($41.50) with two pair, Nines and Sevens


PokerStars Hand #145845413235:  Hold'em Limit ($3/$6 USD) - 2015/12/24 9:26:59 ET
Table 'Alzir' 2-max Seat #1 is the button
Seat 1: liza3008 ($168.83 in chips)
Seat 2: oftalmolog ($157.75 in chips)
liza3008: posts small blind $1
oftalmolog: posts big blind $3
*** HOLE CARDS ***
liza3008: raises $3 to $6
oftalmolog: raises $3 to $9
liza3008: calls $3
*** FLOP *** [As 3c Qc]
oftalmolog: bets $3
liza3008: calls $3
*** TURN *** [As 3c Qc] [Kh]
oftalmolog: bets $6
liza3008: calls $6
*** RIVER *** [As 3c Qc Kh] [Kd]
oftalmolog: bets $6
liza3008: calls $6
*** SHOW DOWN ***
oftalmolog: shows [Th Td] (two pair, Kings and Tens)
liza3008: shows [4s Qs] (two pair, Kings and Queens)
liza3008 collected $47.50 from pot
*** SUMMARY ***
Total pot $48 | Rake $0.50
Board [As 3c Qc Kh Kd]
Seat 1: liza3008 (button) (small blind) showed [4s Qs] and won ($47.50) with two pair, Kings and Queens
Seat 2: oftalmolog (big blind) showed [Th Td] and lost with two pair, Kings and Tens


PokerStars Hand #145845409600:  Hold'em Limit ($3/$6 USD) - 2015/12/24 9:26:54 ET
Table 'Alzir' 2-max Seat #2 is the button
Seat 1: liza3008 ($171.83 in chips)
Seat 2: oftalmolog ($154.75 in chips)
oftalmolog: posts small blind $1
liza3008: posts big blind $3
*** HOLE CARDS ***
oftalmolog: raises $3 to $6
liza3008: folds
Uncalled bet ($3) returned to oftalmolog
oftalmolog collected $6 from pot
oftalmolog: doesn't show hand
*** SUMMARY ***
Total pot $6 | Rake $0
Seat 1: liza3008 (big blind) folded before Flop
Seat 2: oftalmolog (button) (small blind) collected ($6)


PokerStars Hand #145845406309:  Hold'em Limit ($3/$6 USD) - 2015/12/24 9:26:49 ET
Table 'Alzir' 2-max Seat #1 is the button
Seat 1: liza3008 ($172.83 in chips)
Seat 2: oftalmolog ($153.75 in chips)
liza3008: posts small blind $1
oftalmolog: posts big blind $3
*** HOLE CARDS ***
liza3008: folds
Uncalled bet ($2) returned to oftalmolog
oftalmolog collected $2 from pot
oftalmolog: doesn't show hand
*** SUMMARY ***
Total pot $2 | Rake $0
Seat 1: liza3008 (button) (small blind) folded before Flop
Seat 2: oftalmolog (big blind) collected ($2)


PokerStars Hand #145845402538:  Hold'em Limit ($3/$6 USD) - 2015/12/24 9:26:44 ET
Table 'Alzir' 2-max Seat #2 is the button
Seat 1: liza3008 ($175.83 in chips)
Seat 2: oftalmolog ($150.75 in chips)
oftalmolog: posts small blind $1
liza3008: posts big blind $3
*** HOLE CARDS ***
oftalmolog: raises $3 to $6
liza3008: folds
Uncalled bet ($3) returned to oftalmolog
oftalmolog collected $6 from pot
oftalmolog: doesn't show hand
*** SUMMARY ***
Total pot $6 | Rake $0
Seat 1: liza3008 (big blind) folded before Flop
Seat 2: oftalmolog (button) (small blind) collected ($6)


PokerStars Hand #145845468477:  Hold'em Limit ($3/$6 USD) - 2015/12/24 9:28:16 ET
Table 'Alzir' 2-max Seat #2 is the button
Seat 1: liza3008 ($175.83 in chips)
Seat 2: oftalmolog ($148.77 in chips)
oftalmolog: posts small blind $1
liza3008: posts big blind $3
*** HOLE CARDS ***
oftalmolog: raises $3 to $6
liza3008: calls $3
*** FLOP *** [Tc Ah 2s]
liza3008: checks
oftalmolog: bets $3
liza3008: folds
Uncalled bet ($3) returned to oftalmolog
oftalmolog collected $11.76 from pot
oftalmolog: doesn't show hand
*** SUMMARY ***
Total pot $12 | Rake $0.24
Board [Tc Ah 2s]
Seat 1: liza3008 (big blind) folded on the Flop
Seat 2: oftalmolog (button) (small blind) collected ($11.76)


PokerStars Hand #145845461180:  Hold'em Limit ($3/$6 USD) - 2015/12/24 9:28:06 ET
Table 'Alzir' 2-max Seat #1 is the button
Seat 1: liza3008 ($181.83 in chips)
Seat 2: oftalmolog ($143.01 in chips)
liza3008: posts small blind $1
oftalmolog: posts big blind $3
*** HOLE CARDS ***
liza3008: raises $3 to $6
oftalmolog: calls $3
*** FLOP *** [2s 6s 5c]
oftalmolog: checks
liza3008: checks
*** TURN *** [2s 6s 5c] [5h]
oftalmolog: bets $6
liza3008: folds
Uncalled bet ($6) returned to oftalmolog
oftalmolog collected $11.76 from pot
oftalmolog: doesn't show hand
*** SUMMARY ***
Total pot $12 | Rake $0.24
Board [2s 6s 5c 5h]
Seat 1: liza3008 (button) (small blind) folded on the Turn
Seat 2: oftalmolog (big blind) collected ($11.76)


PokerStars Hand #145845450015:  Hold'em Limit ($3/$6 USD) - 2015/12/24 9:27:50 ET
Table 'Alzir' 2-max Seat #2 is the button
Seat 1: liza3008 ($167.33 in chips)
Seat 2: oftalmolog ($158.01 in chips)
oftalmolog: posts small blind $1
liza3008: posts big blind $3
*** HOLE CARDS ***
oftalmolog: raises $3 to $6
liza3008: calls $3
*** FLOP *** [Qd 4c Qs]
liza3008: checks
oftalmolog: bets $3
liza3008: calls $3
*** TURN *** [Qd 4c Qs] [6c]
liza3008: checks
oftalmolog: bets $6
liza3008: raises $6 to $12
oftalmolog: folds
Uncalled bet ($6) returned to liza3008
liza3008 collected $29.50 from pot
liza3008: doesn't show hand
*** SUMMARY ***
Total pot $30 | Rake $0.50
Board [Qd 4c Qs 6c]
Seat 1: liza3008 (big blind) collected ($29.50)
Seat 2: oftalmolog (button) (small blind) folded on the Turn


PokerStars Hand #145845446887:  Hold'em Limit ($3/$6 USD) - 2015/12/24 9:27:46 ET
Table 'Alzir' 2-max Seat #1 is the button
Seat 1: liza3008 ($168.33 in chips)
Seat 2: oftalmolog ($157.01 in chips)
liza3008: posts small blind $1
oftalmolog: posts big blind $3
*** HOLE CARDS ***
liza3008: folds
Uncalled bet ($2) returned to oftalmolog
oftalmolog collected $2 from pot
oftalmolog: doesn't show hand
*** SUMMARY ***
Total pot $2 | Rake $0
Seat 1: liza3008 (button) (small blind) folded before Flop
Seat 2: oftalmolog (big blind) collected ($2)


PokerStars Hand #145845520024:  Hold'em Limit ($3/$6 USD) - 2015/12/24 9:29:28 ET
Table 'Alzir' 2-max Seat #2 is the button
Seat 1: liza3008 ($134.47 in chips)
Seat 2: oftalmolog ($188.53 in chips)
oftalmolog: posts small blind $1
liza3008: posts big blind $3
*** HOLE CARDS ***
oftalmolog: raises $3 to $6
liza3008: calls $3
*** FLOP *** [Qc 6d 8c]
liza3008: checks
oftalmolog: bets $3
liza3008: folds
Uncalled bet ($3) returned to oftalmolog
oftalmolog collected $11.76 from pot
oftalmolog: doesn't show hand
*** SUMMARY ***
Total pot $12 | Rake $0.24
Board [Qc 6d 8c]
Seat 1: liza3008 (big blind) folded on the Flop
Seat 2: oftalmolog (button) (small blind) collected ($11.76)


PokerStars Hand #145845510460:  Hold'em Limit ($3/$6 USD) - 2015/12/24 9:29:14 ET
Table 'Alzir' 2-max Seat #1 is the button
Seat 1: liza3008 ($152.47 in chips)
Seat 2: oftalmolog ($171.03 in chips)
liza3008: posts small blind $1
oftalmolog: posts big blind $3
*** HOLE CARDS ***
liza3008: raises $3 to $6
oftalmolog: raises $3 to $9
liza3008: calls $3
*** FLOP *** [Td 9s 3d]
oftalmolog: bets $3
liza3008: calls $3
*** TURN *** [Td 9s 3d] [9c]
oftalmolog: bets $6
liza3008: calls $6
*** RIVER *** [Td 9s 3d 9c] [4c]
oftalmolog: bets $6
liza3008: folds
Uncalled bet ($6) returned to oftalmolog
oftalmolog collected $35.50 from pot
oftalmolog: doesn't show hand
*** SUMMARY ***
Total pot $36 | Rake $0.50
Board [Td 9s 3d 9c 4c]
Seat 1: liza3008 (button) (small blind) folded on the River
Seat 2: oftalmolog (big blind) collected ($35.50)


PokerStars Hand #145845507101:  Hold'em Limit ($3/$6 USD) - 2015/12/24 9:29:10 ET
Table 'Alzir' 2-max Seat #2 is the button
Seat 1: liza3008 ($151.47 in chips)
Seat 2: oftalmolog ($172.03 in chips)
oftalmolog: posts small blind $1
liza3008: posts big blind $3
*** HOLE CARDS ***
oftalmolog: folds
Uncalled bet ($2) returned to liza3008
liza3008 collected $2 from pot
liza3008: doesn't show hand
*** SUMMARY ***
Total pot $2 | Rake $0
Seat 1: liza3008 (big blind) collected ($2)
Seat 2: oftalmolog (button) (small blind) folded before Flop


PokerStars Hand #145845495892:  Hold'em Limit ($3/$6 USD) - 2015/12/24 9:28:54 ET
Table 'Alzir' 2-max Seat #1 is the button
Seat 1: liza3008 ($175.47 in chips)
Seat 2: oftalmolog ($148.53 in chips)
liza3008: posts small blind $1
oftalmolog: posts big blind $3
*** HOLE CARDS ***
liza3008: raises $3 to $6
oftalmolog: raises $3 to $9
liza3008: calls $3
*** FLOP *** [6h 3c Jd]
oftalmolog: bets $3
liza3008: calls $3
*** TURN *** [6h 3c Jd] [Qc]
oftalmolog: bets $6
liza3008: calls $6
*** RIVER *** [6h 3c Jd Qc] [5d]
oftalmolog: bets $6
liza3008: calls $6
*** SHOW DOWN ***
oftalmolog: shows [Kc Qs] (a pair of Queens)
liza3008: mucks hand
oftalmolog collected $47.50 from pot
*** SUMMARY ***
Total pot $48 | Rake $0.50
Board [6h 3c Jd Qc 5d]
Seat 1: liza3008 (button) (small blind) mucked
Seat 2: oftalmolog (big blind) showed [Kc Qs] and won ($47.50) with a pair of Queens


PokerStars Hand #145845492368:  Hold'em Limit ($3/$6 USD) - 2015/12/24 9:28:49 ET
Table 'Alzir' 2-max Seat #2 is the button
Seat 1: liza3008 ($174.47 in chips)
Seat 2: oftalmolog ($149.53 in chips)
oftalmolog: posts small blind $1
liza3008: posts big blind $3
*** HOLE CARDS ***
oftalmolog: folds
Uncalled bet ($2) returned to liza3008
liza3008 collected $2 from pot
liza3008: doesn't show hand
*** SUMMARY ***
Total pot $2 | Rake $0
Seat 1: liza3008 (big blind) collected ($2)
Seat 2: oftalmolog (button) (small blind) folded before Flop


PokerStars Hand #145845488591:  Hold'em Limit ($3/$6 USD) - 2015/12/24 9:28:44 ET
Table 'Alzir' 2-max Seat #1 is the button
Seat 1: liza3008 ($175.47 in chips)
Seat 2: oftalmolog ($148.53 in chips)
liza3008: posts small blind $1
oftalmolog: posts big blind $3
*** HOLE CARDS ***
liza3008: folds
Uncalled bet ($2) returned to oftalmolog
oftalmolog collected $2 from pot
oftalmolog: doesn't show hand
*** SUMMARY ***
Total pot $2 | Rake $0
Seat 1: liza3008 (button) (small blind) folded before Flop
Seat 2: oftalmolog (big blind) collected ($2)


PokerStars Hand #145845485219:  Hold'em Limit ($3/$6 USD) - 2015/12/24 9:28:39 ET
Table 'Alzir' 2-max Seat #2 is the button
Seat 1: liza3008 ($178.47 in chips)
Seat 2: oftalmolog ($145.53 in chips)
oftalmolog: posts small blind $1
liza3008: posts big blind $3
*** HOLE CARDS ***
oftalmolog: raises $3 to $6
liza3008: folds
Uncalled bet ($3) returned to oftalmolog
oftalmolog collected $6 from pot
oftalmolog: doesn't show hand
*** SUMMARY ***
Total pot $6 | Rake $0
Seat 1: liza3008 (big blind) folded before Flop
Seat 2: oftalmolog (button) (small blind) collected ($6)


PokerStars Hand #145845474433:  Hold'em Limit ($3/$6 USD) - 2015/12/24 9:28:24 ET
Table 'Alzir' 2-max Seat #1 is the button
Seat 1: liza3008 ($169.83 in chips)
Seat 2: oftalmolog ($154.53 in chips)
liza3008: posts small blind $1
oftalmolog: posts big blind $3
*** HOLE CARDS ***
liza3008: raises $3 to $6
oftalmolog: calls $3
*** FLOP *** [5d 3c Ks]
oftalmolog: checks
liza3008: bets $3
oftalmolog: calls $3
*** TURN *** [5d 3c Ks] [8s]
oftalmolog: checks
liza3008: checks
*** RIVER *** [5d 3c Ks 8s] [Js]
oftalmolog: checks
liza3008: bets $6
oftalmolog: folds
Uncalled bet ($6) returned to liza3008
liza3008 collected $17.64 from pot
liza3008: doesn't show hand
*** SUMMARY ***
Total pot $18 | Rake $0.36
Board [5d 3c Ks 8s Js]
Seat 1: liza3008 (button) (small blind) collected ($17.64)
Seat 2: oftalmolog (big blind) folded on the River


PokerStars Hand #145845571598:  Hold'em Limit ($3/$6 USD) - 2015/12/24 9:30:40 ET
Table 'Alzir' 2-max Seat #1 is the button
Seat 1: liza3008 ($109.87 in chips)
Seat 2: oftalmolog ($211.55 in chips)
liza3008: posts small blind $1
oftalmolog: posts big blind $3
*** HOLE CARDS ***
liza3008: raises $3 to $6
oftalmolog: calls $3
*** FLOP *** [Kh Js 3d]
oftalmolog: checks
liza3008: bets $3
oftalmolog: folds
Uncalled bet ($3) returned to liza3008
liza3008 collected $11.76 from pot
liza3008: doesn't show hand
*** SUMMARY ***
Total pot $12 | Rake $0.24
Board [Kh Js 3d]
Seat 1: liza3008 (button) (small blind) collected ($11.76)
Seat 2: oftalmolog (big blind) folded on the Flop


PokerStars Hand #145845567949:  Hold'em Limit ($3/$6 USD) - 2015/12/24 9:30:35 ET
Table 'Alzir' 2-max Seat #2 is the button
Seat 1: liza3008 ($112.87 in chips)
Seat 2: oftalmolog ($208.55 in chips)
oftalmolog: posts small blind $1
liza3008: posts big blind $3
*** HOLE CARDS ***
oftalmolog: raises $3 to $6
liza3008: folds
Uncalled bet ($3) returned to oftalmolog
oftalmolog collected $6 from pot
oftalmolog: doesn't show hand
*** SUMMARY ***
Total pot $6 | Rake $0
Seat 1: liza3008 (big blind) folded before Flop
Seat 2: oftalmolog (button) (small blind) collected ($6)


PokerStars Hand #145845558121:  Hold'em Limit ($3/$6 USD) - 2015/12/24 9:30:21 ET
Table 'Alzir' 2-max Seat #1 is the button
Seat 1: liza3008 ($118.87 in chips)
Seat 2: oftalmolog ($202.79 in chips)
liza3008: posts small blind $1
oftalmolog: posts big blind $3
*** HOLE CARDS ***
liza3008: raises $3 to $6
oftalmolog: calls $3
*** FLOP *** [Td 8c 2s]
oftalmolog: checks
liza3008: checks
*** TURN *** [Td 8c 2s] [Kd]
oftalmolog: bets $6
liza3008: folds
Uncalled bet ($6) returned to oftalmolog
oftalmolog collected $11.76 from pot
oftalmolog: doesn't show hand
*** SUMMARY ***
Total pot $12 | Rake $0.24
Board [Td 8c 2s Kd]
Seat 1: liza3008 (button) (small blind) folded on the Turn
Seat 2: oftalmolog (big blind) collected ($11.76)


PokerStars Hand #145845554471:  Hold'em Limit ($3/$6 USD) - 2015/12/24 9:30:16 ET
Table 'Alzir' 2-max Seat #2 is the button
Seat 1: liza3008 ($121.87 in chips)
Seat 2: oftalmolog ($199.79 in chips)
oftalmolog: posts small blind $1
liza3008: posts big blind $3
*** HOLE CARDS ***
oftalmolog: raises $3 to $6
liza3008: folds
Uncalled bet ($3) returned to oftalmolog
oftalmolog collected $6 from pot
oftalmolog: doesn't show hand
*** SUMMARY ***
Total pot $6 | Rake $0
Seat 1: liza3008 (big blind) folded before Flop
Seat 2: oftalmolog (button) (small blind) collected ($6)


PokerStars Hand #145845548179:  Hold'em Limit ($3/$6 USD) - 2015/12/24 9:30:07 ET
Table 'Alzir' 2-max Seat #1 is the button
Seat 1: liza3008 ($116.11 in chips)
Seat 2: oftalmolog ($205.79 in chips)
liza3008: posts small blind $1
oftalmolog: posts big blind $3
*** HOLE CARDS ***
liza3008: raises $3 to $6
oftalmolog: calls $3
*** FLOP *** [4d Jc Kh]
oftalmolog: checks
liza3008: bets $3
oftalmolog: folds
Uncalled bet ($3) returned to liza3008
liza3008 collected $11.76 from pot
liza3008: doesn't show hand
*** SUMMARY ***
Total pot $12 | Rake $0.24
Board [4d Jc Kh]
Seat 1: liza3008 (button) (small blind) collected ($11.76)
Seat 2: oftalmolog (big blind) folded on the Flop


PokerStars Hand #145845538348:  Hold'em Limit ($3/$6 USD) - 2015/12/24 9:29:54 ET
Table 'Alzir' 2-max Seat #2 is the button
Seat 1: liza3008 ($107.47 in chips)
Seat 2: oftalmolog ($214.79 in chips)
oftalmolog: posts small blind $1
liza3008: posts big blind $3
*** HOLE CARDS ***
oftalmolog: raises $3 to $6
liza3008: calls $3
*** FLOP *** [Ks As 4s]
liza3008: checks
oftalmolog: bets $3
liza3008: calls $3
*** TURN *** [Ks As 4s] [Qc]
liza3008: checks
oftalmolog: checks
*** RIVER *** [Ks As 4s Qc] [Kd]
liza3008: bets $6
oftalmolog: folds
Uncalled bet ($6) returned to liza3008
liza3008 collected $17.64 from pot
liza3008: doesn't show hand
*** SUMMARY ***
Total pot $18 | Rake $0.36
Board [Ks As 4s Qc Kd]
Seat 1: liza3008 (big blind) collected ($17.64)
Seat 2: oftalmolog (button) (small blind) folded on the River


PokerStars Hand #145845526213:  Hold'em Limit ($3/$6 USD) - 2015/12/24 9:29:37 ET
Table 'Alzir' 2-max Seat #1 is the button
Seat 1: liza3008 ($128.47 in chips)
Seat 2: oftalmolog ($194.29 in chips)
liza3008: posts small blind $1
oftalmolog: posts big blind $3
*** HOLE CARDS ***
liza3008: raises $3 to $6
oftalmolog: calls $3
*** FLOP *** [5d 2d 2s]
oftalmolog: checks
liza3008: bets $3
oftalmolog: calls $3
*** TURN *** [5d 2d 2s] [Kc]
oftalmolog: bets $6
liza3008: calls $6
*** RIVER *** [5d 2d 2s Kc] [6s]
oftalmolog: bets $6
liza3008: calls $6
*** SHOW DOWN ***
oftalmolog: shows [Kd 3h] (two pair, Kings and Deuces)
liza3008: mucks hand
oftalmolog collected $41.50 from pot
*** SUMMARY ***
Total pot $42 | Rake $0.50
Board [5d 2d 2s Kc 6s]
Seat 1: liza3008 (button) (small blind) mucked
Seat 2: oftalmolog (big blind) showed [Kd 3h] and won ($41.50) with two pair, Kings and Deuces


PokerStars Hand #145845604407:  Hold'em Limit ($3/$6 USD) - 2015/12/24 9:31:26 ET
Table 'Alzir' 2-max Seat #1 is the button
Seat 1: liza3008 ($97.27 in chips)
Seat 2: oftalmolog ($223.05 in chips)
liza3008: posts small blind $1
oftalmolog: posts big blind $3
*** HOLE CARDS ***
liza3008: raises $3 to $6
oftalmolog: raises $3 to $9
liza3008: calls $3
*** FLOP *** [Th Qd Qs]
oftalmolog: bets $3
liza3008: calls $3
*** TURN *** [Th Qd Qs] [8c]
oftalmolog: bets $6
liza3008: calls $6
*** RIVER *** [Th Qd Qs 8c] [Kh]
oftalmolog: bets $6
liza3008: raises $6 to $12
oftalmolog: folds
Uncalled bet ($6) returned to liza3008
liza3008 collected $47.50 from pot
liza3008: doesn't show hand
*** SUMMARY ***
Total pot $48 | Rake $0.50
Board [Th Qd Qs 8c Kh]
Seat 1: liza3008 (button) (small blind) collected ($47.50)
Seat 2: oftalmolog (big blind) folded on the River


PokerStars Hand #145845594753:  Hold'em Limit ($3/$6 USD) - 2015/12/24 9:31:13 ET
Table 'Alzir' 2-max Seat #2 is the button
Seat 1: liza3008 ($88.63 in chips)
Seat 2: oftalmolog ($232.05 in chips)
oftalmolog: posts small blind $1
liza3008: posts big blind $3
*** HOLE CARDS ***
oftalmolog: raises $3 to $6
liza3008: raises $3 to $9
oftalmolog: calls $3
*** FLOP *** [9s Ks Th]
liza3008: bets $3
oftalmolog: folds
Uncalled bet ($3) returned to liza3008
liza3008 collected $17.64 from pot
liza3008: doesn't show hand
*** SUMMARY ***
Total pot $18 | Rake $0.36
Board [9s Ks Th]
Seat 1: liza3008 (big blind) collected ($17.64)
Seat 2: oftalmolog (button) (small blind) folded on the Flop


PokerStars Hand #145845584537:  Hold'em Limit ($3/$6 USD) - 2015/12/24 9:30:58 ET
Table 'Alzir' 2-max Seat #1 is the button
Seat 1: liza3008 ($112.63 in chips)
Seat 2: oftalmolog ($208.55 in chips)
liza3008: posts small blind $1
oftalmolog: posts big blind $3
*** HOLE CARDS ***
liza3008: raises $3 to $6
oftalmolog: raises $3 to $9
liza3008: calls $3
*** FLOP *** [Ts Kd Jh]
oftalmolog: bets $3
liza3008: calls $3
*** TURN *** [Ts Kd Jh] [4c]
oftalmolog: bets $6
liza3008: calls $6
*** RIVER *** [Ts Kd Jh 4c] [7h]
oftalmolog: bets $6
liza3008: calls $6
*** SHOW DOWN ***
oftalmolog: shows [Ah Kc] (a pair of Kings)
liza3008: mucks hand
oftalmolog collected $47.50 from pot
*** SUMMARY ***
Total pot $48 | Rake $0.50
Board [Ts Kd Jh 4c 7h]
Seat 1: liza3008 (button) (small blind) mucked
Seat 2: oftalmolog (big blind) showed [Ah Kc] and won ($47.50) with a pair of Kings


PokerStars Hand #145845577747:  Hold'em Limit ($3/$6 USD) - 2015/12/24 9:30:49 ET
Table 'Alzir' 2-max Seat #2 is the button
Seat 1: liza3008 ($115.63 in chips)
Seat 2: oftalmolog ($205.55 in chips)
oftalmolog: posts small blind $1
liza3008: posts big blind $3
*** HOLE CARDS ***
oftalmolog: raises $3 to $6
liza3008: folds
Uncalled bet ($3) returned to oftalmolog
oftalmolog collected $6 from pot
oftalmolog: doesn't show hand
*** SUMMARY ***
Total pot $6 | Rake $0
Seat 1: liza3008 (big blind) folded before Flop
Seat 2: oftalmolog (button) (small blind) collected ($6)


PokerStars Hand #145845649048:  Hold'em Limit ($3/$6 USD) - 2015/12/24 9:32:28 ET
Table 'Alzir' 2-max Seat #1 is the button
Seat 1: liza3008 ($140.77 in chips)
Seat 2: oftalmolog ($177.55 in chips)
liza3008: posts small blind $1
oftalmolog: posts big blind $3
*** HOLE CARDS ***
liza3008: folds
Uncalled bet ($2) returned to oftalmolog
oftalmolog collected $2 from pot
oftalmolog: doesn't show hand
*** SUMMARY ***
Total pot $2 | Rake $0
Seat 1: liza3008 (button) (small blind) folded before Flop
Seat 2: oftalmolog (big blind) collected ($2)


PokerStars Hand #145845639462:  Hold'em Limit ($3/$6 USD) - 2015/12/24 9:32:15 ET
Table 'Alzir' 2-max Seat #2 is the button
Seat 1: liza3008 ($155.77 in chips)
Seat 2: oftalmolog ($163.05 in chips)
oftalmolog: posts small blind $1
liza3008: posts big blind $3
*** HOLE CARDS ***
oftalmolog: raises $3 to $6
liza3008: calls $3
*** FLOP *** [Ad Jh As]
liza3008: checks
oftalmolog: bets $3
liza3008: calls $3
*** TURN *** [Ad Jh As] [5s]
liza3008: checks
oftalmolog: checks
*** RIVER *** [Ad Jh As 5s] [7h]
liza3008: bets $6
oftalmolog: calls $6
*** SHOW DOWN ***
liza3008: shows [9h 9d] (two pair, Aces and Nines)
oftalmolog: shows [Th Td] (two pair, Aces and Tens)
oftalmolog collected $29.50 from pot
*** SUMMARY ***
Total pot $30 | Rake $0.50
Board [Ad Jh As 5s 7h]
Seat 1: liza3008 (big blind) showed [9h 9d] and lost with two pair, Aces and Nines
Seat 2: oftalmolog (button) (small blind) showed [Th Td] and won ($29.50) with two pair, Aces and Tens


PokerStars Hand #145845627387:  Hold'em Limit ($3/$6 USD) - 2015/12/24 9:31:58 ET
Table 'Alzir' 2-max Seat #1 is the button
Seat 1: liza3008 ($141.27 in chips)
Seat 2: oftalmolog ($178.05 in chips)
liza3008: posts small blind $1
oftalmolog: posts big blind $3
*** HOLE CARDS ***
liza3008: raises $3 to $6
oftalmolog: calls $3
*** FLOP *** [Th Qs 6h]
oftalmolog: checks
liza3008: bets $3
oftalmolog: calls $3
*** TURN *** [Th Qs 6h] [9c]
oftalmolog: checks
liza3008: checks
*** RIVER *** [Th Qs 6h 9c] [2d]
oftalmolog: checks
liza3008: bets $6
oftalmolog: calls $6
*** SHOW DOWN ***
liza3008: shows [9h Kc] (a pair of Nines)
oftalmolog: mucks hand
liza3008 collected $29.50 from pot
*** SUMMARY ***
Total pot $30 | Rake $0.50
Board [Th Qs 6h 9c 2d]
Seat 1: liza3008 (button) (small blind) showed [9h Kc] and won ($29.50) with a pair of Nines
Seat 2: oftalmolog (big blind) mucked


PokerStars Hand #145845616344:  Hold'em Limit ($3/$6 USD) - 2015/12/24 9:31:43 ET
Table 'Alzir' 2-max Seat #2 is the button
Seat 1: liza3008 ($120.77 in chips)
Seat 2: oftalmolog ($199.05 in chips)
oftalmolog: posts small blind $1
liza3008: posts big blind $3
*** HOLE CARDS ***
oftalmolog: raises $3 to $6
liza3008: calls $3
*** FLOP *** [7d 6h Kd]
liza3008: checks
oftalmolog: bets $3
liza3008: calls $3
*** TURN *** [7d 6h Kd] [5h]
liza3008: checks
oftalmolog: bets $6
liza3008: calls $6
*** RIVER *** [7d 6h Kd 5h] [Ad]
liza3008: bets $6
oftalmolog: calls $6
*** SHOW DOWN ***
liza3008: shows [4d As] (a pair of Aces)
oftalmolog: mucks hand
liza3008 collected $41.50 from pot
*** SUMMARY ***
Total pot $42 | Rake $0.50
Board [7d 6h Kd 5h Ad]
Seat 1: liza3008 (big blind) showed [4d As] and won ($41.50) with a pair of Aces
Seat 2: oftalmolog (button) (small blind) mucked


PokerStars Hand #145845681037:  Hold'em Limit ($3/$6 USD) - 2015/12/24 9:33:13 ET
Table 'Alzir' 2-max Seat #2 is the button
Seat 1: liza3008 ($168.67 in chips)
Seat 2: oftalmolog ($148.55 in chips)
oftalmolog: posts small blind $1
liza3008: posts big blind $3
*** HOLE CARDS ***
oftalmolog: raises $3 to $6
liza3008: calls $3
*** FLOP *** [3h 2d 4h]
liza3008: checks
oftalmolog: bets $3
liza3008: calls $3
*** TURN *** [3h 2d 4h] [7c]
liza3008: checks
oftalmolog: bets $6
liza3008: folds
Uncalled bet ($6) returned to oftalmolog
oftalmolog collected $17.64 from pot
oftalmolog: doesn't show hand
*** SUMMARY ***
Total pot $18 | Rake $0.36
Board [3h 2d 4h 7c]
Seat 1: liza3008 (big blind) folded on the Turn
Seat 2: oftalmolog (button) (small blind) collected ($17.64)


PokerStars Hand #145845671854:  Hold'em Limit ($3/$6 USD) - 2015/12/24 9:33:00 ET
Table 'Alzir' 2-max Seat #1 is the button
Seat 1: liza3008 ($151.17 in chips)
Seat 2: oftalmolog ($166.55 in chips)
liza3008: posts small blind $1
oftalmolog: posts big blind $3
*** HOLE CARDS ***
liza3008: raises $3 to $6
oftalmolog: calls $3
*** FLOP *** [5s Qd Jc]
oftalmolog: checks
liza3008: checks
*** TURN *** [5s Qd Jc] [6s]
oftalmolog: bets $6
liza3008: calls $6
*** RIVER *** [5s Qd Jc 6s] [9c]
oftalmolog: bets $6
liza3008: calls $6
*** SHOW DOWN ***
oftalmolog: shows [3h 6h] (a pair of Sixes)
liza3008: shows [6d Ad] (a pair of Sixes - Ace kicker)
liza3008 collected $35.50 from pot
*** SUMMARY ***
Total pot $36 | Rake $0.50
Board [5s Qd Jc 6s 9c]
Seat 1: liza3008 (button) (small blind) showed [6d Ad] and won ($35.50) with a pair of Sixes
Seat 2: oftalmolog (big blind) showed [3h 6h] and lost with a pair of Sixes


PokerStars Hand #145845661669:  Hold'em Limit ($3/$6 USD) - 2015/12/24 9:32:46 ET
Table 'Alzir' 2-max Seat #1 is the button
Seat 1: liza3008 ($148.41 in chips)
Seat 2: oftalmolog ($169.55 in chips)
liza3008: posts small blind $1
oftalmolog: posts big blind $3
*** HOLE CARDS ***
liza3008: raises $3 to $6
oftalmolog: calls $3
*** FLOP *** [Qs Js 7h]
oftalmolog: checks
liza3008: bets $3
oftalmolog: folds
Uncalled bet ($3) returned to liza3008
liza3008 collected $11.76 from pot
liza3008: doesn't show hand
*** SUMMARY ***
Total pot $12 | Rake $0.24
Board [Qs Js 7h]
Seat 1: liza3008 (button) (small blind) collected ($11.76)
Seat 2: oftalmolog (big blind) folded on the Flop


PokerStars Hand #145845652445:  Hold'em Limit ($3/$6 USD) - 2015/12/24 9:32:33 ET
Table 'Alzir' 2-max Seat #2 is the button
Seat 1: liza3008 ($139.77 in chips)
Seat 2: oftalmolog ($178.55 in chips)
oftalmolog: posts small blind $1
liza3008: posts big blind $3
*** HOLE CARDS ***
oftalmolog: raises $3 to $6
liza3008: calls $3
*** FLOP *** [Ad 8s 2h]
liza3008: checks
oftalmolog: bets $3
liza3008: calls $3
*** TURN *** [Ad 8s 2h] [Jh]
liza3008: checks
oftalmolog: checks
*** RIVER *** [Ad 8s 2h Jh] [Tc]
liza3008: bets $6
oftalmolog: folds
Uncalled bet ($6) returned to liza3008
liza3008 collected $17.64 from pot
liza3008: doesn't show hand
*** SUMMARY ***
Total pot $18 | Rake $0.36
Board [Ad 8s 2h Jh Tc]
Seat 1: liza3008 (big blind) collected ($17.64)
Seat 2: oftalmolog (button) (small blind) folded on the River


PokerStars Hand #145845722846:  Hold'em Limit ($3/$6 USD) - 2015/12/24 9:34:11 ET
Table 'Alzir' 2-max Seat #1 is the button
Seat 1: liza3008 ($173.93 in chips)
Seat 2: oftalmolog ($141.83 in chips)
liza3008: posts small blind $1
oftalmolog: posts big blind $3
*** HOLE CARDS ***
liza3008: folds
Uncalled bet ($2) returned to oftalmolog
oftalmolog collected $2 from pot
oftalmolog: doesn't show hand
*** SUMMARY ***
Total pot $2 | Rake $0
Seat 1: liza3008 (button) (small blind) folded before Flop
Seat 2: oftalmolog (big blind) collected ($2)


PokerStars Hand #145845712921:  Hold'em Limit ($3/$6 USD) - 2015/12/24 9:33:57 ET
Table 'Alzir' 2-max Seat #2 is the button
Seat 1: liza3008 ($159.43 in chips)
Seat 2: oftalmolog ($156.83 in chips)
oftalmolog: posts small blind $1
liza3008: posts big blind $3
*** HOLE CARDS ***
oftalmolog: raises $3 to $6
liza3008: calls $3
*** FLOP *** [6c 7s Qs]
liza3008: checks
oftalmolog: bets $3
liza3008: calls $3
*** TURN *** [6c 7s Qs] [Jd]
liza3008: checks
oftalmolog: checks
*** RIVER *** [6c 7s Qs Jd] [5s]
liza3008: bets $6
oftalmolog: calls $6
*** SHOW DOWN ***
liza3008: shows [9s As] (a flush, Ace high)
oftalmolog: mucks hand
liza3008 collected $29.50 from pot
*** SUMMARY ***
Total pot $30 | Rake $0.50
Board [6c 7s Qs Jd 5s]
Seat 1: liza3008 (big blind) showed [9s As] and won ($29.50) with a flush, Ace high
Seat 2: oftalmolog (button) (small blind) mucked


PokerStars Hand #145845709031:  Hold'em Limit ($3/$6 USD) - 2015/12/24 9:33:51 ET
Table 'Alzir' 2-max Seat #1 is the button
Seat 1: liza3008 ($156.43 in chips)
Seat 2: oftalmolog ($159.83 in chips)
liza3008: posts small blind $1
oftalmolog: posts big blind $3
*** HOLE CARDS ***
liza3008: raises $3 to $6
oftalmolog: folds
Uncalled bet ($3) returned to liza3008
liza3008 collected $6 from pot
liza3008: doesn't show hand
*** SUMMARY ***
Total pot $6 | Rake $0
Seat 1: liza3008 (button) (small blind) collected ($6)
Seat 2: oftalmolog (big blind) folded before Flop


PokerStars Hand #145845702588:  Hold'em Limit ($3/$6 USD) - 2015/12/24 9:33:43 ET
Table 'Alzir' 2-max Seat #2 is the button
Seat 1: liza3008 ($150.67 in chips)
Seat 2: oftalmolog ($165.83 in chips)
oftalmolog: posts small blind $1
liza3008: posts big blind $3
*** HOLE CARDS ***
oftalmolog: raises $3 to $6
liza3008: calls $3
*** FLOP *** [7c 8h Qh]
liza3008: bets $3
oftalmolog: folds
Uncalled bet ($3) returned to liza3008
liza3008 collected $11.76 from pot
liza3008: doesn't show hand
*** SUMMARY ***
Total pot $12 | Rake $0.24
Board [7c 8h Qh]
Seat 1: liza3008 (big blind) collected ($11.76)
Seat 2: oftalmolog (button) (small blind) folded on the Flop


PokerStars Hand #145845770707:  Hold'em Limit ($3/$6 USD) - 2015/12/24 9:35:18 ET
Table 'Alzir' 2-max Seat #2 is the button
Seat 1: liza3008 ($160.43 in chips)
Seat 2: oftalmolog ($153.61 in chips)
oftalmolog: posts small blind $1
liza3008: posts big blind $3
*** HOLE CARDS ***
oftalmolog: raises $3 to $6
liza3008: calls $3
*** FLOP *** [8s Ad Js]
liza3008: checks
oftalmolog: bets $3
liza3008: calls $3
*** TURN *** [8s Ad Js] [4h]
liza3008: checks
oftalmolog: bets $6
liza3008: raises $6 to $12
oftalmolog: folds
Uncalled bet ($6) returned to liza3008
liza3008 collected $29.50 from pot
liza3008: doesn't show hand
*** SUMMARY ***
Total pot $30 | Rake $0.50
Board [8s Ad Js 4h]
Seat 1: liza3008 (big blind) collected ($29.50)
Seat 2: oftalmolog (button) (small blind) folded on the Turn


PokerStars Hand #145845762423:  Hold'em Limit ($3/$6 USD) - 2015/12/24 9:35:06 ET
Table 'Alzir' 2-max Seat #1 is the button
Seat 1: liza3008 ($172.43 in chips)
Seat 2: oftalmolog ($142.09 in chips)
liza3008: posts small blind $1
oftalmolog: posts big blind $3
*** HOLE CARDS ***
liza3008: raises $3 to $6
oftalmolog: raises $3 to $9
liza3008: calls $3
*** FLOP *** [3h Qd 8h]
oftalmolog: bets $3
liza3008: calls $3
*** TURN *** [3h Qd 8h] [Kc]
oftalmolog: bets $6
liza3008: folds
Uncalled bet ($6) returned to oftalmolog
oftalmolog collected $23.52 from pot
oftalmolog: doesn't show hand
*** SUMMARY ***
Total pot $24 | Rake $0.48
Board [3h Qd 8h Kc]
Seat 1: liza3008 (button) (small blind) folded on the Turn
Seat 2: oftalmolog (big blind) collected ($23.52)


PokerStars Hand #145845751845:  Hold'em Limit ($3/$6 USD) - 2015/12/24 9:34:51 ET
Table 'Alzir' 2-max Seat #2 is the button
Seat 1: liza3008 ($151.93 in chips)
Seat 2: oftalmolog ($163.09 in chips)
oftalmolog: posts small blind $1
liza3008: posts big blind $3
*** HOLE CARDS ***
oftalmolog: raises $3 to $6
liza3008: calls $3
*** FLOP *** [2d 3h 5s]
liza3008: bets $3
oftalmolog: calls $3
*** TURN *** [2d 3h 5s] [3d]
liza3008: bets $6
oftalmolog: calls $6
*** RIVER *** [2d 3h 5s 3d] [Kc]
liza3008: bets $6
oftalmolog: calls $6
*** SHOW DOWN ***
liza3008: shows [8s 5c] (two pair, Fives and Threes)
oftalmolog: mucks hand
liza3008 collected $41.50 from pot
*** SUMMARY ***
Total pot $42 | Rake $0.50
Board [2d 3h 5s 3d Kc]
Seat 1: liza3008 (big blind) showed [8s 5c] and won ($41.50) with two pair, Fives and Threes
Seat 2: oftalmolog (button) (small blind) mucked


PokerStars Hand #145845744129:  Hold'em Limit ($3/$6 USD) - 2015/12/24 9:34:41 ET
Table 'Alzir' 2-max Seat #1 is the button
Seat 1: liza3008 ($157.93 in chips)
Seat 2: oftalmolog ($157.33 in chips)
liza3008: posts small blind $1
oftalmolog: posts big blind $3
*** HOLE CARDS ***
liza3008: raises $3 to $6
oftalmolog: calls $3
*** FLOP *** [Kd 5d Ac]
oftalmolog: checks
liza3008: checks
*** TURN *** [Kd 5d Ac] [8c]
oftalmolog: bets $6
liza3008: folds
Uncalled bet ($6) returned to oftalmolog
oftalmolog collected $11.76 from pot
oftalmolog: doesn't show hand
*** SUMMARY ***
Total pot $12 | Rake $0.24
Board [Kd 5d Ac 8c]
Seat 1: liza3008 (button) (small blind) folded on the Turn
Seat 2: oftalmolog (big blind) collected ($11.76)


PokerStars Hand #145845726026:  Hold'em Limit ($3/$6 USD) - 2015/12/24 9:34:15 ET
Table 'Alzir' 2-max Seat #2 is the button
Seat 1: liza3008 ($172.93 in chips)
Seat 2: oftalmolog ($142.83 in chips)
oftalmolog: posts small blind $1
liza3008: posts big blind $3
*** HOLE CARDS ***
oftalmolog: raises $3 to $6
liza3008: calls $3
*** FLOP *** [Jc Js Ah]
liza3008: checks
oftalmolog: bets $3
liza3008: calls $3
*** TURN *** [Jc Js Ah] [Qh]
liza3008: checks
oftalmolog: checks
*** RIVER *** [Jc Js Ah Qh] [3d]
liza3008: bets $6
oftalmolog: calls $6
*** SHOW DOWN ***
liza3008: shows [2s Kd] (a pair of Jacks)
oftalmolog: shows [Qd 8c] (two pair, Queens and Jacks)
oftalmolog collected $29.50 from pot
*** SUMMARY ***
Total pot $30 | Rake $0.50
Board [Jc Js Ah Qh 3d]
Seat 1: liza3008 (big blind) showed [2s Kd] and lost with a pair of Jacks
Seat 2: oftalmolog (button) (small blind) showed [Qd 8c] and won ($29.50) with two pair, Queens and Jacks


PokerStars Hand #145845806492:  Hold'em Limit ($3/$6 USD) - 2015/12/24 9:36:07 ET
Table 'Alzir' 2-max Seat #2 is the button
Seat 1: liza3008 ($174.57 in chips)
Seat 2: oftalmolog ($138.37 in chips)
oftalmolog: posts small blind $1
liza3008: posts big blind $3
*** HOLE CARDS ***
oftalmolog: raises $3 to $6
liza3008: calls $3
*** FLOP *** [4c 5c 7c]
liza3008: checks
oftalmolog: bets $3
liza3008: calls $3
*** TURN *** [4c 5c 7c] [Th]
liza3008: checks
oftalmolog: bets $6
liza3008: calls $6
*** RIVER *** [4c 5c 7c Th] [Tc]
liza3008: checks
oftalmolog: bets $6
liza3008: folds
Uncalled bet ($6) returned to oftalmolog
oftalmolog collected $29.50 from pot
oftalmolog: doesn't show hand
*** SUMMARY ***
Total pot $30 | Rake $0.50
Board [4c 5c 7c Th Tc]
Seat 1: liza3008 (big blind) folded on the River
Seat 2: oftalmolog (button) (small blind) collected ($29.50)


PokerStars Hand #145845795525:  Hold'em Limit ($3/$6 USD) - 2015/12/24 9:35:52 ET
Table 'Alzir' 2-max Seat #1 is the button
Seat 1: liza3008 ($165.93 in chips)
Seat 2: oftalmolog ($147.37 in chips)
liza3008: posts small blind $1
oftalmolog: posts big blind $3
*** HOLE CARDS ***
liza3008: raises $3 to $6
oftalmolog: calls $3
*** FLOP *** [9d Th 7c]
oftalmolog: checks
liza3008: bets $3
oftalmolog: calls $3
*** TURN *** [9d Th 7c] [9c]
oftalmolog: checks
liza3008: checks
*** RIVER *** [9d Th 7c 9c] [Jc]
oftalmolog: checks
liza3008: checks
*** SHOW DOWN ***
oftalmolog: shows [6c Kd] (a pair of Nines)
liza3008: shows [Td Ac] (two pair, Tens and Nines)
liza3008 collected $17.64 from pot
*** SUMMARY ***
Total pot $18 | Rake $0.36
Board [9d Th 7c 9c Jc]
Seat 1: liza3008 (button) (small blind) showed [Td Ac] and won ($17.64) with two pair, Tens and Nines
Seat 2: oftalmolog (big blind) showed [6c Kd] and lost with a pair of Nines


PokerStars Hand #145845791822:  Hold'em Limit ($3/$6 USD) - 2015/12/24 9:35:47 ET
Table 'Alzir' 2-max Seat #2 is the button
Seat 1: liza3008 ($168.93 in chips)
Seat 2: oftalmolog ($144.37 in chips)
oftalmolog: posts small blind $1
liza3008: posts big blind $3
*** HOLE CARDS ***
oftalmolog: raises $3 to $6
liza3008: folds
Uncalled bet ($3) returned to oftalmolog
oftalmolog collected $6 from pot
oftalmolog: doesn't show hand
*** SUMMARY ***
Total pot $6 | Rake $0
Seat 1: liza3008 (big blind) folded before Flop
Seat 2: oftalmolog (button) (small blind) collected ($6)


PokerStars Hand #145845781515:  Hold'em Limit ($3/$6 USD) - 2015/12/24 9:35:33 ET
Table 'Alzir' 2-max Seat #1 is the button
Seat 1: liza3008 ($174.93 in chips)
Seat 2: oftalmolog ($138.61 in chips)
liza3008: posts small blind $1
oftalmolog: posts big blind $3
*** HOLE CARDS ***
liza3008: raises $3 to $6
oftalmolog: calls $3
*** FLOP *** [Jh Kd Ks]
oftalmolog: checks
liza3008: checks
*** TURN *** [Jh Kd Ks] [7d]
oftalmolog: checks
liza3008: checks
*** RIVER *** [Jh Kd Ks 7d] [8c]
oftalmolog: checks
liza3008: checks
*** SHOW DOWN ***
oftalmolog: shows [Ah 3d] (a pair of Kings)
liza3008: mucks hand
oftalmolog collected $11.76 from pot
*** SUMMARY ***
Total pot $12 | Rake $0.24
Board [Jh Kd Ks 7d 8c]
Seat 1: liza3008 (button) (small blind) mucked
Seat 2: oftalmolog (big blind) showed [Ah 3d] and won ($11.76) with a pair of Kings


PokerStars Hand #145845861792:  Hold'em Limit ($3/$6 USD) - 2015/12/24 9:37:23 ET
Table 'Alzir' 2-max Seat #1 is the button
Seat 1: liza3008 ($179.83 in chips)
Seat 2: oftalmolog ($131.87 in chips)
liza3008: posts small blind $1
oftalmolog: posts big blind $3
*** HOLE CARDS ***
liza3008: raises $3 to $6
oftalmolog: calls $3
*** FLOP *** [4s Ad 6h]
oftalmolog: checks
liza3008: checks
*** TURN *** [4s Ad 6h] [3h]
oftalmolog: bets $6
liza3008: folds
Uncalled bet ($6) returned to oftalmolog
oftalmolog collected $11.76 from pot
oftalmolog: doesn't show hand
*** SUMMARY ***
Total pot $12 | Rake $0.24
Board [4s Ad 6h 3h]
Seat 1: liza3008 (button) (small blind) folded on the Turn
Seat 2: oftalmolog (big blind) collected ($11.76)


PokerStars Hand #145845857830:  Hold'em Limit ($3/$6 USD) - 2015/12/24 9:37:18 ET
Table 'Alzir' 2-max Seat #2 is the button
Seat 1: liza3008 ($182.83 in chips)
Seat 2: oftalmolog ($128.87 in chips)
oftalmolog: posts small blind $1
liza3008: posts big blind $3
*** HOLE CARDS ***
oftalmolog: raises $3 to $6
liza3008: folds
Uncalled bet ($3) returned to oftalmolog
oftalmolog collected $6 from pot
oftalmolog: doesn't show hand
*** SUMMARY ***
Total pot $6 | Rake $0
Seat 1: liza3008 (big blind) folded before Flop
Seat 2: oftalmolog (button) (small blind) collected ($6)


PokerStars Hand #145845853970:  Hold'em Limit ($3/$6 USD) - 2015/12/24 9:37:13 ET
Table 'Alzir' 2-max Seat #1 is the button
Seat 1: liza3008 ($179.83 in chips)
Seat 2: oftalmolog ($131.87 in chips)
liza3008: posts small blind $1
oftalmolog: posts big blind $3
*** HOLE CARDS ***
liza3008: raises $3 to $6
oftalmolog: folds
Uncalled bet ($3) returned to liza3008
liza3008 collected $6 from pot
liza3008: doesn't show hand
*** SUMMARY ***
Total pot $6 | Rake $0
Seat 1: liza3008 (button) (small blind) collected ($6)
Seat 2: oftalmolog (big blind) folded before Flop


PokerStars Hand #145845836951:  Hold'em Limit ($3/$6 USD) - 2015/12/24 9:36:49 ET
Table 'Alzir' 2-max Seat #2 is the button
Seat 1: liza3008 ($165.33 in chips)
Seat 2: oftalmolog ($146.87 in chips)
oftalmolog: posts small blind $1
liza3008: posts big blind $3
*** HOLE CARDS ***
oftalmolog: raises $3 to $6
liza3008: calls $3
*** FLOP *** [8s 8c 5d]
liza3008: checks
oftalmolog: bets $3
liza3008: calls $3
*** TURN *** [8s 8c 5d] [2c]
liza3008: checks
oftalmolog: bets $6
liza3008: calls $6
*** RIVER *** [8s 8c 5d 2c] [Kh]
liza3008: bets $6
oftalmolog: folds
Uncalled bet ($6) returned to liza3008
liza3008 collected $29.50 from pot
liza3008: doesn't show hand
*** SUMMARY ***
Total pot $30 | Rake $0.50
Board [8s 8c 5d 2c Kh]
Seat 1: liza3008 (big blind) collected ($29.50)
Seat 2: oftalmolog (button) (small blind) folded on the River


PokerStars Hand #145845822128:  Hold'em Limit ($3/$6 USD) - 2015/12/24 9:36:29 ET
Table 'Alzir' 2-max Seat #1 is the button
Seat 1: liza3008 ($159.57 in chips)
Seat 2: oftalmolog ($152.87 in chips)
liza3008: posts small blind $1
oftalmolog: posts big blind $3
*** HOLE CARDS ***
liza3008: raises $3 to $6
oftalmolog: calls $3
*** FLOP *** [9c 4c Ts]
oftalmolog: checks
liza3008: bets $3
oftalmolog: folds
Uncalled bet ($3) returned to liza3008
liza3008 collected $11.76 from pot
liza3008: doesn't show hand
*** SUMMARY ***
Total pot $12 | Rake $0.24
Board [9c 4c Ts]
Seat 1: liza3008 (button) (small blind) collected ($11.76)
Seat 2: oftalmolog (big blind) folded on the Flop


PokerStars Hand #145845908718:  Hold'em Limit ($3/$6 USD) - 2015/12/24 9:38:28 ET
Table 'Alzir' 2-max Seat #2 is the button
Seat 1: liza3008 ($181.97 in chips)
Seat 2: oftalmolog ($128.03 in chips)
oftalmolog: posts small blind $1
liza3008: posts big blind $3
*** HOLE CARDS ***
oftalmolog: raises $3 to $6
liza3008: folds
Uncalled bet ($3) returned to oftalmolog
oftalmolog collected $6 from pot
oftalmolog: doesn't show hand
*** SUMMARY ***
Total pot $6 | Rake $0
Seat 1: liza3008 (big blind) folded before Flop
Seat 2: oftalmolog (button) (small blind) collected ($6)


PokerStars Hand #145845899185:  Hold'em Limit ($3/$6 USD) - 2015/12/24 9:38:15 ET
Table 'Alzir' 2-max Seat #1 is the button
Seat 1: liza3008 ($187.97 in chips)
Seat 2: oftalmolog ($122.27 in chips)
liza3008: posts small blind $1
oftalmolog: posts big blind $3
*** HOLE CARDS ***
liza3008: raises $3 to $6
oftalmolog: calls $3
*** FLOP *** [6c As Th]
oftalmolog: checks
liza3008: checks
*** TURN *** [6c As Th] [Td]
oftalmolog: bets $6
liza3008: folds
Uncalled bet ($6) returned to oftalmolog
oftalmolog collected $11.76 from pot
oftalmolog: doesn't show hand
*** SUMMARY ***
Total pot $12 | Rake $0.24
Board [6c As Th Td]
Seat 1: liza3008 (button) (small blind) folded on the Turn
Seat 2: oftalmolog (big blind) collected ($11.76)


PokerStars Hand #145845887193:  Hold'em Limit ($3/$6 USD) - 2015/12/24 9:37:59 ET
Table 'Alzir' 2-max Seat #2 is the button
Seat 1: liza3008 ($173.47 in chips)
Seat 2: oftalmolog ($137.27 in chips)
oftalmolog: posts small blind $1
liza3008: posts big blind $3
*** HOLE CARDS ***
oftalmolog: raises $3 to $6
liza3008: calls $3
*** FLOP *** [9c 7s 6h]
liza3008: checks
oftalmolog: bets $3
liza3008: calls $3
*** TURN *** [9c 7s 6h] [5d]
liza3008: checks
oftalmolog: checks
*** RIVER *** [9c 7s 6h 5d] [Tc]
liza3008: bets $6
oftalmolog: calls $6
*** SHOW DOWN ***
liza3008: shows [Td Kd] (a pair of Tens)
oftalmolog: mucks hand
liza3008 collected $29.50 from pot
*** SUMMARY ***
Total pot $30 | Rake $0.50
Board [9c 7s 6h 5d Tc]
Seat 1: liza3008 (big blind) showed [Td Kd] and won ($29.50) with a pair of Tens
Seat 2: oftalmolog (button) (small blind) mucked


PokerStars Hand #145845880272:  Hold'em Limit ($3/$6 USD) - 2015/12/24 9:37:49 ET
Table 'Alzir' 2-max Seat #1 is the button
Seat 1: liza3008 ($182.47 in chips)
Seat 2: oftalmolog ($128.63 in chips)
liza3008: posts small blind $1
oftalmolog: posts big blind $3
*** HOLE CARDS ***
liza3008: raises $3 to $6
oftalmolog: raises $3 to $9
liza3008: calls $3
*** FLOP *** [6c 9d Th]
oftalmolog: bets $3
liza3008: folds
Uncalled bet ($3) returned to oftalmolog
oftalmolog collected $17.64 from pot
oftalmolog: doesn't show hand
*** SUMMARY ***
Total pot $18 | Rake $0.36
Board [6c 9d Th]
Seat 1: liza3008 (button) (small blind) folded on the Flop
Seat 2: oftalmolog (big blind) collected ($17.64)


PokerStars Hand #145845869198:  Hold'em Limit ($3/$6 USD) - 2015/12/24 9:37:34 ET
Table 'Alzir' 2-max Seat #2 is the button
Seat 1: liza3008 ($173.83 in chips)
Seat 2: oftalmolog ($137.63 in chips)
oftalmolog: posts small blind $1
liza3008: posts big blind $3
*** HOLE CARDS ***
oftalmolog: raises $3 to $6
liza3008: calls $3
*** FLOP *** [9c 2h Ah]
liza3008: checks
oftalmolog: bets $3
liza3008: calls $3
*** TURN *** [9c 2h Ah] [6c]
liza3008: checks
oftalmolog: checks
*** RIVER *** [9c 2h Ah 6c] [5c]
liza3008: bets $6
oftalmolog: folds
Uncalled bet ($6) returned to liza3008
liza3008 collected $17.64 from pot
liza3008: doesn't show hand
*** SUMMARY ***
Total pot $18 | Rake $0.36
Board [9c 2h Ah 6c 5c]
Seat 1: liza3008 (big blind) collected ($17.64)
Seat 2: oftalmolog (button) (small blind) folded on the River


