PokerStars Hand #168824058444:  Hold'em Limit ($3/$6 USD) - 2017/04/09 20:36:10 ET
Table 'Amalasuntha' 6-max Seat #1 is the button
Seat 1: RaisemyNut$ ($212.36 in chips)
Seat 5: Brama Br ($120 in chips)
RaisemyNut$: posts small blind $1
Brama Br: posts big blind $3
*** HOLE CARDS ***
RaisemyNut$: raises $3 to $6
Brama Br: raises $3 to $9
RaisemyNut$: raises $3 to $12
Betting is capped
Brama Br: calls $3
*** FLOP *** [2h Td Kd]
Brama Br: checks
RaisemyNut$: bets $3
Brama Br: raises $3 to $6
RaisemyNut$: calls $3
*** TURN *** [2h Td Kd] [Ts]
Brama Br: bets $6
RaisemyNut$: calls $6
*** RIVER *** [2h Td Kd Ts] [7h]
Brama Br: bets $6
RaisemyNut$: calls $6
*** SHOW DOWN ***
Brama Br: shows [Ac Jd] (a pair of Tens)
RaisemyNut$: shows [9s 9c] (two pair, Tens and Nines)
RaisemyNut$ collected $59.50 from pot
*** SUMMARY ***
Total pot $60 | Rake $0.50
Board [2h Td Kd Ts 7h]
Seat 1: RaisemyNut$ (button) (small blind) showed [9s 9c] and won ($59.50) with two pair, Tens and Nines
Seat 5: Brama Br (big blind) showed [Ac Jd] and lost with a pair of Tens


PokerStars Hand #168824077055:  Hold'em Limit ($3/$6 USD) - 2017/04/09 20:36:50 ET
Table 'Amalasuntha' 6-max Seat #5 is the button
Seat 1: RaisemyNut$ ($241.86 in chips)
Seat 5: Brama Br ($90 in chips)
Brama Br: posts small blind $1
RaisemyNut$: posts big blind $3
*** HOLE CARDS ***
Brama Br: raises $3 to $6
RaisemyNut$: calls $3
*** FLOP *** [3d Jc Ac]
RaisemyNut$: checks
Brama Br: bets $3
RaisemyNut$: folds
Uncalled bet ($3) returned to Brama Br
Brama Br collected $11.76 from pot
*** SUMMARY ***
Total pot $12 | Rake $0.24
Board [3d Jc Ac]
Seat 1: RaisemyNut$ (big blind) folded on the Flop
Seat 5: Brama Br (button) (small blind) collected ($11.76)


PokerStars Hand #168824118746:  Hold'em Limit ($3/$6 USD) - 2017/04/09 20:38:17 ET
Table 'Amalasuntha' 6-max Seat #1 is the button
Seat 1: RaisemyNut$ ($229.61 in chips)
Seat 5: Brama Br ($372.80 in chips)
RaisemyNut$: posts small blind $1
Brama Br: posts big blind $3
*** HOLE CARDS ***
RaisemyNut$: raises $3 to $6
Brama Br: folds
Uncalled bet ($3) returned to RaisemyNut$
RaisemyNut$ collected $6 from pot
RaisemyNut$: doesn't show hand
*** SUMMARY ***
Total pot $6 | Rake $0
Seat 1: RaisemyNut$ (button) (small blind) collected ($6)
Seat 5: Brama Br (big blind) folded before Flop


PokerStars Hand #168824087300:  Hold'em Limit ($3/$6 USD) - 2017/04/09 20:37:12 ET
Table 'Amalasuntha' 6-max Seat #1 is the button
Seat 1: RaisemyNut$ ($235.86 in chips)
Seat 5: Brama Br ($367.29 in chips)
RaisemyNut$: posts small blind $1
Brama Br: posts big blind $3
*** HOLE CARDS ***
RaisemyNut$: raises $3 to $6
Brama Br: calls $3
*** FLOP *** [Ks 7h Td]
Brama Br: checks
RaisemyNut$: bets $3
Brama Br: raises $3 to $6
RaisemyNut$: calls $3
*** TURN *** [Ks 7h Td] [Ah]
Brama Br: checks
RaisemyNut$: bets $6
Brama Br: calls $6
*** RIVER *** [Ks 7h Td Ah] [8h]
Brama Br: checks
RaisemyNut$: bets $6
Brama Br: calls $6
*** SHOW DOWN ***
RaisemyNut$: shows [4c Kd] (a pair of Kings)
Brama Br: shows [Kc 4d] (a pair of Kings)
Brama Br collected $23.75 from pot
RaisemyNut$ collected $23.75 from pot
*** SUMMARY ***
Total pot $48 | Rake $0.50
Board [Ks 7h Td Ah 8h]
Seat 1: RaisemyNut$ (button) (small blind) showed [4c Kd] and won ($23.75) with a pair of Kings
Seat 5: Brama Br (big blind) showed [Kc 4d] and won ($23.75) with a pair of Kings


PokerStars Hand #168824111720:  Hold'em Limit ($3/$6 USD) - 2017/04/09 20:38:02 ET
Table 'Amalasuntha' 6-max Seat #5 is the button
Seat 1: RaisemyNut$ ($235.61 in chips)
Seat 5: Brama Br ($367.04 in chips)
Brama Br: posts small blind $1
RaisemyNut$: posts big blind $3
*** HOLE CARDS ***
Brama Br: raises $3 to $6
RaisemyNut$: calls $3
*** FLOP *** [Ts Qh 8s]
RaisemyNut$: checks
Brama Br: bets $3
RaisemyNut$: folds
Uncalled bet ($3) returned to Brama Br
Brama Br collected $11.76 from pot
*** SUMMARY ***
Total pot $12 | Rake $0.24
Board [Ts Qh 8s]
Seat 1: RaisemyNut$ (big blind) folded on the Flop
Seat 5: Brama Br (button) (small blind) collected ($11.76)


PokerStars Hand #168824155802:  Hold'em Limit ($3/$6 USD) - 2017/04/09 20:39:35 ET
Table 'Amalasuntha' 6-max Seat #1 is the button
Seat 1: RaisemyNut$ ($229.25 in chips)
Seat 5: Brama Br ($372.44 in chips)
RaisemyNut$: posts small blind $1
Brama Br: posts big blind $3
*** HOLE CARDS ***
RaisemyNut$: raises $3 to $6
Brama Br: folds
Uncalled bet ($3) returned to RaisemyNut$
RaisemyNut$ collected $6 from pot
RaisemyNut$: doesn't show hand
*** SUMMARY ***
Total pot $6 | Rake $0
Seat 1: RaisemyNut$ (button) (small blind) collected ($6)
Seat 5: Brama Br (big blind) folded before Flop


PokerStars Hand #168824149629:  Hold'em Limit ($3/$6 USD) - 2017/04/09 20:39:22 ET
Table 'Amalasuntha' 6-max Seat #5 is the button
Seat 1: RaisemyNut$ ($232.25 in chips)
Seat 5: Brama Br ($369.44 in chips)
Brama Br: posts small blind $1
RaisemyNut$: posts big blind $3
*** HOLE CARDS ***
Brama Br: raises $3 to $6
RaisemyNut$: folds
Uncalled bet ($3) returned to Brama Br
Brama Br collected $6 from pot
*** SUMMARY ***
Total pot $6 | Rake $0
Seat 1: RaisemyNut$ (big blind) folded before Flop
Seat 5: Brama Br (button) (small blind) collected ($6)


PokerStars Hand #168824140302:  Hold'em Limit ($3/$6 USD) - 2017/04/09 20:39:03 ET
Table 'Amalasuntha' 6-max Seat #1 is the button
Seat 1: RaisemyNut$ ($241.25 in chips)
Seat 5: Brama Br ($360.80 in chips)
RaisemyNut$: posts small blind $1
Brama Br: posts big blind $3
*** HOLE CARDS ***
RaisemyNut$: raises $3 to $6
Brama Br: raises $3 to $9
RaisemyNut$: calls $3
*** FLOP *** [7c 7d Kh]
Brama Br: bets $3
RaisemyNut$: folds
Uncalled bet ($3) returned to Brama Br
Brama Br collected $17.64 from pot
Brama Br: doesn't show hand
*** SUMMARY ***
Total pot $18 | Rake $0.36
Board [7c 7d Kh]
Seat 1: RaisemyNut$ (button) (small blind) folded on the Flop
Seat 5: Brama Br (big blind) collected ($17.64)


PokerStars Hand #168824122268:  Hold'em Limit ($3/$6 USD) - 2017/04/09 20:38:24 ET
Table 'Amalasuntha' 6-max Seat #5 is the button
Seat 1: RaisemyNut$ ($232.61 in chips)
Seat 5: Brama Br ($369.80 in chips)
Brama Br: posts small blind $1
RaisemyNut$: posts big blind $3
*** HOLE CARDS ***
Brama Br: raises $3 to $6
RaisemyNut$: calls $3
*** FLOP *** [6s Qd Qs]
RaisemyNut$: checks
Brama Br: bets $3
RaisemyNut$: calls $3
*** TURN *** [6s Qd Qs] [3d]
RaisemyNut$: checks
Brama Br: checks
*** RIVER *** [6s Qd Qs 3d] [3s]
RaisemyNut$: bets $6
Brama Br: folds
Uncalled bet ($6) returned to RaisemyNut$
RaisemyNut$ collected $17.64 from pot
RaisemyNut$: doesn't show hand
*** SUMMARY ***
Total pot $18 | Rake $0.36
Board [6s Qd Qs 3d 3s]
Seat 1: RaisemyNut$ (big blind) collected ($17.64)
Seat 5: Brama Br (button) (small blind) folded on the River


PokerStars Hand #168824166709:  Hold'em Limit ($3/$6 USD) - 2017/04/09 20:39:58 ET
Table 'Amalasuntha' 6-max Seat #1 is the button
Seat 1: RaisemyNut$ ($233.25 in chips)
Seat 5: Brama Br ($368.44 in chips)
RaisemyNut$: posts small blind $1
Brama Br: posts big blind $3
*** HOLE CARDS ***
RaisemyNut$: raises $3 to $6
Brama Br: calls $3
*** FLOP *** [Kd Kc 6s]
Brama Br: checks
RaisemyNut$: bets $3
Brama Br: calls $3
*** TURN *** [Kd Kc 6s] [2h]
Brama Br: checks
RaisemyNut$: bets $6
Brama Br: calls $6
*** RIVER *** [Kd Kc 6s 2h] [8s]
Brama Br: checks
RaisemyNut$: checks
*** SHOW DOWN ***
Brama Br: shows [Ks 9d] (three of a kind, Kings)
RaisemyNut$: mucks hand
Brama Br collected $29.50 from pot
*** SUMMARY ***
Total pot $30 | Rake $0.50
Board [Kd Kc 6s 2h 8s]
Seat 1: RaisemyNut$ (button) (small blind) mucked
Seat 5: Brama Br (big blind) showed [Ks 9d] and won ($29.50) with three of a kind, Kings


PokerStars Hand #168824160186:  Hold'em Limit ($3/$6 USD) - 2017/04/09 20:39:44 ET
Table 'Amalasuntha' 6-max Seat #5 is the button
Seat 1: RaisemyNut$ ($232.25 in chips)
Seat 5: Brama Br ($369.44 in chips)
Brama Br: posts small blind $1
RaisemyNut$: posts big blind $3
*** HOLE CARDS ***
Brama Br: folds
Uncalled bet ($2) returned to RaisemyNut$
RaisemyNut$ collected $2 from pot
RaisemyNut$: doesn't show hand
*** SUMMARY ***
Total pot $2 | Rake $0
Seat 1: RaisemyNut$ (big blind) collected ($2)
Seat 5: Brama Br (button) (small blind) folded before Flop


PokerStars Hand #168824228718:  Hold'em Limit ($3/$6 USD) - 2017/04/09 20:42:14 ET
Table 'Amalasuntha' 6-max Seat #1 is the button
Seat 1: RaisemyNut$ ($241.75 in chips)
Seat 5: Brama Br ($358.94 in chips)
RaisemyNut$: posts small blind $1
Brama Br: posts big blind $3
*** HOLE CARDS ***
RaisemyNut$: raises $3 to $6
Brama Br: raises $3 to $9
RaisemyNut$: calls $3
*** FLOP *** [Ad 3c 4d]
Brama Br: bets $3
RaisemyNut$: calls $3
*** TURN *** [Ad 3c 4d] [Jd]
Brama Br: bets $6
RaisemyNut$: raises $6 to $12
Brama Br: calls $6
*** RIVER *** [Ad 3c 4d Jd] [9c]
Brama Br: checks
RaisemyNut$: bets $6
Brama Br: calls $6
*** SHOW DOWN ***
RaisemyNut$: shows [6d 9d] (a flush, Ace high)
Brama Br: mucks hand
RaisemyNut$ collected $59.50 from pot
*** SUMMARY ***
Total pot $60 | Rake $0.50
Board [Ad 3c 4d Jd 9c]
Seat 1: RaisemyNut$ (button) (small blind) showed [6d 9d] and won ($59.50) with a flush, Ace high
Seat 5: Brama Br (big blind) mucked


PokerStars Hand #168824188911:  Hold'em Limit ($3/$6 USD) - 2017/04/09 20:40:45 ET
Table 'Amalasuntha' 6-max Seat #5 is the button
Seat 1: RaisemyNut$ ($218.25 in chips)
Seat 5: Brama Br ($382.94 in chips)
Brama Br: posts small blind $1
RaisemyNut$: posts big blind $3
*** HOLE CARDS ***
Brama Br: raises $3 to $6
RaisemyNut$: calls $3
*** FLOP *** [5d Jd Th]
RaisemyNut$: checks
Brama Br: bets $3
RaisemyNut$: raises $3 to $6
Brama Br: calls $3
*** TURN *** [5d Jd Th] [3h]
RaisemyNut$: bets $6
Brama Br: calls $6
*** RIVER *** [5d Jd Th 3h] [Js]
RaisemyNut$: bets $6
Brama Br: calls $6
*** SHOW DOWN ***
RaisemyNut$: shows [3d Jh] (a full house, Jacks full of Threes)
Brama Br: mucks hand
RaisemyNut$ collected $47.50 from pot
*** SUMMARY ***
Total pot $48 | Rake $0.50
Board [5d Jd Th 3h Js]
Seat 1: RaisemyNut$ (big blind) showed [3d Jh] and won ($47.50) with a full house, Jacks full of Threes
Seat 5: Brama Br (button) (small blind) mucked


PokerStars Hand #168824250045:  Hold'em Limit ($3/$6 USD) - 2017/04/09 20:43:01 ET
Table 'Amalasuntha' 6-max Seat #5 is the button
Seat 1: RaisemyNut$ ($271.25 in chips)
Seat 5: Brama Br ($328.94 in chips)
Brama Br: posts small blind $1
RaisemyNut$: posts big blind $3
*** HOLE CARDS ***
Brama Br: raises $3 to $6
RaisemyNut$: calls $3
*** FLOP *** [7c Jh 6d]
RaisemyNut$: checks
Brama Br: checks
*** TURN *** [7c Jh 6d] [6c]
RaisemyNut$: bets $6
Brama Br: raises $6 to $12
RaisemyNut$: folds
Uncalled bet ($6) returned to Brama Br
Brama Br collected $23.52 from pot
Brama Br: doesn't show hand
*** SUMMARY ***
Total pot $24 | Rake $0.48
Board [7c Jh 6d 6c]
Seat 1: RaisemyNut$ (big blind) folded on the Turn
Seat 5: Brama Br (button) (small blind) collected ($23.52)


PokerStars Hand #168824247478:  Hold'em Limit ($3/$6 USD) - 2017/04/09 20:42:55 ET
Table 'Amalasuntha' 6-max Seat #1 is the button
Seat 1: RaisemyNut$ ($272.25 in chips)
Seat 5: Brama Br ($327.94 in chips)
RaisemyNut$: posts small blind $1
Brama Br: posts big blind $3
*** HOLE CARDS ***
RaisemyNut$: folds
Uncalled bet ($2) returned to Brama Br
Jeelsy joins the table at seat #2
Brama Br collected $2 from pot
Brama Br: doesn't show hand
*** SUMMARY ***
Total pot $2 | Rake $0
Seat 1: RaisemyNut$ (button) (small blind) folded before Flop
Seat 5: Brama Br (big blind) collected ($2)


PokerStars Hand #168824242848:  Hold'em Limit ($3/$6 USD) - 2017/04/09 20:42:45 ET
Table 'Amalasuntha' 6-max Seat #5 is the button
Seat 1: RaisemyNut$ ($271.25 in chips)
Seat 5: Brama Br ($328.94 in chips)
Brama Br: posts small blind $1
RaisemyNut$: posts big blind $3
*** HOLE CARDS ***
Brama Br said, "doente"
Brama Br: folds
Uncalled bet ($2) returned to RaisemyNut$
RaisemyNut$ collected $2 from pot
RaisemyNut$: doesn't show hand
*** SUMMARY ***
Total pot $2 | Rake $0
Seat 1: RaisemyNut$ (big blind) collected ($2)
Seat 5: Brama Br (button) (small blind) folded before Flop


PokerStars Hand #168824475026:  Hold'em Limit ($3/$6 USD) - 2017/04/09 20:50:55 ET
Table 'Amalasuntha' 6-max Seat #3 is the button
Seat 1: RaisemyNut$ ($309.28 in chips)
Seat 3: Great_Kang ($138.74 in chips)
Great_Kang: posts small blind $1
RaisemyNut$: posts big blind $3
*** HOLE CARDS ***
Great_Kang: raises $3 to $6
RaisemyNut$: raises $3 to $9
Great_Kang: calls $3
*** FLOP *** [6s 8c 9h]
RaisemyNut$: bets $3
Great_Kang: calls $3
*** TURN *** [6s 8c 9h] [Qs]
RaisemyNut$: bets $6
Great_Kang: calls $6
*** RIVER *** [6s 8c 9h Qs] [6h]
RaisemyNut$: checks
Great_Kang: bets $6
RaisemyNut$: folds
Uncalled bet ($6) returned to Great_Kang
Great_Kang collected $35.50 from pot
Great_Kang: doesn't show hand
*** SUMMARY ***
Total pot $36 | Rake $0.50
Board [6s 8c 9h Qs 6h]
Seat 1: RaisemyNut$ (big blind) folded on the River
Seat 3: Great_Kang (button) (small blind) collected ($35.50)


PokerStars Hand #168825000418:  Hold'em Limit ($3/$6 USD) - 2017/04/09 21:11:13 ET
Table 'Amalasuntha' 6-max Seat #1 is the button
Seat 1: RaisemyNut$ ($291.28 in chips)
Seat 3: Tormenter85 ($57.73 in chips)
RaisemyNut$: posts small blind $1
Tormenter85: posts big blind $3
*** HOLE CARDS ***
RaisemyNut$: raises $3 to $6
Tormenter85: calls $3
*** FLOP *** [5s 9s 4s]
Tormenter85: checks
RaisemyNut$: bets $3
Tormenter85: calls $3
*** TURN *** [5s 9s 4s] [As]
Tormenter85: checks
RaisemyNut$: bets $6
Tormenter85: folds
Uncalled bet ($6) returned to RaisemyNut$
RaisemyNut$ collected $17.64 from pot
RaisemyNut$: doesn't show hand
*** SUMMARY ***
Total pot $18 | Rake $0.36
Board [5s 9s 4s As]
Seat 1: RaisemyNut$ (button) (small blind) collected ($17.64)
Seat 3: Tormenter85 (big blind) folded on the Turn


PokerStars Hand #168825050275:  Hold'em Limit ($3/$6 USD) - 2017/04/09 21:13:05 ET
Table 'Amalasuntha' 6-max Seat #3 is the button
Seat 1: RaisemyNut$ ($260.92 in chips)
Seat 3: Tormenter85 ($86.73 in chips)
Tormenter85: posts small blind $1
Zubasa07 joins the table at seat #4
RaisemyNut$: posts big blind $3
*** HOLE CARDS ***
Tormenter85: raises $3 to $6
RaisemyNut$: folds
Uncalled bet ($3) returned to Tormenter85
Tormenter85 collected $6 from pot
*** SUMMARY ***
Total pot $6 | Rake $0
Seat 1: RaisemyNut$ (big blind) folded before Flop
Seat 3: Tormenter85 (button) (small blind) collected ($6)


PokerStars Hand #168825039725:  Hold'em Limit ($3/$6 USD) - 2017/04/09 21:12:41 ET
Table 'Amalasuntha' 6-max Seat #1 is the button
Seat 1: RaisemyNut$ ($275.92 in chips)
Seat 3: Tormenter85 ($72.23 in chips)
RaisemyNut$: posts small blind $1
Tormenter85: posts big blind $3
*** HOLE CARDS ***
RaisemyNut$: raises $3 to $6
Tormenter85: calls $3
*** FLOP *** [6c 2d 4c]
Tormenter85: checks
RaisemyNut$: bets $3
Tormenter85: calls $3
*** TURN *** [6c 2d 4c] [8h]
Tormenter85: checks
RaisemyNut$: bets $6
Tormenter85: calls $6
*** RIVER *** [6c 2d 4c 8h] [Th]
Tormenter85: checks
RaisemyNut$: checks
*** SHOW DOWN ***
Tormenter85: shows [5s Ts] (a pair of Tens)
RaisemyNut$: mucks hand
Tormenter85 collected $29.50 from pot
*** SUMMARY ***
Total pot $30 | Rake $0.50
Board [6c 2d 4c 8h Th]
Seat 1: RaisemyNut$ (button) (small blind) mucked
Seat 3: Tormenter85 (big blind) showed [5s Ts] and won ($29.50) with a pair of Tens


PokerStars Hand #168825027475:  Hold'em Limit ($3/$6 USD) - 2017/04/09 21:12:14 ET
Table 'Amalasuntha' 6-max Seat #3 is the button
Seat 1: RaisemyNut$ ($299.92 in chips)
Seat 3: Tormenter85 ($48.73 in chips)
Tormenter85: posts small blind $1
RaisemyNut$: posts big blind $3
*** HOLE CARDS ***
Tormenter85: raises $3 to $6
RaisemyNut$: calls $3
*** FLOP *** [4h 4s Jc]
RaisemyNut$: checks
Tormenter85: bets $3
RaisemyNut$: raises $3 to $6
Tormenter85: calls $3
*** TURN *** [4h 4s Jc] [4d]
RaisemyNut$: bets $6
Tormenter85: calls $6
*** RIVER *** [4h 4s Jc 4d] [Ah]
RaisemyNut$: bets $6
Tormenter85: calls $6
*** SHOW DOWN ***
RaisemyNut$: shows [Qc 2c] (three of a kind, Fours)
Tormenter85: shows [Jh 9d] (a full house, Fours full of Jacks)
Tormenter85 collected $47.50 from pot
*** SUMMARY ***
Total pot $48 | Rake $0.50
Board [4h 4s Jc 4d Ah]
Seat 1: RaisemyNut$ (big blind) showed [Qc 2c] and lost with three of a kind, Fours
Seat 3: Tormenter85 (button) (small blind) showed [Jh 9d] and won ($47.50) with a full house, Fours full of Jacks


PokerStars Hand #168825054517:  Hold'em Limit ($3/$6 USD) - 2017/04/09 21:13:14 ET
Table 'Amalasuntha' 6-max Seat #1 is the button
Seat 1: RaisemyNut$ ($257.92 in chips)
Seat 3: Tormenter85 ($89.73 in chips)
RaisemyNut$: posts small blind $1
Tormenter85: posts big blind $3
*** HOLE CARDS ***
RaisemyNut$: raises $3 to $6
Tormenter85: calls $3
*** FLOP *** [2d 7d Qs]
Tormenter85: checks
RaisemyNut$: bets $3
Tormenter85: calls $3
*** TURN *** [2d 7d Qs] [2c]
Tormenter85: checks
RaisemyNut$: bets $6
Tormenter85: calls $6
*** RIVER *** [2d 7d Qs 2c] [3c]
Tormenter85: checks
RaisemyNut$: bets $6
Tormenter85: calls $6
*** SHOW DOWN ***
RaisemyNut$: shows [2h 5h] (three of a kind, Deuces)
Tormenter85: mucks hand
RaisemyNut$ collected $41.50 from pot
*** SUMMARY ***
Total pot $42 | Rake $0.50
Board [2d 7d Qs 2c 3c]
Seat 1: RaisemyNut$ (button) (small blind) showed [2h 5h] and won ($41.50) with three of a kind, Deuces
Seat 3: Tormenter85 (big blind) mucked


PokerStars Hand #168825697892:  Hold'em Limit ($3/$6 USD) - 2017/04/09 21:37:44 ET
Table 'Amalasuntha' 6-max Seat #3 is the button
Seat 2: Donald ($60 in chips)
Seat 3: Tormenter85 ($113.20 in chips)
Tormenter85: posts small blind $1
Donald: posts big blind $3
*** HOLE CARDS ***
Tormenter85: raises $3 to $6
Donald: folds
Uncalled bet ($3) returned to Tormenter85
Tormenter85 collected $6 from pot
Tormenter85: doesn't show hand
*** SUMMARY ***
Total pot $6 | Rake $0
Seat 2: Donald (big blind) folded before Flop
Seat 3: Tormenter85 (button) (small blind) collected ($6)


PokerStars Hand #168825702151:  Hold'em Limit ($3/$6 USD) - 2017/04/09 21:37:54 ET
Table 'Amalasuntha' 6-max Seat #2 is the button
Seat 2: Donald ($57 in chips)
Seat 3: Tormenter85 ($116.20 in chips)
Donald: posts small blind $1
Tormenter85: posts big blind $3
*** HOLE CARDS ***
Donald: raises $3 to $6
Tormenter85: raises $3 to $9
Donald: calls $3
*** FLOP *** [5s Jd Ah]
Tormenter85: bets $3
Donald: calls $3
*** TURN *** [5s Jd Ah] [9s]
Tormenter85: bets $6
Donald: calls $6
*** RIVER *** [5s Jd Ah 9s] [2s]
Tormenter85: bets $6
Donald: calls $6
*** SHOW DOWN ***
Tormenter85: shows [Ac Jc] (two pair, Aces and Jacks)
Donald: mucks hand
Tormenter85 collected $47.50 from pot
*** SUMMARY ***
Total pot $48 | Rake $0.50
Board [5s Jd Ah 9s 2s]
Seat 2: Donald (button) (small blind) mucked
Seat 3: Tormenter85 (big blind) showed [Ac Jc] and won ($47.50) with two pair, Aces and Jacks


PokerStars Hand #168826083162:  Hold'em Limit ($3/$6 USD) - 2017/04/09 21:53:23 ET
Table 'Amalasuntha' 6-max Seat #3 is the button
Seat 2: Donald ($38.71 in chips)
Seat 3: Tormenter85 ($68.12 in chips)
Tormenter85: posts small blind $1
ChawkDee: is sitting out
Donald: posts big blind $3
*** HOLE CARDS ***
Tormenter85: folds
Uncalled bet ($2) returned to Donald
Donald collected $2 from pot
Donald: doesn't show hand
*** SUMMARY ***
Total pot $2 | Rake $0
Seat 2: Donald (big blind) collected ($2)
Seat 3: Tormenter85 (button) (small blind) folded before Flop


PokerStars Hand #168826085710:  Hold'em Limit ($3/$6 USD) - 2017/04/09 21:53:30 ET
Table 'Amalasuntha' 6-max Seat #2 is the button
Seat 2: Donald ($39.71 in chips)
Seat 3: Tormenter85 ($67.12 in chips)
Donald: posts small blind $1
ChawkDee leaves the table
Tormenter85: posts big blind $3
*** HOLE CARDS ***
Donald: raises $3 to $6
Tormenter85: calls $3
*** FLOP *** [3s Jh 6h]
Tormenter85: checks
Donald: bets $3
Tormenter85: calls $3
*** TURN *** [3s Jh 6h] [Ah]
Tormenter85: checks
Donald: checks
*** RIVER *** [3s Jh 6h Ah] [Kd]
Tormenter85: checks
Donald: checks
*** SHOW DOWN ***
Tormenter85: shows [5h 7d] (high card Ace)
Donald: shows [4d 9d] (high card Ace - King+Jack+Nine kicker)
Donald collected $17.64 from pot
*** SUMMARY ***
Total pot $18 | Rake $0.36
Board [3s Jh 6h Ah Kd]
Seat 2: Donald (button) (small blind) showed [4d 9d] and won ($17.64) with high card Ace
Seat 3: Tormenter85 (big blind) showed [5h 7d] and lost with high card Ace


PokerStars Hand #168826100697:  Hold'em Limit ($3/$6 USD) - 2017/04/09 21:54:08 ET
Table 'Amalasuntha' 6-max Seat #2 is the button
Seat 2: Donald ($42.35 in chips)
Seat 3: Tormenter85 ($63.88 in chips)
Donald: posts small blind $1
Tormenter85: posts big blind $3
*** HOLE CARDS ***
Donald: folds
Uncalled bet ($2) returned to Tormenter85
Tormenter85 collected $2 from pot
Tormenter85: doesn't show hand
*** SUMMARY ***
Total pot $2 | Rake $0
Seat 2: Donald (button) (small blind) folded before Flop
Seat 3: Tormenter85 (big blind) collected ($2)


PokerStars Hand #168826095564:  Hold'em Limit ($3/$6 USD) - 2017/04/09 21:53:55 ET
Table 'Amalasuntha' 6-max Seat #3 is the button
Seat 2: Donald ($48.35 in chips)
Seat 3: Tormenter85 ($58.12 in chips)
Tormenter85: posts small blind $1
Donald: posts big blind $3
*** HOLE CARDS ***
Tormenter85: raises $3 to $6
Donald: calls $3
*** FLOP *** [Ah 5d 9c]
Donald: checks
Tormenter85: bets $3
Donald: folds
Uncalled bet ($3) returned to Tormenter85
Tormenter85 collected $11.76 from pot
Tormenter85: doesn't show hand
*** SUMMARY ***
Total pot $12 | Rake $0.24
Board [Ah 5d 9c]
Seat 2: Donald (big blind) folded on the Flop
Seat 3: Tormenter85 (button) (small blind) collected ($11.76)


PokerStars Hand #168826102820:  Hold'em Limit ($3/$6 USD) - 2017/04/09 21:54:14 ET
Table 'Amalasuntha' 6-max Seat #3 is the button
Seat 2: Donald ($41.35 in chips)
Seat 3: Tormenter85 ($64.88 in chips)
Tormenter85: posts small blind $1
Donald: posts big blind $3
*** HOLE CARDS ***
Tormenter85: raises $3 to $6
Donald: calls $3
*** FLOP *** [Jc 3h 7h]
Donald: checks
ahshouta joins the table at seat #1
Tormenter85: bets $3
Donald: calls $3
*** TURN *** [Jc 3h 7h] [2h]
Donald: checks
Tormenter85: checks
*** RIVER *** [Jc 3h 7h 2h] [Kd]
Donald: bets $6
Tormenter85: folds
Uncalled bet ($6) returned to Donald
Donald collected $17.64 from pot
Donald: doesn't show hand
*** SUMMARY ***
Total pot $18 | Rake $0.36
Board [Jc 3h 7h 2h Kd]
Seat 2: Donald (big blind) collected ($17.64)
Seat 3: Tormenter85 (button) (small blind) folded on the River


PokerStars Hand #168826110807:  Hold'em Limit ($3/$6 USD) - 2017/04/09 21:54:34 ET
Table 'Amalasuntha' 6-max Seat #2 is the button
Seat 2: Donald ($49.99 in chips)
Seat 3: Tormenter85 ($55.88 in chips)
Donald: posts small blind $1
Tormenter85: posts big blind $3
*** HOLE CARDS ***
Donald: folds
Uncalled bet ($2) returned to Tormenter85
Tormenter85 collected $2 from pot
Tormenter85: doesn't show hand
*** SUMMARY ***
Total pot $2 | Rake $0
Seat 2: Donald (button) (small blind) folded before Flop
Seat 3: Tormenter85 (big blind) collected ($2)


PokerStars Hand #168826335872:  Hold'em Limit ($3/$6 USD) - 2017/04/09 22:05:17 ET
Table 'Amalasuntha' 6-max Seat #4 is the button
Seat 2: Donald ($70.49 in chips)
Seat 4: NeilDars ($214.03 in chips)
NeilDars: posts small blind $1
Donald: posts big blind $3
*** HOLE CARDS ***
NeilDars: folds
Uncalled bet ($2) returned to Donald
Donald collected $2 from pot
*** SUMMARY ***
Total pot $2 | Rake $0
Seat 2: Donald (big blind) collected ($2)
Seat 4: NeilDars (button) (small blind) folded before Flop


PokerStars Hand #168826326075:  Hold'em Limit ($3/$6 USD) - 2017/04/09 22:04:50 ET
Table 'Amalasuntha' 6-max Seat #4 is the button
Seat 2: Donald ($84.49 in chips)
Seat 4: NeilDars ($200.53 in chips)
NeilDars: posts small blind $1
Donald: posts big blind $3
*** HOLE CARDS ***
NeilDars: folds
Uncalled bet ($2) returned to Donald
Donald collected $2 from pot
Donald: doesn't show hand
*** SUMMARY ***
Total pot $2 | Rake $0
Seat 2: Donald (big blind) collected ($2)
Seat 4: NeilDars (button) (small blind) folded before Flop


PokerStars Hand #168826328147:  Hold'em Limit ($3/$6 USD) - 2017/04/09 22:04:56 ET
Table 'Amalasuntha' 6-max Seat #2 is the button
Seat 2: Donald ($85.49 in chips)
Seat 4: NeilDars ($199.53 in chips)
Donald: posts small blind $1
NeilDars: posts big blind $3
*** HOLE CARDS ***
Donald: raises $3 to $6
NeilDars: calls $3
*** FLOP *** [Jc Js 6c]
NeilDars: checks
Donald: bets $3
NeilDars: calls $3
*** TURN *** [Jc Js 6c] [Qs]
NeilDars: checks
Donald: checks
*** RIVER *** [Jc Js 6c Qs] [9d]
NeilDars: bets $6
Donald: calls $6
*** SHOW DOWN ***
NeilDars: shows [Ks Tc] (a straight, Nine to King)
Donald: mucks hand
NeilDars collected $29.50 from pot
*** SUMMARY ***
Total pot $30 | Rake $0.50
Board [Jc Js 6c Qs 9d]
Seat 2: Donald (button) (small blind) mucked
Seat 4: NeilDars (big blind) showed [Ks Tc] and won ($29.50) with a straight, Nine to King


PokerStars Hand #168826337844:  Hold'em Limit ($3/$6 USD) - 2017/04/09 22:05:22 ET
Table 'Amalasuntha' 6-max Seat #2 is the button
Seat 2: Donald ($71.49 in chips)
Seat 4: NeilDars ($213.03 in chips)
Donald: posts small blind $1
NeilDars: posts big blind $3
*** HOLE CARDS ***
Donald: raises $3 to $6
NeilDars: calls $3
*** FLOP *** [8s 5d 7d]
NeilDars: checks
Donald: bets $3
NeilDars: calls $3
*** TURN *** [8s 5d 7d] [Tc]
NeilDars: checks
Donald: bets $6
NeilDars: folds
Uncalled bet ($6) returned to Donald
Donald collected $17.64 from pot
Donald: doesn't show hand
*** SUMMARY ***
Total pot $18 | Rake $0.36
Board [8s 5d 7d Tc]
Seat 2: Donald (button) (small blind) collected ($17.64)
Seat 4: NeilDars (big blind) folded on the Turn


PokerStars Hand #168826350000:  Hold'em Limit ($3/$6 USD) - 2017/04/09 22:05:55 ET
Table 'Amalasuntha' 6-max Seat #4 is the button
Seat 2: Donald ($72.13 in chips)
Seat 4: NeilDars ($211.67 in chips)
NeilDars: posts small blind $1
Donald: posts big blind $3
*** HOLE CARDS ***
NeilDars: calls $2
Donald: checks
*** FLOP *** [3s 2s 9d]
Donald: checks
NeilDars: bets $3
Donald: raises $3 to $6
NeilDars: calls $3
*** TURN *** [3s 2s 9d] [5s]
Donald: bets $6
NeilDars: folds
Uncalled bet ($6) returned to Donald
Donald collected $17.64 from pot
Donald: doesn't show hand
*** SUMMARY ***
Total pot $18 | Rake $0.36
Board [3s 2s 9d 5s]
Seat 2: Donald (big blind) collected ($17.64)
Seat 4: NeilDars (button) (small blind) folded on the Turn


PokerStars Hand #168826345695:  Hold'em Limit ($3/$6 USD) - 2017/04/09 22:05:44 ET
Table 'Amalasuntha' 6-max Seat #2 is the button
Seat 2: Donald ($81.13 in chips)
Seat 4: NeilDars ($203.03 in chips)
Donald: posts small blind $1
NeilDars: posts big blind $3
*** HOLE CARDS ***
Donald: raises $3 to $6
NeilDars: raises $3 to $9
Donald: calls $3
*** FLOP *** [Qd Kh 9d]
NeilDars: bets $3
Donald: folds
Uncalled bet ($3) returned to NeilDars
NeilDars collected $17.64 from pot
NeilDars: doesn't show hand
*** SUMMARY ***
Total pot $18 | Rake $0.36
Board [Qd Kh 9d]
Seat 2: Donald (button) (small blind) folded on the Flop
Seat 4: NeilDars (big blind) collected ($17.64)


PokerStars Hand #168826344103:  Hold'em Limit ($3/$6 USD) - 2017/04/09 22:05:39 ET
Table 'Amalasuntha' 6-max Seat #4 is the button
Seat 2: Donald ($80.13 in chips)
Seat 4: NeilDars ($204.03 in chips)
NeilDars: posts small blind $1
Donald: posts big blind $3
*** HOLE CARDS ***
NeilDars: folds
Uncalled bet ($2) returned to Donald
Donald collected $2 from pot
Donald: doesn't show hand
*** SUMMARY ***
Total pot $2 | Rake $0
Seat 2: Donald (big blind) collected ($2)
Seat 4: NeilDars (button) (small blind) folded before Flop


PokerStars Hand #168826357949:  Hold'em Limit ($3/$6 USD) - 2017/04/09 22:06:17 ET
Table 'Amalasuntha' 6-max Seat #2 is the button
Seat 2: Donald ($80.77 in chips)
Seat 4: NeilDars ($202.67 in chips)
Donald: posts small blind $1
NeilDars: posts big blind $3
*** HOLE CARDS ***
Donald: folds
Uncalled bet ($2) returned to NeilDars
NeilDars collected $2 from pot
NeilDars: doesn't show hand
*** SUMMARY ***
Total pot $2 | Rake $0
Seat 2: Donald (button) (small blind) folded before Flop
Seat 4: NeilDars (big blind) collected ($2)


PokerStars Hand #168826360084:  Hold'em Limit ($3/$6 USD) - 2017/04/09 22:06:22 ET
Table 'Amalasuntha' 6-max Seat #4 is the button
Seat 2: Donald ($79.77 in chips)
Seat 4: NeilDars ($203.67 in chips)
NeilDars: posts small blind $1
Donald: posts big blind $3
*** HOLE CARDS ***
NeilDars: raises $3 to $6
Donald: calls $3
*** FLOP *** [5c 6s 7h]
Donald: checks
NeilDars: bets $3
Donald: raises $3 to $6
NeilDars: calls $3
*** TURN *** [5c 6s 7h] [3c]
Donald: bets $6
NeilDars: calls $6
*** RIVER *** [5c 6s 7h 3c] [8d]
Donald: bets $6
NeilDars: calls $6
*** SHOW DOWN ***
Donald: shows [4s 8s] (a straight, Four to Eight)
NeilDars: mucks hand
Donald collected $47.50 from pot
*** SUMMARY ***
Total pot $48 | Rake $0.50
Board [5c 6s 7h 3c 8d]
Seat 2: Donald (big blind) showed [4s 8s] and won ($47.50) with a straight, Four to Eight
Seat 4: NeilDars (button) (small blind) mucked


PokerStars Hand #168826376662:  Hold'em Limit ($3/$6 USD) - 2017/04/09 22:07:07 ET
Table 'Amalasuntha' 6-max Seat #2 is the button
Seat 2: Donald ($103.27 in chips)
Seat 4: NeilDars ($179.67 in chips)
Donald: posts small blind $1
NeilDars: posts big blind $3
*** HOLE CARDS ***
Donald: raises $3 to $6
NeilDars: calls $3
*** FLOP *** [Jd 7d 6s]
NeilDars: checks
Donald: bets $3
NeilDars: calls $3
*** TURN *** [Jd 7d 6s] [2d]
NeilDars: checks
Donald: bets $6
NeilDars: calls $6
*** RIVER *** [Jd 7d 6s 2d] [4d]
NeilDars: bets $6
Donald: calls $6
*** SHOW DOWN ***
NeilDars: shows [6d Td] (a flush, Jack high)
Donald: mucks hand
NeilDars collected $41.50 from pot
*** SUMMARY ***
Total pot $42 | Rake $0.50
Board [Jd 7d 6s 2d 4d]
Seat 2: Donald (button) (small blind) mucked
Seat 4: NeilDars (big blind) showed [6d Td] and won ($41.50) with a flush, Jack high


PokerStars Hand #168826389359:  Hold'em Limit ($3/$6 USD) - 2017/04/09 22:07:41 ET
Table 'Amalasuntha' 6-max Seat #2 is the button
Seat 2: Donald ($83.27 in chips)
Seat 4: NeilDars ($199.17 in chips)
Donald: posts small blind $1
NeilDars: posts big blind $3
*** HOLE CARDS ***
Donald: folds
Uncalled bet ($2) returned to NeilDars
NeilDars collected $2 from pot
NeilDars: doesn't show hand
*** SUMMARY ***
Total pot $2 | Rake $0
Seat 2: Donald (button) (small blind) folded before Flop
Seat 4: NeilDars (big blind) collected ($2)


PokerStars Hand #168826387534:  Hold'em Limit ($3/$6 USD) - 2017/04/09 22:07:36 ET
Table 'Amalasuntha' 6-max Seat #4 is the button
Seat 2: Donald ($82.27 in chips)
Seat 4: NeilDars ($200.17 in chips)
NeilDars: posts small blind $1
Donald: posts big blind $3
*** HOLE CARDS ***
NeilDars: folds
Uncalled bet ($2) returned to Donald
Donald collected $2 from pot
Donald: doesn't show hand
*** SUMMARY ***
Total pot $2 | Rake $0
Seat 2: Donald (big blind) collected ($2)
Seat 4: NeilDars (button) (small blind) folded before Flop


PokerStars Hand #168828844544:  Hold'em Limit ($3/$6 USD) - 2017/04/10 0:21:54 ET
Table 'Amalasuntha' 6-max Seat #3 is the button
Seat 3: hairy1961 ($47 in chips)
Seat 5: LifeisagameX ($87 in chips)
hairy1961: posts small blind $1
LifeisagameX: posts big blind $3
*** HOLE CARDS ***
hairy1961: folds
Uncalled bet ($2) returned to LifeisagameX
LifeisagameX collected $2 from pot
*** SUMMARY ***
Total pot $2 | Rake $0
Seat 3: hairy1961 (button) (small blind) folded before Flop
Seat 5: LifeisagameX (big blind) collected ($2)


PokerStars Hand #168828840562:  Hold'em Limit ($3/$6 USD) - 2017/04/10 0:21:38 ET
Table 'Amalasuntha' 6-max Seat #5 is the button
Seat 3: hairy1961 ($50 in chips)
Seat 5: LifeisagameX ($84 in chips)
LifeisagameX: posts small blind $1
hairy1961: posts big blind $3
*** HOLE CARDS ***
LifeisagameX: raises $3 to $6
hairy1961: folds
Uncalled bet ($3) returned to LifeisagameX
LifeisagameX collected $6 from pot
*** SUMMARY ***
Total pot $6 | Rake $0
Seat 3: hairy1961 (big blind) folded before Flop
Seat 5: LifeisagameX (button) (small blind) collected ($6)


PokerStars Hand #168828874538:  Hold'em Limit ($3/$6 USD) - 2017/04/10 0:23:44 ET
Table 'Amalasuntha' 6-max Seat #3 is the button
Seat 2: kungsbjörn ($240.32 in chips)
Seat 3: hairy1961 ($54.64 in chips)
hairy1961: posts small blind $1
kungsbjörn: posts big blind $3
*** HOLE CARDS ***
hairy1961: raises $3 to $6
kungsbjörn: calls $3
*** FLOP *** [Qs Td As]
kungsbjörn: checks
hairy1961: bets $3
kungsbjörn: folds
Uncalled bet ($3) returned to hairy1961
hairy1961 collected $11.76 from pot
*** SUMMARY ***
Total pot $12 | Rake $0.24
Board [Qs Td As]
Seat 2: kungsbjörn (big blind) folded on the Flop
Seat 3: hairy1961 (button) (small blind) collected ($11.76)


PokerStars Hand #168828846649:  Hold'em Limit ($3/$6 USD) - 2017/04/10 0:22:02 ET
Table 'Amalasuntha' 6-max Seat #5 is the button
Seat 3: hairy1961 ($46 in chips)
Seat 5: LifeisagameX ($88 in chips)
LifeisagameX: posts small blind $1
hairy1961: posts big blind $3
*** HOLE CARDS ***
LifeisagameX: raises $3 to $6
hairy1961: calls $3
*** FLOP *** [8d 9d Qd]
hairy1961: checks
LifeisagameX: bets $3
hairy1961: raises $3 to $6
kungsbjörn joins the table at seat #2
LifeisagameX has timed out
LifeisagameX: folds
Uncalled bet ($3) returned to hairy1961
hairy1961 collected $17.64 from pot
*** SUMMARY ***
Total pot $18 | Rake $0.36
Board [8d 9d Qd]
Seat 3: hairy1961 (big blind) collected ($17.64)
Seat 5: LifeisagameX (button) (small blind) folded on the Flop


