PokerStars Hand #163514142820:  Hold'em Limit ($3/$6 USD) - 2016/12/25 16:26:08 ET
Table 'Amalia II' 10-max Seat #7 is the button
Seat 5: hollotibi ($184.60 in chips)
Seat 7: VolkovDmitri ($128.64 in chips)
VolkovDmitri: posts small blind $1
hollotibi: posts big blind $3
*** HOLE CARDS ***
VolkovDmitri: raises $3 to $6
hollotibi: calls $3
*** FLOP *** [3s 8s Kd]
hollotibi: checks
VolkovDmitri: bets $3
hollotibi: calls $3
*** TURN *** [3s 8s Kd] [4d]
hollotibi: checks
VolkovDmitri: bets $6
hollotibi: calls $6
*** RIVER *** [3s 8s Kd 4d] [3d]
hollotibi: checks
VolkovDmitri: bets $6
hollotibi: calls $6
*** SHOW DOWN ***
VolkovDmitri: shows [3h Qd] (three of a kind, Threes)
hollotibi: mucks hand
VolkovDmitri collected $41.50 from pot
*** SUMMARY ***
Total pot $42 | Rake $0.50
Board [3s 8s Kd 4d 3d]
Seat 5: hollotibi (big blind) mucked
Seat 7: VolkovDmitri (button) (small blind) showed [3h Qd] and won ($41.50) with three of a kind, Threes


PokerStars Hand #163514163929:  Hold'em Limit ($3/$6 USD) - 2016/12/25 16:26:30 ET
Table 'Amalia II' 10-max Seat #5 is the button
Seat 5: hollotibi ($163.60 in chips)
Seat 7: VolkovDmitri ($149.14 in chips)
hollotibi: posts small blind $1
VolkovDmitri: posts big blind $3
*** HOLE CARDS ***
hollotibi: raises $3 to $6
VolkovDmitri: calls $3
*** FLOP *** [9s Kh 9h]
VolkovDmitri: checks
hollotibi: bets $3
VolkovDmitri: calls $3
*** TURN *** [9s Kh 9h] [5s]
VolkovDmitri: checks
hollotibi: bets $6
VolkovDmitri: calls $6
*** RIVER *** [9s Kh 9h 5s] [8h]
VolkovDmitri: checks
hollotibi: checks
*** SHOW DOWN ***
VolkovDmitri: shows [Th Qc] (a pair of Nines)
hollotibi: shows [7c Ac] (a pair of Nines - Ace kicker)
hollotibi collected $29.50 from pot
*** SUMMARY ***
Total pot $30 | Rake $0.50
Board [9s Kh 9h 5s 8h]
Seat 5: hollotibi (button) (small blind) showed [7c Ac] and won ($29.50) with a pair of Nines
Seat 7: VolkovDmitri (big blind) showed [Th Qc] and lost with a pair of Nines


PokerStars Hand #163514228718:  Hold'em Limit ($3/$6 USD) - 2016/12/25 16:27:35 ET
Table 'Amalia II' 10-max Seat #5 is the button
Seat 5: hollotibi ($183.60 in chips)
Seat 7: VolkovDmitri ($127.90 in chips)
hollotibi: posts small blind $1
VolkovDmitri: posts big blind $3
*** HOLE CARDS ***
hollotibi: calls $2
VolkovDmitri: raises $3 to $6
hollotibi: calls $3
*** FLOP *** [Js Ah 2d]
VolkovDmitri: bets $3
hollotibi: folds
Uncalled bet ($3) returned to VolkovDmitri
VolkovDmitri collected $11.76 from pot
VolkovDmitri: doesn't show hand
*** SUMMARY ***
Total pot $12 | Rake $0.24
Board [Js Ah 2d]
Seat 5: hollotibi (button) (small blind) folded on the Flop
Seat 7: VolkovDmitri (big blind) collected ($11.76)


PokerStars Hand #163514193954:  Hold'em Limit ($3/$6 USD) - 2016/12/25 16:27:00 ET
Table 'Amalia II' 10-max Seat #5 is the button
Seat 5: hollotibi ($175.10 in chips)
Seat 7: VolkovDmitri ($137.14 in chips)
hollotibi: posts small blind $1
VolkovDmitri: posts big blind $3
*** HOLE CARDS ***
hollotibi: raises $3 to $6
VolkovDmitri: calls $3
*** FLOP *** [Ac Jh 7c]
VolkovDmitri: checks
hollotibi: bets $3
VolkovDmitri: calls $3
*** TURN *** [Ac Jh 7c] [Kc]
VolkovDmitri: checks
hollotibi: bets $6
VolkovDmitri: calls $6
*** RIVER *** [Ac Jh 7c Kc] [Ts]
VolkovDmitri: checks
hollotibi: checks
*** SHOW DOWN ***
VolkovDmitri: shows [Kd 2c] (a pair of Kings)
hollotibi: shows [Ah 2d] (a pair of Aces)
hollotibi collected $29.50 from pot
*** SUMMARY ***
Total pot $30 | Rake $0.50
Board [Ac Jh 7c Kc Ts]
Seat 5: hollotibi (button) (small blind) showed [Ah 2d] and won ($29.50) with a pair of Aces
Seat 7: VolkovDmitri (big blind) showed [Kd 2c] and lost with a pair of Kings


PokerStars Hand #163514219363:  Hold'em Limit ($3/$6 USD) - 2016/12/25 16:27:26 ET
Table 'Amalia II' 10-max Seat #7 is the button
Seat 5: hollotibi ($189.60 in chips)
Seat 7: VolkovDmitri ($122.14 in chips)
VolkovDmitri: posts small blind $1
hollotibi: posts big blind $3
*** HOLE CARDS ***
VolkovDmitri: raises $3 to $6
hollotibi: calls $3
*** FLOP *** [8c 4h Qs]
hollotibi: checks
VolkovDmitri: bets $3
hollotibi: folds
Uncalled bet ($3) returned to VolkovDmitri
VolkovDmitri collected $11.76 from pot
VolkovDmitri: doesn't show hand
*** SUMMARY ***
Total pot $12 | Rake $0.24
Board [8c 4h Qs]
Seat 5: hollotibi (big blind) folded on the Flop
Seat 7: VolkovDmitri (button) (small blind) collected ($11.76)


PokerStars Hand #163514237932:  Hold'em Limit ($3/$6 USD) - 2016/12/25 16:27:44 ET
Table 'Amalia II' 10-max Seat #7 is the button
Seat 5: hollotibi ($177.60 in chips)
Seat 7: VolkovDmitri ($133.66 in chips)
VolkovDmitri: posts small blind $1
hollotibi: posts big blind $3
*** HOLE CARDS ***
VolkovDmitri: raises $3 to $6
hollotibi: raises $3 to $9
VolkovDmitri: calls $3
*** FLOP *** [Th 2s Qh]
hollotibi: bets $3
VolkovDmitri: calls $3
*** TURN *** [Th 2s Qh] [3d]
hollotibi: bets $6
VolkovDmitri: calls $6
*** RIVER *** [Th 2s Qh 3d] [Jh]
hollotibi: bets $6
VolkovDmitri: folds
Uncalled bet ($6) returned to hollotibi
hollotibi collected $35.50 from pot
hollotibi: doesn't show hand
*** SUMMARY ***
Total pot $36 | Rake $0.50
Board [Th 2s Qh 3d Jh]
Seat 5: hollotibi (big blind) collected ($35.50)
Seat 7: VolkovDmitri (button) (small blind) folded on the River


PokerStars Hand #163514257836:  Hold'em Limit ($3/$6 USD) - 2016/12/25 16:28:04 ET
Table 'Amalia II' 10-max Seat #5 is the button
Seat 5: hollotibi ($195.10 in chips)
Seat 7: VolkovDmitri ($120 in chips)
hollotibi: posts small blind $1
VolkovDmitri: posts big blind $3
*** HOLE CARDS ***
hollotibi: raises $3 to $6
VolkovDmitri: folds
Uncalled bet ($3) returned to hollotibi
hollotibi collected $6 from pot
hollotibi: doesn't show hand
*** SUMMARY ***
Total pot $6 | Rake $0
Seat 5: hollotibi (button) (small blind) collected ($6)
Seat 7: VolkovDmitri (big blind) folded before Flop


PokerStars Hand #163514264594:  Hold'em Limit ($3/$6 USD) - 2016/12/25 16:28:11 ET
Table 'Amalia II' 10-max Seat #7 is the button
Seat 5: hollotibi ($198.10 in chips)
Seat 7: VolkovDmitri ($120 in chips)
VolkovDmitri: posts small blind $1
hollotibi: posts big blind $3
*** HOLE CARDS ***
VolkovDmitri: raises $3 to $6
hollotibi: calls $3
*** FLOP *** [Qd 2c 3h]
hollotibi: checks
VolkovDmitri: bets $3
hollotibi: folds
Uncalled bet ($3) returned to VolkovDmitri
VolkovDmitri collected $11.76 from pot
VolkovDmitri: doesn't show hand
*** SUMMARY ***
Total pot $12 | Rake $0.24
Board [Qd 2c 3h]
Seat 5: hollotibi (big blind) folded on the Flop
Seat 7: VolkovDmitri (button) (small blind) collected ($11.76)


PokerStars Hand #163514276050:  Hold'em Limit ($3/$6 USD) - 2016/12/25 16:28:23 ET
Table 'Amalia II' 10-max Seat #5 is the button
Seat 5: hollotibi ($192.10 in chips)
Seat 7: VolkovDmitri ($125.76 in chips)
hollotibi: posts small blind $1
VolkovDmitri: posts big blind $3
*** HOLE CARDS ***
hollotibi: raises $3 to $6
VolkovDmitri: calls $3
*** FLOP *** [Ac 8c Jd]
VolkovDmitri: checks
hollotibi: checks
*** TURN *** [Ac 8c Jd] [6c]
VolkovDmitri: bets $6
hollotibi: calls $6
*** RIVER *** [Ac 8c Jd 6c] [9d]
VolkovDmitri: checks
hollotibi: bets $6
VolkovDmitri: calls $6
*** SHOW DOWN ***
hollotibi: shows [Jc Qc] (a flush, Ace high)
VolkovDmitri: mucks hand
hollotibi collected $35.50 from pot
*** SUMMARY ***
Total pot $36 | Rake $0.50
Board [Ac 8c Jd 6c 9d]
Seat 5: hollotibi (button) (small blind) showed [Jc Qc] and won ($35.50) with a flush, Ace high
Seat 7: VolkovDmitri (big blind) mucked


PokerStars Hand #163514336566:  Hold'em Limit ($3/$6 USD) - 2016/12/25 16:29:24 ET
Table 'Amalia II' 10-max Seat #5 is the button
Seat 5: hollotibi ($183.60 in chips)
Seat 7: VolkovDmitri ($145.50 in chips)
hollotibi: posts small blind $1
VolkovDmitri: posts big blind $3
*** HOLE CARDS ***
hollotibi: raises $3 to $6
VolkovDmitri: raises $3 to $9
hollotibi: raises $3 to $12
Betting is capped
VolkovDmitri: calls $3
*** FLOP *** [Jd 8h Ah]
VolkovDmitri: bets $3
hollotibi: calls $3
*** TURN *** [Jd 8h Ah] [6d]
VolkovDmitri: bets $6
hollotibi: calls $6
*** RIVER *** [Jd 8h Ah 6d] [Kc]
VolkovDmitri: bets $6
hollotibi: folds
Uncalled bet ($6) returned to VolkovDmitri
VolkovDmitri collected $41.50 from pot
VolkovDmitri: doesn't show hand
*** SUMMARY ***
Total pot $42 | Rake $0.50
Board [Jd 8h Ah 6d Kc]
Seat 5: hollotibi (button) (small blind) folded on the River
Seat 7: VolkovDmitri (big blind) collected ($41.50)


PokerStars Hand #163514297128:  Hold'em Limit ($3/$6 USD) - 2016/12/25 16:28:44 ET
Table 'Amalia II' 10-max Seat #7 is the button
Seat 5: hollotibi ($209.60 in chips)
Seat 7: VolkovDmitri ($120 in chips)
VolkovDmitri: posts small blind $1
hollotibi: posts big blind $3
*** HOLE CARDS ***
VolkovDmitri: raises $3 to $6
hollotibi: folds
Uncalled bet ($3) returned to VolkovDmitri
VolkovDmitri collected $6 from pot
VolkovDmitri: doesn't show hand
*** SUMMARY ***
Total pot $6 | Rake $0
Seat 5: hollotibi (big blind) folded before Flop
Seat 7: VolkovDmitri (button) (small blind) collected ($6)


PokerStars Hand #163514331001:  Hold'em Limit ($3/$6 USD) - 2016/12/25 16:29:18 ET
Table 'Amalia II' 10-max Seat #7 is the button
Seat 5: hollotibi ($182.60 in chips)
Seat 7: VolkovDmitri ($146.50 in chips)
VolkovDmitri: posts small blind $1
hollotibi: posts big blind $3
*** HOLE CARDS ***
VolkovDmitri: folds
Uncalled bet ($2) returned to hollotibi
hollotibi collected $2 from pot
hollotibi: doesn't show hand
*** SUMMARY ***
Total pot $2 | Rake $0
Seat 5: hollotibi (big blind) collected ($2)
Seat 7: VolkovDmitri (button) (small blind) folded before Flop


PokerStars Hand #163514308261:  Hold'em Limit ($3/$6 USD) - 2016/12/25 16:28:55 ET
Table 'Amalia II' 10-max Seat #5 is the button
Seat 5: hollotibi ($206.60 in chips)
Seat 7: VolkovDmitri ($123 in chips)
hollotibi: posts small blind $1
VolkovDmitri: posts big blind $3
*** HOLE CARDS ***
hollotibi: raises $3 to $6
VolkovDmitri: calls $3
*** FLOP *** [Ah 5c 3s]
VolkovDmitri: checks
hollotibi: bets $3
VolkovDmitri: raises $3 to $6
hollotibi: calls $3
*** TURN *** [Ah 5c 3s] [Kh]
VolkovDmitri: bets $6
hollotibi: calls $6
*** RIVER *** [Ah 5c 3s Kh] [Jd]
VolkovDmitri: bets $6
hollotibi: calls $6
*** SHOW DOWN ***
VolkovDmitri: shows [Ad 2h] (a pair of Aces)
hollotibi: mucks hand
VolkovDmitri collected $47.50 from pot
*** SUMMARY ***
Total pot $48 | Rake $0.50
Board [Ah 5c 3s Kh Jd]
Seat 5: hollotibi (button) (small blind) mucked
Seat 7: VolkovDmitri (big blind) showed [Ad 2h] and won ($47.50) with a pair of Aces


PokerStars Hand #163514354885:  Hold'em Limit ($3/$6 USD) - 2016/12/25 16:29:43 ET
Table 'Amalia II' 10-max Seat #7 is the button
Seat 5: hollotibi ($162.60 in chips)
Seat 7: VolkovDmitri ($166 in chips)
VolkovDmitri: posts small blind $1
hollotibi: posts big blind $3
*** HOLE CARDS ***
VolkovDmitri: raises $3 to $6
hollotibi: calls $3
*** FLOP *** [Ad 2s 2c]
hollotibi: checks
VolkovDmitri: checks
*** TURN *** [Ad 2s 2c] [Qc]
hollotibi: checks
VolkovDmitri: checks
*** RIVER *** [Ad 2s 2c Qc] [9s]
hollotibi: checks
VolkovDmitri: bets $6
hollotibi: folds
Uncalled bet ($6) returned to VolkovDmitri
VolkovDmitri collected $11.76 from pot
VolkovDmitri: doesn't show hand
*** SUMMARY ***
Total pot $12 | Rake $0.24
Board [Ad 2s 2c Qc 9s]
Seat 5: hollotibi (big blind) folded on the River
Seat 7: VolkovDmitri (button) (small blind) collected ($11.76)


PokerStars Hand #163514374902:  Hold'em Limit ($3/$6 USD) - 2016/12/25 16:30:03 ET
Table 'Amalia II' 10-max Seat #5 is the button
Seat 5: hollotibi ($156.60 in chips)
Seat 7: VolkovDmitri ($171.76 in chips)
hollotibi: posts small blind $1
VolkovDmitri: posts big blind $3
*** HOLE CARDS ***
hollotibi: raises $3 to $6
VolkovDmitri: raises $3 to $9
hollotibi: raises $3 to $12
Betting is capped
VolkovDmitri: calls $3
*** FLOP *** [3s 2c Ac]
VolkovDmitri: checks
hollotibi: bets $3
VolkovDmitri: folds
Uncalled bet ($3) returned to hollotibi
hollotibi collected $23.52 from pot
hollotibi: doesn't show hand
*** SUMMARY ***
Total pot $24 | Rake $0.48
Board [3s 2c Ac]
Seat 5: hollotibi (button) (small blind) collected ($23.52)
Seat 7: VolkovDmitri (big blind) folded on the Flop


PokerStars Hand #163514394680:  Hold'em Limit ($3/$6 USD) - 2016/12/25 16:30:23 ET
Table 'Amalia II' 10-max Seat #7 is the button
Seat 5: hollotibi ($168.12 in chips)
Seat 7: VolkovDmitri ($159.76 in chips)
VolkovDmitri: posts small blind $1
hollotibi: posts big blind $3
*** HOLE CARDS ***
VolkovDmitri: folds
Uncalled bet ($2) returned to hollotibi
hollotibi collected $2 from pot
hollotibi: doesn't show hand
*** SUMMARY ***
Total pot $2 | Rake $0
Seat 5: hollotibi (big blind) collected ($2)
Seat 7: VolkovDmitri (button) (small blind) folded before Flop


PokerStars Hand #163514422587:  Hold'em Limit ($3/$6 USD) - 2016/12/25 16:30:51 ET
Table 'Amalia II' 10-max Seat #7 is the button
Seat 5: hollotibi ($189.62 in chips)
Seat 7: VolkovDmitri ($137.76 in chips)
VolkovDmitri: posts small blind $1
hollotibi: posts big blind $3
*** HOLE CARDS ***
VolkovDmitri: raises $3 to $6
hollotibi: calls $3
*** FLOP *** [5d 5c 2c]
hollotibi: checks
VolkovDmitri: bets $3
hollotibi: calls $3
*** TURN *** [5d 5c 2c] [Tc]
hollotibi: bets $6
VolkovDmitri: calls $6
*** RIVER *** [5d 5c 2c Tc] [4s]
hollotibi: checks
VolkovDmitri: checks
*** SHOW DOWN ***
hollotibi: shows [7h Th] (two pair, Tens and Fives)
VolkovDmitri: mucks hand
hollotibi collected $29.50 from pot
*** SUMMARY ***
Total pot $30 | Rake $0.50
Board [5d 5c 2c Tc 4s]
Seat 5: hollotibi (big blind) showed [7h Th] and won ($29.50) with two pair, Tens and Fives
Seat 7: VolkovDmitri (button) (small blind) mucked


PokerStars Hand #163514448670:  Hold'em Limit ($3/$6 USD) - 2016/12/25 16:31:18 ET
Table 'Amalia II' 10-max Seat #5 is the button
Seat 5: hollotibi ($204.12 in chips)
Seat 7: VolkovDmitri ($122.76 in chips)
hollotibi: posts small blind $1
VolkovDmitri: posts big blind $3
*** HOLE CARDS ***
hollotibi: raises $3 to $6
VolkovDmitri: calls $3
*** FLOP *** [6s 8h 2c]
VolkovDmitri: checks
hollotibi: bets $3
VolkovDmitri: raises $3 to $6
hollotibi: calls $3
*** TURN *** [6s 8h 2c] [4c]
VolkovDmitri: bets $6
hollotibi: calls $6
*** RIVER *** [6s 8h 2c 4c] [As]
VolkovDmitri: bets $6
hollotibi: folds
Uncalled bet ($6) returned to VolkovDmitri
VolkovDmitri collected $35.50 from pot
VolkovDmitri: doesn't show hand
*** SUMMARY ***
Total pot $36 | Rake $0.50
Board [6s 8h 2c 4c As]
Seat 5: hollotibi (button) (small blind) folded on the River
Seat 7: VolkovDmitri (big blind) collected ($35.50)


PokerStars Hand #163514399374:  Hold'em Limit ($3/$6 USD) - 2016/12/25 16:30:28 ET
Table 'Amalia II' 10-max Seat #5 is the button
Seat 5: hollotibi ($169.12 in chips)
Seat 7: VolkovDmitri ($158.76 in chips)
hollotibi: posts small blind $1
VolkovDmitri: posts big blind $3
*** HOLE CARDS ***
hollotibi: raises $3 to $6
VolkovDmitri: calls $3
*** FLOP *** [7s 5c Ts]
VolkovDmitri: checks
hollotibi: bets $3
VolkovDmitri: calls $3
*** TURN *** [7s 5c Ts] [9d]
VolkovDmitri: checks
hollotibi: bets $6
VolkovDmitri: calls $6
*** RIVER *** [7s 5c Ts 9d] [7h]
VolkovDmitri: checks
hollotibi: bets $6
VolkovDmitri: calls $6
*** SHOW DOWN ***
hollotibi: shows [6s 9c] (two pair, Nines and Sevens)
VolkovDmitri: mucks hand
hollotibi collected $41.50 from pot
*** SUMMARY ***
Total pot $42 | Rake $0.50
Board [7s 5c Ts 9d 7h]
Seat 5: hollotibi (button) (small blind) showed [6s 9c] and won ($41.50) with two pair, Nines and Sevens
Seat 7: VolkovDmitri (big blind) mucked


PokerStars Hand #163514524082:  Hold'em Limit ($3/$6 USD) - 2016/12/25 16:32:35 ET
Table 'Amalia II' 10-max Seat #5 is the button
Seat 5: hollotibi ($206.26 in chips)
Seat 7: VolkovDmitri ($123 in chips)
hollotibi: posts small blind $1
VolkovDmitri: posts big blind $3
*** HOLE CARDS ***
hollotibi: folds
Uncalled bet ($2) returned to VolkovDmitri
VolkovDmitri collected $2 from pot
VolkovDmitri: doesn't show hand
*** SUMMARY ***
Total pot $2 | Rake $0
Seat 5: hollotibi (button) (small blind) folded before Flop
Seat 7: VolkovDmitri (big blind) collected ($2)


PokerStars Hand #163514509633:  Hold'em Limit ($3/$6 USD) - 2016/12/25 16:32:21 ET
Table 'Amalia II' 10-max Seat #7 is the button
Seat 5: hollotibi ($209.26 in chips)
Seat 7: VolkovDmitri ($120 in chips)
VolkovDmitri: posts small blind $1
hollotibi: posts big blind $3
*** HOLE CARDS ***
VolkovDmitri: raises $3 to $6
hollotibi: folds
Uncalled bet ($3) returned to VolkovDmitri
VolkovDmitri collected $6 from pot
VolkovDmitri: doesn't show hand
*** SUMMARY ***
Total pot $6 | Rake $0
Seat 5: hollotibi (big blind) folded before Flop
Seat 7: VolkovDmitri (button) (small blind) collected ($6)


PokerStars Hand #163514486669:  Hold'em Limit ($3/$6 USD) - 2016/12/25 16:31:57 ET
Table 'Amalia II' 10-max Seat #5 is the button
Seat 5: hollotibi ($194.76 in chips)
Seat 7: VolkovDmitri ($131.26 in chips)
hollotibi: posts small blind $1
VolkovDmitri: posts big blind $3
*** HOLE CARDS ***
hollotibi: raises $3 to $6
VolkovDmitri: raises $3 to $9
hollotibi: calls $3
*** FLOP *** [4s 5d 6s]
VolkovDmitri: bets $3
hollotibi: raises $3 to $6
VolkovDmitri: calls $3
*** TURN *** [4s 5d 6s] [8c]
VolkovDmitri: checks
hollotibi: bets $6
VolkovDmitri: folds
Uncalled bet ($6) returned to hollotibi
hollotibi collected $29.50 from pot
hollotibi: doesn't show hand
*** SUMMARY ***
Total pot $30 | Rake $0.50
Board [4s 5d 6s 8c]
Seat 5: hollotibi (button) (small blind) collected ($29.50)
Seat 7: VolkovDmitri (big blind) folded on the Turn


PokerStars Hand #163514468322:  Hold'em Limit ($3/$6 USD) - 2016/12/25 16:31:38 ET
Table 'Amalia II' 10-max Seat #7 is the button
Seat 5: hollotibi ($186.12 in chips)
Seat 7: VolkovDmitri ($140.26 in chips)
VolkovDmitri: posts small blind $1
hollotibi: posts big blind $3
*** HOLE CARDS ***
VolkovDmitri: raises $3 to $6
hollotibi: calls $3
*** FLOP *** [7h 7c Kc]
hollotibi: checks
VolkovDmitri: bets $3
hollotibi: calls $3
*** TURN *** [7h 7c Kc] [Ah]
hollotibi: checks
VolkovDmitri: checks
*** RIVER *** [7h 7c Kc Ah] [9c]
hollotibi: bets $6
VolkovDmitri: folds
Uncalled bet ($6) returned to hollotibi
hollotibi collected $17.64 from pot
hollotibi: doesn't show hand
*** SUMMARY ***
Total pot $18 | Rake $0.36
Board [7h 7c Kc Ah 9c]
Seat 5: hollotibi (big blind) collected ($17.64)
Seat 7: VolkovDmitri (button) (small blind) folded on the River


PokerStars Hand #163514565716:  Hold'em Limit ($3/$6 USD) - 2016/12/25 16:33:18 ET
Table 'Amalia II' 10-max Seat #5 is the button
Seat 5: hollotibi ($193.26 in chips)
Seat 7: VolkovDmitri ($135.40 in chips)
hollotibi: posts small blind $1
VolkovDmitri: posts big blind $3
*** HOLE CARDS ***
hollotibi: raises $3 to $6
VolkovDmitri: calls $3
*** FLOP *** [8c 7h 3h]
VolkovDmitri: checks
hollotibi: bets $3
VolkovDmitri: calls $3
*** TURN *** [8c 7h 3h] [4d]
VolkovDmitri: checks
hollotibi: bets $6
VolkovDmitri: raises $6 to $12
hollotibi: calls $6
*** RIVER *** [8c 7h 3h 4d] [5d]
VolkovDmitri: bets $6
hollotibi: calls $6
*** SHOW DOWN ***
VolkovDmitri: shows [3d 4c] (two pair, Fours and Threes)
hollotibi: mucks hand
VolkovDmitri collected $53.50 from pot
*** SUMMARY ***
Total pot $54 | Rake $0.50
Board [8c 7h 3h 4d 5d]
Seat 5: hollotibi (button) (small blind) mucked
Seat 7: VolkovDmitri (big blind) showed [3d 4c] and won ($53.50) with two pair, Fours and Threes


PokerStars Hand #163514557094:  Hold'em Limit ($3/$6 USD) - 2016/12/25 16:33:09 ET
Table 'Amalia II' 10-max Seat #7 is the button
Seat 5: hollotibi ($199.26 in chips)
Seat 7: VolkovDmitri ($129.64 in chips)
VolkovDmitri: posts small blind $1
hollotibi: posts big blind $3
*** HOLE CARDS ***
VolkovDmitri: raises $3 to $6
hollotibi: calls $3
*** FLOP *** [Js Kc Ks]
hollotibi: checks
VolkovDmitri: bets $3
hollotibi: folds
Uncalled bet ($3) returned to VolkovDmitri
VolkovDmitri collected $11.76 from pot
VolkovDmitri: doesn't show hand
*** SUMMARY ***
Total pot $12 | Rake $0.24
Board [Js Kc Ks]
Seat 5: hollotibi (big blind) folded on the Flop
Seat 7: VolkovDmitri (button) (small blind) collected ($11.76)


PokerStars Hand #163514547490:  Hold'em Limit ($3/$6 USD) - 2016/12/25 16:32:59 ET
Table 'Amalia II' 10-max Seat #5 is the button
Seat 5: hollotibi ($196.26 in chips)
Seat 7: VolkovDmitri ($132.64 in chips)
hollotibi: posts small blind $1
VolkovDmitri: posts big blind $3
*** HOLE CARDS ***
hollotibi: raises $3 to $6
VolkovDmitri: folds
Uncalled bet ($3) returned to hollotibi
hollotibi collected $6 from pot
hollotibi: doesn't show hand
*** SUMMARY ***
Total pot $6 | Rake $0
Seat 5: hollotibi (button) (small blind) collected ($6)
Seat 7: VolkovDmitri (big blind) folded before Flop


PokerStars Hand #163514529710:  Hold'em Limit ($3/$6 USD) - 2016/12/25 16:32:41 ET
Table 'Amalia II' 10-max Seat #7 is the button
Seat 5: hollotibi ($205.26 in chips)
Seat 7: VolkovDmitri ($124 in chips)
VolkovDmitri: posts small blind $1
hollotibi: posts big blind $3
*** HOLE CARDS ***
VolkovDmitri: raises $3 to $6
hollotibi: calls $3
*** FLOP *** [2d Kh 7h]
hollotibi: checks
VolkovDmitri: bets $3
hollotibi: calls $3
*** TURN *** [2d Kh 7h] [Jc]
hollotibi: checks
VolkovDmitri: checks
*** RIVER *** [2d Kh 7h Jc] [Kd]
hollotibi: checks
VolkovDmitri: checks
*** SHOW DOWN ***
hollotibi: shows [Qd 8h] (a pair of Kings)
VolkovDmitri: shows [Ac 5h] (a pair of Kings - Ace kicker)
VolkovDmitri collected $17.64 from pot
*** SUMMARY ***
Total pot $18 | Rake $0.36
Board [2d Kh 7h Jc Kd]
Seat 5: hollotibi (big blind) showed [Qd 8h] and lost with a pair of Kings
Seat 7: VolkovDmitri (button) (small blind) showed [Ac 5h] and won ($17.64) with a pair of Kings


PokerStars Hand #163514606551:  Hold'em Limit ($3/$6 USD) - 2016/12/25 16:34:00 ET
Table 'Amalia II' 10-max Seat #7 is the button
Seat 5: hollotibi ($166.26 in chips)
Seat 7: VolkovDmitri ($161.90 in chips)
VolkovDmitri: posts small blind $1
hollotibi: posts big blind $3
*** HOLE CARDS ***
VolkovDmitri: raises $3 to $6
hollotibi: calls $3
*** FLOP *** [4s Ts 5h]
hollotibi: checks
hollotibi said, "what a lcuky shyt u ar"
VolkovDmitri: bets $3
hollotibi: calls $3
*** TURN *** [4s Ts 5h] [Qc]
hollotibi: checks
VolkovDmitri: bets $6
hollotibi: raises $6 to $12
VolkovDmitri: calls $6
*** RIVER *** [4s Ts 5h Qc] [Th]
hollotibi: bets $6
VolkovDmitri: calls $6
*** SHOW DOWN ***
hollotibi: shows [2h Qh] (two pair, Queens and Tens)
VolkovDmitri: shows [6h Qd] (two pair, Queens and Tens - Six kicker)
VolkovDmitri collected $53.50 from pot
*** SUMMARY ***
Total pot $54 | Rake $0.50
Board [4s Ts 5h Qc Th]
Seat 5: hollotibi (big blind) showed [2h Qh] and lost with two pair, Queens and Tens
Seat 7: VolkovDmitri (button) (small blind) showed [6h Qd] and won ($53.50) with two pair, Queens and Tens


PokerStars Hand #163514601932:  Hold'em Limit ($3/$6 USD) - 2016/12/25 16:33:55 ET
Table 'Amalia II' 10-max Seat #5 is the button
Seat 5: hollotibi ($167.26 in chips)
Seat 7: VolkovDmitri ($160.90 in chips)
hollotibi: posts small blind $1
VolkovDmitri: posts big blind $3
*** HOLE CARDS ***
hollotibi: folds
Uncalled bet ($2) returned to VolkovDmitri
VolkovDmitri collected $2 from pot
VolkovDmitri: doesn't show hand
*** SUMMARY ***
Total pot $2 | Rake $0
Seat 5: hollotibi (button) (small blind) folded before Flop
Seat 7: VolkovDmitri (big blind) collected ($2)


PokerStars Hand #163514632009:  Hold'em Limit ($3/$6 USD) - 2016/12/25 16:34:26 ET
Table 'Amalia II' 10-max Seat #5 is the button
Seat 5: hollotibi ($139.26 in chips)
Seat 7: VolkovDmitri ($188.40 in chips)
hollotibi: posts small blind $1
VolkovDmitri: posts big blind $3
*** HOLE CARDS ***
hollotibi: raises $3 to $6
hollotibi said, "loool"
VolkovDmitri: raises $3 to $9
hollotibi: raises $3 to $12
Betting is capped
VolkovDmitri: calls $3
*** FLOP *** [Qh Jh 5d]
VolkovDmitri: checks
hollotibi: checks
*** TURN *** [Qh Jh 5d] [5s]
VolkovDmitri: bets $6
hollotibi: calls $6
*** RIVER *** [Qh Jh 5d 5s] [3d]
VolkovDmitri: checks
hollotibi: checks
*** SHOW DOWN ***
VolkovDmitri: shows [8d 7c] (a pair of Fives)
hollotibi: shows [9d Ac] (a pair of Fives - Ace kicker)
hollotibi collected $35.50 from pot
*** SUMMARY ***
Total pot $36 | Rake $0.50
Board [Qh Jh 5d 5s 3d]
Seat 5: hollotibi (button) (small blind) showed [9d Ac] and won ($35.50) with a pair of Fives
Seat 7: VolkovDmitri (big blind) showed [8d 7c] and lost with a pair of Fives


PokerStars Hand #163514592166:  Hold'em Limit ($3/$6 USD) - 2016/12/25 16:33:45 ET
Table 'Amalia II' 10-max Seat #7 is the button
Seat 5: hollotibi ($166.26 in chips)
Seat 7: VolkovDmitri ($161.90 in chips)
VolkovDmitri: posts small blind $1
hollotibi: posts big blind $3
*** HOLE CARDS ***
VolkovDmitri: folds
Uncalled bet ($2) returned to hollotibi
hollotibi collected $2 from pot
hollotibi: doesn't show hand
*** SUMMARY ***
Total pot $2 | Rake $0
Seat 5: hollotibi (big blind) collected ($2)
Seat 7: VolkovDmitri (button) (small blind) folded before Flop


PokerStars Hand #163514652150:  Hold'em Limit ($3/$6 USD) - 2016/12/25 16:34:47 ET
Table 'Amalia II' 10-max Seat #7 is the button
Seat 5: hollotibi ($156.76 in chips)
Seat 7: VolkovDmitri ($170.40 in chips)
VolkovDmitri: posts small blind $1
hollotibi: posts big blind $3
*** HOLE CARDS ***
VolkovDmitri: raises $3 to $6
hollotibi: raises $3 to $9
VolkovDmitri: calls $3
*** FLOP *** [6s Tc 8h]
hollotibi: bets $3
VolkovDmitri: calls $3
*** TURN *** [6s Tc 8h] [7c]
hollotibi: checks
VolkovDmitri: bets $6
hollotibi: calls $6
*** RIVER *** [6s Tc 8h 7c] [3s]
hollotibi: checks
VolkovDmitri: bets $6
hollotibi: raises $6 to $12
VolkovDmitri: calls $6
*** SHOW DOWN ***
hollotibi: shows [Qc As] (high card Ace)
VolkovDmitri: shows [5h 4s] (a straight, Four to Eight)
VolkovDmitri collected $59.50 from pot
*** SUMMARY ***
Total pot $60 | Rake $0.50
Board [6s Tc 8h 7c 3s]
Seat 5: hollotibi (big blind) showed [Qc As] and lost with high card Ace
Seat 7: VolkovDmitri (button) (small blind) showed [5h 4s] and won ($59.50) with a straight, Four to Eight


PokerStars Hand #163514687427:  Hold'em Limit ($3/$6 USD) - 2016/12/25 16:35:23 ET
Table 'Amalia II' 10-max Seat #5 is the button
Seat 5: hollotibi ($126.76 in chips)
Seat 7: VolkovDmitri ($199.90 in chips)
hollotibi: posts small blind $1
VolkovDmitri: posts big blind $3
*** HOLE CARDS ***
hollotibi: raises $3 to $6
hollotibi said, "jesuuuus"
hollotibi said, "omfg"
VolkovDmitri: raises $3 to $9
hollotibi: calls $3
*** FLOP *** [6c 5s 4h]
VolkovDmitri: bets $3
hollotibi: calls $3
*** TURN *** [6c 5s 4h] [Qd]
VolkovDmitri: checks
hollotibi: checks
*** RIVER *** [6c 5s 4h Qd] [6s]
VolkovDmitri: checks
hollotibi: bets $6
VolkovDmitri: calls $6
*** SHOW DOWN ***
hollotibi: shows [Ks 4c] (two pair, Sixes and Fours)
VolkovDmitri: mucks hand
hollotibi collected $35.50 from pot
*** SUMMARY ***
Total pot $36 | Rake $0.50
Board [6c 5s 4h Qd 6s]
Seat 5: hollotibi (button) (small blind) showed [Ks 4c] and won ($35.50) with two pair, Sixes and Fours
Seat 7: VolkovDmitri (big blind) mucked


