PokerStars Hand #152032167359:  Hold'em Limit ($3/$6 USD) - 2016/04/17 4:08:55 ET
Table 'Amalthea' 6-max Seat #5 is the button
Seat 1: JoeBlack1982 ($93 in chips)
Seat 5: happyshine88 ($146.50 in chips)
happyshine88: posts small blind $1
JoeBlack1982: posts big blind $3
*** HOLE CARDS ***
happyshine88: folds
Uncalled bet ($2) returned to JoeBlack1982
JoeBlack1982 collected $2 from pot
JoeBlack1982: doesn't show hand
*** SUMMARY ***
Total pot $2 | Rake $0
Seat 1: JoeBlack1982 (big blind) collected ($2)
Seat 5: happyshine88 (button) (small blind) folded before Flop


PokerStars Hand #152032149465:  Hold'em Limit ($3/$6 USD) - 2016/04/17 4:08:06 ET
Table 'Amalthea' 6-max Seat #1 is the button
Seat 1: JoeBlack1982 ($120 in chips)
Seat 5: happyshine88 ($120 in chips)
JoeBlack1982: posts small blind $1
happyshine88: posts big blind $3
*** HOLE CARDS ***
JoeBlack1982: raises $3 to $6
happyshine88: calls $3
*** FLOP *** [As 3s 5s]
happyshine88: checks
JoeBlack1982: bets $3
happyshine88: calls $3
*** TURN *** [As 3s 5s] [4d]
happyshine88: checks
JoeBlack1982: bets $6
happyshine88: raises $6 to $12
JoeBlack1982: calls $6
*** RIVER *** [As 3s 5s 4d] [9h]
happyshine88: bets $6
JoeBlack1982: calls $6
*** SHOW DOWN ***
happyshine88: shows [Ks 6s] (a flush, Ace high)
JoeBlack1982: mucks hand
happyshine88 collected $53.50 from pot
*** SUMMARY ***
Total pot $54 | Rake $0.50
Board [As 3s 5s 4d 9h]
Seat 1: JoeBlack1982 (button) (small blind) mucked
Seat 5: happyshine88 (big blind) showed [Ks 6s] and won ($53.50) with a flush, Ace high


