PokerStars Hand #151865037953:  Hold'em Limit ($3/$6 USD) - 2016/04/13 13:44:30 ET
Table 'Amalthea II' 6-max Seat #4 is the button
Seat 3: tutones87 ($37.38 in chips)
Seat 4: MTails ($121 in chips)
MTails: posts small blind $1
tutones87: posts big blind $3
*** HOLE CARDS ***
MTails: raises $3 to $6
tutones87: calls $3
*** FLOP *** [2h Ac 6s]
tutones87: checks
MTails: bets $3
tutones87: folds
Uncalled bet ($3) returned to MTails
MTails collected $11.76 from pot
*** SUMMARY ***
Total pot $12 | Rake $0.24
Board [2h Ac 6s]
Seat 3: tutones87 (big blind) folded on the Flop
Seat 4: MTails (button) (small blind) collected ($11.76)


PokerStars Hand #151865050262:  Hold'em Limit ($3/$6 USD) - 2016/04/13 13:44:44 ET
Table 'Amalthea II' 6-max Seat #3 is the button
Seat 3: tutones87 ($31.38 in chips)
Seat 4: MTails ($126.76 in chips)
tutones87: posts small blind $1
MTails: posts big blind $3
*** HOLE CARDS ***
tutones87: folds
Uncalled bet ($2) returned to MTails
MTails collected $2 from pot
*** SUMMARY ***
Total pot $2 | Rake $0
Seat 3: tutones87 (button) (small blind) folded before Flop
Seat 4: MTails (big blind) collected ($2)


PokerStars Hand #151865054790:  Hold'em Limit ($3/$6 USD) - 2016/04/13 13:44:50 ET
Table 'Amalthea II' 6-max Seat #4 is the button
Seat 3: tutones87 ($30.38 in chips)
Seat 4: MTails ($127.76 in chips)
MTails: posts small blind $1
tutones87: posts big blind $3
*** HOLE CARDS ***
MTails: raises $3 to $6
tutones87: calls $3
*** FLOP *** [6c 7h Qs]
tutones87: bets $3
MTails: raises $3 to $6
tutones87: folds
Uncalled bet ($3) returned to MTails
MTails collected $17.64 from pot
*** SUMMARY ***
Total pot $18 | Rake $0.36
Board [6c 7h Qs]
Seat 3: tutones87 (big blind) folded on the Flop
Seat 4: MTails (button) (small blind) collected ($17.64)


PokerStars Hand #151865093806:  Hold'em Limit ($3/$6 USD) - 2016/04/13 13:45:37 ET
Table 'Amalthea II' 6-max Seat #4 is the button
Seat 3: tutones87 ($21.13 in chips)
Seat 4: MTails ($136.15 in chips)
MTails: posts small blind $1
tutones87: posts big blind $3
*** HOLE CARDS ***
MTails: raises $3 to $6
tutones87: calls $3
*** FLOP *** [4h 2d Ah]
tutones87: bets $3
MTails: calls $3
*** TURN *** [4h 2d Ah] [5h]
tutones87: bets $6
MTails: calls $6
*** RIVER *** [4h 2d Ah 5h] [4s]
tutones87: bets $6
MTails: folds
Uncalled bet ($6) returned to tutones87
tutones87 collected $29.50 from pot
tutones87: doesn't show hand
*** SUMMARY ***
Total pot $30 | Rake $0.50
Board [4h 2d Ah 5h 4s]
Seat 3: tutones87 (big blind) collected ($29.50)
Seat 4: MTails (button) (small blind) folded on the River


PokerStars Hand #151865072337:  Hold'em Limit ($3/$6 USD) - 2016/04/13 13:45:11 ET
Table 'Amalthea II' 6-max Seat #3 is the button
Seat 3: tutones87 ($21.38 in chips)
Seat 4: MTails ($136.40 in chips)
tutones87: posts small blind $1
MTails: posts big blind $3
*** HOLE CARDS ***
tutones87: raises $3 to $6
MTails: raises $3 to $9
tutones87: raises $3 to $12
Betting is capped
MTails: calls $3
*** FLOP *** [3h 2s 2d]
MTails: checks
tutones87: bets $3
MTails: raises $3 to $6
tutones87: raises $3 to $9
MTails: raises $3 to $12
Betting is capped
tutones87: calls $0.38 and is all-in
Uncalled bet ($2.62) returned to MTails
*** TURN *** [3h 2s 2d] [6s]
*** RIVER *** [3h 2s 2d 6s] [6d]
*** SHOW DOWN ***
MTails: shows [Kc Ah] (two pair, Sixes and Deuces)
tutones87: shows [Ac 9h] (two pair, Sixes and Deuces)
MTails collected $21.13 from pot
tutones87 collected $21.13 from pot
*** SUMMARY ***
Total pot $42.76 | Rake $0.50
Board [3h 2s 2d 6s 6d]
Seat 3: tutones87 (button) (small blind) showed [Ac 9h] and won ($21.13) with two pair, Sixes and Deuces
Seat 4: MTails (big blind) showed [Kc Ah] and won ($21.13) with two pair, Sixes and Deuces


PokerStars Hand #151865110601:  Hold'em Limit ($3/$6 USD) - 2016/04/13 13:45:57 ET
Table 'Amalthea II' 6-max Seat #3 is the button
Seat 3: tutones87 ($35.63 in chips)
Seat 4: MTails ($121.15 in chips)
tutones87: posts small blind $1
MTails: posts big blind $3
*** HOLE CARDS ***
tutones87: raises $3 to $6
MTails: calls $3
*** FLOP *** [Kc Kh Jc]
MTails: checks
tutones87: bets $3
MTails: folds
Uncalled bet ($3) returned to tutones87
tutones87 collected $11.76 from pot
tutones87: doesn't show hand
*** SUMMARY ***
Total pot $12 | Rake $0.24
Board [Kc Kh Jc]
Seat 3: tutones87 (button) (small blind) collected ($11.76)
Seat 4: MTails (big blind) folded on the Flop


PokerStars Hand #151865120805:  Hold'em Limit ($3/$6 USD) - 2016/04/13 13:46:09 ET
Table 'Amalthea II' 6-max Seat #4 is the button
Seat 3: tutones87 ($41.39 in chips)
Seat 4: MTails ($115.15 in chips)
MTails: posts small blind $1
tutones87: posts big blind $3
*** HOLE CARDS ***
MTails: raises $3 to $6
tutones87: calls $3
*** FLOP *** [4c Ts 4h]
tutones87: checks
MTails: bets $3
tutones87: calls $3
*** TURN *** [4c Ts 4h] [5c]
tutones87: checks
MTails: bets $6
tutones87: raises $6 to $12
MTails: raises $6 to $18
tutones87: raises $6 to $24
Betting is capped
MTails: calls $6
*** RIVER *** [4c Ts 4h 5c] [5d]
tutones87: bets $6
MTails: raises $6 to $12
tutones87: calls $2.39 and is all-in
Uncalled bet ($3.61) returned to MTails
*** SHOW DOWN ***
MTails: shows [Kc 4s] (a full house, Fours full of Fives)
tutones87: shows [Tc 7d] (two pair, Tens and Fives)
MTails collected $82.28 from pot
*** SUMMARY ***
Total pot $82.78 | Rake $0.50
Board [4c Ts 4h 5c 5d]
Seat 3: tutones87 (big blind) showed [Tc 7d] and lost with two pair, Tens and Fives
Seat 4: MTails (button) (small blind) showed [Kc 4s] and won ($82.28) with a full house, Fours full of Fives


