PokerStars Hand #156152032823:  Hold'em Limit ($3/$6 USD) - 2016/07/18 19:58:16 ET
Table 'Amalasuntha' 6-max Seat #4 is the button
Seat 3: Gusost ($110.57 in chips)
Seat 4: Mordnilap ($74.40 in chips)
Mordnilap: posts small blind $1
Gusost: posts big blind $3
*** HOLE CARDS ***
Mordnilap: raises $3 to $6
Gusost: raises $3 to $9
Mordnilap: calls $3
*** FLOP *** [Kh 9h Jd]
Gusost: bets $3
Mordnilap: calls $3
*** TURN *** [Kh 9h Jd] [2s]
Gusost: bets $6
Mordnilap: calls $6
*** RIVER *** [Kh 9h Jd 2s] [5c]
Gusost: checks
Mordnilap: bets $6
Gusost: raises $6 to $12
Mordnilap: calls $6
*** SHOW DOWN ***
Gusost: shows [Kd 9s] (two pair, Kings and Nines)
Mordnilap: mucks hand
Gusost collected $59.50 from pot
*** SUMMARY ***
Total pot $60 | Rake $0.50
Board [Kh 9h Jd 2s 5c]
Seat 3: Gusost (big blind) showed [Kd 9s] and won ($59.50) with two pair, Kings and Nines
Seat 4: Mordnilap (button) (small blind) mucked


PokerStars Hand #156152047445:  Hold'em Limit ($3/$6 USD) - 2016/07/18 19:58:52 ET
Table 'Amalasuntha' 6-max Seat #3 is the button
Seat 3: Gusost ($140.07 in chips)
Seat 4: Mordnilap ($72 in chips)
Gusost: posts small blind $1
Mordnilap: posts big blind $3
*** HOLE CARDS ***
Gusost: raises $3 to $6
Mordnilap: calls $3
*** FLOP *** [6c 5d 8d]
Mordnilap: checks
Gusost: bets $3
Mordnilap: calls $3
*** TURN *** [6c 5d 8d] [Tc]
Mordnilap: checks
Gusost: checks
*** RIVER *** [6c 5d 8d Tc] [4s]
Mordnilap: bets $6
Gusost: folds
Uncalled bet ($6) returned to Mordnilap
Mordnilap collected $17.64 from pot
Mordnilap: doesn't show hand
*** SUMMARY ***
Total pot $18 | Rake $0.36
Board [6c 5d 8d Tc 4s]
Seat 3: Gusost (button) (small blind) folded on the River
Seat 4: Mordnilap (big blind) collected ($17.64)


PokerStars Hand #156152055030:  Hold'em Limit ($3/$6 USD) - 2016/07/18 19:59:10 ET
Table 'Amalasuntha' 6-max Seat #4 is the button
Seat 3: Gusost ($131.07 in chips)
Seat 4: Mordnilap ($80.64 in chips)
Mordnilap: posts small blind $1
Gusost: posts big blind $3
*** HOLE CARDS ***
Mordnilap: raises $3 to $6
Gusost: calls $3
*** FLOP *** [Ac 4s 5s]
Gusost: checks
Mordnilap: bets $3
Gusost: calls $3
*** TURN *** [Ac 4s 5s] [Jd]
Gusost: checks
Mordnilap: bets $6
Gusost: calls $6
*** RIVER *** [Ac 4s 5s Jd] [Kd]
Gusost: checks
Mordnilap: bets $6
Gusost: calls $6
*** SHOW DOWN ***
Mordnilap: shows [9c Ad] (a pair of Aces)
Gusost: mucks hand
Mordnilap collected $41.50 from pot
*** SUMMARY ***
Total pot $42 | Rake $0.50
Board [Ac 4s 5s Jd Kd]
Seat 3: Gusost (big blind) mucked
Seat 4: Mordnilap (button) (small blind) showed [9c Ad] and won ($41.50) with a pair of Aces


PokerStars Hand #156152065292:  Hold'em Limit ($3/$6 USD) - 2016/07/18 19:59:34 ET
Table 'Amalasuntha' 6-max Seat #3 is the button
Seat 3: Gusost ($110.07 in chips)
Seat 4: Mordnilap ($101.14 in chips)
Gusost: posts small blind $1
Mordnilap: posts big blind $3
*** HOLE CARDS ***
Gusost: raises $3 to $6
Mordnilap: calls $3
*** FLOP *** [9d Qh 3c]
Mordnilap: checks
Gusost: bets $3
Mordnilap: raises $3 to $6
Gusost: calls $3
*** TURN *** [9d Qh 3c] [Qc]
Mordnilap: bets $6
Gusost: calls $6
*** RIVER *** [9d Qh 3c Qc] [6c]
Mordnilap: bets $6
Gusost: calls $6
*** SHOW DOWN ***
Mordnilap: shows [9s 4h] (two pair, Queens and Nines)
Gusost: mucks hand
Mordnilap collected $47.50 from pot
*** SUMMARY ***
Total pot $48 | Rake $0.50
Board [9d Qh 3c Qc 6c]
Seat 3: Gusost (button) (small blind) mucked
Seat 4: Mordnilap (big blind) showed [9s 4h] and won ($47.50) with two pair, Queens and Nines


PokerStars Hand #156152073093:  Hold'em Limit ($3/$6 USD) - 2016/07/18 19:59:53 ET
Table 'Amalasuntha' 6-max Seat #4 is the button
Seat 3: Gusost ($86.07 in chips)
Seat 4: Mordnilap ($124.64 in chips)
Mordnilap: posts small blind $1
Gusost: posts big blind $3
*** HOLE CARDS ***
Mordnilap: raises $3 to $6
Gusost: calls $3
*** FLOP *** [5h 7d 2c]
Gusost: checks
Mordnilap: bets $3
Gusost: raises $3 to $6
Mordnilap: calls $3
*** TURN *** [5h 7d 2c] [5c]
Gusost: bets $6
Mordnilap: raises $6 to $12
Gusost: raises $6 to $18
Mordnilap: calls $6
*** RIVER *** [5h 7d 2c 5c] [2s]
Gusost: bets $6
Mordnilap: calls $6
*** SHOW DOWN ***
Gusost: shows [6d 5d] (a full house, Fives full of Deuces)
Mordnilap: mucks hand
Gusost collected $71.50 from pot
*** SUMMARY ***
Total pot $72 | Rake $0.50
Board [5h 7d 2c 5c 2s]
Seat 3: Gusost (big blind) showed [6d 5d] and won ($71.50) with a full house, Fives full of Deuces
Seat 4: Mordnilap (button) (small blind) mucked


PokerStars Hand #156152088844:  Hold'em Limit ($3/$6 USD) - 2016/07/18 20:00:30 ET
Table 'Amalasuntha' 6-max Seat #4 is the button
Seat 3: Gusost ($142.07 in chips)
Seat 4: Mordnilap ($72 in chips)
Mordnilap: posts small blind $1
Gusost: posts big blind $3
*** HOLE CARDS ***
Mordnilap: raises $3 to $6
Gusost: folds
Uncalled bet ($3) returned to Mordnilap
Mordnilap collected $6 from pot
Mordnilap: doesn't show hand
*** SUMMARY ***
Total pot $6 | Rake $0
Seat 3: Gusost (big blind) folded before Flop
Seat 4: Mordnilap (button) (small blind) collected ($6)


PokerStars Hand #156152080996:  Hold'em Limit ($3/$6 USD) - 2016/07/18 20:00:12 ET
Table 'Amalasuntha' 6-max Seat #3 is the button
Seat 3: Gusost ($121.57 in chips)
Seat 4: Mordnilap ($88.64 in chips)
Gusost: posts small blind $1
Mordnilap: posts big blind $3
*** HOLE CARDS ***
Gusost: raises $3 to $6
Mordnilap: calls $3
*** FLOP *** [9h 2h 7s]
Mordnilap: checks
Gusost: bets $3
Mordnilap: calls $3
*** TURN *** [9h 2h 7s] [3c]
Mordnilap: checks
Gusost: bets $6
Mordnilap: calls $6
*** RIVER *** [9h 2h 7s 3c] [Qc]
Mordnilap: checks
Gusost: bets $6
Mordnilap: calls $6
*** SHOW DOWN ***
Gusost: shows [5d 9s] (a pair of Nines)
Mordnilap: mucks hand
Gusost collected $41.50 from pot
*** SUMMARY ***
Total pot $42 | Rake $0.50
Board [9h 2h 7s 3c Qc]
Seat 3: Gusost (button) (small blind) showed [5d 9s] and won ($41.50) with a pair of Nines
Seat 4: Mordnilap (big blind) mucked


PokerStars Hand #156152096648:  Hold'em Limit ($3/$6 USD) - 2016/07/18 20:00:47 ET
Table 'Amalasuntha' 6-max Seat #4 is the button
Seat 3: Gusost ($147.71 in chips)
Seat 4: Mordnilap ($72 in chips)
Mordnilap: posts small blind $1
Gusost: posts big blind $3
*** HOLE CARDS ***
Mordnilap: folds
Uncalled bet ($2) returned to Gusost
Gusost collected $2 from pot
Gusost: doesn't show hand
*** SUMMARY ***
Total pot $2 | Rake $0
Seat 3: Gusost (big blind) collected ($2)
Seat 4: Mordnilap (button) (small blind) folded before Flop


PokerStars Hand #156152091038:  Hold'em Limit ($3/$6 USD) - 2016/07/18 20:00:35 ET
Table 'Amalasuntha' 6-max Seat #3 is the button
Seat 3: Gusost ($139.07 in chips)
Seat 4: Mordnilap ($75 in chips)
Gusost: posts small blind $1
Mordnilap: posts big blind $3
*** HOLE CARDS ***
Gusost: raises $3 to $6
Mordnilap: calls $3
*** FLOP *** [8s 7c 4s]
Mordnilap: checks
Gusost: bets $3
Mordnilap: calls $3
*** TURN *** [8s 7c 4s] [3d]
Mordnilap: checks
Gusost: bets $6
Mordnilap: folds
Uncalled bet ($6) returned to Gusost
Gusost collected $17.64 from pot
Gusost: doesn't show hand
*** SUMMARY ***
Total pot $18 | Rake $0.36
Board [8s 7c 4s 3d]
Seat 3: Gusost (button) (small blind) collected ($17.64)
Seat 4: Mordnilap (big blind) folded on the Turn


PokerStars Hand #156152098863:  Hold'em Limit ($3/$6 USD) - 2016/07/18 20:00:52 ET
Table 'Amalasuntha' 6-max Seat #3 is the button
Seat 3: Gusost ($148.71 in chips)
Seat 4: Mordnilap ($72 in chips)
Gusost: posts small blind $1
Mordnilap: posts big blind $3
*** HOLE CARDS ***
Gusost: folds
Uncalled bet ($2) returned to Mordnilap
Mordnilap collected $2 from pot
Mordnilap: doesn't show hand
*** SUMMARY ***
Total pot $2 | Rake $0
Seat 3: Gusost (button) (small blind) folded before Flop
Seat 4: Mordnilap (big blind) collected ($2)


PokerStars Hand #156152100973:  Hold'em Limit ($3/$6 USD) - 2016/07/18 20:00:57 ET
Table 'Amalasuntha' 6-max Seat #4 is the button
Seat 3: Gusost ($147.71 in chips)
Seat 4: Mordnilap ($73 in chips)
Mordnilap: posts small blind $1
Gusost: posts big blind $3
*** HOLE CARDS ***
Mordnilap: raises $3 to $6
Gusost: raises $3 to $9
Mordnilap: calls $3
*** FLOP *** [8h 4h 5s]
Gusost: bets $3
Mordnilap: calls $3
*** TURN *** [8h 4h 5s] [Js]
Gusost: bets $6
Mordnilap: folds
Uncalled bet ($6) returned to Gusost
Gusost collected $23.52 from pot
Gusost: doesn't show hand
*** SUMMARY ***
Total pot $24 | Rake $0.48
Board [8h 4h 5s Js]
Seat 3: Gusost (big blind) collected ($23.52)
Seat 4: Mordnilap (button) (small blind) folded on the Turn


PokerStars Hand #156152111141:  Hold'em Limit ($3/$6 USD) - 2016/07/18 20:01:19 ET
Table 'Amalasuntha' 6-max Seat #3 is the button
Seat 3: Gusost ($159.23 in chips)
Seat 4: Mordnilap ($72 in chips)
Gusost: posts small blind $1
Mordnilap: posts big blind $3
*** HOLE CARDS ***
Gusost: raises $3 to $6
Mordnilap: calls $3
*** FLOP *** [3h Kc 3d]
Mordnilap: checks
Gusost: bets $3
Mordnilap: calls $3
*** TURN *** [3h Kc 3d] [5h]
Mordnilap: checks
Gusost: checks
*** RIVER *** [3h Kc 3d 5h] [4h]
Mordnilap: bets $6
Gusost: calls $6
*** SHOW DOWN ***
Mordnilap: shows [Qh 5d] (two pair, Fives and Threes)
Gusost: mucks hand
Mordnilap collected $29.50 from pot
*** SUMMARY ***
Total pot $30 | Rake $0.50
Board [3h Kc 3d 5h 4h]
Seat 3: Gusost (button) (small blind) mucked
Seat 4: Mordnilap (big blind) showed [Qh 5d] and won ($29.50) with two pair, Fives and Threes


PokerStars Hand #156152127124:  Hold'em Limit ($3/$6 USD) - 2016/07/18 20:01:52 ET
Table 'Amalasuntha' 6-max Seat #4 is the button
Seat 3: Gusost ($144.23 in chips)
Seat 4: Mordnilap ($86.50 in chips)
Mordnilap: posts small blind $1
Gusost: posts big blind $3
*** HOLE CARDS ***
Mordnilap: raises $3 to $6
Gusost: raises $3 to $9
Mordnilap: calls $3
*** FLOP *** [5h Qd 8h]
Gusost: bets $3
Mordnilap: calls $3
*** TURN *** [5h Qd 8h] [As]
Gusost: bets $6
Mordnilap: folds
Uncalled bet ($6) returned to Gusost
Gusost collected $23.52 from pot
Gusost: doesn't show hand
*** SUMMARY ***
Total pot $24 | Rake $0.48
Board [5h Qd 8h As]
Seat 3: Gusost (big blind) collected ($23.52)
Seat 4: Mordnilap (button) (small blind) folded on the Turn


PokerStars Hand #156152141305:  Hold'em Limit ($3/$6 USD) - 2016/07/18 20:02:21 ET
Table 'Amalasuntha' 6-max Seat #3 is the button
Seat 3: Gusost ($155.75 in chips)
Seat 4: Mordnilap ($74.50 in chips)
Gusost: posts small blind $1
Mordnilap: posts big blind $3
*** HOLE CARDS ***
Gusost: raises $3 to $6
Mordnilap: calls $3
*** FLOP *** [4h 4s 7s]
Mordnilap: checks
Gusost: bets $3
Mordnilap: calls $3
*** TURN *** [4h 4s 7s] [4d]
Mordnilap: checks
Gusost: bets $6
Mordnilap: folds
Uncalled bet ($6) returned to Gusost
Gusost collected $17.64 from pot
Gusost: doesn't show hand
*** SUMMARY ***
Total pot $18 | Rake $0.36
Board [4h 4s 7s 4d]
Seat 3: Gusost (button) (small blind) collected ($17.64)
Seat 4: Mordnilap (big blind) folded on the Turn


PokerStars Hand #156152147639:  Hold'em Limit ($3/$6 USD) - 2016/07/18 20:02:34 ET
Table 'Amalasuntha' 6-max Seat #4 is the button
Seat 3: Gusost ($164.39 in chips)
Seat 4: Mordnilap ($72 in chips)
Mordnilap: posts small blind $1
Gusost: posts big blind $3
*** HOLE CARDS ***
Mordnilap: raises $3 to $6
Gusost: calls $3
*** FLOP *** [6h 3c Jh]
Gusost: checks
Mordnilap: bets $3
Gusost: raises $3 to $6
Mordnilap: calls $3
*** TURN *** [6h 3c Jh] [Ks]
Gusost: bets $6
Mordnilap: calls $6
*** RIVER *** [6h 3c Jh Ks] [Ac]
Gusost: bets $6
Mordnilap: calls $6
*** SHOW DOWN ***
Gusost: shows [Ad 6s] (two pair, Aces and Sixes)
Mordnilap: mucks hand
Gusost collected $47.50 from pot
*** SUMMARY ***
Total pot $48 | Rake $0.50
Board [6h 3c Jh Ks Ac]
Seat 3: Gusost (big blind) showed [Ad 6s] and won ($47.50) with two pair, Aces and Sixes
Seat 4: Mordnilap (button) (small blind) mucked


PokerStars Hand #156152155105:  Hold'em Limit ($3/$6 USD) - 2016/07/18 20:02:49 ET
Table 'Amalasuntha' 6-max Seat #3 is the button
Seat 3: Gusost ($187.89 in chips)
Seat 4: Mordnilap ($72 in chips)
Gusost: posts small blind $1
Mordnilap: posts big blind $3
*** HOLE CARDS ***
Gusost: raises $3 to $6
Mordnilap: calls $3
*** FLOP *** [Kh 3d Jc]
Mordnilap: checks
Gusost: bets $3
Mordnilap: folds
Uncalled bet ($3) returned to Gusost
Gusost collected $11.76 from pot
Gusost: doesn't show hand
*** SUMMARY ***
Total pot $12 | Rake $0.24
Board [Kh 3d Jc]
Seat 3: Gusost (button) (small blind) collected ($11.76)
Seat 4: Mordnilap (big blind) folded on the Flop


PokerStars Hand #156152163481:  Hold'em Limit ($3/$6 USD) - 2016/07/18 20:03:06 ET
Table 'Amalasuntha' 6-max Seat #3 is the button
Seat 3: Gusost ($187.65 in chips)
Seat 4: Mordnilap ($77.76 in chips)
Gusost: posts small blind $1
Mordnilap: posts big blind $3
*** HOLE CARDS ***
Gusost: folds
Uncalled bet ($2) returned to Mordnilap
Mordnilap collected $2 from pot
Mordnilap: doesn't show hand
*** SUMMARY ***
Total pot $2 | Rake $0
Seat 3: Gusost (button) (small blind) folded before Flop
Seat 4: Mordnilap (big blind) collected ($2)


PokerStars Hand #156152158917:  Hold'em Limit ($3/$6 USD) - 2016/07/18 20:02:57 ET
Table 'Amalasuntha' 6-max Seat #4 is the button
Seat 3: Gusost ($193.65 in chips)
Seat 4: Mordnilap ($72 in chips)
Mordnilap: posts small blind $1
Gusost: posts big blind $3
*** HOLE CARDS ***
Mordnilap: raises $3 to $6
Gusost: calls $3
*** FLOP *** [3s Ah 9s]
Gusost: checks
Mordnilap: bets $3
Gusost: folds
Uncalled bet ($3) returned to Mordnilap
Mordnilap collected $11.76 from pot
Mordnilap: doesn't show hand
*** SUMMARY ***
Total pot $12 | Rake $0.24
Board [3s Ah 9s]
Seat 3: Gusost (big blind) folded on the Flop
Seat 4: Mordnilap (button) (small blind) collected ($11.76)


PokerStars Hand #156152168364:  Hold'em Limit ($3/$6 USD) - 2016/07/18 20:03:16 ET
Table 'Amalasuntha' 6-max Seat #3 is the button
Seat 3: Gusost ($187.65 in chips)
Seat 4: Mordnilap ($77.76 in chips)
Gusost: posts small blind $1
Mordnilap: posts big blind $3
*** HOLE CARDS ***
Gusost: raises $3 to $6
Mordnilap: calls $3
*** FLOP *** [Ac 5c Qs]
Mordnilap: checks
Gusost: bets $3
Mordnilap: folds
Uncalled bet ($3) returned to Gusost
Gusost collected $11.76 from pot
Gusost: doesn't show hand
*** SUMMARY ***
Total pot $12 | Rake $0.24
Board [Ac 5c Qs]
Seat 3: Gusost (button) (small blind) collected ($11.76)
Seat 4: Mordnilap (big blind) folded on the Flop


PokerStars Hand #156152165842:  Hold'em Limit ($3/$6 USD) - 2016/07/18 20:03:11 ET
Table 'Amalasuntha' 6-max Seat #4 is the button
Seat 3: Gusost ($186.65 in chips)
Seat 4: Mordnilap ($78.76 in chips)
Mordnilap: posts small blind $1
Gusost: posts big blind $3
*** HOLE CARDS ***
Mordnilap: folds
Uncalled bet ($2) returned to Gusost
Gusost collected $2 from pot
Gusost: doesn't show hand
*** SUMMARY ***
Total pot $2 | Rake $0
Seat 3: Gusost (big blind) collected ($2)
Seat 4: Mordnilap (button) (small blind) folded before Flop


PokerStars Hand #156152189522:  Hold'em Limit ($3/$6 USD) - 2016/07/18 20:03:59 ET
Table 'Amalasuntha' 6-max Seat #3 is the button
Seat 3: Gusost ($181.17 in chips)
Seat 4: Mordnilap ($83.50 in chips)
Gusost: posts small blind $1
Mordnilap: posts big blind $3
*** HOLE CARDS ***
Gusost: raises $3 to $6
Mordnilap: calls $3
*** FLOP *** [5c Jh 2d]
Mordnilap: checks
Gusost: bets $3
Mordnilap: calls $3
*** TURN *** [5c Jh 2d] [6h]
Mordnilap: checks
Gusost: bets $6
Mordnilap: calls $6
*** RIVER *** [5c Jh 2d 6h] [Qc]
Mordnilap: checks
Gusost: bets $6
Mordnilap: calls $6
*** SHOW DOWN ***
Gusost: shows [Ah Jc] (a pair of Jacks)
Mordnilap: mucks hand
Gusost collected $41.50 from pot
*** SUMMARY ***
Total pot $42 | Rake $0.50
Board [5c Jh 2d 6h Qc]
Seat 3: Gusost (button) (small blind) showed [Ah Jc] and won ($41.50) with a pair of Jacks
Seat 4: Mordnilap (big blind) mucked


PokerStars Hand #156152198959:  Hold'em Limit ($3/$6 USD) - 2016/07/18 20:04:18 ET
Table 'Amalasuntha' 6-max Seat #4 is the button
Seat 3: Gusost ($201.67 in chips)
Seat 4: Mordnilap ($72 in chips)
Mordnilap: posts small blind $1
Gusost: posts big blind $3
*** HOLE CARDS ***
Mordnilap: raises $3 to $6
Gusost: raises $3 to $9
Mordnilap: calls $3
*** FLOP *** [Ac Tc Kc]
Gusost: bets $3
Mordnilap: calls $3
*** TURN *** [Ac Tc Kc] [2s]
Gusost: bets $6
Mordnilap: calls $6
*** RIVER *** [Ac Tc Kc 2s] [9h]
Gusost: bets $6
Mordnilap: folds
Uncalled bet ($6) returned to Gusost
Gusost collected $35.50 from pot
Gusost: doesn't show hand
*** SUMMARY ***
Total pot $36 | Rake $0.50
Board [Ac Tc Kc 2s 9h]
Seat 3: Gusost (big blind) collected ($35.50)
Seat 4: Mordnilap (button) (small blind) folded on the River


PokerStars Hand #156152187288:  Hold'em Limit ($3/$6 USD) - 2016/07/18 20:03:55 ET
Table 'Amalasuntha' 6-max Seat #4 is the button
Seat 3: Gusost ($184.17 in chips)
Seat 4: Mordnilap ($80.50 in chips)
Mordnilap: posts small blind $1
Gusost: posts big blind $3
*** HOLE CARDS ***
Mordnilap: raises $3 to $6
Gusost: folds
Uncalled bet ($3) returned to Mordnilap
Mordnilap collected $6 from pot
Mordnilap: doesn't show hand
*** SUMMARY ***
Total pot $6 | Rake $0
Seat 3: Gusost (big blind) folded before Flop
Seat 4: Mordnilap (button) (small blind) collected ($6)


PokerStars Hand #156152180685:  Hold'em Limit ($3/$6 USD) - 2016/07/18 20:03:41 ET
Table 'Amalasuntha' 6-max Seat #3 is the button
Seat 3: Gusost ($178.41 in chips)
Seat 4: Mordnilap ($86.50 in chips)
Gusost: posts small blind $1
Mordnilap: posts big blind $3
*** HOLE CARDS ***
Gusost: raises $3 to $6
Mordnilap: calls $3
*** FLOP *** [5d Kh Ad]
Mordnilap: checks
Gusost: bets $3
Mordnilap: folds
Uncalled bet ($3) returned to Gusost
Gusost collected $11.76 from pot
Gusost: doesn't show hand
*** SUMMARY ***
Total pot $12 | Rake $0.24
Board [5d Kh Ad]
Seat 3: Gusost (button) (small blind) collected ($11.76)
Seat 4: Mordnilap (big blind) folded on the Flop


PokerStars Hand #156152172241:  Hold'em Limit ($3/$6 USD) - 2016/07/18 20:03:24 ET
Table 'Amalasuntha' 6-max Seat #4 is the button
Seat 3: Gusost ($193.41 in chips)
Seat 4: Mordnilap ($72 in chips)
Mordnilap: posts small blind $1
Gusost: posts big blind $3
*** HOLE CARDS ***
Mordnilap: raises $3 to $6
Gusost: calls $3
*** FLOP *** [Ts Qs 2s]
Gusost: checks
Mordnilap: bets $3
Gusost: calls $3
*** TURN *** [Ts Qs 2s] [5d]
Gusost: checks
Mordnilap: bets $6
Gusost: calls $6
*** RIVER *** [Ts Qs 2s 5d] [Ad]
Gusost: checks
Mordnilap: bets $6
Gusost: folds
Uncalled bet ($6) returned to Mordnilap
Mordnilap collected $29.50 from pot
Mordnilap: doesn't show hand
*** SUMMARY ***
Total pot $30 | Rake $0.50
Board [Ts Qs 2s 5d Ad]
Seat 3: Gusost (big blind) folded on the River
Seat 4: Mordnilap (button) (small blind) collected ($29.50)


PokerStars Hand #156152214760:  Hold'em Limit ($3/$6 USD) - 2016/07/18 20:04:49 ET
Table 'Amalasuntha' 6-max Seat #4 is the button
Seat 3: Gusost ($207.17 in chips)
Seat 4: Mordnilap ($83.52 in chips)
Mordnilap: posts small blind $1
Gusost: posts big blind $3
*** HOLE CARDS ***
Mordnilap: raises $3 to $6
Gusost: raises $3 to $9
Mordnilap: calls $3
*** FLOP *** [2h 6d 4c]
Gusost: bets $3
Mordnilap: calls $3
*** TURN *** [2h 6d 4c] [8d]
Gusost: checks
Mordnilap: bets $6
Gusost: calls $6
*** RIVER *** [2h 6d 4c 8d] [2c]
Gusost: checks
Mordnilap: bets $6
Gusost: calls $6
*** SHOW DOWN ***
Mordnilap: shows [Ks Ac] (a pair of Deuces)
Gusost: mucks hand
Mordnilap collected $47.50 from pot
*** SUMMARY ***
Total pot $48 | Rake $0.50
Board [2h 6d 4c 8d 2c]
Seat 3: Gusost (big blind) mucked
Seat 4: Mordnilap (button) (small blind) showed [Ks Ac] and won ($47.50) with a pair of Deuces


PokerStars Hand #156152206689:  Hold'em Limit ($3/$6 USD) - 2016/07/18 20:04:33 ET
Table 'Amalasuntha' 6-max Seat #3 is the button
Seat 3: Gusost ($219.17 in chips)
Seat 4: Mordnilap ($72 in chips)
Gusost: posts small blind $1
Mordnilap: posts big blind $3
*** HOLE CARDS ***
Gusost: raises $3 to $6
Mordnilap: calls $3
*** FLOP *** [Qh 4s 3s]
Mordnilap: checks
Gusost: checks
*** TURN *** [Qh 4s 3s] [Ks]
Mordnilap: checks
Gusost: bets $6
Mordnilap: calls $6
*** RIVER *** [Qh 4s 3s Ks] [7c]
Mordnilap: checks
Gusost: checks
*** SHOW DOWN ***
Mordnilap: shows [3d 5c] (a pair of Threes)
Gusost: mucks hand
Mordnilap collected $23.52 from pot
*** SUMMARY ***
Total pot $24 | Rake $0.48
Board [Qh 4s 3s Ks 7c]
Seat 3: Gusost (button) (small blind) mucked
Seat 4: Mordnilap (big blind) showed [3d 5c] and won ($23.52) with a pair of Threes


PokerStars Hand #156152255132:  Hold'em Limit ($3/$6 USD) - 2016/07/18 20:06:10 ET
Table 'Amalasuntha' 6-max Seat #4 is the button
Seat 3: Gusost ($182.56 in chips)
Seat 4: Mordnilap ($106.41 in chips)
Mordnilap: posts small blind $1
Gusost: posts big blind $3
*** HOLE CARDS ***
Mordnilap: folds
Uncalled bet ($2) returned to Gusost
Gusost collected $2 from pot
Gusost: doesn't show hand
*** SUMMARY ***
Total pot $2 | Rake $0
Seat 3: Gusost (big blind) collected ($2)
Seat 4: Mordnilap (button) (small blind) folded before Flop


PokerStars Hand #156152245999:  Hold'em Limit ($3/$6 USD) - 2016/07/18 20:05:52 ET
Table 'Amalasuntha' 6-max Seat #3 is the button
Seat 3: Gusost ($182.81 in chips)
Seat 4: Mordnilap ($106.66 in chips)
Gusost: posts small blind $1
Mordnilap: posts big blind $3
*** HOLE CARDS ***
Gusost: raises $3 to $6
Mordnilap: calls $3
*** FLOP *** [Qh 2s Qc]
Mordnilap: checks
Gusost: bets $3
Mordnilap: calls $3
*** TURN *** [Qh 2s Qc] [As]
Mordnilap: checks
Gusost: bets $6
Mordnilap: calls $6
*** RIVER *** [Qh 2s Qc As] [Kc]
Mordnilap: checks
Gusost: checks
*** SHOW DOWN ***
Mordnilap: shows [Kh 3d] (two pair, Kings and Queens)
Gusost: shows [Jh Ks] (two pair, Kings and Queens)
Mordnilap collected $14.75 from pot
Gusost collected $14.75 from pot
*** SUMMARY ***
Total pot $30 | Rake $0.50
Board [Qh 2s Qc As Kc]
Seat 3: Gusost (button) (small blind) showed [Jh Ks] and won ($14.75) with two pair, Kings and Queens
Seat 4: Mordnilap (big blind) showed [Kh 3d] and won ($14.75) with two pair, Kings and Queens


PokerStars Hand #156152238769:  Hold'em Limit ($3/$6 USD) - 2016/07/18 20:05:38 ET
Table 'Amalasuntha' 6-max Seat #4 is the button
Seat 3: Gusost ($191.81 in chips)
Seat 4: Mordnilap ($98.02 in chips)
Mordnilap: posts small blind $1
Gusost: posts big blind $3
*** HOLE CARDS ***
Mordnilap: raises $3 to $6
Gusost: calls $3
*** FLOP *** [8c 8h 8s]
Gusost: checks
Mordnilap: bets $3
Gusost: calls $3
*** TURN *** [8c 8h 8s] [5h]
Gusost: checks
Mordnilap: bets $6
Gusost: folds
Uncalled bet ($6) returned to Mordnilap
Mordnilap collected $17.64 from pot
Mordnilap: doesn't show hand
*** SUMMARY ***
Total pot $18 | Rake $0.36
Board [8c 8h 8s 5h]
Seat 3: Gusost (big blind) folded on the Turn
Seat 4: Mordnilap (button) (small blind) collected ($17.64)


PokerStars Hand #156152224491:  Hold'em Limit ($3/$6 USD) - 2016/07/18 20:05:09 ET
Table 'Amalasuntha' 6-max Seat #3 is the button
Seat 3: Gusost ($183.17 in chips)
Seat 4: Mordnilap ($107.02 in chips)
Gusost: posts small blind $1
Mordnilap: posts big blind $3
*** HOLE CARDS ***
Gusost: raises $3 to $6
Mordnilap: calls $3
*** FLOP *** [9d 9s 9c]
Mordnilap: checks
Gusost: bets $3
Mordnilap: calls $3
*** TURN *** [9d 9s 9c] [Js]
Mordnilap: checks
Gusost: checks
*** RIVER *** [9d 9s 9c Js] [Qc]
Mordnilap: checks
Gusost: bets $6
Mordnilap: folds
Uncalled bet ($6) returned to Gusost
Gusost collected $17.64 from pot
Gusost: doesn't show hand
*** SUMMARY ***
Total pot $18 | Rake $0.36
Board [9d 9s 9c Js Qc]
Seat 3: Gusost (button) (small blind) collected ($17.64)
Seat 4: Mordnilap (big blind) folded on the River


PokerStars Hand #156152286108:  Hold'em Limit ($3/$6 USD) - 2016/07/18 20:07:12 ET
Table 'Amalasuntha' 6-max Seat #3 is the button
Seat 3: Gusost ($169.20 in chips)
Seat 4: Mordnilap ($118.55 in chips)
Gusost: posts small blind $1
Mordnilap: posts big blind $3
*** HOLE CARDS ***
Gusost: raises $3 to $6
Mordnilap: calls $3
*** FLOP *** [7d 4c 4d]
Mordnilap: checks
Gusost: bets $3
Mordnilap: calls $3
*** TURN *** [7d 4c 4d] [Qs]
Mordnilap: checks
Gusost: bets $6
Mordnilap: calls $6
*** RIVER *** [7d 4c 4d Qs] [Ks]
Mordnilap: checks
Gusost: bets $6
Mordnilap: calls $6
*** SHOW DOWN ***
Gusost: shows [6h 8c] (a pair of Fours)
Mordnilap: shows [3d As] (a pair of Fours - Ace kicker)
Mordnilap collected $41.50 from pot
*** SUMMARY ***
Total pot $42 | Rake $0.50
Board [7d 4c 4d Qs Ks]
Seat 3: Gusost (button) (small blind) showed [6h 8c] and lost with a pair of Fours
Seat 4: Mordnilap (big blind) showed [3d As] and won ($41.50) with a pair of Fours


PokerStars Hand #156152278704:  Hold'em Limit ($3/$6 USD) - 2016/07/18 20:06:57 ET
Table 'Amalasuntha' 6-max Seat #4 is the button
Seat 3: Gusost ($184.20 in chips)
Seat 4: Mordnilap ($104.05 in chips)
Mordnilap: posts small blind $1
Gusost: posts big blind $3
*** HOLE CARDS ***
Mordnilap: raises $3 to $6
Gusost: raises $3 to $9
Mordnilap: calls $3
*** FLOP *** [Jh 2h 6d]
Gusost: bets $3
Mordnilap: raises $3 to $6
Gusost: calls $3
*** TURN *** [Jh 2h 6d] [Ts]
Gusost: checks
Mordnilap: bets $6
Gusost: folds
Uncalled bet ($6) returned to Mordnilap
Mordnilap collected $29.50 from pot
Mordnilap: doesn't show hand
*** SUMMARY ***
Total pot $30 | Rake $0.50
Board [Jh 2h 6d Ts]
Seat 3: Gusost (big blind) folded on the Turn
Seat 4: Mordnilap (button) (small blind) collected ($29.50)


PokerStars Hand #156152273162:  Hold'em Limit ($3/$6 USD) - 2016/07/18 20:06:46 ET
Table 'Amalasuntha' 6-max Seat #3 is the button
Seat 3: Gusost ($175.56 in chips)
Seat 4: Mordnilap ($113.05 in chips)
Gusost: posts small blind $1
Mordnilap: posts big blind $3
*** HOLE CARDS ***
Gusost: raises $3 to $6
Mordnilap: calls $3
*** FLOP *** [Td Jh Jc]
Mordnilap: checks
Gusost: bets $3
Mordnilap: calls $3
*** TURN *** [Td Jh Jc] [3h]
Mordnilap: checks
Gusost: bets $6
Mordnilap: folds
Uncalled bet ($6) returned to Gusost
Gusost collected $17.64 from pot
Gusost: doesn't show hand
*** SUMMARY ***
Total pot $18 | Rake $0.36
Board [Td Jh Jc 3h]
Seat 3: Gusost (button) (small blind) collected ($17.64)
Seat 4: Mordnilap (big blind) folded on the Turn


PokerStars Hand #156152270730:  Hold'em Limit ($3/$6 USD) - 2016/07/18 20:06:41 ET
Table 'Amalasuntha' 6-max Seat #4 is the button
Seat 3: Gusost ($174.56 in chips)
Seat 4: Mordnilap ($114.05 in chips)
Mordnilap: posts small blind $1
Gusost: posts big blind $3
*** HOLE CARDS ***
Mordnilap: folds
Uncalled bet ($2) returned to Gusost
Gusost collected $2 from pot
Gusost: doesn't show hand
*** SUMMARY ***
Total pot $2 | Rake $0
Seat 3: Gusost (big blind) collected ($2)
Seat 4: Mordnilap (button) (small blind) folded before Flop


PokerStars Hand #156152265766:  Hold'em Limit ($3/$6 USD) - 2016/07/18 20:06:31 ET
Table 'Amalasuntha' 6-max Seat #3 is the button
Seat 3: Gusost ($183.56 in chips)
Seat 4: Mordnilap ($105.41 in chips)
Gusost: posts small blind $1
Mordnilap: posts big blind $3
*** HOLE CARDS ***
Gusost: raises $3 to $6
Mordnilap: calls $3
*** FLOP *** [2h 4h Ac]
Mordnilap: checks
Gusost: bets $3
Mordnilap: raises $3 to $6
Gusost: folds
Uncalled bet ($3) returned to Mordnilap
Mordnilap collected $17.64 from pot
Mordnilap: doesn't show hand
*** SUMMARY ***
Total pot $18 | Rake $0.36
Board [2h 4h Ac]
Seat 3: Gusost (button) (small blind) folded on the Flop
Seat 4: Mordnilap (big blind) collected ($17.64)


PokerStars Hand #156152310955:  Hold'em Limit ($3/$6 USD) - 2016/07/18 20:08:02 ET
Table 'Amalasuntha' 6-max Seat #3 is the button
Seat 3: Gusost ($162.70 in chips)
Seat 4: Mordnilap ($123.81 in chips)
Gusost: posts small blind $1
Mordnilap: posts big blind $3
*** HOLE CARDS ***
Gusost: raises $3 to $6
Mordnilap: calls $3
*** FLOP *** [7c Qs 7d]
Mordnilap: checks
Gusost: bets $3
Mordnilap: folds
Uncalled bet ($3) returned to Gusost
yayaya joins the table at seat #6
Gusost collected $11.76 from pot
Gusost: doesn't show hand
*** SUMMARY ***
Total pot $12 | Rake $0.24
Board [7c Qs 7d]
Seat 3: Gusost (button) (small blind) collected ($11.76)
Seat 4: Mordnilap (big blind) folded on the Flop


PokerStars Hand #156152306564:  Hold'em Limit ($3/$6 USD) - 2016/07/18 20:07:54 ET
Table 'Amalasuntha' 6-max Seat #4 is the button
Seat 3: Gusost ($168.70 in chips)
Seat 4: Mordnilap ($118.05 in chips)
Mordnilap: posts small blind $1
Gusost: posts big blind $3
*** HOLE CARDS ***
Mordnilap: raises $3 to $6
Gusost: calls $3
*** FLOP *** [3s Ah 4d]
Gusost: checks
Mordnilap: bets $3
Gusost: folds
Uncalled bet ($3) returned to Mordnilap
Mordnilap collected $11.76 from pot
Mordnilap: doesn't show hand
*** SUMMARY ***
Total pot $12 | Rake $0.24
Board [3s Ah 4d]
Seat 3: Gusost (big blind) folded on the Flop
Seat 4: Mordnilap (button) (small blind) collected ($11.76)


PokerStars Hand #156152301619:  Hold'em Limit ($3/$6 USD) - 2016/07/18 20:07:44 ET
Table 'Amalasuntha' 6-max Seat #3 is the button
Seat 3: Gusost ($165.70 in chips)
Seat 4: Mordnilap ($121.05 in chips)
Gusost: posts small blind $1
Mordnilap: posts big blind $3
*** HOLE CARDS ***
Gusost: raises $3 to $6
Mordnilap: folds
Uncalled bet ($3) returned to Gusost
Gusost collected $6 from pot
Gusost: doesn't show hand
*** SUMMARY ***
Total pot $6 | Rake $0
Seat 3: Gusost (button) (small blind) collected ($6)
Seat 4: Mordnilap (big blind) folded before Flop


PokerStars Hand #156152293673:  Hold'em Limit ($3/$6 USD) - 2016/07/18 20:07:27 ET
Table 'Amalasuntha' 6-max Seat #4 is the button
Seat 3: Gusost ($148.20 in chips)
Seat 4: Mordnilap ($139.05 in chips)
Mordnilap: posts small blind $1
Gusost: posts big blind $3
*** HOLE CARDS ***
Mordnilap: raises $3 to $6
Gusost: calls $3
*** FLOP *** [8c 7h 6s]
Gusost: checks
Mordnilap: checks
*** TURN *** [8c 7h 6s] [9s]
Gusost: checks
Mordnilap: bets $6
Gusost: calls $6
*** RIVER *** [8c 7h 6s 9s] [Qh]
Gusost: checks
Mordnilap: bets $6
Gusost: calls $6
*** SHOW DOWN ***
Mordnilap: shows [9d 6d] (two pair, Nines and Sixes)
Gusost: shows [2h 5h] (a straight, Five to Nine)
Gusost collected $35.50 from pot
*** SUMMARY ***
Total pot $36 | Rake $0.50
Board [8c 7h 6s 9s Qh]
Seat 3: Gusost (big blind) showed [2h 5h] and won ($35.50) with a straight, Five to Nine
Seat 4: Mordnilap (button) (small blind) showed [9d 6d] and lost with two pair, Nines and Sixes


PokerStars Hand #156153048621:  Hold'em Limit ($3/$6 USD) - 2016/07/18 20:33:53 ET
Table 'Amalasuntha' 6-max Seat #4 is the button
Seat 4: Mordnilap ($184.91 in chips)
Seat 6: yayaya ($104.48 in chips)
Mordnilap: posts small blind $1
ABATAPP: is sitting out
yayaya: posts big blind $3
*** HOLE CARDS ***
Mordnilap: raises $3 to $6
yayaya: raises $3 to $9
Mordnilap: calls $3
*** FLOP *** [7h 5d 8h]
yayaya: bets $3
Mordnilap: calls $3
*** TURN *** [7h 5d 8h] [2h]
yayaya: bets $6
Mordnilap: calls $6
*** RIVER *** [7h 5d 8h 2h] [3h]
yayaya: checks
Mordnilap: bets $6
yayaya: folds
Uncalled bet ($6) returned to Mordnilap
Mordnilap collected $35.50 from pot
Mordnilap: doesn't show hand
*** SUMMARY ***
Total pot $36 | Rake $0.50
Board [7h 5d 8h 2h 3h]
Seat 4: Mordnilap (button) (small blind) collected ($35.50)
Seat 6: yayaya (big blind) folded on the River


PokerStars Hand #156153335901:  Hold'em Limit ($3/$6 USD) - 2016/07/18 20:44:24 ET
Table 'Amalasuntha' 6-max Seat #4 is the button
Seat 3: LifeisagameX ($89.76 in chips)
Seat 4: ABATAPP ($114 in chips)
ABATAPP: posts small blind $1
LifeisagameX: posts big blind $3
*** HOLE CARDS ***
ABATAPP: raises $3 to $6
LifeisagameX: folds
Uncalled bet ($3) returned to ABATAPP
ABATAPP collected $6 from pot
ABATAPP: doesn't show hand
*** SUMMARY ***
Total pot $6 | Rake $0
Seat 3: LifeisagameX (big blind) folded before Flop
Seat 4: ABATAPP (button) (small blind) collected ($6)


PokerStars Hand #156153321642:  Hold'em Limit ($3/$6 USD) - 2016/07/18 20:43:52 ET
Table 'Amalasuntha' 6-max Seat #3 is the button
Seat 3: LifeisagameX ($84 in chips)
Seat 4: ABATAPP ($120 in chips)
LifeisagameX: posts small blind $1
ABATAPP: posts big blind $3
*** HOLE CARDS ***
LifeisagameX: raises $3 to $6
ABATAPP: calls $3
*** FLOP *** [8c Kd 6h]
ABATAPP: checks
LifeisagameX: bets $3
ABATAPP: folds
Uncalled bet ($3) returned to LifeisagameX
LifeisagameX collected $11.76 from pot
LifeisagameX: doesn't show hand
*** SUMMARY ***
Total pot $12 | Rake $0.24
Board [8c Kd 6h]
Seat 3: LifeisagameX (button) (small blind) collected ($11.76)
Seat 4: ABATAPP (big blind) folded on the Flop


PokerStars Hand #156153340677:  Hold'em Limit ($3/$6 USD) - 2016/07/18 20:44:35 ET
Table 'Amalasuntha' 6-max Seat #3 is the button
Seat 3: LifeisagameX ($86.76 in chips)
Seat 4: ABATAPP ($117 in chips)
LifeisagameX: posts small blind $1
ABATAPP: posts big blind $3
*** HOLE CARDS ***
LifeisagameX: raises $3 to $6
ABATAPP: calls $3
*** FLOP *** [2c 5s 8h]
ABATAPP: checks
LifeisagameX: bets $3
ABATAPP: raises $3 to $6
LifeisagameX: calls $3
*** TURN *** [2c 5s 8h] [2h]
duckster1948 joins the table at seat #2
ABATAPP: bets $6
LifeisagameX: folds
Uncalled bet ($6) returned to ABATAPP
ABATAPP collected $23.52 from pot
ABATAPP: doesn't show hand
*** SUMMARY ***
Total pot $24 | Rake $0.48
Board [2c 5s 8h 2h]
Seat 3: LifeisagameX (button) (small blind) folded on the Turn
Seat 4: ABATAPP (big blind) collected ($23.52)


PokerStars Hand #156153451411:  Hold'em Limit ($3/$6 USD) - 2016/07/18 20:48:26 ET
Table 'Amalasuntha' 6-max Seat #4 is the button
Seat 3: LifeisagameX ($84 in chips)
Seat 4: ABATAPP ($128.09 in chips)
ABATAPP: posts small blind $1
LifeisagameX: posts big blind $3
*** HOLE CARDS ***
ABATAPP: folds
Uncalled bet ($2) returned to LifeisagameX
LifeisagameX collected $2 from pot
LifeisagameX: doesn't show hand
*** SUMMARY ***
Total pot $2 | Rake $0
Seat 3: LifeisagameX (big blind) collected ($2)
Seat 4: ABATAPP (button) (small blind) folded before Flop


PokerStars Hand #156153428912:  Hold'em Limit ($3/$6 USD) - 2016/07/18 20:47:34 ET
Table 'Amalasuntha' 6-max Seat #3 is the button
Seat 3: LifeisagameX ($84 in chips)
Seat 4: ABATAPP ($113.59 in chips)
LifeisagameX: posts small blind $1
ABATAPP: posts big blind $3
*** HOLE CARDS ***
LifeisagameX: raises $3 to $6
ABATAPP: calls $3
*** FLOP *** [4c 5h 2d]
ABATAPP: checks
LifeisagameX: bets $3
ABATAPP: calls $3
*** TURN *** [4c 5h 2d] [9h]
ABATAPP: checks
LifeisagameX: checks
*** RIVER *** [4c 5h 2d 9h] [Js]
ABATAPP: bets $6
LifeisagameX: calls $6
*** SHOW DOWN ***
ABATAPP: shows [Ah 9d] (a pair of Nines)
LifeisagameX: mucks hand
ABATAPP collected $29.50 from pot
*** SUMMARY ***
Total pot $30 | Rake $0.50
Board [4c 5h 2d 9h Js]
Seat 3: LifeisagameX (button) (small blind) mucked
Seat 4: ABATAPP (big blind) showed [Ah 9d] and won ($29.50) with a pair of Nines


PokerStars Hand #156153456566:  Hold'em Limit ($3/$6 USD) - 2016/07/18 20:48:38 ET
Table 'Amalasuntha' 6-max Seat #4 is the button
Seat 3: LifeisagameX ($84 in chips)
Seat 4: ABATAPP ($128.09 in chips)
ABATAPP: posts small blind $1
LifeisagameX: posts big blind $3
*** HOLE CARDS ***
ABATAPP: raises $3 to $6
LifeisagameX: folds
Uncalled bet ($3) returned to ABATAPP
ABATAPP collected $6 from pot
ABATAPP: doesn't show hand
*** SUMMARY ***
Total pot $6 | Rake $0
Seat 3: LifeisagameX (big blind) folded before Flop
Seat 4: ABATAPP (button) (small blind) collected ($6)


PokerStars Hand #156153454148:  Hold'em Limit ($3/$6 USD) - 2016/07/18 20:48:32 ET
Table 'Amalasuntha' 6-max Seat #3 is the button
Seat 3: LifeisagameX ($85 in chips)
Seat 4: ABATAPP ($127.09 in chips)
LifeisagameX: posts small blind $1
ABATAPP: posts big blind $3
*** HOLE CARDS ***
LifeisagameX: folds
Uncalled bet ($2) returned to ABATAPP
ABATAPP collected $2 from pot
ABATAPP: doesn't show hand
*** SUMMARY ***
Total pot $2 | Rake $0
Seat 3: LifeisagameX (button) (small blind) folded before Flop
Seat 4: ABATAPP (big blind) collected ($2)


PokerStars Hand #156153459894:  Hold'em Limit ($3/$6 USD) - 2016/07/18 20:48:46 ET
Table 'Amalasuntha' 6-max Seat #3 is the button
Seat 3: LifeisagameX ($84 in chips)
Seat 4: ABATAPP ($131.09 in chips)
LifeisagameX: posts small blind $1
ABATAPP: posts big blind $3
*** HOLE CARDS ***
LifeisagameX: raises $3 to $6
ABATAPP: folds
Uncalled bet ($3) returned to LifeisagameX
LifeisagameX collected $6 from pot
LifeisagameX: doesn't show hand
*** SUMMARY ***
Total pot $6 | Rake $0
Seat 3: LifeisagameX (button) (small blind) collected ($6)
Seat 4: ABATAPP (big blind) folded before Flop


PokerStars Hand #156153466630:  Hold'em Limit ($3/$6 USD) - 2016/07/18 20:49:01 ET
Table 'Amalasuntha' 6-max Seat #4 is the button
Seat 3: LifeisagameX ($87 in chips)
Seat 4: ABATAPP ($128.09 in chips)
ABATAPP: posts small blind $1
LifeisagameX: posts big blind $3
*** HOLE CARDS ***
ABATAPP: raises $3 to $6
LifeisagameX: calls $3
*** FLOP *** [Ks 2s 3s]
LifeisagameX: checks
ABATAPP: checks
*** TURN *** [Ks 2s 3s] [8s]
LifeisagameX: checks
ABATAPP: checks
*** RIVER *** [Ks 2s 3s 8s] [5d]
LifeisagameX: bets $6
ABATAPP: folds
Uncalled bet ($6) returned to LifeisagameX
LifeisagameX collected $11.76 from pot
LifeisagameX: doesn't show hand
*** SUMMARY ***
Total pot $12 | Rake $0.24
Board [Ks 2s 3s 8s 5d]
Seat 3: LifeisagameX (big blind) collected ($11.76)
Seat 4: ABATAPP (button) (small blind) folded on the River


PokerStars Hand #156153484962:  Hold'em Limit ($3/$6 USD) - 2016/07/18 20:49:44 ET
Table 'Amalasuntha' 6-max Seat #3 is the button
Seat 3: LifeisagameX ($92.76 in chips)
Seat 4: ABATAPP ($122.09 in chips)
LifeisagameX: posts small blind $1
ABATAPP: posts big blind $3
*** HOLE CARDS ***
LifeisagameX: raises $3 to $6
ABATAPP: calls $3
*** FLOP *** [2h 3d Ad]
ABATAPP: checks
LifeisagameX: bets $3
ABATAPP: calls $3
*** TURN *** [2h 3d Ad] [Tc]
ABATAPP: checks
LifeisagameX: bets $6
Actordp31 joins the table at seat #1
ABATAPP: folds
Uncalled bet ($6) returned to LifeisagameX
LifeisagameX collected $17.64 from pot
*** SUMMARY ***
Total pot $18 | Rake $0.36
Board [2h 3d Ad Tc]
Seat 3: LifeisagameX (button) (small blind) collected ($17.64)
Seat 4: ABATAPP (big blind) folded on the Turn


PokerStars Hand #156153503469:  Hold'em Limit ($3/$6 USD) - 2016/07/18 20:50:27 ET
Table 'Amalasuntha' 6-max Seat #1 is the button
Seat 1: Actordp31 ($44.86 in chips)
Seat 4: ABATAPP ($112.09 in chips)
Actordp31: posts small blind $1
LifeisagameX: is sitting out
ABATAPP: posts big blind $3
*** HOLE CARDS ***
LifeisagameX leaves the table
Actordp31: calls $2
ABATAPP: checks
*** FLOP *** [Jh 6c 5c]
ABATAPP: checks
Actordp31: checks
*** TURN *** [Jh 6c 5c] [9h]
ABATAPP: checks
Actordp31: checks
*** RIVER *** [Jh 6c 5c 9h] [As]
ABATAPP: checks
Actordp31: bets $6
ABATAPP: folds
Uncalled bet ($6) returned to Actordp31
Actordp31 collected $5.88 from pot
Actordp31: doesn't show hand
*** SUMMARY ***
Total pot $6 | Rake $0.12
Board [Jh 6c 5c 9h As]
Seat 1: Actordp31 (button) (small blind) collected ($5.88)
Seat 4: ABATAPP (big blind) folded on the River


