PokerStars Hand #152147106479:  Hold'em Limit ($3/$6 USD) - 2016/04/19 12:25:37 ET
Table 'Amanda II' 6-max Seat #3 is the button
Seat 3: fabricio004 ($134.50 in chips)
Seat 6: tamerlan459 ($58.91 in chips)
fabricio004: posts small blind $1
tamerlan459: posts big blind $3
*** HOLE CARDS ***
fabricio004: raises $3 to $6
tamerlan459: calls $3
*** FLOP *** [9h Th 7s]
Masqb joins the table at seat #4
tamerlan459: bets $3
fabricio004: calls $3
*** TURN *** [9h Th 7s] [3d]
tamerlan459: bets $6
fabricio004: calls $6
*** RIVER *** [9h Th 7s 3d] [Jh]
tamerlan459: bets $6
fabricio004: calls $6
*** SHOW DOWN ***
tamerlan459: shows [2s Jc] (a pair of Jacks)
fabricio004: mucks hand
tamerlan459 collected $41.50 from pot
*** SUMMARY ***
Total pot $42 | Rake $0.50
Board [9h Th 7s 3d Jh]
Seat 3: fabricio004 (button) (small blind) mucked
Seat 6: tamerlan459 (big blind) showed [2s Jc] and won ($41.50) with a pair of Jacks


PokerStars Hand #152147090012:  Hold'em Limit ($3/$6 USD) - 2016/04/19 12:25:15 ET
Table 'Amanda II' 6-max Seat #6 is the button
Seat 3: fabricio004 ($120 in chips)
Seat 6: tamerlan459 ($73.91 in chips)
tamerlan459: posts small blind $1
fabricio004: posts big blind $3
*** HOLE CARDS ***
tamerlan459: calls $2
fabricio004: raises $3 to $6
tamerlan459: calls $3
*** FLOP *** [5s Jd 7s]
vestimokrec joins the table at seat #1
fabricio004: bets $3
tamerlan459: calls $3
*** TURN *** [5s Jd 7s] [4c]
fabricio004: checks
tamerlan459: checks
*** RIVER *** [5s Jd 7s 4c] [2d]
GoliafUa joins the table at seat #2
fabricio004: bets $6
tamerlan459: calls $6
*** SHOW DOWN ***
fabricio004: shows [As Th] (high card Ace)
tamerlan459: mucks hand
fabricio004 collected $29.50 from pot
*** SUMMARY ***
Total pot $30 | Rake $0.50
Board [5s Jd 7s 4c 2d]
Seat 3: fabricio004 (big blind) showed [As Th] and won ($29.50) with high card Ace
Seat 6: tamerlan459 (button) (small blind) mucked


PokerStars Hand #152149286438:  Hold'em Limit ($3/$6 USD) - 2016/04/19 13:13:24 ET
Table 'Amanda II' 6-max Seat #3 is the button
Seat 3: Mullern ($46 in chips)
Seat 6: 72bestcard ($73.14 in chips)
Mullern: posts small blind $1
perten: is sitting out
72bestcard: posts big blind $3
*** HOLE CARDS ***
Mullern: raises $3 to $6
72bestcard: calls $3
*** FLOP *** [4d Qh 7d]
72bestcard: checks
Mullern: checks
*** TURN *** [4d Qh 7d] [2d]
72bestcard: bets $6
perten leaves the table
Mullern: calls $6
*** RIVER *** [4d Qh 7d 2d] [8s]
72bestcard: bets $6
Mullern: calls $6
*** SHOW DOWN ***
72bestcard: shows [Jd 5d] (a flush, Jack high)
Mullern: mucks hand
72bestcard collected $35.50 from pot
*** SUMMARY ***
Total pot $36 | Rake $0.50
Board [4d Qh 7d 2d 8s]
Seat 3: Mullern (button) (small blind) mucked
Seat 6: 72bestcard (big blind) showed [Jd 5d] and won ($35.50) with a flush, Jack high


PokerStars Hand #152149305246:  Hold'em Limit ($3/$6 USD) - 2016/04/19 13:13:47 ET
Table 'Amanda II' 6-max Seat #6 is the button
Seat 3: Mullern ($28 in chips)
Seat 6: 72bestcard ($90.64 in chips)
72bestcard: posts small blind $1
Mullern: posts big blind $3
*** HOLE CARDS ***
72bestcard: folds
Uncalled bet ($2) returned to Mullern
Mullern collected $2 from pot
Mullern: doesn't show hand
*** SUMMARY ***
Total pot $2 | Rake $0
Seat 3: Mullern (big blind) collected ($2)
Seat 6: 72bestcard (button) (small blind) folded before Flop


PokerStars Hand #152157984929:  Hold'em Limit ($3/$6 USD) - 2016/04/19 16:01:15 ET
Table 'Amanda II' 6-max Seat #5 is the button
Seat 5: Hi Im Alexey ($85.74 in chips)
Seat 6: pejoba ($134.16 in chips)
Hi Im Alexey: posts small blind $1
pejoba: posts big blind $3
*** HOLE CARDS ***
Hi Im Alexey: raises $3 to $6
pejoba: calls $3
*** FLOP *** [5h 4s 5s]
pejoba: checks
Hi Im Alexey: bets $3
pejoba: raises $3 to $6
Hi Im Alexey: calls $3
*** TURN *** [5h 4s 5s] [Ah]
pejoba: bets $6
Hi Im Alexey: folds
Uncalled bet ($6) returned to pejoba
pejoba collected $23.52 from pot
pejoba: doesn't show hand
*** SUMMARY ***
Total pot $24 | Rake $0.48
Board [5h 4s 5s Ah]
Seat 5: Hi Im Alexey (button) (small blind) folded on the Turn
Seat 6: pejoba (big blind) collected ($23.52)


PokerStars Hand #152158014488:  Hold'em Limit ($3/$6 USD) - 2016/04/19 16:01:49 ET
Table 'Amanda II' 6-max Seat #5 is the button
Seat 5: Hi Im Alexey ($72 in chips)
Seat 6: pejoba ($148.68 in chips)
Hi Im Alexey: posts small blind $1
pejoba: posts big blind $3
*** HOLE CARDS ***
Hi Im Alexey: raises $3 to $6
pejoba: calls $3
*** FLOP *** [Ts Th 8d]
pejoba: checks
Hi Im Alexey: checks
*** TURN *** [Ts Th 8d] [2h]
pejoba: bets $6
Hi Im Alexey: folds
Uncalled bet ($6) returned to pejoba
pejoba collected $11.76 from pot
pejoba: doesn't show hand
*** SUMMARY ***
Total pot $12 | Rake $0.24
Board [Ts Th 8d 2h]
Seat 5: Hi Im Alexey (button) (small blind) folded on the Turn
Seat 6: pejoba (big blind) collected ($11.76)


PokerStars Hand #152158048485:  Hold'em Limit ($3/$6 USD) - 2016/04/19 16:02:27 ET
Table 'Amanda II' 6-max Seat #6 is the button
Seat 5: Hi Im Alexey ($72 in chips)
Seat 6: pejoba ($154.44 in chips)
pejoba: posts small blind $1
Hi Im Alexey: posts big blind $3
*** HOLE CARDS ***
pejoba: folds
Uncalled bet ($2) returned to Hi Im Alexey
Hi Im Alexey collected $2 from pot
*** SUMMARY ***
Total pot $2 | Rake $0
Seat 5: Hi Im Alexey (big blind) collected ($2)
Seat 6: pejoba (button) (small blind) folded before Flop


PokerStars Hand #152158006220:  Hold'em Limit ($3/$6 USD) - 2016/04/19 16:01:39 ET
Table 'Amanda II' 6-max Seat #6 is the button
Seat 5: Hi Im Alexey ($73.74 in chips)
Seat 6: pejoba ($145.68 in chips)
pejoba: posts small blind $1
Hi Im Alexey: posts big blind $3
*** HOLE CARDS ***
pejoba: raises $3 to $6
Hi Im Alexey: folds
Uncalled bet ($3) returned to pejoba
pejoba collected $6 from pot
pejoba: doesn't show hand
*** SUMMARY ***
Total pot $6 | Rake $0
Seat 5: Hi Im Alexey (big blind) folded before Flop
Seat 6: pejoba (button) (small blind) collected ($6)


PokerStars Hand #152158053205:  Hold'em Limit ($3/$6 USD) - 2016/04/19 16:02:32 ET
Table 'Amanda II' 6-max Seat #5 is the button
Seat 5: Hi Im Alexey ($73 in chips)
Seat 6: pejoba ($153.44 in chips)
Hi Im Alexey: posts small blind $1
pejoba: posts big blind $3
*** HOLE CARDS ***
Hi Im Alexey: raises $3 to $6
pejoba: calls $3
*** FLOP *** [Qd 3c As]
pejoba: folds
Hi Im Alexey collected $11.76 from pot
*** SUMMARY ***
Total pot $12 | Rake $0.24
Board [Qd 3c As]
Seat 5: Hi Im Alexey (button) (small blind) collected ($11.76)
Seat 6: pejoba (big blind) folded on the Flop


PokerStars Hand #152158069716:  Hold'em Limit ($3/$6 USD) - 2016/04/19 16:02:50 ET
Table 'Amanda II' 6-max Seat #6 is the button
Seat 5: Hi Im Alexey ($78.76 in chips)
Seat 6: pejoba ($147.44 in chips)
pejoba: posts small blind $1
Hi Im Alexey: posts big blind $3
*** HOLE CARDS ***
pejoba: folds
Uncalled bet ($2) returned to Hi Im Alexey
Hi Im Alexey collected $2 from pot
*** SUMMARY ***
Total pot $2 | Rake $0
Seat 5: Hi Im Alexey (big blind) collected ($2)
Seat 6: pejoba (button) (small blind) folded before Flop


PokerStars Hand #152158096175:  Hold'em Limit ($3/$6 USD) - 2016/04/19 16:03:18 ET
Table 'Amanda II' 6-max Seat #6 is the button
Seat 5: Hi Im Alexey ($72 in chips)
Seat 6: pejoba ($157.96 in chips)
pejoba: posts small blind $1
Hi Im Alexey: posts big blind $3
*** HOLE CARDS ***
pejoba: folds
Uncalled bet ($2) returned to Hi Im Alexey
Hi Im Alexey collected $2 from pot
*** SUMMARY ***
Total pot $2 | Rake $0
Seat 5: Hi Im Alexey (big blind) collected ($2)
Seat 6: pejoba (button) (small blind) folded before Flop


PokerStars Hand #152158074228:  Hold'em Limit ($3/$6 USD) - 2016/04/19 16:02:55 ET
Table 'Amanda II' 6-max Seat #5 is the button
Seat 5: Hi Im Alexey ($79.76 in chips)
Seat 6: pejoba ($146.44 in chips)
Hi Im Alexey: posts small blind $1
pejoba: posts big blind $3
*** HOLE CARDS ***
Hi Im Alexey: raises $3 to $6
pejoba: raises $3 to $9
Hi Im Alexey: calls $3
*** FLOP *** [Qh Tc 8d]
pejoba: bets $3
Hi Im Alexey: calls $3
*** TURN *** [Qh Tc 8d] [4d]
pejoba: bets $6
Hi Im Alexey: folds
Uncalled bet ($6) returned to pejoba
pejoba collected $23.52 from pot
pejoba: doesn't show hand
*** SUMMARY ***
Total pot $24 | Rake $0.48
Board [Qh Tc 8d 4d]
Seat 5: Hi Im Alexey (button) (small blind) folded on the Turn
Seat 6: pejoba (big blind) collected ($23.52)


PokerStars Hand #152158100435:  Hold'em Limit ($3/$6 USD) - 2016/04/19 16:03:23 ET
Table 'Amanda II' 6-max Seat #5 is the button
Seat 5: Hi Im Alexey ($73 in chips)
Seat 6: pejoba ($156.96 in chips)
Hi Im Alexey: posts small blind $1
pejoba: posts big blind $3
*** HOLE CARDS ***
Hi Im Alexey: raises $3 to $6
pejoba: calls $3
*** FLOP *** [Qd 4s Qc]
pejoba: checks
Hi Im Alexey: bets $3
pejoba: raises $3 to $6
Hi Im Alexey: calls $3
*** TURN *** [Qd 4s Qc] [2d]
pejoba: bets $6
Hi Im Alexey: calls $6
*** RIVER *** [Qd 4s Qc 2d] [8c]
pejoba: bets $6
Hi Im Alexey: calls $6
*** SHOW DOWN ***
pejoba: shows [6d Qh] (three of a kind, Queens)
Hi Im Alexey: mucks hand
pejoba collected $47.50 from pot
*** SUMMARY ***
Total pot $48 | Rake $0.50
Board [Qd 4s Qc 2d 8c]
Seat 5: Hi Im Alexey (button) (small blind) mucked
Seat 6: pejoba (big blind) showed [6d Qh] and won ($47.50) with three of a kind, Queens


PokerStars Hand #152158125882:  Hold'em Limit ($3/$6 USD) - 2016/04/19 16:03:50 ET
Table 'Amanda II' 6-max Seat #6 is the button
Seat 5: Hi Im Alexey ($72 in chips)
Seat 6: pejoba ($180.46 in chips)
pejoba: posts small blind $1
Hi Im Alexey: posts big blind $3
*** HOLE CARDS ***
pejoba: raises $3 to $6
Hi Im Alexey: raises $3 to $9
pejoba: calls $3
*** FLOP *** [7s 4h 7d]
Hi Im Alexey: bets $3
pejoba: calls $3
*** TURN *** [7s 4h 7d] [8s]
Hi Im Alexey: bets $6
pejoba: folds
Uncalled bet ($6) returned to Hi Im Alexey
Hi Im Alexey collected $23.52 from pot
*** SUMMARY ***
Total pot $24 | Rake $0.48
Board [7s 4h 7d 8s]
Seat 5: Hi Im Alexey (big blind) collected ($23.52)
Seat 6: pejoba (button) (small blind) folded on the Turn


PokerStars Hand #152158142130:  Hold'em Limit ($3/$6 USD) - 2016/04/19 16:04:08 ET
Table 'Amanda II' 6-max Seat #5 is the button
Seat 5: Hi Im Alexey ($83.52 in chips)
Seat 6: pejoba ($168.46 in chips)
Hi Im Alexey: posts small blind $1
pejoba: posts big blind $3
*** HOLE CARDS ***
Hi Im Alexey: folds
Uncalled bet ($2) returned to pejoba
pejoba collected $2 from pot
pejoba: doesn't show hand
*** SUMMARY ***
Total pot $2 | Rake $0
Seat 5: Hi Im Alexey (button) (small blind) folded before Flop
Seat 6: pejoba (big blind) collected ($2)


PokerStars Hand #152158149373:  Hold'em Limit ($3/$6 USD) - 2016/04/19 16:04:15 ET
Table 'Amanda II' 6-max Seat #6 is the button
Seat 5: Hi Im Alexey ($82.52 in chips)
Seat 6: pejoba ($169.46 in chips)
pejoba: posts small blind $1
Hi Im Alexey: posts big blind $3
*** HOLE CARDS ***
pejoba: folds
Uncalled bet ($2) returned to Hi Im Alexey
Hi Im Alexey collected $2 from pot
*** SUMMARY ***
Total pot $2 | Rake $0
Seat 5: Hi Im Alexey (big blind) collected ($2)
Seat 6: pejoba (button) (small blind) folded before Flop


PokerStars Hand #152158225778:  Hold'em Limit ($3/$6 USD) - 2016/04/19 16:05:37 ET
Table 'Amanda II' 6-max Seat #5 is the button
Seat 5: Hi Im Alexey ($83.52 in chips)
Seat 6: pejoba ($185.96 in chips)
Hi Im Alexey: posts small blind $1
pejoba: posts big blind $3
*** HOLE CARDS ***
Hi Im Alexey: folds
Uncalled bet ($2) returned to pejoba
pejoba collected $2 from pot
pejoba: doesn't show hand
*** SUMMARY ***
Total pot $2 | Rake $0
Seat 5: Hi Im Alexey (button) (small blind) folded before Flop
Seat 6: pejoba (big blind) collected ($2)


PokerStars Hand #152158154066:  Hold'em Limit ($3/$6 USD) - 2016/04/19 16:04:20 ET
Table 'Amanda II' 6-max Seat #5 is the button
Seat 5: Hi Im Alexey ($83.52 in chips)
Seat 6: pejoba ($168.46 in chips)
Hi Im Alexey: posts small blind $1
pejoba: posts big blind $3
*** HOLE CARDS ***
Hi Im Alexey: raises $3 to $6
pejoba: calls $3
*** FLOP *** [8s 7d Th]
pejoba: checks
Hi Im Alexey: bets $3
pejoba: raises $3 to $6
Hi Im Alexey: calls $3
*** TURN *** [8s 7d Th] [5d]
pejoba: bets $6
Hi Im Alexey: raises $6 to $12
pejoba: calls $6
*** RIVER *** [8s 7d Th 5d] [8d]
pejoba: bets $6
Hi Im Alexey: calls $6
*** SHOW DOWN ***
pejoba: shows [Td 9d] (a flush, Ten high)
Hi Im Alexey: mucks hand
pejoba collected $59.50 from pot
*** SUMMARY ***
Total pot $60 | Rake $0.50
Board [8s 7d Th 5d 8d]
Seat 5: Hi Im Alexey (button) (small blind) mucked
Seat 6: pejoba (big blind) showed [Td 9d] and won ($59.50) with a flush, Ten high


PokerStars Hand #152158196398:  Hold'em Limit ($3/$6 USD) - 2016/04/19 16:05:05 ET
Table 'Amanda II' 6-max Seat #6 is the button
Seat 5: Hi Im Alexey ($72 in chips)
Seat 6: pejoba ($197.96 in chips)
pejoba: posts small blind $1
Hi Im Alexey: posts big blind $3
*** HOLE CARDS ***
pejoba: raises $3 to $6
Hi Im Alexey: raises $3 to $9
pejoba: calls $3
*** FLOP *** [8d Ks Th]
Hi Im Alexey: bets $3
pejoba: calls $3
*** TURN *** [8d Ks Th] [4d]
Hi Im Alexey: bets $6
pejoba: folds
Uncalled bet ($6) returned to Hi Im Alexey
Hi Im Alexey collected $23.52 from pot
*** SUMMARY ***
Total pot $24 | Rake $0.48
Board [8d Ks Th 4d]
Seat 5: Hi Im Alexey (big blind) collected ($23.52)
Seat 6: pejoba (button) (small blind) folded on the Turn


PokerStars Hand #152158215094:  Hold'em Limit ($3/$6 USD) - 2016/04/19 16:05:25 ET
Table 'Amanda II' 6-max Seat #5 is the button
Seat 5: Hi Im Alexey ($83.52 in chips)
Seat 6: pejoba ($185.96 in chips)
Hi Im Alexey: posts small blind $1
pejoba: posts big blind $3
*** HOLE CARDS ***
Hi Im Alexey: folds
Uncalled bet ($2) returned to pejoba
pejoba collected $2 from pot
pejoba: doesn't show hand
*** SUMMARY ***
Total pot $2 | Rake $0
Seat 5: Hi Im Alexey (button) (small blind) folded before Flop
Seat 6: pejoba (big blind) collected ($2)


PokerStars Hand #152158221356:  Hold'em Limit ($3/$6 USD) - 2016/04/19 16:05:32 ET
Table 'Amanda II' 6-max Seat #6 is the button
Seat 5: Hi Im Alexey ($82.52 in chips)
Seat 6: pejoba ($186.96 in chips)
pejoba: posts small blind $1
Hi Im Alexey: posts big blind $3
*** HOLE CARDS ***
pejoba: folds
Uncalled bet ($2) returned to Hi Im Alexey
Hi Im Alexey collected $2 from pot
*** SUMMARY ***
Total pot $2 | Rake $0
Seat 5: Hi Im Alexey (big blind) collected ($2)
Seat 6: pejoba (button) (small blind) folded before Flop


PokerStars Hand #152158237623:  Hold'em Limit ($3/$6 USD) - 2016/04/19 16:05:49 ET
Table 'Amanda II' 6-max Seat #5 is the button
Seat 5: Hi Im Alexey ($83.52 in chips)
Seat 6: pejoba ($185.96 in chips)
Hi Im Alexey: posts small blind $1
pejoba: posts big blind $3
*** HOLE CARDS ***
Hi Im Alexey: raises $3 to $6
pejoba: raises $3 to $9
Hi Im Alexey: calls $3
*** FLOP *** [6c Ts 4s]
pejoba: bets $3
Hi Im Alexey: calls $3
*** TURN *** [6c Ts 4s] [2h]
pejoba: bets $6
Hi Im Alexey: calls $6
*** RIVER *** [6c Ts 4s 2h] [8d]
pejoba: bets $6
Hi Im Alexey: calls $6
*** SHOW DOWN ***
pejoba: shows [Qh As] (high card Ace)
Hi Im Alexey: shows [Ac 8h] (a pair of Eights)
Hi Im Alexey collected $47.50 from pot
*** SUMMARY ***
Total pot $48 | Rake $0.50
Board [6c Ts 4s 2h 8d]
Seat 5: Hi Im Alexey (button) (small blind) showed [Ac 8h] and won ($47.50) with a pair of Eights
Seat 6: pejoba (big blind) showed [Qh As] and lost with high card Ace


PokerStars Hand #152158257421:  Hold'em Limit ($3/$6 USD) - 2016/04/19 16:06:11 ET
Table 'Amanda II' 6-max Seat #6 is the button
Seat 5: Hi Im Alexey ($107.02 in chips)
Seat 6: pejoba ($161.96 in chips)
pejoba: posts small blind $1
Hi Im Alexey: posts big blind $3
*** HOLE CARDS ***
pejoba: folds
Uncalled bet ($2) returned to Hi Im Alexey
Hi Im Alexey collected $2 from pot
*** SUMMARY ***
Total pot $2 | Rake $0
Seat 5: Hi Im Alexey (big blind) collected ($2)
Seat 6: pejoba (button) (small blind) folded before Flop


PokerStars Hand #152158278125:  Hold'em Limit ($3/$6 USD) - 2016/04/19 16:06:33 ET
Table 'Amanda II' 6-max Seat #6 is the button
Seat 5: Hi Im Alexey ($96.02 in chips)
Seat 6: pejoba ($172.48 in chips)
pejoba: posts small blind $1
Hi Im Alexey: posts big blind $3
*** HOLE CARDS ***
pejoba: folds
Uncalled bet ($2) returned to Hi Im Alexey
Hi Im Alexey collected $2 from pot
*** SUMMARY ***
Total pot $2 | Rake $0
Seat 5: Hi Im Alexey (big blind) collected ($2)
Seat 6: pejoba (button) (small blind) folded before Flop


PokerStars Hand #152158233056:  Hold'em Limit ($3/$6 USD) - 2016/04/19 16:05:45 ET
Table 'Amanda II' 6-max Seat #6 is the button
Seat 5: Hi Im Alexey ($82.52 in chips)
Seat 6: pejoba ($186.96 in chips)
pejoba: posts small blind $1
Hi Im Alexey: posts big blind $3
*** HOLE CARDS ***
pejoba: folds
Uncalled bet ($2) returned to Hi Im Alexey
Hi Im Alexey collected $2 from pot
*** SUMMARY ***
Total pot $2 | Rake $0
Seat 5: Hi Im Alexey (big blind) collected ($2)
Seat 6: pejoba (button) (small blind) folded before Flop


PokerStars Hand #152158261856:  Hold'em Limit ($3/$6 USD) - 2016/04/19 16:06:16 ET
Table 'Amanda II' 6-max Seat #5 is the button
Seat 5: Hi Im Alexey ($108.02 in chips)
Seat 6: pejoba ($160.96 in chips)
Hi Im Alexey: posts small blind $1
pejoba: posts big blind $3
*** HOLE CARDS ***
Hi Im Alexey: raises $3 to $6
pejoba: calls $3
*** FLOP *** [Kh 7s Kc]
pejoba: checks
Hi Im Alexey: bets $3
pejoba: raises $3 to $6
Hi Im Alexey: calls $3
*** TURN *** [Kh 7s Kc] [4c]
pejoba: bets $6
Hi Im Alexey: folds
Uncalled bet ($6) returned to pejoba
pejoba collected $23.52 from pot
pejoba: doesn't show hand
*** SUMMARY ***
Total pot $24 | Rake $0.48
Board [Kh 7s Kc 4c]
Seat 5: Hi Im Alexey (button) (small blind) folded on the Turn
Seat 6: pejoba (big blind) collected ($23.52)


PokerStars Hand #152158282620:  Hold'em Limit ($3/$6 USD) - 2016/04/19 16:06:38 ET
Table 'Amanda II' 6-max Seat #5 is the button
Seat 5: Hi Im Alexey ($97.02 in chips)
Seat 6: pejoba ($171.48 in chips)
Hi Im Alexey: posts small blind $1
pejoba: posts big blind $3
*** HOLE CARDS ***
Hi Im Alexey: raises $3 to $6
pejoba: raises $3 to $9
Hi Im Alexey: calls $3
*** FLOP *** [6h 4s 8h]
pejoba: bets $3
Hi Im Alexey: calls $3
*** TURN *** [6h 4s 8h] [Ts]
pejoba: bets $6
Hi Im Alexey: raises $6 to $12
pejoba: raises $6 to $18
Hi Im Alexey: raises $6 to $24
Betting is capped
pejoba: calls $6
*** RIVER *** [6h 4s 8h Ts] [6d]
pejoba: bets $6
Hi Im Alexey: raises $6 to $12
pejoba: folds
Uncalled bet ($6) returned to Hi Im Alexey
Hi Im Alexey collected $83.50 from pot
*** SUMMARY ***
Total pot $84 | Rake $0.50
Board [6h 4s 8h Ts 6d]
Seat 5: Hi Im Alexey (button) (small blind) collected ($83.50)
Seat 6: pejoba (big blind) folded on the River


PokerStars Hand #152158337204:  Hold'em Limit ($3/$6 USD) - 2016/04/19 16:07:37 ET
Table 'Amanda II' 6-max Seat #5 is the button
Seat 5: Hi Im Alexey ($159.02 in chips)
Seat 6: pejoba ($108.48 in chips)
Hi Im Alexey: posts small blind $1
pejoba: posts big blind $3
*** HOLE CARDS ***
Hi Im Alexey: folds
Uncalled bet ($2) returned to pejoba
pejoba collected $2 from pot
pejoba: doesn't show hand
*** SUMMARY ***
Total pot $2 | Rake $0
Seat 5: Hi Im Alexey (button) (small blind) folded before Flop
Seat 6: pejoba (big blind) collected ($2)


PokerStars Hand #152158303054:  Hold'em Limit ($3/$6 USD) - 2016/04/19 16:07:00 ET
Table 'Amanda II' 6-max Seat #6 is the button
Seat 5: Hi Im Alexey ($138.52 in chips)
Seat 6: pejoba ($129.48 in chips)
pejoba: posts small blind $1
Hi Im Alexey: posts big blind $3
*** HOLE CARDS ***
pejoba: raises $3 to $6
Hi Im Alexey: calls $3
*** FLOP *** [8c 3d 3h]
Hi Im Alexey: checks
pejoba: bets $3
Hi Im Alexey: calls $3
*** TURN *** [8c 3d 3h] [Ah]
Hi Im Alexey: checks
pejoba: bets $6
Hi Im Alexey: calls $6
*** RIVER *** [8c 3d 3h Ah] [2h]
Hi Im Alexey: checks
pejoba: bets $6
Hi Im Alexey: calls $6
*** SHOW DOWN ***
pejoba: shows [9s 9h] (two pair, Nines and Threes)
Hi Im Alexey: shows [Ad 4s] (two pair, Aces and Threes)
Hi Im Alexey collected $41.50 from pot
*** SUMMARY ***
Total pot $42 | Rake $0.50
Board [8c 3d 3h Ah 2h]
Seat 5: Hi Im Alexey (big blind) showed [Ad 4s] and won ($41.50) with two pair, Aces and Threes
Seat 6: pejoba (button) (small blind) showed [9s 9h] and lost with two pair, Nines and Threes


PokerStars Hand #152158349300:  Hold'em Limit ($3/$6 USD) - 2016/04/19 16:07:50 ET
Table 'Amanda II' 6-max Seat #5 is the button
Seat 5: Hi Im Alexey ($159.02 in chips)
Seat 6: pejoba ($108.48 in chips)
Hi Im Alexey: posts small blind $1
pejoba: posts big blind $3
*** HOLE CARDS ***
Hi Im Alexey: folds
Uncalled bet ($2) returned to pejoba
pejoba collected $2 from pot
pejoba: doesn't show hand
*** SUMMARY ***
Total pot $2 | Rake $0
Seat 5: Hi Im Alexey (button) (small blind) folded before Flop
Seat 6: pejoba (big blind) collected ($2)


PokerStars Hand #152158344732:  Hold'em Limit ($3/$6 USD) - 2016/04/19 16:07:45 ET
Table 'Amanda II' 6-max Seat #6 is the button
Seat 5: Hi Im Alexey ($158.02 in chips)
Seat 6: pejoba ($109.48 in chips)
pejoba: posts small blind $1
Hi Im Alexey: posts big blind $3
*** HOLE CARDS ***
pejoba: folds
Uncalled bet ($2) returned to Hi Im Alexey
MDabike1975 joins the table at seat #4
Hi Im Alexey collected $2 from pot
*** SUMMARY ***
Total pot $2 | Rake $0
Seat 5: Hi Im Alexey (big blind) collected ($2)
Seat 6: pejoba (button) (small blind) folded before Flop


PokerStars Hand #152160757997:  Hold'em Limit ($3/$6 USD) - 2016/04/19 16:50:47 ET
Table 'Amanda II' 6-max Seat #4 is the button
Seat 3: ABATAPP ($210.63 in chips)
Seat 4: jama gama ($89.43 in chips)
jama gama: posts small blind $1
anetkaapro was removed from the table for failing to post
HeyTheRoof: is sitting out
ABATAPP: posts big blind $3
*** HOLE CARDS ***
jama gama: folds
Uncalled bet ($2) returned to ABATAPP
HeyTheRoof leaves the table
ABATAPP collected $2 from pot
ABATAPP: doesn't show hand
*** SUMMARY ***
Total pot $2 | Rake $0
Seat 3: ABATAPP (big blind) collected ($2)
Seat 4: jama gama (button) (small blind) folded before Flop


PokerStars Hand #152160766751:  Hold'em Limit ($3/$6 USD) - 2016/04/19 16:50:55 ET
Table 'Amanda II' 6-max Seat #3 is the button
Seat 3: ABATAPP ($211.63 in chips)
Seat 4: jama gama ($88.43 in chips)
ABATAPP: posts small blind $1
jama gama: posts big blind $3
*** HOLE CARDS ***
ABATAPP: folds
Uncalled bet ($2) returned to jama gama
ABATAPP leaves the table
jama gama collected $2 from pot
*** SUMMARY ***
Total pot $2 | Rake $0
Seat 3: ABATAPP (button) (small blind) folded before Flop
Seat 4: jama gama (big blind) collected ($2)


