PokerStars Hand #152920930387:  Hold'em Limit ($3/$6 USD) - 2016/05/06 4:29:30 ET
Table 'Amanda' 6-max Seat #6 is the button
Seat 4: VolkovDmitri ($120 in chips)
Seat 6: JoeBlack1982 ($186 in chips)
JoeBlack1982: posts small blind $1
VolkovDmitri: posts big blind $3
*** HOLE CARDS ***
JoeBlack1982: raises $3 to $6
VolkovDmitri: calls $3
*** FLOP *** [7c Th 4d]
VolkovDmitri: checks
JoeBlack1982: bets $3
VolkovDmitri: calls $3
*** TURN *** [7c Th 4d] [5s]
VolkovDmitri: checks
JoeBlack1982: bets $6
VolkovDmitri: folds
Uncalled bet ($6) returned to JoeBlack1982
JoeBlack1982 collected $17.64 from pot
JoeBlack1982: doesn't show hand
*** SUMMARY ***
Total pot $18 | Rake $0.36
Board [7c Th 4d 5s]
Seat 4: VolkovDmitri (big blind) folded on the Turn
Seat 6: JoeBlack1982 (button) (small blind) collected ($17.64)


PokerStars Hand #152920966932:  Hold'em Limit ($3/$6 USD) - 2016/05/06 4:30:54 ET
Table 'Amanda' 6-max Seat #6 is the button
Seat 4: VolkovDmitri ($125.76 in chips)
Seat 6: JoeBlack1982 ($188.64 in chips)
JoeBlack1982: posts small blind $1
VolkovDmitri: posts big blind $3
*** HOLE CARDS ***
JoeBlack1982: raises $3 to $6
VolkovDmitri: calls $3
*** FLOP *** [7d 2c 9h]
VolkovDmitri: checks
JoeBlack1982: bets $3
VolkovDmitri: calls $3
*** TURN *** [7d 2c 9h] [5s]
VolkovDmitri: checks
JoeBlack1982: bets $6
VolkovDmitri: calls $6
*** RIVER *** [7d 2c 9h 5s] [8c]
VolkovDmitri: checks
JoeBlack1982: bets $6
VolkovDmitri: folds
Uncalled bet ($6) returned to JoeBlack1982
JoeBlack1982 collected $29.50 from pot
JoeBlack1982: doesn't show hand
*** SUMMARY ***
Total pot $30 | Rake $0.50
Board [7d 2c 9h 5s 8c]
Seat 4: VolkovDmitri (big blind) folded on the River
Seat 6: JoeBlack1982 (button) (small blind) collected ($29.50)


PokerStars Hand #152921002286:  Hold'em Limit ($3/$6 USD) - 2016/05/06 4:32:41 ET
Table 'Amanda' 6-max Seat #6 is the button
Seat 4: VolkovDmitri ($120 in chips)
Seat 6: JoeBlack1982 ($211.78 in chips)
JoeBlack1982: posts small blind $1
VolkovDmitri: posts big blind $3
*** HOLE CARDS ***
JoeBlack1982: folds
Uncalled bet ($2) returned to VolkovDmitri
VolkovDmitri collected $2 from pot
VolkovDmitri: doesn't show hand
*** SUMMARY ***
Total pot $2 | Rake $0
Seat 4: VolkovDmitri (big blind) collected ($2)
Seat 6: JoeBlack1982 (button) (small blind) folded before Flop


PokerStars Hand #152920988895:  Hold'em Limit ($3/$6 USD) - 2016/05/06 4:32:00 ET
Table 'Amanda' 6-max Seat #4 is the button
Seat 4: VolkovDmitri ($120 in chips)
Seat 6: JoeBlack1982 ($203.14 in chips)
VolkovDmitri: posts small blind $1
JoeBlack1982: posts big blind $3
*** HOLE CARDS ***
VolkovDmitri: raises $3 to $6
JoeBlack1982: calls $3
*** FLOP *** [3d Th 5h]
JoeBlack1982: bets $3
VolkovDmitri: calls $3
*** TURN *** [3d Th 5h] [Kh]
JoeBlack1982: checks
VolkovDmitri: checks
*** RIVER *** [3d Th 5h Kh] [4c]
JoeBlack1982: bets $6
VolkovDmitri: folds
Uncalled bet ($6) returned to JoeBlack1982
JoeBlack1982 collected $17.64 from pot
JoeBlack1982: doesn't show hand
*** SUMMARY ***
Total pot $18 | Rake $0.36
Board [3d Th 5h Kh 4c]
Seat 4: VolkovDmitri (button) (small blind) folded on the River
Seat 6: JoeBlack1982 (big blind) collected ($17.64)


PokerStars Hand #152921004253:  Hold'em Limit ($3/$6 USD) - 2016/05/06 4:32:47 ET
Table 'Amanda' 6-max Seat #4 is the button
Seat 4: VolkovDmitri ($121 in chips)
Seat 6: JoeBlack1982 ($210.78 in chips)
VolkovDmitri: posts small blind $1
JoeBlack1982: posts big blind $3
*** HOLE CARDS ***
VolkovDmitri: raises $3 to $6
JoeBlack1982: calls $3
*** FLOP *** [Ac Qh 5s]
JoeBlack1982: checks
$polu4atel*$ joins the table at seat #2
VolkovDmitri: bets $3
JoeBlack1982: calls $3
*** TURN *** [Ac Qh 5s] [Jh]
JoeBlack1982: checks
VolkovDmitri: checks
*** RIVER *** [Ac Qh 5s Jh] [9c]
JoeBlack1982: bets $6
VolkovDmitri: folds
Uncalled bet ($6) returned to JoeBlack1982
JoeBlack1982 collected $17.64 from pot
JoeBlack1982: doesn't show hand
*** SUMMARY ***
Total pot $18 | Rake $0.36
Board [Ac Qh 5s Jh 9c]
Seat 4: VolkovDmitri (button) (small blind) folded on the River
Seat 6: JoeBlack1982 (big blind) collected ($17.64)


PokerStars Hand #152921062210:  Hold'em Limit ($3/$6 USD) - 2016/05/06 4:35:42 ET
Table 'Amanda' 6-max Seat #4 is the button
Seat 2: $polu4atel*$ ($63.50 in chips)
Seat 4: VolkovDmitri ($155.11 in chips)
VolkovDmitri: posts small blind $1
$polu4atel*$: posts big blind $3
*** HOLE CARDS ***
VolkovDmitri: raises $3 to $6
$polu4atel*$: calls $3
*** FLOP *** [7h 3h Ks]
$polu4atel*$: checks
VolkovDmitri: bets $3
$polu4atel*$: raises $3 to $6
VolkovDmitri: calls $3
*** TURN *** [7h 3h Ks] [5d]
$polu4atel*$: bets $6
VolkovDmitri: calls $6
*** RIVER *** [7h 3h Ks 5d] [As]
$polu4atel*$: bets $6
VolkovDmitri: folds
Uncalled bet ($6) returned to $polu4atel*$
$polu4atel*$ collected $35.50 from pot
$polu4atel*$: doesn't show hand
*** SUMMARY ***
Total pot $36 | Rake $0.50
Board [7h 3h Ks 5d As]
Seat 2: $polu4atel*$ (big blind) collected ($35.50)
Seat 4: VolkovDmitri (button) (small blind) folded on the River


PokerStars Hand #152921070485:  Hold'em Limit ($3/$6 USD) - 2016/05/06 4:36:07 ET
Table 'Amanda' 6-max Seat #2 is the button
Seat 2: $polu4atel*$ ($81 in chips)
Seat 4: VolkovDmitri ($137.11 in chips)
$polu4atel*$: posts small blind $1
VolkovDmitri: posts big blind $3
*** HOLE CARDS ***
$polu4atel*$: folds
Uncalled bet ($2) returned to VolkovDmitri
VolkovDmitri collected $2 from pot
VolkovDmitri: doesn't show hand
*** SUMMARY ***
Total pot $2 | Rake $0
Seat 2: $polu4atel*$ (button) (small blind) folded before Flop
Seat 4: VolkovDmitri (big blind) collected ($2)


