PokerStars Hand #144489303878:  Hold'em Limit ($3/$6 USD) - 2015/11/27 21:50:09 ET
Table 'Amaryllis' 6-max Seat #4 is the button
Seat 1: D Negranz ($35.76 in chips)
Seat 4: BuzovaPro ($72 in chips)
BuzovaPro: posts small blind $1
D Negranz: posts big blind $3
*** HOLE CARDS ***
BuzovaPro: folds
Uncalled bet ($2) returned to D Negranz
D Negranz collected $2 from pot
*** SUMMARY ***
Total pot $2 | Rake $0
Seat 1: D Negranz (big blind) collected ($2)
Seat 4: BuzovaPro (button) (small blind) folded before Flop


PokerStars Hand #144489371147:  Hold'em Limit ($3/$6 USD) - 2015/11/27 21:52:47 ET
Table 'Amaryllis' 6-max Seat #4 is the button
Seat 2: Velbor107 ($308.46 in chips)
Seat 4: BuzovaPro ($72 in chips)
BuzovaPro: posts small blind $1
Velbor107: posts big blind $3
*** HOLE CARDS ***
BuzovaPro: raises $3 to $6
Velbor107: calls $3
*** FLOP *** [4s 2s 3d]
Velbor107: checks
BuzovaPro: checks
*** TURN *** [4s 2s 3d] [6c]
Velbor107: bets $6
BuzovaPro: folds
Uncalled bet ($6) returned to Velbor107
Velbor107 collected $11.76 from pot
*** SUMMARY ***
Total pot $12 | Rake $0.24
Board [4s 2s 3d 6c]
Seat 2: Velbor107 (big blind) collected ($11.76)
Seat 4: BuzovaPro (button) (small blind) folded on the Turn


