PokerStars Hand #149292498657:  Hold'em Limit ($3/$6 USD) - 2016/02/23 11:13:51 ET
Table 'Amata II' 6-max Seat #1 is the button
Seat 1: Pete81 ($90.77 in chips)
Seat 2: Great_Kang ($136.86 in chips)
Pete81: posts small blind $1
Great_Kang: posts big blind $3
*** HOLE CARDS ***
Pete81: raises $3 to $6
Great_Kang: calls $3
*** FLOP *** [9c 6h Qs]
Great_Kang: checks
Pete81: bets $3
Great_Kang: calls $3
*** TURN *** [9c 6h Qs] [9h]
Great_Kang: checks
Pete81: checks
*** RIVER *** [9c 6h Qs 9h] [6d]
Great_Kang: checks
Pete81: checks
*** SHOW DOWN ***
Great_Kang: shows [5s Ks] (two pair, Nines and Sixes)
Pete81: mucks hand
Great_Kang collected $17.64 from pot
*** SUMMARY ***
Total pot $18 | Rake $0.36
Board [9c 6h Qs 9h 6d]
Seat 1: Pete81 (button) (small blind) mucked
Seat 2: Great_Kang (big blind) showed [5s Ks] and won ($17.64) with two pair, Nines and Sixes


PokerStars Hand #149292493645:  Hold'em Limit ($3/$6 USD) - 2016/02/23 11:13:45 ET
Table 'Amata II' 6-max Seat #2 is the button
Seat 1: Pete81 ($89.77 in chips)
Seat 2: Great_Kang ($137.86 in chips)
Great_Kang: posts small blind $1
MTails: is sitting out
Pete81: posts big blind $3
*** HOLE CARDS ***
MTails leaves the table
Great_Kang: folds
Uncalled bet ($2) returned to Pete81
Pete81 collected $2 from pot
Pete81: doesn't show hand
*** SUMMARY ***
Total pot $2 | Rake $0
Seat 1: Pete81 (big blind) collected ($2)
Seat 2: Great_Kang (button) (small blind) folded before Flop


PokerStars Hand #149292570844:  Hold'em Limit ($3/$6 USD) - 2016/02/23 11:15:21 ET
Table 'Amata II' 6-max Seat #1 is the button
Seat 1: Pete81 ($110.45 in chips)
Seat 2: Great_Kang ($120 in chips)
Pete81: posts small blind $1
Great_Kang: posts big blind $3
*** HOLE CARDS ***
Pete81: folds
Uncalled bet ($2) returned to Great_Kang
Great_Kang collected $2 from pot
Great_Kang: doesn't show hand
*** SUMMARY ***
Total pot $2 | Rake $0
Seat 1: Pete81 (button) (small blind) folded before Flop
Seat 2: Great_Kang (big blind) collected ($2)


PokerStars Hand #149292553274:  Hold'em Limit ($3/$6 USD) - 2016/02/23 11:14:59 ET
Table 'Amata II' 6-max Seat #2 is the button
Seat 1: Pete81 ($98.93 in chips)
Seat 2: Great_Kang ($127.50 in chips)
Great_Kang: posts small blind $1
Pete81: posts big blind $3
*** HOLE CARDS ***
Great_Kang: raises $3 to $6
Pete81: raises $3 to $9
Great_Kang: calls $3
*** FLOP *** [Qc 3h 5h]
Pete81: bets $3
Great_Kang: calls $3
*** TURN *** [Qc 3h 5h] [Jd]
Pete81: bets $6
Great_Kang: folds
Uncalled bet ($6) returned to Pete81
Pete81 collected $23.52 from pot
Pete81: doesn't show hand
*** SUMMARY ***
Total pot $24 | Rake $0.48
Board [Qc 3h 5h Jd]
Seat 1: Pete81 (big blind) collected ($23.52)
Seat 2: Great_Kang (button) (small blind) folded on the Turn


PokerStars Hand #149292545210:  Hold'em Limit ($3/$6 USD) - 2016/02/23 11:14:49 ET
Table 'Amata II' 6-max Seat #1 is the button
Seat 1: Pete81 ($93.17 in chips)
Seat 2: Great_Kang ($133.50 in chips)
Pete81: posts small blind $1
Great_Kang: posts big blind $3
*** HOLE CARDS ***
Pete81: raises $3 to $6
Great_Kang: calls $3
*** FLOP *** [5h 3c Ks]
Great_Kang: checks
Pete81: bets $3
Great_Kang: folds
Uncalled bet ($3) returned to Pete81
Pete81 collected $11.76 from pot
Pete81: doesn't show hand
*** SUMMARY ***
Total pot $12 | Rake $0.24
Board [5h 3c Ks]
Seat 1: Pete81 (button) (small blind) collected ($11.76)
Seat 2: Great_Kang (big blind) folded on the Flop


PokerStars Hand #149292540598:  Hold'em Limit ($3/$6 USD) - 2016/02/23 11:14:44 ET
Table 'Amata II' 6-max Seat #2 is the button
Seat 1: Pete81 ($96.17 in chips)
Seat 2: Great_Kang ($130.50 in chips)
Great_Kang: posts small blind $1
Pete81: posts big blind $3
*** HOLE CARDS ***
Great_Kang: raises $3 to $6
Pete81: folds
Uncalled bet ($3) returned to Great_Kang
Great_Kang collected $6 from pot
Great_Kang: doesn't show hand
*** SUMMARY ***
Total pot $6 | Rake $0
Seat 1: Pete81 (big blind) folded before Flop
Seat 2: Great_Kang (button) (small blind) collected ($6)


PokerStars Hand #149292530911:  Hold'em Limit ($3/$6 USD) - 2016/02/23 11:14:32 ET
Table 'Amata II' 6-max Seat #1 is the button
Seat 1: Pete81 ($90.41 in chips)
Seat 2: Great_Kang ($136.50 in chips)
Pete81: posts small blind $1
Great_Kang: posts big blind $3
*** HOLE CARDS ***
Pete81: raises $3 to $6
Great_Kang: calls $3
*** FLOP *** [2s Ts 9s]
Great_Kang: checks
Pete81: bets $3
Great_Kang: folds
Uncalled bet ($3) returned to Pete81
Pete81 collected $11.76 from pot
Pete81: doesn't show hand
*** SUMMARY ***
Total pot $12 | Rake $0.24
Board [2s Ts 9s]
Seat 1: Pete81 (button) (small blind) collected ($11.76)
Seat 2: Great_Kang (big blind) folded on the Flop


PokerStars Hand #149292522236:  Hold'em Limit ($3/$6 USD) - 2016/02/23 11:14:21 ET
Table 'Amata II' 6-max Seat #2 is the button
Seat 1: Pete81 ($81.77 in chips)
Seat 2: Great_Kang ($145.50 in chips)
Great_Kang: posts small blind $1
Pete81: posts big blind $3
*** HOLE CARDS ***
Great_Kang: raises $3 to $6
Pete81: raises $3 to $9
Great_Kang: calls $3
*** FLOP *** [5d Ac As]
Pete81: bets $3
Great_Kang: folds
Uncalled bet ($3) returned to Pete81
Pete81 collected $17.64 from pot
Pete81: doesn't show hand
*** SUMMARY ***
Total pot $18 | Rake $0.36
Board [5d Ac As]
Seat 1: Pete81 (big blind) collected ($17.64)
Seat 2: Great_Kang (button) (small blind) folded on the Flop


PokerStars Hand #149292600497:  Hold'em Limit ($3/$6 USD) - 2016/02/23 11:15:58 ET
Table 'Amata II' 6-max Seat #2 is the button
Seat 1: Pete81 ($106.09 in chips)
Seat 2: Great_Kang ($131.52 in chips)
Great_Kang: posts small blind $1
Pete81: posts big blind $3
*** HOLE CARDS ***
Great_Kang: raises $3 to $6
Pete81: folds
Uncalled bet ($3) returned to Great_Kang
Great_Kang collected $6 from pot
Great_Kang: doesn't show hand
*** SUMMARY ***
Total pot $6 | Rake $0
Seat 1: Pete81 (big blind) folded before Flop
Seat 2: Great_Kang (button) (small blind) collected ($6)


PokerStars Hand #149292582732:  Hold'em Limit ($3/$6 USD) - 2016/02/23 11:15:36 ET
Table 'Amata II' 6-max Seat #1 is the button
Seat 1: Pete81 ($118.09 in chips)
Seat 2: Great_Kang ($120 in chips)
Pete81: posts small blind $1
Great_Kang: posts big blind $3
*** HOLE CARDS ***
Pete81: raises $3 to $6
Great_Kang: calls $3
*** FLOP *** [7h 3d Td]
Great_Kang: checks
Pete81: bets $3
Great_Kang: raises $3 to $6
Pete81: calls $3
*** TURN *** [7h 3d Td] [4c]
Great_Kang: bets $6
Pete81: folds
Uncalled bet ($6) returned to Great_Kang
Great_Kang collected $23.52 from pot
Great_Kang: doesn't show hand
*** SUMMARY ***
Total pot $24 | Rake $0.48
Board [7h 3d Td 4c]
Seat 1: Pete81 (button) (small blind) folded on the Turn
Seat 2: Great_Kang (big blind) collected ($23.52)


PokerStars Hand #149292575445:  Hold'em Limit ($3/$6 USD) - 2016/02/23 11:15:27 ET
Table 'Amata II' 6-max Seat #2 is the button
Seat 1: Pete81 ($109.45 in chips)
Seat 2: Great_Kang ($121 in chips)
Great_Kang: posts small blind $1
Pete81: posts big blind $3
*** HOLE CARDS ***
Great_Kang: raises $3 to $6
Pete81: raises $3 to $9
Great_Kang: calls $3
*** FLOP *** [Kh 9c 6h]
Pete81: bets $3
Great_Kang: folds
Uncalled bet ($3) returned to Pete81
Pete81 collected $17.64 from pot
Pete81: doesn't show hand
*** SUMMARY ***
Total pot $18 | Rake $0.36
Board [Kh 9c 6h]
Seat 1: Pete81 (big blind) collected ($17.64)
Seat 2: Great_Kang (button) (small blind) folded on the Flop


PokerStars Hand #149292604872:  Hold'em Limit ($3/$6 USD) - 2016/02/23 11:16:04 ET
Table 'Amata II' 6-max Seat #1 is the button
Seat 1: Pete81 ($103.09 in chips)
Seat 2: Great_Kang ($134.52 in chips)
Pete81: posts small blind $1
Great_Kang: posts big blind $3
*** HOLE CARDS ***
Pete81: raises $3 to $6
Great_Kang: raises $3 to $9
Pete81: calls $3
*** FLOP *** [2c 7s Kh]
Great_Kang: bets $3
Pete81: calls $3
*** TURN *** [2c 7s Kh] [Ac]
Shara.Vi joins the table at seat #3
TbIP-TbIP 88 joins the table at seat #4
Great_Kang: checks
Pete81: bets $6
Great_Kang: folds
Uncalled bet ($6) returned to Pete81
Pete81 collected $23.52 from pot
Pete81: doesn't show hand
*** SUMMARY ***
Total pot $24 | Rake $0.48
Board [2c 7s Kh Ac]
Seat 1: Pete81 (button) (small blind) collected ($23.52)
Seat 2: Great_Kang (big blind) folded on the Turn


PokerStars Hand #149295687853:  Hold'em Limit ($3/$6 USD) - 2016/02/23 12:18:27 ET
Table 'Amata II' 6-max Seat #4 is the button
Seat 3: Shara.Vi ($70.46 in chips)
Seat 4: TbIP-TbIP 88 ($102.52 in chips)
TbIP-TbIP 88: posts small blind $1
Shara.Vi: posts big blind $3
*** HOLE CARDS ***
TbIP-TbIP 88: folds
Uncalled bet ($2) returned to Shara.Vi
Shara.Vi collected $2 from pot
*** SUMMARY ***
Total pot $2 | Rake $0
Seat 3: Shara.Vi (big blind) collected ($2)
Seat 4: TbIP-TbIP 88 (button) (small blind) folded before Flop


PokerStars Hand #149295682379:  Hold'em Limit ($3/$6 USD) - 2016/02/23 12:18:21 ET
Table 'Amata II' 6-max Seat #3 is the button
Seat 3: Shara.Vi ($67.46 in chips)
Seat 4: TbIP-TbIP 88 ($105.52 in chips)
Shara.Vi: posts small blind $1
TbIP-TbIP 88: posts big blind $3
*** HOLE CARDS ***
Shara.Vi: raises $3 to $6
TbIP-TbIP 88: folds
Uncalled bet ($3) returned to Shara.Vi
Shara.Vi collected $6 from pot
*** SUMMARY ***
Total pot $6 | Rake $0
Seat 3: Shara.Vi (button) (small blind) collected ($6)
Seat 4: TbIP-TbIP 88 (big blind) folded before Flop


PokerStars Hand #149295678159:  Hold'em Limit ($3/$6 USD) - 2016/02/23 12:18:16 ET
Table 'Amata II' 6-max Seat #4 is the button
Seat 3: Shara.Vi ($66.46 in chips)
Seat 4: TbIP-TbIP 88 ($106.52 in chips)
TbIP-TbIP 88: posts small blind $1
Shara.Vi: posts big blind $3
*** HOLE CARDS ***
TbIP-TbIP 88: folds
Uncalled bet ($2) returned to Shara.Vi
Shara.Vi collected $2 from pot
*** SUMMARY ***
Total pot $2 | Rake $0
Seat 3: Shara.Vi (big blind) collected ($2)
Seat 4: TbIP-TbIP 88 (button) (small blind) folded before Flop


PokerStars Hand #149295658590:  Hold'em Limit ($3/$6 USD) - 2016/02/23 12:17:54 ET
Table 'Amata II' 6-max Seat #3 is the button
Seat 3: Shara.Vi ($78.46 in chips)
Seat 4: TbIP-TbIP 88 ($95 in chips)
Shara.Vi: posts small blind $1
TbIP-TbIP 88: posts big blind $3
*** HOLE CARDS ***
Shara.Vi: calls $2
TbIP-TbIP 88: checks
*** FLOP *** [Ah 5d 7h]
TbIP-TbIP 88: bets $3
Shara.Vi: calls $3
*** TURN *** [Ah 5d 7h] [6s]
TbIP-TbIP 88: checks
Shara.Vi: bets $6
TbIP-TbIP 88: calls $6
*** RIVER *** [Ah 5d 7h 6s] [3c]
TbIP-TbIP 88: checks
Shara.Vi: checks
*** SHOW DOWN ***
TbIP-TbIP 88: shows [5c Qd] (a pair of Fives)
Shara.Vi: mucks hand
TbIP-TbIP 88 collected $23.52 from pot
*** SUMMARY ***
Total pot $24 | Rake $0.48
Board [Ah 5d 7h 6s 3c]
Seat 3: Shara.Vi (button) (small blind) mucked
Seat 4: TbIP-TbIP 88 (big blind) showed [5c Qd] and won ($23.52) with a pair of Fives


PokerStars Hand #149295652087:  Hold'em Limit ($3/$6 USD) - 2016/02/23 12:17:46 ET
Table 'Amata II' 6-max Seat #4 is the button
Seat 3: Shara.Vi ($77.46 in chips)
Seat 4: TbIP-TbIP 88 ($96 in chips)
TbIP-TbIP 88: posts small blind $1
doenerchen: is sitting out
Shara.Vi: posts big blind $3
*** HOLE CARDS ***
TbIP-TbIP 88: folds
Uncalled bet ($2) returned to Shara.Vi
Shara.Vi collected $2 from pot
*** SUMMARY ***
Total pot $2 | Rake $0
Seat 3: Shara.Vi (big blind) collected ($2)
Seat 4: TbIP-TbIP 88 (button) (small blind) folded before Flop


PokerStars Hand #149295728435:  Hold'em Limit ($3/$6 USD) - 2016/02/23 12:19:13 ET
Table 'Amata II' 6-max Seat #4 is the button
Seat 3: Shara.Vi ($69.22 in chips)
Seat 4: TbIP-TbIP 88 ($103.16 in chips)
TbIP-TbIP 88: posts small blind $1
Shara.Vi: posts big blind $3
*** HOLE CARDS ***
TbIP-TbIP 88: raises $3 to $6
Shara.Vi: calls $3
*** FLOP *** [3h Kd 2h]
Shara.Vi: checks
TbIP-TbIP 88: bets $3
Shara.Vi: calls $3
*** TURN *** [3h Kd 2h] [9s]
Shara.Vi: checks
TbIP-TbIP 88: bets $6
Shara.Vi: calls $6
*** RIVER *** [3h Kd 2h 9s] [7h]
Shara.Vi: bets $6
TbIP-TbIP 88: calls $6
*** SHOW DOWN ***
Shara.Vi: shows [Ac 7d] (a pair of Sevens)
TbIP-TbIP 88: shows [As 9c] (a pair of Nines)
TbIP-TbIP 88 collected $41.50 from pot
*** SUMMARY ***
Total pot $42 | Rake $0.50
Board [3h Kd 2h 9s 7h]
Seat 3: Shara.Vi (big blind) showed [Ac 7d] and lost with a pair of Sevens
Seat 4: TbIP-TbIP 88 (button) (small blind) showed [As 9c] and won ($41.50) with a pair of Nines


PokerStars Hand #149295714585:  Hold'em Limit ($3/$6 USD) - 2016/02/23 12:18:57 ET
Table 'Amata II' 6-max Seat #3 is the button
Seat 3: Shara.Vi ($63.46 in chips)
Seat 4: TbIP-TbIP 88 ($109.16 in chips)
Shara.Vi: posts small blind $1
TbIP-TbIP 88: posts big blind $3
*** HOLE CARDS ***
Shara.Vi: raises $3 to $6
TbIP-TbIP 88: calls $3
*** FLOP *** [Ks Jc 4d]
TbIP-TbIP 88: checks
Shara.Vi: checks
*** TURN *** [Ks Jc 4d] [Qc]
TbIP-TbIP 88: checks
Shara.Vi: bets $6
TbIP-TbIP 88: folds
Uncalled bet ($6) returned to Shara.Vi
Shara.Vi collected $11.76 from pot
*** SUMMARY ***
Total pot $12 | Rake $0.24
Board [Ks Jc 4d Qc]
Seat 3: Shara.Vi (button) (small blind) collected ($11.76)
Seat 4: TbIP-TbIP 88 (big blind) folded on the Turn


PokerStars Hand #149295710048:  Hold'em Limit ($3/$6 USD) - 2016/02/23 12:18:52 ET
Table 'Amata II' 6-max Seat #4 is the button
Seat 3: Shara.Vi ($62.46 in chips)
Seat 4: TbIP-TbIP 88 ($110.16 in chips)
TbIP-TbIP 88: posts small blind $1
Shara.Vi: posts big blind $3
*** HOLE CARDS ***
TbIP-TbIP 88: folds
Uncalled bet ($2) returned to Shara.Vi
Shara.Vi collected $2 from pot
*** SUMMARY ***
Total pot $2 | Rake $0
Seat 3: Shara.Vi (big blind) collected ($2)
Seat 4: TbIP-TbIP 88 (button) (small blind) folded before Flop


PokerStars Hand #149295692756:  Hold'em Limit ($3/$6 USD) - 2016/02/23 12:18:33 ET
Table 'Amata II' 6-max Seat #3 is the button
Seat 3: Shara.Vi ($71.46 in chips)
Seat 4: TbIP-TbIP 88 ($101.52 in chips)
Shara.Vi: posts small blind $1
TbIP-TbIP 88: posts big blind $3
*** HOLE CARDS ***
Shara.Vi: raises $3 to $6
TbIP-TbIP 88: calls $3
*** FLOP *** [5d 2d Th]
TbIP-TbIP 88: checks
Shara.Vi: bets $3
TbIP-TbIP 88: calls $3
*** TURN *** [5d 2d Th] [Jh]
TbIP-TbIP 88: checks
Shara.Vi: checks
*** RIVER *** [5d 2d Th Jh] [9c]
TbIP-TbIP 88: checks
Shara.Vi: checks
*** SHOW DOWN ***
TbIP-TbIP 88: shows [Qc 2c] (a pair of Deuces)
Shara.Vi: mucks hand
TbIP-TbIP 88 collected $17.64 from pot
*** SUMMARY ***
Total pot $18 | Rake $0.36
Board [5d 2d Th Jh 9c]
Seat 3: Shara.Vi (button) (small blind) mucked
Seat 4: TbIP-TbIP 88 (big blind) showed [Qc 2c] and won ($17.64) with a pair of Deuces


PokerStars Hand #149295784308:  Hold'em Limit ($3/$6 USD) - 2016/02/23 12:20:17 ET
Table 'Amata II' 6-max Seat #3 is the button
Seat 3: Shara.Vi ($44.98 in chips)
Seat 4: TbIP-TbIP 88 ($126.30 in chips)
Shara.Vi: posts small blind $1
TbIP-TbIP 88: posts big blind $3
*** HOLE CARDS ***
Shara.Vi: folds
Uncalled bet ($2) returned to TbIP-TbIP 88
TbIP-TbIP 88 collected $2 from pot
TbIP-TbIP 88: doesn't show hand
*** SUMMARY ***
Total pot $2 | Rake $0
Seat 3: Shara.Vi (button) (small blind) folded before Flop
Seat 4: TbIP-TbIP 88 (big blind) collected ($2)


PokerStars Hand #149295766809:  Hold'em Limit ($3/$6 USD) - 2016/02/23 12:19:57 ET
Table 'Amata II' 6-max Seat #4 is the button
Seat 3: Shara.Vi ($53.98 in chips)
Seat 4: TbIP-TbIP 88 ($117.66 in chips)
TbIP-TbIP 88: posts small blind $1
Shara.Vi: posts big blind $3
*** HOLE CARDS ***
TbIP-TbIP 88: raises $3 to $6
Shara.Vi: calls $3
*** FLOP *** [Js Qc 8d]
Shara.Vi: checks
TbIP-TbIP 88: bets $3
Shara.Vi: calls $3
*** TURN *** [Js Qc 8d] [Ks]
Shara.Vi: checks
HAOYUN88888 joins the table at seat #6
TbIP-TbIP 88: checks
*** RIVER *** [Js Qc 8d Ks] [Jh]
Shara.Vi: checks
TbIP-TbIP 88: checks
*** SHOW DOWN ***
Shara.Vi: shows [6c Tc] (a pair of Jacks)
TbIP-TbIP 88: shows [9s Ah] (a pair of Jacks - Ace kicker)
TbIP-TbIP 88 collected $17.64 from pot
*** SUMMARY ***
Total pot $18 | Rake $0.36
Board [Js Qc 8d Ks Jh]
Seat 3: Shara.Vi (big blind) showed [6c Tc] and lost with a pair of Jacks
Seat 4: TbIP-TbIP 88 (button) (small blind) showed [9s Ah] and won ($17.64) with a pair of Jacks


PokerStars Hand #149295762782:  Hold'em Limit ($3/$6 USD) - 2016/02/23 12:19:52 ET
Table 'Amata II' 6-max Seat #3 is the button
Seat 3: Shara.Vi ($54.98 in chips)
Seat 4: TbIP-TbIP 88 ($116.66 in chips)
Shara.Vi: posts small blind $1
TbIP-TbIP 88: posts big blind $3
*** HOLE CARDS ***
Shara.Vi: folds
Uncalled bet ($2) returned to TbIP-TbIP 88
TbIP-TbIP 88 collected $2 from pot
TbIP-TbIP 88: doesn't show hand
*** SUMMARY ***
Total pot $2 | Rake $0
Seat 3: Shara.Vi (button) (small blind) folded before Flop
Seat 4: TbIP-TbIP 88 (big blind) collected ($2)


PokerStars Hand #149295758526:  Hold'em Limit ($3/$6 USD) - 2016/02/23 12:19:47 ET
Table 'Amata II' 6-max Seat #4 is the button
Seat 3: Shara.Vi ($53.98 in chips)
Seat 4: TbIP-TbIP 88 ($117.66 in chips)
TbIP-TbIP 88: posts small blind $1
Shara.Vi: posts big blind $3
*** HOLE CARDS ***
TbIP-TbIP 88: folds
Uncalled bet ($2) returned to Shara.Vi
Shara.Vi collected $2 from pot
*** SUMMARY ***
Total pot $2 | Rake $0
Seat 3: Shara.Vi (big blind) collected ($2)
Seat 4: TbIP-TbIP 88 (button) (small blind) folded before Flop


PokerStars Hand #149295745376:  Hold'em Limit ($3/$6 USD) - 2016/02/23 12:19:32 ET
Table 'Amata II' 6-max Seat #3 is the button
Seat 3: Shara.Vi ($48.22 in chips)
Seat 4: TbIP-TbIP 88 ($123.66 in chips)
Shara.Vi: posts small blind $1
TbIP-TbIP 88: posts big blind $3
*** HOLE CARDS ***
Shara.Vi: raises $3 to $6
TbIP-TbIP 88: calls $3
*** FLOP *** [Kh Jc Js]
TbIP-TbIP 88: checks
Shara.Vi: checks
*** TURN *** [Kh Jc Js] [9c]
TbIP-TbIP 88: checks
Shara.Vi: bets $6
TbIP-TbIP 88: folds
Uncalled bet ($6) returned to Shara.Vi
Shara.Vi collected $11.76 from pot
*** SUMMARY ***
Total pot $12 | Rake $0.24
Board [Kh Jc Js 9c]
Seat 3: Shara.Vi (button) (small blind) collected ($11.76)
Seat 4: TbIP-TbIP 88 (big blind) folded on the Turn


PokerStars Hand #149297966549:  Hold'em Limit ($3/$6 USD) - 2016/02/23 13:03:32 ET
Table 'Amata II' 6-max Seat #3 is the button
Seat 3: kolaz03 ($72 in chips)
Seat 6: Zubasa07 ($533.93 in chips)
kolaz03: posts small blind $1
Zubasa07: posts big blind $3
*** HOLE CARDS ***
kolaz03: raises $3 to $6
Zubasa07: raises $3 to $9
kolaz03: calls $3
*** FLOP *** [Qc Th Tc]
manisped leaves the table
Zubasa07: bets $3
kolaz03: calls $3
*** TURN *** [Qc Th Tc] [Ac]
tomhradil112 joins the table at seat #4
Zubasa07: bets $6
kolaz03: calls $6
*** RIVER *** [Qc Th Tc Ac] [7d]
Zubasa07: bets $6
kolaz03: raises $6 to $12
Zubasa07: calls $6
*** SHOW DOWN ***
kolaz03: shows [Ts Ah] (a full house, Tens full of Aces)
Zubasa07: mucks hand
kolaz03 collected $59.50 from pot
*** SUMMARY ***
Total pot $60 | Rake $0.50
Board [Qc Th Tc Ac 7d]
Seat 3: kolaz03 (button) (small blind) showed [Ts Ah] and won ($59.50) with a full house, Tens full of Aces
Seat 6: Zubasa07 (big blind) mucked


PokerStars Hand #149298048524:  Hold'em Limit ($3/$6 USD) - 2016/02/23 13:05:26 ET
Table 'Amata II' 6-max Seat #5 is the button
Seat 4: tomhradil112 ($48 in chips)
Seat 5: kolaz03 ($72 in chips)
kolaz03: posts small blind $1
Zubasa07: is sitting out
tomhradil112: posts big blind $3
*** HOLE CARDS ***
Zubasa07 leaves the table
kolaz03: raises $3 to $6
tomhradil112: raises $3 to $9
kolaz03: calls $3
*** FLOP *** [7h 7s 4c]
tomhradil112: bets $3
kolaz03: calls $3
*** TURN *** [7h 7s 4c] [Jd]
tomhradil112: bets $6
kolaz03: folds
Uncalled bet ($6) returned to tomhradil112
tomhradil112 collected $23.52 from pot
tomhradil112: doesn't show hand
*** SUMMARY ***
Total pot $24 | Rake $0.48
Board [7h 7s 4c Jd]
Seat 4: tomhradil112 (big blind) collected ($23.52)
Seat 5: kolaz03 (button) (small blind) folded on the Turn


PokerStars Hand #149298067428:  Hold'em Limit ($3/$6 USD) - 2016/02/23 13:05:53 ET
Table 'Amata II' 6-max Seat #4 is the button
Seat 4: tomhradil112 ($59.52 in chips)
Seat 5: kolaz03 ($72 in chips)
tomhradil112: posts small blind $1
kolaz03: posts big blind $3
*** HOLE CARDS ***
tomhradil112: folds
Uncalled bet ($2) returned to kolaz03
kolaz03 collected $2 from pot
kolaz03: doesn't show hand
*** SUMMARY ***
Total pot $2 | Rake $0
Seat 4: tomhradil112 (button) (small blind) folded before Flop
Seat 5: kolaz03 (big blind) collected ($2)


PokerStars Hand #149298070935:  Hold'em Limit ($3/$6 USD) - 2016/02/23 13:05:58 ET
Table 'Amata II' 6-max Seat #5 is the button
Seat 4: tomhradil112 ($58.52 in chips)
Seat 5: kolaz03 ($73 in chips)
kolaz03: posts small blind $1
tomhradil112: posts big blind $3
*** HOLE CARDS ***
kolaz03: raises $3 to $6
tomhradil112: raises $3 to $9
kolaz03: calls $3
*** FLOP *** [3d Ac Qh]
tomhradil112: bets $3
tomhradil112 said, "zzzzz"
tomhradil112 said, "lagger"
kolaz03: folds
Uncalled bet ($3) returned to tomhradil112
tomhradil112 collected $17.64 from pot
tomhradil112: doesn't show hand
*** SUMMARY ***
Total pot $18 | Rake $0.36
Board [3d Ac Qh]
Seat 4: tomhradil112 (big blind) collected ($17.64)
Seat 5: kolaz03 (button) (small blind) folded on the Flop


