PokerStars Hand #151142631117:  Hold'em Limit ($3/$6 USD) - 2016/03/29 19:31:57 ET
Table 'Amazone' 6-max Seat #5 is the button
Seat 5: grandpoker11 ($84.76 in chips)
Seat 6: Necromadx ($155.02 in chips)
grandpoker11: posts small blind $1
Necromadx: posts big blind $3
*** HOLE CARDS ***
grandpoker11: calls $2
Necromadx: raises $3 to $6
grandpoker11: calls $3
*** FLOP *** [4s 3h 8s]
Necromadx: bets $3
grandpoker11: calls $3
*** TURN *** [4s 3h 8s] [2s]
Necromadx: checks
grandpoker11: bets $6
Necromadx: raises $6 to $12
grandpoker11: folds
Uncalled bet ($6) returned to Necromadx
Necromadx collected $29.50 from pot
Necromadx: doesn't show hand
*** SUMMARY ***
Total pot $30 | Rake $0.50
Board [4s 3h 8s 2s]
Seat 5: grandpoker11 (button) (small blind) folded on the Turn
Seat 6: Necromadx (big blind) collected ($29.50)


PokerStars Hand #151142617302:  Hold'em Limit ($3/$6 USD) - 2016/03/29 19:31:35 ET
Table 'Amazone' 6-max Seat #6 is the button
Seat 5: grandpoker11 ($114.76 in chips)
Seat 6: Necromadx ($125.52 in chips)
Necromadx: posts small blind $1
grandpoker11: posts big blind $3
*** HOLE CARDS ***
Necromadx: raises $3 to $6
grandpoker11: raises $3 to $9
Necromadx: calls $3
*** FLOP *** [As 2s 3d]
grandpoker11: bets $3
Necromadx: calls $3
*** TURN *** [As 2s 3d] [Qh]
grandpoker11: bets $6
Necromadx: raises $6 to $12
grandpoker11: calls $6
*** RIVER *** [As 2s 3d Qh] [6s]
grandpoker11: checks
Necromadx: bets $6
grandpoker11: calls $6
*** SHOW DOWN ***
Necromadx: shows [3h Ah] (two pair, Aces and Threes)
grandpoker11: mucks hand
Necromadx collected $59.50 from pot
*** SUMMARY ***
Total pot $60 | Rake $0.50
Board [As 2s 3d Qh 6s]
Seat 5: grandpoker11 (big blind) mucked
Seat 6: Necromadx (button) (small blind) showed [3h Ah] and won ($59.50) with two pair, Aces and Threes


PokerStars Hand #151142665560:  Hold'em Limit ($3/$6 USD) - 2016/03/29 19:32:51 ET
Table 'Amazone' 6-max Seat #6 is the button
Seat 5: grandpoker11 ($79.26 in chips)
Seat 6: Necromadx ($159.28 in chips)
Necromadx: posts small blind $1
grandpoker11: posts big blind $3
*** HOLE CARDS ***
Necromadx: raises $3 to $6
grandpoker11: calls $3
*** FLOP *** [8s Jc Kd]
grandpoker11: checks
Necromadx: bets $3
grandpoker11: calls $3
*** TURN *** [8s Jc Kd] [2d]
grandpoker11: checks
Necromadx: checks
*** RIVER *** [8s Jc Kd 2d] [4s]
grandpoker11: bets $6
Necromadx: calls $6
*** SHOW DOWN ***
grandpoker11: shows [6d Kc] (a pair of Kings)
Necromadx: mucks hand
grandpoker11 collected $29.50 from pot
*** SUMMARY ***
Total pot $30 | Rake $0.50
Board [8s Jc Kd 2d 4s]
Seat 5: grandpoker11 (big blind) showed [6d Kc] and won ($29.50) with a pair of Kings
Seat 6: Necromadx (button) (small blind) mucked


PokerStars Hand #151142662814:  Hold'em Limit ($3/$6 USD) - 2016/03/29 19:32:47 ET
Table 'Amazone' 6-max Seat #5 is the button
Seat 5: grandpoker11 ($80.26 in chips)
Seat 6: Necromadx ($158.28 in chips)
grandpoker11: posts small blind $1
Necromadx: posts big blind $3
*** HOLE CARDS ***
grandpoker11: folds
Uncalled bet ($2) returned to Necromadx
Necromadx collected $2 from pot
Necromadx: doesn't show hand
*** SUMMARY ***
Total pot $2 | Rake $0
Seat 5: grandpoker11 (button) (small blind) folded before Flop
Seat 6: Necromadx (big blind) collected ($2)


PokerStars Hand #151142655779:  Hold'em Limit ($3/$6 USD) - 2016/03/29 19:32:36 ET
Table 'Amazone' 6-max Seat #6 is the button
Seat 5: grandpoker11 ($86.26 in chips)
Seat 6: Necromadx ($152.52 in chips)
Necromadx: posts small blind $1
grandpoker11: posts big blind $3
*** HOLE CARDS ***
Necromadx: raises $3 to $6
grandpoker11: calls $3
*** FLOP *** [8h As 6h]
grandpoker11: checks
Necromadx: bets $3
grandpoker11: folds
Uncalled bet ($3) returned to Necromadx
Necromadx collected $11.76 from pot
Necromadx: doesn't show hand
*** SUMMARY ***
Total pot $12 | Rake $0.24
Board [8h As 6h]
Seat 5: grandpoker11 (big blind) folded on the Flop
Seat 6: Necromadx (button) (small blind) collected ($11.76)


PokerStars Hand #151142652567:  Hold'em Limit ($3/$6 USD) - 2016/03/29 19:32:31 ET
Table 'Amazone' 6-max Seat #5 is the button
Seat 5: grandpoker11 ($87.26 in chips)
Seat 6: Necromadx ($151.52 in chips)
grandpoker11: posts small blind $1
Necromadx: posts big blind $3
*** HOLE CARDS ***
grandpoker11: folds
Uncalled bet ($2) returned to Necromadx
Necromadx collected $2 from pot
Necromadx: doesn't show hand
*** SUMMARY ***
Total pot $2 | Rake $0
Seat 5: grandpoker11 (button) (small blind) folded before Flop
Seat 6: Necromadx (big blind) collected ($2)


PokerStars Hand #151142641692:  Hold'em Limit ($3/$6 USD) - 2016/03/29 19:32:14 ET
Table 'Amazone' 6-max Seat #6 is the button
Seat 5: grandpoker11 ($69.76 in chips)
Seat 6: Necromadx ($169.52 in chips)
Necromadx: posts small blind $1
grandpoker11: posts big blind $3
*** HOLE CARDS ***
Necromadx: raises $3 to $6
grandpoker11: raises $3 to $9
Necromadx: calls $3
*** FLOP *** [2s 7d 5d]
grandpoker11: bets $3
Necromadx: calls $3
*** TURN *** [2s 7d 5d] [Qh]
grandpoker11: bets $6
Necromadx: calls $6
*** RIVER *** [2s 7d 5d Qh] [Ks]
grandpoker11: bets $6
Necromadx: folds
Uncalled bet ($6) returned to grandpoker11
grandpoker11 collected $35.50 from pot
grandpoker11: doesn't show hand
*** SUMMARY ***
Total pot $36 | Rake $0.50
Board [2s 7d 5d Qh Ks]
Seat 5: grandpoker11 (big blind) collected ($35.50)
Seat 6: Necromadx (button) (small blind) folded on the River


PokerStars Hand #151142679686:  Hold'em Limit ($3/$6 USD) - 2016/03/29 19:33:14 ET
Table 'Amazone' 6-max Seat #5 is the button
Seat 5: grandpoker11 ($93.76 in chips)
Seat 6: Necromadx ($144.28 in chips)
grandpoker11: posts small blind $1
Necromadx: posts big blind $3
*** HOLE CARDS ***
grandpoker11: raises $3 to $6
Necromadx: calls $3
*** FLOP *** [8c 7s 2d]
Necromadx: checks
grandpoker11: bets $3
Necromadx: raises $3 to $6
grandpoker11: calls $3
*** TURN *** [8c 7s 2d] [8d]
Necromadx: bets $6
grandpoker11: raises $6 to $12
Necromadx: calls $6
*** RIVER *** [8c 7s 2d 8d] [Qh]
Necromadx: checks
grandpoker11: bets $6
Necromadx: calls $6
*** SHOW DOWN ***
grandpoker11: shows [7c 7h] (a full house, Sevens full of Eights)
Necromadx: mucks hand
grandpoker11 collected $59.50 from pot
MissEKAmouse joins the table at seat #2
*** SUMMARY ***
Total pot $60 | Rake $0.50
Board [8c 7s 2d 8d Qh]
Seat 5: grandpoker11 (button) (small blind) showed [7c 7h] and won ($59.50) with a full house, Sevens full of Eights
Seat 6: Necromadx (big blind) mucked


