PokerStars Hand #150217537797:  Hold'em Limit ($3/$6 USD) - 2016/03/11 23:29:36 ET
Table 'Ambrosia II' 6-max Seat #1 is the button
Seat 1: dye111 ($135.50 in chips)
Seat 4: AzureCaper ($72 in chips)
dye111: posts small blind $1
AzureCaper: posts big blind $3
*** HOLE CARDS ***
dye111: folds
Uncalled bet ($2) returned to AzureCaper
AzureCaper collected $2 from pot
AzureCaper: doesn't show hand
*** SUMMARY ***
Total pot $2 | Rake $0
Seat 1: dye111 (button) (small blind) folded before Flop
Seat 4: AzureCaper (big blind) collected ($2)


PokerStars Hand #150217536495:  Hold'em Limit ($3/$6 USD) - 2016/03/11 23:29:32 ET
Table 'Ambrosia II' 6-max Seat #4 is the button
Seat 1: dye111 ($134.50 in chips)
Seat 4: AzureCaper ($72 in chips)
AzureCaper: posts small blind $1
dye111: posts big blind $3
*** HOLE CARDS ***
AzureCaper: folds
Uncalled bet ($2) returned to dye111
dye111 collected $2 from pot
*** SUMMARY ***
Total pot $2 | Rake $0
Seat 1: dye111 (big blind) collected ($2)
Seat 4: AzureCaper (button) (small blind) folded before Flop


PokerStars Hand #150217526536:  Hold'em Limit ($3/$6 USD) - 2016/03/11 23:29:01 ET
Table 'Ambrosia II' 6-max Seat #1 is the button
Seat 1: dye111 ($120 in chips)
Seat 4: AzureCaper ($72 in chips)
dye111: posts small blind $1
AzureCaper: posts big blind $3
*** HOLE CARDS ***
dye111: calls $2
AzureCaper: raises $3 to $6
dye111: calls $3
*** FLOP *** [5h 4c 3d]
AzureCaper: bets $3
dye111: calls $3
*** TURN *** [5h 4c 3d] [As]
AzureCaper: bets $6
dye111: raises $6 to $12
AzureCaper: folds
Uncalled bet ($6) returned to dye111
dye111 collected $29.50 from pot
*** SUMMARY ***
Total pot $30 | Rake $0.50
Board [5h 4c 3d As]
Seat 1: dye111 (button) (small blind) collected ($29.50)
Seat 4: AzureCaper (big blind) folded on the Turn


PokerStars Hand #150217539220:  Hold'em Limit ($3/$6 USD) - 2016/03/11 23:29:41 ET
Table 'Ambrosia II' 6-max Seat #4 is the button
Seat 1: dye111 ($134.50 in chips)
Seat 4: AzureCaper ($73 in chips)
AzureCaper: posts small blind $1
dye111: posts big blind $3
*** HOLE CARDS ***
AzureCaper: raises $3 to $6
dye111: calls $3
*** FLOP *** [Jh Qd 3h]
dye111: checks
AzureCaper: bets $3
dye111: folds
Uncalled bet ($3) returned to AzureCaper
AzureCaper collected $11.76 from pot
AzureCaper: doesn't show hand
*** SUMMARY ***
Total pot $12 | Rake $0.24
Board [Jh Qd 3h]
Seat 1: dye111 (big blind) folded on the Flop
Seat 4: AzureCaper (button) (small blind) collected ($11.76)


PokerStars Hand #150217542309:  Hold'em Limit ($3/$6 USD) - 2016/03/11 23:29:51 ET
Table 'Ambrosia II' 6-max Seat #1 is the button
Seat 1: dye111 ($128.50 in chips)
Seat 4: AzureCaper ($78.76 in chips)
dye111: posts small blind $1
AzureCaper: posts big blind $3
*** HOLE CARDS ***
dye111: folds
Uncalled bet ($2) returned to AzureCaper
AzureCaper collected $2 from pot
AzureCaper: doesn't show hand
*** SUMMARY ***
Total pot $2 | Rake $0
Seat 1: dye111 (button) (small blind) folded before Flop
Seat 4: AzureCaper (big blind) collected ($2)


PokerStars Hand #150217544110:  Hold'em Limit ($3/$6 USD) - 2016/03/11 23:29:56 ET
Table 'Ambrosia II' 6-max Seat #4 is the button
Seat 1: dye111 ($127.50 in chips)
Seat 4: AzureCaper ($79.76 in chips)
AzureCaper: posts small blind $1
dye111: posts big blind $3
*** HOLE CARDS ***
AzureCaper: raises $3 to $6
lanford joins the table at seat #3
dye111: calls $3
*** FLOP *** [5h 4d Ks]
dye111: bets $3
AzureCaper: calls $3
*** TURN *** [5h 4d Ks] [4c]
dye111: bets $6
AzureCaper: calls $6
*** RIVER *** [5h 4d Ks 4c] [Ah]
dye111: bets $6
AzureCaper: raises $6 to $12
dye111: folds
Uncalled bet ($6) returned to AzureCaper
AzureCaper collected $41.50 from pot
AzureCaper: doesn't show hand
*** SUMMARY ***
Total pot $42 | Rake $0.50
Board [5h 4d Ks 4c Ah]
Seat 1: dye111 (big blind) folded on the River
Seat 4: AzureCaper (button) (small blind) collected ($41.50)


PokerStars Hand #150217757968:  Hold'em Limit ($3/$6 USD) - 2016/03/11 23:41:13 ET
Table 'Ambrosia II' 6-max Seat #6 is the button
Seat 4: AzureCaper ($166.69 in chips)
Seat 6: paybackmenow ($334.39 in chips)
paybackmenow: posts small blind $1
AzureCaper: posts big blind $3
*** HOLE CARDS ***
paybackmenow: raises $3 to $6
AzureCaper: folds
Uncalled bet ($3) returned to paybackmenow
paybackmenow collected $6 from pot
paybackmenow: doesn't show hand
*** SUMMARY ***
Total pot $6 | Rake $0
Seat 4: AzureCaper (big blind) folded before Flop
Seat 6: paybackmenow (button) (small blind) collected ($6)


PokerStars Hand #150217761738:  Hold'em Limit ($3/$6 USD) - 2016/03/11 23:41:25 ET
Table 'Ambrosia II' 6-max Seat #4 is the button
Seat 4: AzureCaper ($163.69 in chips)
Seat 6: paybackmenow ($337.39 in chips)
AzureCaper: posts small blind $1
paybackmenow: posts big blind $3
*** HOLE CARDS ***
AzureCaper: raises $3 to $6
paybackmenow: raises $3 to $9
AzureCaper: calls $3
*** FLOP *** [Qh Kc Th]
paybackmenow: bets $3
AzureCaper: folds
Uncalled bet ($3) returned to paybackmenow
paybackmenow collected $17.64 from pot
paybackmenow: doesn't show hand
*** SUMMARY ***
Total pot $18 | Rake $0.36
Board [Qh Kc Th]
Seat 4: AzureCaper (button) (small blind) folded on the Flop
Seat 6: paybackmenow (big blind) collected ($17.64)


PokerStars Hand #150217777540:  Hold'em Limit ($3/$6 USD) - 2016/03/11 23:42:15 ET
Table 'Ambrosia II' 6-max Seat #4 is the button
Seat 4: AzureCaper ($136.69 in chips)
Seat 6: paybackmenow ($363.43 in chips)
AzureCaper: posts small blind $1
paybackmenow: posts big blind $3
*** HOLE CARDS ***
AzureCaper: raises $3 to $6
paybackmenow: calls $3
*** FLOP *** [7s 5h 2h]
paybackmenow: checks
AzureCaper: bets $3
paybackmenow: calls $3
*** TURN *** [7s 5h 2h] [6s]
paybackmenow: checks
AzureCaper: bets $6
paybackmenow: raises $6 to $12
AzureCaper: raises $6 to $18
paybackmenow: calls $6
*** RIVER *** [7s 5h 2h 6s] [Qh]
paybackmenow: checks
AzureCaper: bets $6
paybackmenow: calls $6
*** SHOW DOWN ***
AzureCaper: shows [Jc Jd] (a pair of Jacks)
paybackmenow: mucks hand
AzureCaper collected $65.50 from pot
*** SUMMARY ***
Total pot $66 | Rake $0.50
Board [7s 5h 2h 6s Qh]
Seat 4: AzureCaper (button) (small blind) showed [Jc Jd] and won ($65.50) with a pair of Jacks
Seat 6: paybackmenow (big blind) mucked


PokerStars Hand #150217774144:  Hold'em Limit ($3/$6 USD) - 2016/03/11 23:42:04 ET
Table 'Ambrosia II' 6-max Seat #6 is the button
Seat 4: AzureCaper ($139.69 in chips)
Seat 6: paybackmenow ($360.43 in chips)
paybackmenow: posts small blind $1
AzureCaper: posts big blind $3
*** HOLE CARDS ***
paybackmenow: raises $3 to $6
AzureCaper: folds
Uncalled bet ($3) returned to paybackmenow
paybackmenow collected $6 from pot
paybackmenow: doesn't show hand
*** SUMMARY ***
Total pot $6 | Rake $0
Seat 4: AzureCaper (big blind) folded before Flop
Seat 6: paybackmenow (button) (small blind) collected ($6)


PokerStars Hand #150217770663:  Hold'em Limit ($3/$6 USD) - 2016/03/11 23:41:53 ET
Table 'Ambrosia II' 6-max Seat #4 is the button
Seat 4: AzureCaper ($148.69 in chips)
Seat 6: paybackmenow ($351.79 in chips)
AzureCaper: posts small blind $1
paybackmenow: posts big blind $3
*** HOLE CARDS ***
AzureCaper: raises $3 to $6
paybackmenow: raises $3 to $9
AzureCaper: calls $3
*** FLOP *** [9s 6c 6h]
paybackmenow: bets $3
AzureCaper: folds
Uncalled bet ($3) returned to paybackmenow
paybackmenow collected $17.64 from pot
paybackmenow: doesn't show hand
*** SUMMARY ***
Total pot $18 | Rake $0.36
Board [9s 6c 6h]
Seat 4: AzureCaper (button) (small blind) folded on the Flop
Seat 6: paybackmenow (big blind) collected ($17.64)


PokerStars Hand #150217801638:  Hold'em Limit ($3/$6 USD) - 2016/03/11 23:43:33 ET
Table 'Ambrosia II' 6-max Seat #6 is the button
Seat 4: AzureCaper ($174.58 in chips)
Seat 6: paybackmenow ($323.94 in chips)
paybackmenow: posts small blind $1
AzureCaper: posts big blind $3
*** HOLE CARDS ***
paybackmenow: folds
Uncalled bet ($2) returned to AzureCaper
AzureCaper collected $2 from pot
AzureCaper: doesn't show hand
*** SUMMARY ***
Total pot $2 | Rake $0
Seat 4: AzureCaper (big blind) collected ($2)
Seat 6: paybackmenow (button) (small blind) folded before Flop


PokerStars Hand #150217796342:  Hold'em Limit ($3/$6 USD) - 2016/03/11 23:43:16 ET
Table 'Ambrosia II' 6-max Seat #4 is the button
Seat 4: AzureCaper ($174.83 in chips)
Seat 6: paybackmenow ($324.19 in chips)
AzureCaper: posts small blind $1
paybackmenow: posts big blind $3
*** HOLE CARDS ***
AzureCaper: raises $3 to $6
paybackmenow: calls $3
*** FLOP *** [7c 5c Ts]
paybackmenow: checks
AzureCaper: bets $3
paybackmenow: calls $3
*** TURN *** [7c 5c Ts] [8s]
paybackmenow: checks
AzureCaper: bets $6
paybackmenow: raises $6 to $12
AzureCaper: raises $6 to $18
paybackmenow: calls $6
*** RIVER *** [7c 5c Ts 8s] [Js]
paybackmenow: bets $6
AzureCaper: calls $6
*** SHOW DOWN ***
paybackmenow: shows [9h Th] (a straight, Seven to Jack)
AzureCaper: shows [6h 9s] (a straight, Seven to Jack)
paybackmenow collected $32.75 from pot
AzureCaper collected $32.75 from pot
*** SUMMARY ***
Total pot $66 | Rake $0.50
Board [7c 5c Ts 8s Js]
Seat 4: AzureCaper (button) (small blind) showed [6h 9s] and won ($32.75) with a straight, Seven to Jack
Seat 6: paybackmenow (big blind) showed [9h Th] and won ($32.75) with a straight, Seven to Jack


PokerStars Hand #150217793101:  Hold'em Limit ($3/$6 USD) - 2016/03/11 23:43:05 ET
Table 'Ambrosia II' 6-max Seat #6 is the button
Seat 4: AzureCaper ($166.19 in chips)
Seat 6: paybackmenow ($333.19 in chips)
paybackmenow: posts small blind $1
AzureCaper: posts big blind $3
*** HOLE CARDS ***
paybackmenow: raises $3 to $6
AzureCaper: calls $3
*** FLOP *** [Qh 6s 3s]
AzureCaper: checks
paybackmenow: bets $3
AzureCaper: raises $3 to $6
paybackmenow: folds
Uncalled bet ($3) returned to AzureCaper
AzureCaper collected $17.64 from pot
AzureCaper: doesn't show hand
*** SUMMARY ***
Total pot $18 | Rake $0.36
Board [Qh 6s 3s]
Seat 4: AzureCaper (big blind) collected ($17.64)
Seat 6: paybackmenow (button) (small blind) folded on the Flop


PokerStars Hand #150217789935:  Hold'em Limit ($3/$6 USD) - 2016/03/11 23:42:55 ET
Table 'Ambrosia II' 6-max Seat #6 is the button
Seat 4: AzureCaper ($166.19 in chips)
Seat 6: paybackmenow ($333.19 in chips)
paybackmenow: posts small blind $1
AzureCaper: posts big blind $3
*** HOLE CARDS ***
paybackmenow: raises $3 to $6
AzureCaper: folds
Uncalled bet ($3) returned to paybackmenow
paybackmenow collected $6 from pot
paybackmenow: doesn't show hand
*** SUMMARY ***
Total pot $6 | Rake $0
Seat 4: AzureCaper (big blind) folded before Flop
Seat 6: paybackmenow (button) (small blind) collected ($6)


PokerStars Hand #150217787967:  Hold'em Limit ($3/$6 USD) - 2016/03/11 23:42:48 ET
Table 'Ambrosia II' 6-max Seat #4 is the button
Seat 4: AzureCaper ($163.19 in chips)
Seat 6: paybackmenow ($336.19 in chips)
AzureCaper: posts small blind $1
paybackmenow: posts big blind $3
*** HOLE CARDS ***
AzureCaper: raises $3 to $6
paybackmenow: folds
Uncalled bet ($3) returned to AzureCaper
AzureCaper collected $6 from pot
AzureCaper: doesn't show hand
*** SUMMARY ***
Total pot $6 | Rake $0
Seat 4: AzureCaper (button) (small blind) collected ($6)
Seat 6: paybackmenow (big blind) folded before Flop


PokerStars Hand #150217791476:  Hold'em Limit ($3/$6 USD) - 2016/03/11 23:43:00 ET
Table 'Ambrosia II' 6-max Seat #4 is the button
Seat 4: AzureCaper ($163.19 in chips)
Seat 6: paybackmenow ($336.19 in chips)
AzureCaper: posts small blind $1
paybackmenow: posts big blind $3
*** HOLE CARDS ***
AzureCaper: raises $3 to $6
paybackmenow: folds
Uncalled bet ($3) returned to AzureCaper
AzureCaper collected $6 from pot
AzureCaper: doesn't show hand
*** SUMMARY ***
Total pot $6 | Rake $0
Seat 4: AzureCaper (button) (small blind) collected ($6)
Seat 6: paybackmenow (big blind) folded before Flop


PokerStars Hand #150217815573:  Hold'em Limit ($3/$6 USD) - 2016/03/11 23:44:18 ET
Table 'Ambrosia II' 6-max Seat #6 is the button
Seat 4: AzureCaper ($195.08 in chips)
Seat 6: paybackmenow ($302.70 in chips)
paybackmenow: posts small blind $1
AzureCaper: posts big blind $3
*** HOLE CARDS ***
paybackmenow: raises $3 to $6
AzureCaper: calls $3
*** FLOP *** [As 3h 4c]
AzureCaper: checks
paybackmenow: bets $3
AzureCaper: raises $3 to $6
paybackmenow: raises $3 to $9
AzureCaper: raises $3 to $12
Betting is capped
paybackmenow: calls $3
*** TURN *** [As 3h 4c] [Qs]
AzureCaper: bets $6
paybackmenow: calls $6
*** RIVER *** [As 3h 4c Qs] [8h]
AzureCaper: bets $6
paybackmenow: calls $6
*** SHOW DOWN ***
AzureCaper: shows [4d 3s] (two pair, Fours and Threes)
paybackmenow: mucks hand
AzureCaper collected $59.50 from pot
*** SUMMARY ***
Total pot $60 | Rake $0.50
Board [As 3h 4c Qs 8h]
Seat 4: AzureCaper (big blind) showed [4d 3s] and won ($59.50) with two pair, Fours and Threes
Seat 6: paybackmenow (button) (small blind) mucked


PokerStars Hand #150217803203:  Hold'em Limit ($3/$6 USD) - 2016/03/11 23:43:38 ET
Table 'Ambrosia II' 6-max Seat #4 is the button
Seat 4: AzureCaper ($175.58 in chips)
Seat 6: paybackmenow ($322.94 in chips)
AzureCaper: posts small blind $1
paybackmenow: posts big blind $3
*** HOLE CARDS ***
AzureCaper: raises $3 to $6
paybackmenow: calls $3
*** FLOP *** [Tc 9c 7c]
paybackmenow: checks
AzureCaper: bets $3
paybackmenow: calls $3
*** TURN *** [Tc 9c 7c] [4d]
paybackmenow: checks
AzureCaper: bets $6
paybackmenow: raises $6 to $12
AzureCaper: calls $6
*** RIVER *** [Tc 9c 7c 4d] [Ts]
paybackmenow: bets $6
AzureCaper: calls $6
*** SHOW DOWN ***
paybackmenow: shows [Qh 8h] (a pair of Tens)
AzureCaper: shows [9h 8s] (two pair, Tens and Nines)
AzureCaper collected $53.50 from pot
*** SUMMARY ***
Total pot $54 | Rake $0.50
Board [Tc 9c 7c 4d Ts]
Seat 4: AzureCaper (button) (small blind) showed [9h 8s] and won ($53.50) with two pair, Tens and Nines
Seat 6: paybackmenow (big blind) showed [Qh 8h] and lost with a pair of Tens


PokerStars Hand #150217813567:  Hold'em Limit ($3/$6 USD) - 2016/03/11 23:44:12 ET
Table 'Ambrosia II' 6-max Seat #4 is the button
Seat 4: AzureCaper ($196.08 in chips)
Seat 6: paybackmenow ($301.70 in chips)
AzureCaper: posts small blind $1
paybackmenow: posts big blind $3
*** HOLE CARDS ***
AzureCaper: folds
Uncalled bet ($2) returned to paybackmenow
paybackmenow collected $2 from pot
paybackmenow: doesn't show hand
*** SUMMARY ***
Total pot $2 | Rake $0
Seat 4: AzureCaper (button) (small blind) folded before Flop
Seat 6: paybackmenow (big blind) collected ($2)


PokerStars Hand #150217834588:  Hold'em Limit ($3/$6 USD) - 2016/03/11 23:45:19 ET
Table 'Ambrosia II' 6-max Seat #4 is the button
Seat 4: AzureCaper ($217.34 in chips)
Seat 6: paybackmenow ($279.22 in chips)
AzureCaper: posts small blind $1
paybackmenow: posts big blind $3
*** HOLE CARDS ***
AzureCaper: raises $3 to $6
paybackmenow: folds
Uncalled bet ($3) returned to AzureCaper
AzureCaper collected $6 from pot
AzureCaper: doesn't show hand
*** SUMMARY ***
Total pot $6 | Rake $0
Seat 4: AzureCaper (button) (small blind) collected ($6)
Seat 6: paybackmenow (big blind) folded before Flop


PokerStars Hand #150217831563:  Hold'em Limit ($3/$6 USD) - 2016/03/11 23:45:09 ET
Table 'Ambrosia II' 6-max Seat #6 is the button
Seat 4: AzureCaper ($223.34 in chips)
Seat 6: paybackmenow ($273.46 in chips)
paybackmenow: posts small blind $1
AzureCaper: posts big blind $3
*** HOLE CARDS ***
paybackmenow: raises $3 to $6
AzureCaper: calls $3
*** FLOP *** [6c 2c Qh]
AzureCaper: checks
paybackmenow: bets $3
AzureCaper: folds
Uncalled bet ($3) returned to paybackmenow
paybackmenow collected $11.76 from pot
paybackmenow: doesn't show hand
*** SUMMARY ***
Total pot $12 | Rake $0.24
Board [6c 2c Qh]
Seat 4: AzureCaper (big blind) folded on the Flop
Seat 6: paybackmenow (button) (small blind) collected ($11.76)


PokerStars Hand #150217830065:  Hold'em Limit ($3/$6 USD) - 2016/03/11 23:45:04 ET
Table 'Ambrosia II' 6-max Seat #4 is the button
Seat 4: AzureCaper ($224.34 in chips)
Seat 6: paybackmenow ($272.46 in chips)
AzureCaper: posts small blind $1
paybackmenow: posts big blind $3
*** HOLE CARDS ***
AzureCaper: folds
Uncalled bet ($2) returned to paybackmenow
paybackmenow collected $2 from pot
paybackmenow: doesn't show hand
*** SUMMARY ***
Total pot $2 | Rake $0
Seat 4: AzureCaper (button) (small blind) folded before Flop
Seat 6: paybackmenow (big blind) collected ($2)


PokerStars Hand #150217824396:  Hold'em Limit ($3/$6 USD) - 2016/03/11 23:44:46 ET
Table 'Ambrosia II' 6-max Seat #6 is the button
Seat 4: AzureCaper ($230.34 in chips)
Seat 6: paybackmenow ($266.70 in chips)
paybackmenow: posts small blind $1
AzureCaper: posts big blind $3
*** HOLE CARDS ***
paybackmenow: raises $3 to $6
AzureCaper: calls $3
*** FLOP *** [2d Qc Ks]
AzureCaper: checks
paybackmenow: bets $3
AzureCaper: folds
Uncalled bet ($3) returned to paybackmenow
paybackmenow collected $11.76 from pot
paybackmenow: doesn't show hand
*** SUMMARY ***
Total pot $12 | Rake $0.24
Board [2d Qc Ks]
Seat 4: AzureCaper (big blind) folded on the Flop
Seat 6: paybackmenow (button) (small blind) collected ($11.76)


PokerStars Hand #150217821461:  Hold'em Limit ($3/$6 USD) - 2016/03/11 23:44:37 ET
Table 'Ambrosia II' 6-max Seat #4 is the button
Seat 4: AzureCaper ($224.58 in chips)
Seat 6: paybackmenow ($272.70 in chips)
AzureCaper: posts small blind $1
paybackmenow: posts big blind $3
*** HOLE CARDS ***
AzureCaper: raises $3 to $6
paybackmenow: calls $3
*** FLOP *** [2d 9s 4d]
paybackmenow: checks
AzureCaper: bets $3
paybackmenow: folds
Uncalled bet ($3) returned to AzureCaper
AzureCaper collected $11.76 from pot
AzureCaper: doesn't show hand
*** SUMMARY ***
Total pot $12 | Rake $0.24
Board [2d 9s 4d]
Seat 4: AzureCaper (button) (small blind) collected ($11.76)
Seat 6: paybackmenow (big blind) folded on the Flop


PokerStars Hand #150217929667:  Hold'em Limit ($3/$6 USD) - 2016/03/11 23:50:24 ET
Table 'Ambrosia II' 6-max Seat #6 is the button
Seat 4: AzureCaper ($109.02 in chips)
Seat 6: paybackmenow ($366.73 in chips)
paybackmenow: posts small blind $1
AzureCaper: posts big blind $3
*** HOLE CARDS ***
paybackmenow: folds
Uncalled bet ($2) returned to AzureCaper
AzureCaper collected $2 from pot
AzureCaper: doesn't show hand
*** SUMMARY ***
Total pot $2 | Rake $0
Seat 4: AzureCaper (big blind) collected ($2)
Seat 6: paybackmenow (button) (small blind) folded before Flop


PokerStars Hand #150217931176:  Hold'em Limit ($3/$6 USD) - 2016/03/11 23:50:29 ET
Table 'Ambrosia II' 6-max Seat #4 is the button
Seat 4: AzureCaper ($110.02 in chips)
Seat 6: paybackmenow ($365.73 in chips)
AzureCaper: posts small blind $1
paybackmenow: posts big blind $3
*** HOLE CARDS ***
AzureCaper: raises $3 to $6
paybackmenow: raises $3 to $9
AzureCaper: calls $3
*** FLOP *** [2h 5d 8c]
paybackmenow: bets $3
AzureCaper: calls $3
*** TURN *** [2h 5d 8c] [5h]
paybackmenow: bets $6
AzureCaper: calls $6
*** RIVER *** [2h 5d 8c 5h] [Jh]
paybackmenow: bets $6
AzureCaper: calls $6
*** SHOW DOWN ***
paybackmenow: shows [Qh Kc] (a pair of Fives)
AzureCaper: shows [4c Ah] (a pair of Fives - Ace kicker)
AzureCaper collected $47.50 from pot
*** SUMMARY ***
Total pot $48 | Rake $0.50
Board [2h 5d 8c 5h Jh]
Seat 4: AzureCaper (button) (small blind) showed [4c Ah] and won ($47.50) with a pair of Fives
Seat 6: paybackmenow (big blind) showed [Qh Kc] and lost with a pair of Fives


PokerStars Hand #150217925545:  Hold'em Limit ($3/$6 USD) - 2016/03/11 23:50:10 ET
Table 'Ambrosia II' 6-max Seat #4 is the button
Seat 4: AzureCaper ($124.02 in chips)
Seat 6: paybackmenow ($352.23 in chips)
AzureCaper: posts small blind $1
paybackmenow: posts big blind $3
*** HOLE CARDS ***
AzureCaper: raises $3 to $6
paybackmenow: calls $3
*** FLOP *** [7d 3d 8h]
paybackmenow: checks
AzureCaper: bets $3
paybackmenow: calls $3
*** TURN *** [7d 3d 8h] [7c]
paybackmenow: checks
AzureCaper: checks
*** RIVER *** [7d 3d 8h 7c] [Ts]
paybackmenow: bets $6
AzureCaper: calls $6
*** SHOW DOWN ***
paybackmenow: shows [9h Jd] (a straight, Seven to Jack)
AzureCaper: mucks hand
paybackmenow collected $29.50 from pot
*** SUMMARY ***
Total pot $30 | Rake $0.50
Board [7d 3d 8h 7c Ts]
Seat 4: AzureCaper (button) (small blind) mucked
Seat 6: paybackmenow (big blind) showed [9h Jd] and won ($29.50) with a straight, Seven to Jack


PokerStars Hand #150217917199:  Hold'em Limit ($3/$6 USD) - 2016/03/11 23:49:43 ET
Table 'Ambrosia II' 6-max Seat #6 is the button
Seat 4: AzureCaper ($150.02 in chips)
Seat 6: paybackmenow ($326.73 in chips)
paybackmenow: posts small blind $1
lanford: is sitting out
AzureCaper: posts big blind $3
*** HOLE CARDS ***
paybackmenow: folds
Uncalled bet ($2) returned to AzureCaper
AzureCaper collected $2 from pot
AzureCaper: doesn't show hand
lanford leaves the table
*** SUMMARY ***
Total pot $2 | Rake $0
Seat 4: AzureCaper (big blind) collected ($2)
Seat 6: paybackmenow (button) (small blind) folded before Flop


PokerStars Hand #150217923559:  Hold'em Limit ($3/$6 USD) - 2016/03/11 23:50:04 ET
Table 'Ambrosia II' 6-max Seat #6 is the button
Seat 4: AzureCaper ($127.02 in chips)
Seat 6: paybackmenow ($349.23 in chips)
paybackmenow: posts small blind $1
AzureCaper: posts big blind $3
*** HOLE CARDS ***
paybackmenow: raises $3 to $6
AzureCaper: folds
Uncalled bet ($3) returned to paybackmenow
paybackmenow collected $6 from pot
paybackmenow: doesn't show hand
*** SUMMARY ***
Total pot $6 | Rake $0
Seat 4: AzureCaper (big blind) folded before Flop
Seat 6: paybackmenow (button) (small blind) collected ($6)


PokerStars Hand #150217918864:  Hold'em Limit ($3/$6 USD) - 2016/03/11 23:49:48 ET
Table 'Ambrosia II' 6-max Seat #4 is the button
Seat 4: AzureCaper ($151.02 in chips)
Seat 6: paybackmenow ($325.73 in chips)
AzureCaper: posts small blind $1
paybackmenow: posts big blind $3
*** HOLE CARDS ***
AzureCaper: raises $3 to $6
paybackmenow: raises $3 to $9
AzureCaper: calls $3
*** FLOP *** [2d 7c 3h]
paybackmenow: bets $3
AzureCaper: calls $3
*** TURN *** [2d 7c 3h] [Ts]
paybackmenow: bets $6
AzureCaper: calls $6
*** RIVER *** [2d 7c 3h Ts] [6h]
paybackmenow: bets $6
AzureCaper: calls $6
*** SHOW DOWN ***
paybackmenow: shows [As 5d] (high card Ace)
AzureCaper: mucks hand
paybackmenow collected $47.50 from pot
*** SUMMARY ***
Total pot $48 | Rake $0.50
Board [2d 7c 3h Ts 6h]
Seat 4: AzureCaper (button) (small blind) mucked
Seat 6: paybackmenow (big blind) showed [As 5d] and won ($47.50) with high card Ace


PokerStars Hand #150217937192:  Hold'em Limit ($3/$6 USD) - 2016/03/11 23:50:48 ET
Table 'Ambrosia II' 6-max Seat #4 is the button
Seat 4: AzureCaper ($134.52 in chips)
Seat 6: paybackmenow ($340.73 in chips)
AzureCaper: posts small blind $1
paybackmenow: posts big blind $3
*** HOLE CARDS ***
AzureCaper: folds
Uncalled bet ($2) returned to paybackmenow
paybackmenow collected $2 from pot
paybackmenow: doesn't show hand
*** SUMMARY ***
Total pot $2 | Rake $0
Seat 4: AzureCaper (button) (small blind) folded before Flop
Seat 6: paybackmenow (big blind) collected ($2)


PokerStars Hand #150217935751:  Hold'em Limit ($3/$6 USD) - 2016/03/11 23:50:43 ET
Table 'Ambrosia II' 6-max Seat #6 is the button
Seat 4: AzureCaper ($133.52 in chips)
Seat 6: paybackmenow ($341.73 in chips)
paybackmenow: posts small blind $1
AzureCaper: posts big blind $3
*** HOLE CARDS ***
paybackmenow: folds
Uncalled bet ($2) returned to AzureCaper
AzureCaper collected $2 from pot
AzureCaper: doesn't show hand
*** SUMMARY ***
Total pot $2 | Rake $0
Seat 4: AzureCaper (big blind) collected ($2)
Seat 6: paybackmenow (button) (small blind) folded before Flop


PokerStars Hand #150217951179:  Hold'em Limit ($3/$6 USD) - 2016/03/11 23:51:34 ET
Table 'Ambrosia II' 6-max Seat #4 is the button
Seat 4: AzureCaper ($158.66 in chips)
Seat 6: paybackmenow ($315.73 in chips)
AzureCaper: posts small blind $1
paybackmenow: posts big blind $3
*** HOLE CARDS ***
AzureCaper: folds
Uncalled bet ($2) returned to paybackmenow
paybackmenow collected $2 from pot
paybackmenow: doesn't show hand
*** SUMMARY ***
Total pot $2 | Rake $0
Seat 4: AzureCaper (button) (small blind) folded before Flop
Seat 6: paybackmenow (big blind) collected ($2)


PokerStars Hand #150217949735:  Hold'em Limit ($3/$6 USD) - 2016/03/11 23:51:29 ET
Table 'Ambrosia II' 6-max Seat #6 is the button
Seat 4: AzureCaper ($157.66 in chips)
Seat 6: paybackmenow ($316.73 in chips)
paybackmenow: posts small blind $1
AzureCaper: posts big blind $3
*** HOLE CARDS ***
paybackmenow: folds
Uncalled bet ($2) returned to AzureCaper
AzureCaper collected $2 from pot
AzureCaper: doesn't show hand
*** SUMMARY ***
Total pot $2 | Rake $0
Seat 4: AzureCaper (big blind) collected ($2)
Seat 6: paybackmenow (button) (small blind) folded before Flop


PokerStars Hand #150217948286:  Hold'em Limit ($3/$6 USD) - 2016/03/11 23:51:25 ET
Table 'Ambrosia II' 6-max Seat #4 is the button
Seat 4: AzureCaper ($158.66 in chips)
Seat 6: paybackmenow ($315.73 in chips)
AzureCaper: posts small blind $1
paybackmenow: posts big blind $3
*** HOLE CARDS ***
AzureCaper: folds
Uncalled bet ($2) returned to paybackmenow
paybackmenow collected $2 from pot
paybackmenow: doesn't show hand
*** SUMMARY ***
Total pot $2 | Rake $0
Seat 4: AzureCaper (button) (small blind) folded before Flop
Seat 6: paybackmenow (big blind) collected ($2)


PokerStars Hand #150217938604:  Hold'em Limit ($3/$6 USD) - 2016/03/11 23:50:53 ET
Table 'Ambrosia II' 6-max Seat #6 is the button
Seat 4: AzureCaper ($133.52 in chips)
Seat 6: paybackmenow ($341.73 in chips)
paybackmenow: posts small blind $1
AzureCaper: posts big blind $3
*** HOLE CARDS ***
paybackmenow: raises $3 to $6
AzureCaper: calls $3
*** FLOP *** [Kh As 5h]
AzureCaper: checks
paybackmenow: bets $3
AzureCaper: raises $3 to $6
paybackmenow: folds
Uncalled bet ($3) returned to AzureCaper
AzureCaper collected $17.64 from pot
AzureCaper: doesn't show hand
*** SUMMARY ***
Total pot $18 | Rake $0.36
Board [Kh As 5h]
Seat 4: AzureCaper (big blind) collected ($17.64)
Seat 6: paybackmenow (button) (small blind) folded on the Flop


PokerStars Hand #150217943727:  Hold'em Limit ($3/$6 USD) - 2016/03/11 23:51:10 ET
Table 'Ambrosia II' 6-max Seat #6 is the button
Seat 4: AzureCaper ($141.16 in chips)
Seat 6: paybackmenow ($333.73 in chips)
paybackmenow: posts small blind $1
AzureCaper: posts big blind $3
*** HOLE CARDS ***
paybackmenow: raises $3 to $6
AzureCaper: raises $3 to $9
paybackmenow: calls $3
*** FLOP *** [Jh Qc 7h]
AzureCaper: bets $3
paybackmenow: calls $3
*** TURN *** [Jh Qc 7h] [Ts]
AzureCaper: bets $6
paybackmenow: calls $6
*** RIVER *** [Jh Qc 7h Ts] [6d]
AzureCaper: bets $6
paybackmenow: folds
Uncalled bet ($6) returned to AzureCaper
AzureCaper collected $35.50 from pot
AzureCaper: doesn't show hand
*** SUMMARY ***
Total pot $36 | Rake $0.50
Board [Jh Qc 7h Ts 6d]
Seat 4: AzureCaper (big blind) collected ($35.50)
Seat 6: paybackmenow (button) (small blind) folded on the River


PokerStars Hand #150217941628:  Hold'em Limit ($3/$6 USD) - 2016/03/11 23:51:03 ET
Table 'Ambrosia II' 6-max Seat #4 is the button
Seat 4: AzureCaper ($142.16 in chips)
Seat 6: paybackmenow ($332.73 in chips)
AzureCaper: posts small blind $1
paybackmenow: posts big blind $3
*** HOLE CARDS ***
AzureCaper: folds
Uncalled bet ($2) returned to paybackmenow
paybackmenow collected $2 from pot
paybackmenow: doesn't show hand
*** SUMMARY ***
Total pot $2 | Rake $0
Seat 4: AzureCaper (button) (small blind) folded before Flop
Seat 6: paybackmenow (big blind) collected ($2)


PokerStars Hand #150217961876:  Hold'em Limit ($3/$6 USD) - 2016/03/11 23:52:09 ET
Table 'Ambrosia II' 6-max Seat #4 is the button
Seat 4: AzureCaper ($174.16 in chips)
Seat 6: paybackmenow ($299.73 in chips)
AzureCaper: posts small blind $1
paybackmenow: posts big blind $3
*** HOLE CARDS ***
AzureCaper: raises $3 to $6
paybackmenow: calls $3
*** FLOP *** [Qd 9h Ts]
paybackmenow: checks
AzureCaper: bets $3
paybackmenow: folds
Uncalled bet ($3) returned to AzureCaper
AzureCaper collected $11.76 from pot
AzureCaper: doesn't show hand
*** SUMMARY ***
Total pot $12 | Rake $0.24
Board [Qd 9h Ts]
Seat 4: AzureCaper (button) (small blind) collected ($11.76)
Seat 6: paybackmenow (big blind) folded on the Flop


PokerStars Hand #150217956871:  Hold'em Limit ($3/$6 USD) - 2016/03/11 23:51:53 ET
Table 'Ambrosia II' 6-max Seat #6 is the button
Seat 4: AzureCaper ($153.66 in chips)
Seat 6: paybackmenow ($320.73 in chips)
paybackmenow: posts small blind $1
AzureCaper: posts big blind $3
*** HOLE CARDS ***
paybackmenow: raises $3 to $6
AzureCaper: calls $3
*** FLOP *** [Kh Qc Kd]
AzureCaper: checks
paybackmenow: bets $3
AzureCaper: calls $3
*** TURN *** [Kh Qc Kd] [Qd]
AzureCaper: checks
paybackmenow: bets $6
AzureCaper: calls $6
*** RIVER *** [Kh Qc Kd Qd] [7d]
AzureCaper: checks
paybackmenow: bets $6
AzureCaper: calls $6
*** SHOW DOWN ***
paybackmenow: shows [6s 6c] (two pair, Kings and Queens)
AzureCaper: shows [Ac 2h] (two pair, Kings and Queens - Ace kicker)
AzureCaper collected $41.50 from pot
*** SUMMARY ***
Total pot $42 | Rake $0.50
Board [Kh Qc Kd Qd 7d]
Seat 4: AzureCaper (big blind) showed [Ac 2h] and won ($41.50) with two pair, Kings and Queens
Seat 6: paybackmenow (button) (small blind) showed [6s 6c] and lost with two pair, Kings and Queens


PokerStars Hand #150217966913:  Hold'em Limit ($3/$6 USD) - 2016/03/11 23:52:26 ET
Table 'Ambrosia II' 6-max Seat #4 is the button
Seat 4: AzureCaper ($180.92 in chips)
Seat 6: paybackmenow ($292.73 in chips)
AzureCaper: posts small blind $1
paybackmenow: posts big blind $3
*** HOLE CARDS ***
AzureCaper: folds
Uncalled bet ($2) returned to paybackmenow
paybackmenow collected $2 from pot
paybackmenow: doesn't show hand
*** SUMMARY ***
Total pot $2 | Rake $0
Seat 4: AzureCaper (button) (small blind) folded before Flop
Seat 6: paybackmenow (big blind) collected ($2)


PokerStars Hand #150217955460:  Hold'em Limit ($3/$6 USD) - 2016/03/11 23:51:48 ET
Table 'Ambrosia II' 6-max Seat #4 is the button
Seat 4: AzureCaper ($154.66 in chips)
Seat 6: paybackmenow ($319.73 in chips)
AzureCaper: posts small blind $1
paybackmenow: posts big blind $3
*** HOLE CARDS ***
AzureCaper: folds
Uncalled bet ($2) returned to paybackmenow
paybackmenow collected $2 from pot
paybackmenow: doesn't show hand
*** SUMMARY ***
Total pot $2 | Rake $0
Seat 4: AzureCaper (button) (small blind) folded before Flop
Seat 6: paybackmenow (big blind) collected ($2)


PokerStars Hand #150217952478:  Hold'em Limit ($3/$6 USD) - 2016/03/11 23:51:38 ET
Table 'Ambrosia II' 6-max Seat #6 is the button
Seat 4: AzureCaper ($157.66 in chips)
Seat 6: paybackmenow ($316.73 in chips)
paybackmenow: posts small blind $1
AzureCaper: posts big blind $3
*** HOLE CARDS ***
paybackmenow: raises $3 to $6
AzureCaper: folds
Uncalled bet ($3) returned to paybackmenow
paybackmenow collected $6 from pot
*** SUMMARY ***
Total pot $6 | Rake $0
Seat 4: AzureCaper (big blind) folded before Flop
Seat 6: paybackmenow (button) (small blind) collected ($6)


PokerStars Hand #150217981362:  Hold'em Limit ($3/$6 USD) - 2016/03/11 23:53:14 ET
Table 'Ambrosia II' 6-max Seat #6 is the button
Seat 4: AzureCaper ($178.44 in chips)
Seat 6: paybackmenow ($294.37 in chips)
paybackmenow: posts small blind $1
AzureCaper: posts big blind $3
*** HOLE CARDS ***
paybackmenow: raises $3 to $6
AzureCaper: calls $3
*** FLOP *** [Js 6s 2s]
AzureCaper: checks
paybackmenow: bets $3
AzureCaper: folds
Uncalled bet ($3) returned to paybackmenow
paybackmenow collected $11.76 from pot
paybackmenow: doesn't show hand
*** SUMMARY ***
Total pot $12 | Rake $0.24
Board [Js 6s 2s]
Seat 4: AzureCaper (big blind) folded on the Flop
Seat 6: paybackmenow (button) (small blind) collected ($11.76)


PokerStars Hand #150217979404:  Hold'em Limit ($3/$6 USD) - 2016/03/11 23:53:08 ET
Table 'Ambrosia II' 6-max Seat #4 is the button
Seat 4: AzureCaper ($179.44 in chips)
Seat 6: paybackmenow ($293.37 in chips)
AzureCaper: posts small blind $1
paybackmenow: posts big blind $3
*** HOLE CARDS ***
AzureCaper: folds
Uncalled bet ($2) returned to paybackmenow
paybackmenow collected $2 from pot
paybackmenow: doesn't show hand
*** SUMMARY ***
Total pot $2 | Rake $0
Seat 4: AzureCaper (button) (small blind) folded before Flop
Seat 6: paybackmenow (big blind) collected ($2)


PokerStars Hand #150217977672:  Hold'em Limit ($3/$6 USD) - 2016/03/11 23:53:02 ET
Table 'Ambrosia II' 6-max Seat #6 is the button
Seat 4: AzureCaper ($182.44 in chips)
Seat 6: paybackmenow ($290.37 in chips)
paybackmenow: posts small blind $1
AzureCaper: posts big blind $3
*** HOLE CARDS ***
paybackmenow: raises $3 to $6
AzureCaper: folds
Uncalled bet ($3) returned to paybackmenow
paybackmenow collected $6 from pot
paybackmenow: doesn't show hand
*** SUMMARY ***
Total pot $6 | Rake $0
Seat 4: AzureCaper (big blind) folded before Flop
Seat 6: paybackmenow (button) (small blind) collected ($6)


PokerStars Hand #150217973662:  Hold'em Limit ($3/$6 USD) - 2016/03/11 23:52:49 ET
Table 'Ambrosia II' 6-max Seat #4 is the button
Seat 4: AzureCaper ($191.44 in chips)
Seat 6: paybackmenow ($281.73 in chips)
AzureCaper: posts small blind $1
paybackmenow: posts big blind $3
*** HOLE CARDS ***
AzureCaper: raises $3 to $6
paybackmenow: calls $3
*** FLOP *** [Js 6h Qc]
paybackmenow: checks
AzureCaper: bets $3
paybackmenow: calls $3
*** TURN *** [Js 6h Qc] [Tc]
paybackmenow: checks
AzureCaper: checks
*** RIVER *** [Js 6h Qc Tc] [4h]
paybackmenow: bets $6
AzureCaper: folds
Uncalled bet ($6) returned to paybackmenow
paybackmenow collected $17.64 from pot
*** SUMMARY ***
Total pot $18 | Rake $0.36
Board [Js 6h Qc Tc 4h]
Seat 4: AzureCaper (button) (small blind) folded on the River
Seat 6: paybackmenow (big blind) collected ($17.64)


PokerStars Hand #150217968168:  Hold'em Limit ($3/$6 USD) - 2016/03/11 23:52:30 ET
Table 'Ambrosia II' 6-max Seat #6 is the button
Seat 4: AzureCaper ($179.92 in chips)
Seat 6: paybackmenow ($293.73 in chips)
paybackmenow: posts small blind $1
AzureCaper: posts big blind $3
*** HOLE CARDS ***
paybackmenow: raises $3 to $6
AzureCaper: raises $3 to $9
paybackmenow: calls $3
*** FLOP *** [Js 3s Qc]
AzureCaper: bets $3
paybackmenow: calls $3
*** TURN *** [Js 3s Qc] [Ks]
AzureCaper: bets $6
paybackmenow: folds
Uncalled bet ($6) returned to AzureCaper
AzureCaper collected $23.52 from pot
AzureCaper: doesn't show hand
*** SUMMARY ***
Total pot $24 | Rake $0.48
Board [Js 3s Qc Ks]
Seat 4: AzureCaper (big blind) collected ($23.52)
Seat 6: paybackmenow (button) (small blind) folded on the Turn


PokerStars Hand #150217984619:  Hold'em Limit ($3/$6 USD) - 2016/03/11 23:53:25 ET
Table 'Ambrosia II' 6-max Seat #4 is the button
Seat 4: AzureCaper ($172.44 in chips)
Seat 6: paybackmenow ($300.13 in chips)
AzureCaper: posts small blind $1
paybackmenow: posts big blind $3
*** HOLE CARDS ***
AzureCaper: raises $3 to $6
paybackmenow: calls $3
*** FLOP *** [3h 8d Js]
paybackmenow: checks
AzureCaper: bets $3
paybackmenow: raises $3 to $6
AzureCaper: calls $3
*** TURN *** [3h 8d Js] [Qh]
paybackmenow: bets $6
AzureCaper: calls $6
*** RIVER *** [3h 8d Js Qh] [Ac]
paybackmenow: bets $6
AzureCaper: calls $6
*** SHOW DOWN ***
paybackmenow: shows [Ks 8h] (a pair of Eights)
AzureCaper: mucks hand
paybackmenow collected $47.50 from pot
*** SUMMARY ***
Total pot $48 | Rake $0.50
Board [3h 8d Js Qh Ac]
Seat 4: AzureCaper (button) (small blind) mucked
Seat 6: paybackmenow (big blind) showed [Ks 8h] and won ($47.50) with a pair of Eights


PokerStars Hand #150217991586:  Hold'em Limit ($3/$6 USD) - 2016/03/11 23:53:48 ET
Table 'Ambrosia II' 6-max Seat #6 is the button
Seat 4: AzureCaper ($148.44 in chips)
Seat 6: paybackmenow ($323.63 in chips)
paybackmenow: posts small blind $1
AzureCaper: posts big blind $3
*** HOLE CARDS ***
paybackmenow: raises $3 to $6
AzureCaper: raises $3 to $9
paybackmenow: calls $3
*** FLOP *** [8h 9c 9h]
AzureCaper: bets $3
paybackmenow: calls $3
*** TURN *** [8h 9c 9h] [5c]
AzureCaper: bets $6
paybackmenow: calls $6
*** RIVER *** [8h 9c 9h 5c] [6h]
AzureCaper: bets $6
paybackmenow: folds
Uncalled bet ($6) returned to AzureCaper
AzureCaper collected $35.50 from pot
AzureCaper: doesn't show hand
*** SUMMARY ***
Total pot $36 | Rake $0.50
Board [8h 9c 9h 5c 6h]
Seat 4: AzureCaper (big blind) collected ($35.50)
Seat 6: paybackmenow (button) (small blind) folded on the River


PokerStars Hand #150218003504:  Hold'em Limit ($3/$6 USD) - 2016/03/11 23:54:27 ET
Table 'Ambrosia II' 6-max Seat #4 is the button
Seat 4: AzureCaper ($150.94 in chips)
Seat 6: paybackmenow ($320.15 in chips)
AzureCaper: posts small blind $1
paybackmenow: posts big blind $3
*** HOLE CARDS ***
AzureCaper: raises $3 to $6
paybackmenow: raises $3 to $9
AzureCaper: calls $3
*** FLOP *** [4d Qh Ac]
paybackmenow: bets $3
AzureCaper: calls $3
*** TURN *** [4d Qh Ac] [2s]
paybackmenow: bets $6
AzureCaper: calls $6
*** RIVER *** [4d Qh Ac 2s] [6s]
paybackmenow: bets $6
AzureCaper: calls $6
*** SHOW DOWN ***
paybackmenow: shows [Td Kd] (high card Ace)
AzureCaper: shows [Qd Th] (a pair of Queens)
AzureCaper collected $47.50 from pot
*** SUMMARY ***
Total pot $48 | Rake $0.50
Board [4d Qh Ac 2s 6s]
Seat 4: AzureCaper (button) (small blind) showed [Qd Th] and won ($47.50) with a pair of Queens
Seat 6: paybackmenow (big blind) showed [Td Kd] and lost with high card Ace


PokerStars Hand #150218001655:  Hold'em Limit ($3/$6 USD) - 2016/03/11 23:54:21 ET
Table 'Ambrosia II' 6-max Seat #6 is the button
Seat 4: AzureCaper ($153.94 in chips)
Seat 6: paybackmenow ($317.15 in chips)
paybackmenow: posts small blind $1
AzureCaper: posts big blind $3
*** HOLE CARDS ***
paybackmenow: raises $3 to $6
AzureCaper: folds
Uncalled bet ($3) returned to paybackmenow
paybackmenow collected $6 from pot
paybackmenow: doesn't show hand
*** SUMMARY ***
Total pot $6 | Rake $0
Seat 4: AzureCaper (big blind) folded before Flop
Seat 6: paybackmenow (button) (small blind) collected ($6)


PokerStars Hand #150217997561:  Hold'em Limit ($3/$6 USD) - 2016/03/11 23:54:08 ET
Table 'Ambrosia II' 6-max Seat #4 is the button
Seat 4: AzureCaper ($165.94 in chips)
Seat 6: paybackmenow ($305.63 in chips)
AzureCaper: posts small blind $1
paybackmenow: posts big blind $3
*** HOLE CARDS ***
AzureCaper: raises $3 to $6
paybackmenow: raises $3 to $9
AzureCaper: calls $3
*** FLOP *** [5h 4s 2h]
paybackmenow: bets $3
AzureCaper: calls $3
*** TURN *** [5h 4s 2h] [Jh]
paybackmenow: bets $6
AzureCaper: folds
Uncalled bet ($6) returned to paybackmenow
paybackmenow collected $23.52 from pot
*** SUMMARY ***
Total pot $24 | Rake $0.48
Board [5h 4s 2h Jh]
Seat 4: AzureCaper (button) (small blind) folded on the Turn
Seat 6: paybackmenow (big blind) collected ($23.52)


PokerStars Hand #150218008337:  Hold'em Limit ($3/$6 USD) - 2016/03/11 23:54:43 ET
Table 'Ambrosia II' 6-max Seat #6 is the button
Seat 4: AzureCaper ($174.44 in chips)
Seat 6: paybackmenow ($296.15 in chips)
paybackmenow: posts small blind $1
AzureCaper: posts big blind $3
*** HOLE CARDS ***
paybackmenow: raises $3 to $6
AzureCaper: calls $3
*** FLOP *** [Js 5h Qc]
AzureCaper: checks
paybackmenow: bets $3
AzureCaper: folds
Uncalled bet ($3) returned to paybackmenow
paybackmenow collected $11.76 from pot
paybackmenow: doesn't show hand
*** SUMMARY ***
Total pot $12 | Rake $0.24
Board [Js 5h Qc]
Seat 4: AzureCaper (big blind) folded on the Flop
Seat 6: paybackmenow (button) (small blind) collected ($11.76)


PokerStars Hand #150218022359:  Hold'em Limit ($3/$6 USD) - 2016/03/11 23:55:34 ET
Table 'Ambrosia II' 6-max Seat #6 is the button
Seat 4: AzureCaper ($135.44 in chips)
Seat 6: paybackmenow ($333.69 in chips)
paybackmenow: posts small blind $1
AzureCaper: posts big blind $3
*** HOLE CARDS ***
paybackmenow: folds
Uncalled bet ($2) returned to AzureCaper
AzureCaper collected $2 from pot
AzureCaper: doesn't show hand
*** SUMMARY ***
Total pot $2 | Rake $0
Seat 4: AzureCaper (big blind) collected ($2)
Seat 6: paybackmenow (button) (small blind) folded before Flop


PokerStars Hand #150218011021:  Hold'em Limit ($3/$6 USD) - 2016/03/11 23:54:52 ET
Table 'Ambrosia II' 6-max Seat #4 is the button
Seat 4: AzureCaper ($168.44 in chips)
Seat 6: paybackmenow ($301.91 in chips)
AzureCaper: posts small blind $1
paybackmenow: posts big blind $3
*** HOLE CARDS ***
AzureCaper: raises $3 to $6
paybackmenow: raises $3 to $9
AzureCaper: calls $3
*** FLOP *** [8d 9c Qs]
paybackmenow: bets $3
AzureCaper: folds
Uncalled bet ($3) returned to paybackmenow
paybackmenow collected $17.64 from pot
paybackmenow: doesn't show hand
*** SUMMARY ***
Total pot $18 | Rake $0.36
Board [8d 9c Qs]
Seat 4: AzureCaper (button) (small blind) folded on the Flop
Seat 6: paybackmenow (big blind) collected ($17.64)


PokerStars Hand #150218015278:  Hold'em Limit ($3/$6 USD) - 2016/03/11 23:55:07 ET
Table 'Ambrosia II' 6-max Seat #6 is the button
Seat 4: AzureCaper ($159.44 in chips)
Seat 6: paybackmenow ($310.55 in chips)
paybackmenow: posts small blind $1
AzureCaper: posts big blind $3
*** HOLE CARDS ***
paybackmenow: raises $3 to $6
AzureCaper: calls $3
*** FLOP *** [As 4c 6c]
AzureCaper: checks
paybackmenow: bets $3
AzureCaper: calls $3
*** TURN *** [As 4c 6c] [Ah]
AzureCaper: checks
paybackmenow: bets $6
AzureCaper: calls $6
*** RIVER *** [As 4c 6c Ah] [Td]
AzureCaper: checks
paybackmenow: checks
*** SHOW DOWN ***
AzureCaper: shows [8h Kc] (a pair of Aces)
paybackmenow: shows [2d 2h] (two pair, Aces and Deuces)
paybackmenow collected $29.50 from pot
*** SUMMARY ***
Total pot $30 | Rake $0.50
Board [As 4c 6c Ah Td]
Seat 4: AzureCaper (big blind) showed [8h Kc] and lost with a pair of Aces
Seat 6: paybackmenow (button) (small blind) showed [2d 2h] and won ($29.50) with two pair, Aces and Deuces


PokerStars Hand #150218018808:  Hold'em Limit ($3/$6 USD) - 2016/03/11 23:55:20 ET
Table 'Ambrosia II' 6-max Seat #4 is the button
Seat 4: AzureCaper ($144.44 in chips)
Seat 6: paybackmenow ($325.05 in chips)
AzureCaper: posts small blind $1
paybackmenow: posts big blind $3
*** HOLE CARDS ***
AzureCaper: raises $3 to $6
paybackmenow: calls $3
*** FLOP *** [Kc Tc As]
paybackmenow: checks
AzureCaper: bets $3
paybackmenow: calls $3
*** TURN *** [Kc Tc As] [5s]
paybackmenow: checks
AzureCaper: checks
*** RIVER *** [Kc Tc As 5s] [Js]
paybackmenow: bets $6
AzureCaper: folds
Uncalled bet ($6) returned to paybackmenow
paybackmenow collected $17.64 from pot
*** SUMMARY ***
Total pot $18 | Rake $0.36
Board [Kc Tc As 5s Js]
Seat 4: AzureCaper (button) (small blind) folded on the River
Seat 6: paybackmenow (big blind) collected ($17.64)


PokerStars Hand #150218032489:  Hold'em Limit ($3/$6 USD) - 2016/03/11 23:56:12 ET
Table 'Ambrosia II' 6-max Seat #6 is the button
Seat 4: AzureCaper ($124.44 in chips)
Seat 6: paybackmenow ($344.09 in chips)
paybackmenow: posts small blind $1
AzureCaper: posts big blind $3
*** HOLE CARDS ***
paybackmenow: raises $3 to $6
AzureCaper: folds
Uncalled bet ($3) returned to paybackmenow
paybackmenow collected $6 from pot
*** SUMMARY ***
Total pot $6 | Rake $0
Seat 4: AzureCaper (big blind) folded before Flop
Seat 6: paybackmenow (button) (small blind) collected ($6)


PokerStars Hand #150218031158:  Hold'em Limit ($3/$6 USD) - 2016/03/11 23:56:07 ET
Table 'Ambrosia II' 6-max Seat #4 is the button
Seat 4: AzureCaper ($121.44 in chips)
Seat 6: paybackmenow ($347.09 in chips)
AzureCaper: posts small blind $1
paybackmenow: posts big blind $3
*** HOLE CARDS ***
AzureCaper: raises $3 to $6
paybackmenow: folds
Uncalled bet ($3) returned to AzureCaper
AzureCaper collected $6 from pot
AzureCaper: doesn't show hand
*** SUMMARY ***
Total pot $6 | Rake $0
Seat 4: AzureCaper (button) (small blind) collected ($6)
Seat 6: paybackmenow (big blind) folded before Flop


PokerStars Hand #150218033704:  Hold'em Limit ($3/$6 USD) - 2016/03/11 23:56:17 ET
Table 'Ambrosia II' 6-max Seat #4 is the button
Seat 4: AzureCaper ($121.44 in chips)
Seat 6: paybackmenow ($347.09 in chips)
AzureCaper: posts small blind $1
paybackmenow: posts big blind $3
*** HOLE CARDS ***
AzureCaper: raises $3 to $6
paybackmenow: raises $3 to $9
AzureCaper: calls $3
*** FLOP *** [Ad 6h 8d]
carmello774 joins the table at seat #1
paybackmenow: bets $3
AzureCaper: calls $3
*** TURN *** [Ad 6h 8d] [8c]
paybackmenow: checks
AzureCaper: bets $6
paybackmenow: raises $6 to $12
AzureCaper: calls $6
*** RIVER *** [Ad 6h 8d 8c] [Js]
paybackmenow: bets $6
AzureCaper: calls $6
*** SHOW DOWN ***
paybackmenow: shows [3h 8h] (three of a kind, Eights)
AzureCaper: mucks hand
paybackmenow collected $59.50 from pot
*** SUMMARY ***
Total pot $60 | Rake $0.50
Board [Ad 6h 8d 8c Js]
Seat 4: AzureCaper (button) (small blind) mucked
Seat 6: paybackmenow (big blind) showed [3h 8h] and won ($59.50) with three of a kind, Eights


PokerStars Hand #150218029041:  Hold'em Limit ($3/$6 USD) - 2016/03/11 23:55:59 ET
Table 'Ambrosia II' 6-max Seat #6 is the button
Seat 4: AzureCaper ($127.44 in chips)
Seat 6: paybackmenow ($341.33 in chips)
paybackmenow: posts small blind $1
AzureCaper: posts big blind $3
*** HOLE CARDS ***
paybackmenow: raises $3 to $6
AzureCaper: calls $3
*** FLOP *** [3s Ks 9h]
AzureCaper: checks
paybackmenow: bets $3
AzureCaper: folds
Uncalled bet ($3) returned to paybackmenow
paybackmenow collected $11.76 from pot
paybackmenow: doesn't show hand
*** SUMMARY ***
Total pot $12 | Rake $0.24
Board [3s Ks 9h]
Seat 4: AzureCaper (big blind) folded on the Flop
Seat 6: paybackmenow (button) (small blind) collected ($11.76)


PokerStars Hand #150218027670:  Hold'em Limit ($3/$6 USD) - 2016/03/11 23:55:54 ET
Table 'Ambrosia II' 6-max Seat #4 is the button
Seat 4: AzureCaper ($124.44 in chips)
Seat 6: paybackmenow ($344.33 in chips)
AzureCaper: posts small blind $1
paybackmenow: posts big blind $3
*** HOLE CARDS ***
AzureCaper: raises $3 to $6
paybackmenow: folds
Uncalled bet ($3) returned to AzureCaper
AzureCaper collected $6 from pot
AzureCaper: doesn't show hand
*** SUMMARY ***
Total pot $6 | Rake $0
Seat 4: AzureCaper (button) (small blind) collected ($6)
Seat 6: paybackmenow (big blind) folded before Flop


PokerStars Hand #150218026181:  Hold'em Limit ($3/$6 USD) - 2016/03/11 23:55:48 ET
Table 'Ambrosia II' 6-max Seat #6 is the button
Seat 4: AzureCaper ($127.44 in chips)
Seat 6: paybackmenow ($341.33 in chips)
paybackmenow: posts small blind $1
AzureCaper: posts big blind $3
*** HOLE CARDS ***
paybackmenow: raises $3 to $6
AzureCaper: folds
Uncalled bet ($3) returned to paybackmenow
paybackmenow collected $6 from pot
*** SUMMARY ***
Total pot $6 | Rake $0
Seat 4: AzureCaper (big blind) folded before Flop
Seat 6: paybackmenow (button) (small blind) collected ($6)


PokerStars Hand #150218023622:  Hold'em Limit ($3/$6 USD) - 2016/03/11 23:55:39 ET
Table 'Ambrosia II' 6-max Seat #4 is the button
Seat 4: AzureCaper ($136.44 in chips)
Seat 6: paybackmenow ($332.69 in chips)
AzureCaper: posts small blind $1
paybackmenow: posts big blind $3
*** HOLE CARDS ***
AzureCaper: raises $3 to $6
paybackmenow: raises $3 to $9
AzureCaper: calls $3
*** FLOP *** [Qh 6c Ac]
paybackmenow: bets $3
AzureCaper: folds
Uncalled bet ($3) returned to paybackmenow
paybackmenow collected $17.64 from pot
paybackmenow: doesn't show hand
*** SUMMARY ***
Total pot $18 | Rake $0.36
Board [Qh 6c Ac]
Seat 4: AzureCaper (button) (small blind) folded on the Flop
Seat 6: paybackmenow (big blind) collected ($17.64)


PokerStars Hand #150218049917:  Hold'em Limit ($3/$6 USD) - 2016/03/11 23:57:18 ET
Table 'Ambrosia II' 6-max Seat #4 is the button
Seat 4: AzureCaper ($106.63 in chips)
Seat 6: paybackmenow ($341.59 in chips)
AzureCaper: posts small blind $1
paybackmenow: posts big blind $3
*** HOLE CARDS ***
AzureCaper: folds
Uncalled bet ($2) returned to paybackmenow
paybackmenow collected $2 from pot
*** SUMMARY ***
Total pot $2 | Rake $0
Seat 4: AzureCaper (button) (small blind) folded before Flop
Seat 6: paybackmenow (big blind) collected ($2)


PokerStars Hand #150218048652:  Hold'em Limit ($3/$6 USD) - 2016/03/11 23:57:13 ET
Table 'Ambrosia II' 6-max Seat #6 is the button
Seat 4: AzureCaper ($105.63 in chips)
Seat 6: paybackmenow ($342.59 in chips)
paybackmenow: posts small blind $1
AzureCaper: posts big blind $3
*** HOLE CARDS ***
paybackmenow: folds
Uncalled bet ($2) returned to AzureCaper
AzureCaper collected $2 from pot
AzureCaper: doesn't show hand
*** SUMMARY ***
Total pot $2 | Rake $0
Seat 4: AzureCaper (big blind) collected ($2)
Seat 6: paybackmenow (button) (small blind) folded before Flop


PokerStars Hand #150218050950:  Hold'em Limit ($3/$6 USD) - 2016/03/11 23:57:22 ET
Table 'Ambrosia II' 6-max Seat #6 is the button
Seat 4: AzureCaper ($105.63 in chips)
Seat 6: paybackmenow ($342.59 in chips)
paybackmenow: posts small blind $1
AzureCaper: posts big blind $3
*** HOLE CARDS ***
paybackmenow: raises $3 to $6
AzureCaper: calls $3
*** FLOP *** [Qh 2c Qc]
AzureCaper: checks
paybackmenow: bets $3
AzureCaper: calls $3
*** TURN *** [Qh 2c Qc] [2d]
AzureCaper: checks
paybackmenow: bets $6
AzureCaper: calls $6
*** RIVER *** [Qh 2c Qc 2d] [9d]
AzureCaper: checks
paybackmenow: bets $6
AzureCaper: calls $6
*** SHOW DOWN ***
paybackmenow: shows [2s 2h] (four of a kind, Deuces)
AzureCaper: mucks hand
paybackmenow collected $41.50 from pot
*** SUMMARY ***
Total pot $42 | Rake $0.50
Board [Qh 2c Qc 2d 9d]
Seat 4: AzureCaper (big blind) mucked
Seat 6: paybackmenow (button) (small blind) showed [2s 2h] and won ($41.50) with four of a kind, Deuces


PokerStars Hand #150218055646:  Hold'em Limit ($3/$6 USD) - 2016/03/11 23:57:39 ET
Table 'Ambrosia II' 6-max Seat #4 is the button
Seat 4: AzureCaper ($84.63 in chips)
Seat 6: paybackmenow ($363.09 in chips)
AzureCaper: posts small blind $1
paybackmenow: posts big blind $3
*** HOLE CARDS ***
AzureCaper: raises $3 to $6
paybackmenow: raises $3 to $9
AzureCaper: calls $3
*** FLOP *** [7h 7s 8c]
paybackmenow: bets $3
AzureCaper: calls $3
*** TURN *** [7h 7s 8c] [4h]
paybackmenow: bets $6
AzureCaper: raises $6 to $12
paybackmenow: calls $6
*** RIVER *** [7h 7s 8c 4h] [Ad]
paybackmenow: checks
AzureCaper: checks
*** SHOW DOWN ***
paybackmenow: shows [Td Ah] (two pair, Aces and Sevens)
AzureCaper: mucks hand
paybackmenow collected $47.50 from pot
*** SUMMARY ***
Total pot $48 | Rake $0.50
Board [7h 7s 8c 4h Ad]
Seat 4: AzureCaper (button) (small blind) mucked
Seat 6: paybackmenow (big blind) showed [Td Ah] and won ($47.50) with two pair, Aces and Sevens


PokerStars Hand #150218059566:  Hold'em Limit ($3/$6 USD) - 2016/03/11 23:57:54 ET
Table 'Ambrosia II' 6-max Seat #6 is the button
Seat 4: AzureCaper ($72 in chips)
Seat 6: paybackmenow ($386.59 in chips)
paybackmenow: posts small blind $1
AzureCaper: posts big blind $3
*** HOLE CARDS ***
paybackmenow: raises $3 to $6
AzureCaper: raises $3 to $9
paybackmenow: calls $3
*** FLOP *** [2d 2s 3s]
AzureCaper: bets $3
paybackmenow: calls $3
*** TURN *** [2d 2s 3s] [9c]
AzureCaper: bets $6
paybackmenow: folds
Uncalled bet ($6) returned to AzureCaper
AzureCaper collected $23.52 from pot
AzureCaper: doesn't show hand
*** SUMMARY ***
Total pot $24 | Rake $0.48
Board [2d 2s 3s 9c]
Seat 4: AzureCaper (big blind) collected ($23.52)
Seat 6: paybackmenow (button) (small blind) folded on the Turn


PokerStars Hand #150218062386:  Hold'em Limit ($3/$6 USD) - 2016/03/11 23:58:05 ET
Table 'Ambrosia II' 6-max Seat #4 is the button
Seat 4: AzureCaper ($83.52 in chips)
Seat 6: paybackmenow ($374.59 in chips)
AzureCaper: posts small blind $1
paybackmenow: posts big blind $3
*** HOLE CARDS ***
AzureCaper: raises $3 to $6
paybackmenow: folds
Uncalled bet ($3) returned to AzureCaper
AzureCaper collected $6 from pot
AzureCaper: doesn't show hand
*** SUMMARY ***
Total pot $6 | Rake $0
Seat 4: AzureCaper (button) (small blind) collected ($6)
Seat 6: paybackmenow (big blind) folded before Flop


PokerStars Hand #150218067367:  Hold'em Limit ($3/$6 USD) - 2016/03/11 23:58:24 ET
Table 'Ambrosia II' 6-max Seat #4 is the button
Seat 4: AzureCaper ($101.02 in chips)
Seat 6: paybackmenow ($356.59 in chips)
AzureCaper: posts small blind $1
paybackmenow: posts big blind $3
*** HOLE CARDS ***
AzureCaper: folds
Uncalled bet ($2) returned to paybackmenow
paybackmenow collected $2 from pot
paybackmenow: doesn't show hand
*** SUMMARY ***
Total pot $2 | Rake $0
Seat 4: AzureCaper (button) (small blind) folded before Flop
Seat 6: paybackmenow (big blind) collected ($2)


PokerStars Hand #150218063695:  Hold'em Limit ($3/$6 USD) - 2016/03/11 23:58:10 ET
Table 'Ambrosia II' 6-max Seat #6 is the button
Seat 4: AzureCaper ($86.52 in chips)
Seat 6: paybackmenow ($371.59 in chips)
paybackmenow: posts small blind $1
AzureCaper: posts big blind $3
*** HOLE CARDS ***
paybackmenow: raises $3 to $6
AzureCaper: calls $3
*** FLOP *** [4s 9c Ah]
AzureCaper: checks
paybackmenow: bets $3
AzureCaper: calls $3
*** TURN *** [4s 9c Ah] [2c]
AzureCaper: checks
paybackmenow: bets $6
AzureCaper: calls $6
*** RIVER *** [4s 9c Ah 2c] [Kd]
dye111 joins the table at seat #2
AzureCaper: checks
paybackmenow: checks
*** SHOW DOWN ***
AzureCaper: shows [Ks 7c] (a pair of Kings)
paybackmenow: mucks hand
AzureCaper collected $29.50 from pot
*** SUMMARY ***
Total pot $30 | Rake $0.50
Board [4s 9c Ah 2c Kd]
Seat 4: AzureCaper (big blind) showed [Ks 7c] and won ($29.50) with a pair of Kings
Seat 6: paybackmenow (button) (small blind) mucked


PokerStars Hand #150218733024:  Hold'em Limit ($3/$6 USD) - 2016/03/12 0:36:42 ET
Table 'Ambrosia II' 6-max Seat #6 is the button
Seat 2: VolkovDmitri ($167.93 in chips)
Seat 6: paybackmenow ($195.57 in chips)
paybackmenow: posts small blind $1
Chessnok: is sitting out
VolkovDmitri: posts big blind $3
*** HOLE CARDS ***
paybackmenow: raises $3 to $6
VolkovDmitri: calls $3
*** FLOP *** [Jd Qd Ts]
VolkovDmitri: checks
paybackmenow: bets $3
musicstacks joins the table at seat #3
VolkovDmitri: folds
Uncalled bet ($3) returned to paybackmenow
paybackmenow collected $11.76 from pot
paybackmenow: doesn't show hand
*** SUMMARY ***
Total pot $12 | Rake $0.24
Board [Jd Qd Ts]
Seat 2: VolkovDmitri (big blind) folded on the Flop
Seat 6: paybackmenow (button) (small blind) collected ($11.76)


PokerStars Hand #150220253074:  Hold'em Limit ($3/$6 USD) - 2016/03/12 2:04:05 ET
Table 'Ambrosia II' 6-max Seat #1 is the button
Seat 1: Chessnok ($89.74 in chips)
Seat 5: andriano077 ($347.74 in chips)
Chessnok: posts small blind $1
andriano077: posts big blind $3
*** HOLE CARDS ***
Chessnok: raises $3 to $6
andriano077: raises $3 to $9
Chessnok: calls $3
*** FLOP *** [Kd 2c 7s]
andriano077: bets $3
Chessnok: folds
Uncalled bet ($3) returned to andriano077
andriano077 collected $17.64 from pot
*** SUMMARY ***
Total pot $18 | Rake $0.36
Board [Kd 2c 7s]
Seat 1: Chessnok (button) (small blind) folded on the Flop
Seat 5: andriano077 (big blind) collected ($17.64)


PokerStars Hand #150220255677:  Hold'em Limit ($3/$6 USD) - 2016/03/12 2:04:14 ET
Table 'Ambrosia II' 6-max Seat #5 is the button
Seat 1: Chessnok ($80.74 in chips)
Seat 5: andriano077 ($356.38 in chips)
andriano077: posts small blind $1
Chessnok: posts big blind $3
*** HOLE CARDS ***
andriano077: folds
Uncalled bet ($2) returned to Chessnok
Chessnok collected $2 from pot
Chessnok: doesn't show hand
*** SUMMARY ***
Total pot $2 | Rake $0
Seat 1: Chessnok (big blind) collected ($2)
Seat 5: andriano077 (button) (small blind) folded before Flop


PokerStars Hand #150220250790:  Hold'em Limit ($3/$6 USD) - 2016/03/12 2:03:58 ET
Table 'Ambrosia II' 6-max Seat #5 is the button
Seat 1: Chessnok ($88.74 in chips)
Seat 5: andriano077 ($348.74 in chips)
andriano077: posts small blind $1
Chessnok: posts big blind $3
*** HOLE CARDS ***
VolkovDmitri leaves the table
andriano077: folds
Uncalled bet ($2) returned to Chessnok
Chessnok collected $2 from pot
Chessnok: doesn't show hand
*** SUMMARY ***
Total pot $2 | Rake $0
Seat 1: Chessnok (big blind) collected ($2)
Seat 5: andriano077 (button) (small blind) folded before Flop


PokerStars Hand #150220245959:  Hold'em Limit ($3/$6 USD) - 2016/03/12 2:03:42 ET
Table 'Ambrosia II' 6-max Seat #1 is the button
Seat 1: Chessnok ($82.98 in chips)
Seat 5: andriano077 ($354.74 in chips)
Chessnok: posts small blind $1
VolkovDmitri: is sitting out
andriano077: posts big blind $3
*** HOLE CARDS ***
Chessnok: raises $3 to $6
andriano077: calls $3
*** FLOP *** [2h 6h Qs]
andriano077: checks
Chessnok: bets $3
andriano077: folds
Uncalled bet ($3) returned to Chessnok
Chessnok collected $11.76 from pot
Chessnok: doesn't show hand
*** SUMMARY ***
Total pot $12 | Rake $0.24
Board [2h 6h Qs]
Seat 1: Chessnok (button) (small blind) collected ($11.76)
Seat 5: andriano077 (big blind) folded on the Flop


PokerStars Hand #150220721274:  Hold'em Limit ($3/$6 USD) - 2016/03/12 2:29:11 ET
Table 'Ambrosia II' 6-max Seat #1 is the button
Seat 1: Chessnok ($97.33 in chips)
Seat 3: Jokerfish777 ($99.50 in chips)
Chessnok: posts small blind $1
Jokerfish777: posts big blind $3
*** HOLE CARDS ***
Chessnok: raises $3 to $6
Jokerfish777: calls $3
*** FLOP *** [8d 4h Qd]
Jokerfish777: bets $3
Chessnok: calls $3
*** TURN *** [8d 4h Qd] [5d]
Jokerfish777: bets $6
Chessnok: calls $6
*** RIVER *** [8d 4h Qd 5d] [5c]
Jokerfish777: bets $6
Chessnok: calls $6
*** SHOW DOWN ***
Jokerfish777: shows [Qh Ks] (two pair, Queens and Fives)
Chessnok: mucks hand
Jokerfish777 collected $41.50 from pot
*** SUMMARY ***
Total pot $42 | Rake $0.50
Board [8d 4h Qd 5d 5c]
Seat 1: Chessnok (button) (small blind) mucked
Seat 3: Jokerfish777 (big blind) showed [Qh Ks] and won ($41.50) with two pair, Queens and Fives


PokerStars Hand #150220710251:  Hold'em Limit ($3/$6 USD) - 2016/03/12 2:28:36 ET
Table 'Ambrosia II' 6-max Seat #1 is the button
Seat 1: Chessnok ($127.33 in chips)
Seat 3: Jokerfish777 ($70 in chips)
Chessnok: posts small blind $1
Jokerfish777: posts big blind $3
*** HOLE CARDS ***
Chessnok: raises $3 to $6
Jokerfish777: folds
Uncalled bet ($3) returned to Chessnok
Chessnok collected $6 from pot
Chessnok: doesn't show hand
*** SUMMARY ***
Total pot $6 | Rake $0
Seat 1: Chessnok (button) (small blind) collected ($6)
Seat 3: Jokerfish777 (big blind) folded before Flop


PokerStars Hand #150220715177:  Hold'em Limit ($3/$6 USD) - 2016/03/12 2:28:52 ET
Table 'Ambrosia II' 6-max Seat #3 is the button
Seat 1: Chessnok ($130.33 in chips)
Seat 3: Jokerfish777 ($67 in chips)
Jokerfish777: posts small blind $1
Chessnok: posts big blind $3
*** HOLE CARDS ***
Jokerfish777: raises $3 to $6
Chessnok: raises $3 to $9
Jokerfish777: calls $3
*** FLOP *** [8c 9c 2c]
Chessnok: bets $3
Jokerfish777: raises $3 to $6
Chessnok: calls $3
*** TURN *** [8c 9c 2c] [2d]
Chessnok: bets $6
Jokerfish777: raises $6 to $12
Chessnok: calls $6
*** RIVER *** [8c 9c 2c 2d] [Th]
Chessnok: checks
Jokerfish777: bets $6
Chessnok: calls $6
*** SHOW DOWN ***
Jokerfish777: shows [5c 7c] (a flush, Nine high)
Chessnok: mucks hand
Jokerfish777 collected $65.50 from pot
*** SUMMARY ***
Total pot $66 | Rake $0.50
Board [8c 9c 2c 2d Th]
Seat 1: Chessnok (big blind) mucked
Seat 3: Jokerfish777 (button) (small blind) showed [5c 7c] and won ($65.50) with a flush, Nine high


PokerStars Hand #150220713872:  Hold'em Limit ($3/$6 USD) - 2016/03/12 2:28:48 ET
Table 'Ambrosia II' 6-max Seat #1 is the button
Seat 1: Chessnok ($131.33 in chips)
Seat 3: Jokerfish777 ($66 in chips)
Chessnok: posts small blind $1
Jokerfish777: posts big blind $3
*** HOLE CARDS ***
Chessnok: folds
Uncalled bet ($2) returned to Jokerfish777
Jokerfish777 collected $2 from pot
Jokerfish777: doesn't show hand
*** SUMMARY ***
Total pot $2 | Rake $0
Seat 1: Chessnok (button) (small blind) folded before Flop
Seat 3: Jokerfish777 (big blind) collected ($2)


PokerStars Hand #150220712261:  Hold'em Limit ($3/$6 USD) - 2016/03/12 2:28:43 ET
Table 'Ambrosia II' 6-max Seat #3 is the button
Seat 1: Chessnok ($130.33 in chips)
Seat 3: Jokerfish777 ($67 in chips)
Jokerfish777: posts small blind $1
Chessnok: posts big blind $3
*** HOLE CARDS ***
Jokerfish777: folds
Uncalled bet ($2) returned to Chessnok
Chessnok collected $2 from pot
Chessnok: doesn't show hand
*** SUMMARY ***
Total pot $2 | Rake $0
Seat 1: Chessnok (big blind) collected ($2)
Seat 3: Jokerfish777 (button) (small blind) folded before Flop


PokerStars Hand #150220739298:  Hold'em Limit ($3/$6 USD) - 2016/03/12 2:30:09 ET
Table 'Ambrosia II' 6-max Seat #2 is the button
Seat 1: Chessnok ($97.61 in chips)
Seat 2: Snuffymo ($110 in chips)
Snuffymo: posts small blind $1
Chessnok: posts big blind $3
*** HOLE CARDS ***
Snuffymo: raises $3 to $6
Chessnok: folds
Uncalled bet ($3) returned to Snuffymo
Snuffymo collected $6 from pot
*** SUMMARY ***
Total pot $6 | Rake $0
Seat 1: Chessnok (big blind) folded before Flop
Seat 2: Snuffymo (button) (small blind) collected ($6)


PokerStars Hand #150220737319:  Hold'em Limit ($3/$6 USD) - 2016/03/12 2:30:02 ET
Table 'Ambrosia II' 6-max Seat #1 is the button
Seat 1: Chessnok ($94.61 in chips)
Seat 2: Snuffymo ($113 in chips)
Chessnok: posts small blind $1
Snuffymo: posts big blind $3
*** HOLE CARDS ***
Chessnok: raises $3 to $6
Snuffymo: folds
Uncalled bet ($3) returned to Chessnok
Chessnok collected $6 from pot
Chessnok: doesn't show hand
*** SUMMARY ***
Total pot $6 | Rake $0
Seat 1: Chessnok (button) (small blind) collected ($6)
Seat 2: Snuffymo (big blind) folded before Flop


PokerStars Hand #150220735424:  Hold'em Limit ($3/$6 USD) - 2016/03/12 2:29:56 ET
Table 'Ambrosia II' 6-max Seat #2 is the button
Seat 1: Chessnok ($93.61 in chips)
Seat 2: Snuffymo ($114 in chips)
Snuffymo: posts small blind $1
Chessnok: posts big blind $3
*** HOLE CARDS ***
Snuffymo: folds
Uncalled bet ($2) returned to Chessnok
Chessnok collected $2 from pot
Chessnok: doesn't show hand
*** SUMMARY ***
Total pot $2 | Rake $0
Seat 1: Chessnok (big blind) collected ($2)
Seat 2: Snuffymo (button) (small blind) folded before Flop


PokerStars Hand #150220731870:  Hold'em Limit ($3/$6 USD) - 2016/03/12 2:29:45 ET
Table 'Ambrosia II' 6-max Seat #1 is the button
Seat 1: Chessnok ($87.85 in chips)
Seat 2: Snuffymo ($120 in chips)
Chessnok: posts small blind $1
Snuffymo: posts big blind $3
*** HOLE CARDS ***
Chessnok: raises $3 to $6
Snuffymo: calls $3
*** FLOP *** [Qh Td Ks]
Snuffymo: checks
Chessnok: bets $3
Jokerfish777 leaves the table
Snuffymo: folds
Uncalled bet ($3) returned to Chessnok
Chessnok collected $11.76 from pot
Chessnok: doesn't show hand
*** SUMMARY ***
Total pot $12 | Rake $0.24
Board [Qh Td Ks]
Seat 1: Chessnok (button) (small blind) collected ($11.76)
Seat 2: Snuffymo (big blind) folded on the Flop


PokerStars Hand #150220726870:  Hold'em Limit ($3/$6 USD) - 2016/03/12 2:29:29 ET
Table 'Ambrosia II' 6-max Seat #3 is the button
Seat 1: Chessnok ($76.33 in chips)
Seat 3: Jokerfish777 ($120 in chips)
Jokerfish777: posts small blind $1
Snuffymo joins the table at seat #2
Chessnok: posts big blind $3
*** HOLE CARDS ***
Jokerfish777: raises $3 to $6
Chessnok: calls $3
*** FLOP *** [3h Jd 4h]
Chessnok: checks
Jokerfish777: checks
*** TURN *** [3h Jd 4h] [Tc]
Chessnok: bets $6
Jokerfish777: calls $6
*** RIVER *** [3h Jd 4h Tc] [8s]
Chessnok: bets $6
Jokerfish777: folds
Uncalled bet ($6) returned to Chessnok
Chessnok collected $23.52 from pot
Chessnok: doesn't show hand
*** SUMMARY ***
Total pot $24 | Rake $0.48
Board [3h Jd 4h Tc 8s]
Seat 1: Chessnok (big blind) collected ($23.52)
Seat 3: Jokerfish777 (button) (small blind) folded on the River


PokerStars Hand #150220757118:  Hold'em Limit ($3/$6 USD) - 2016/03/12 2:31:06 ET
Table 'Ambrosia II' 6-max Seat #1 is the button
Seat 1: Chessnok ($61 in chips)
Seat 2: Snuffymo ($152.90 in chips)
Chessnok: posts small blind $1
Snuffymo: posts big blind $3
*** HOLE CARDS ***
Chessnok: raises $3 to $6
Snuffymo: calls $3
*** FLOP *** [9h 4h 7h]
Snuffymo: checks
Chessnok: checks
*** TURN *** [9h 4h 7h] [2d]
Snuffymo: checks
Chessnok: bets $6
Snuffymo: folds
Uncalled bet ($6) returned to Chessnok
Chessnok collected $11.76 from pot
Chessnok: doesn't show hand
*** SUMMARY ***
Total pot $12 | Rake $0.24
Board [9h 4h 7h 2d]
Seat 1: Chessnok (button) (small blind) collected ($11.76)
Seat 2: Snuffymo (big blind) folded on the Turn


PokerStars Hand #150220755380:  Hold'em Limit ($3/$6 USD) - 2016/03/12 2:31:00 ET
Table 'Ambrosia II' 6-max Seat #2 is the button
Seat 1: Chessnok ($60 in chips)
Seat 2: Snuffymo ($153.90 in chips)
Snuffymo: posts small blind $1
Chessnok: posts big blind $3
*** HOLE CARDS ***
Snuffymo: folds
Uncalled bet ($2) returned to Chessnok
Jokerfish777 joins the table at seat #3
Chessnok collected $2 from pot
Chessnok: doesn't show hand
*** SUMMARY ***
Total pot $2 | Rake $0
Seat 1: Chessnok (big blind) collected ($2)
Seat 2: Snuffymo (button) (small blind) folded before Flop


PokerStars Hand #150220741299:  Hold'em Limit ($3/$6 USD) - 2016/03/12 2:30:15 ET
Table 'Ambrosia II' 6-max Seat #1 is the button
Seat 1: Chessnok ($94.61 in chips)
Seat 2: Snuffymo ($113 in chips)
Chessnok: posts small blind $1
Snuffymo: posts big blind $3
*** HOLE CARDS ***
Chessnok: raises $3 to $6
Snuffymo: calls $3
*** FLOP *** [Qh 4h Ts]
Snuffymo: checks
Chessnok: bets $3
Snuffymo: calls $3
*** TURN *** [Qh 4h Ts] [Qs]
Snuffymo: checks
Chessnok: bets $6
Snuffymo: calls $6
*** RIVER *** [Qh 4h Ts Qs] [4s]
Snuffymo: checks
Chessnok: bets $6
Snuffymo: raises $6 to $12
Chessnok: calls $6
*** SHOW DOWN ***
Snuffymo: shows [8s Js] (a flush, Queen high)
Chessnok: mucks hand
Snuffymo collected $53.50 from pot
*** SUMMARY ***
Total pot $54 | Rake $0.50
Board [Qh 4h Ts Qs 4s]
Seat 1: Chessnok (button) (small blind) mucked
Seat 2: Snuffymo (big blind) showed [8s Js] and won ($53.50) with a flush, Queen high


PokerStars Hand #150220751613:  Hold'em Limit ($3/$6 USD) - 2016/03/12 2:30:48 ET
Table 'Ambrosia II' 6-max Seat #1 is the button
Seat 1: Chessnok ($61.61 in chips)
Seat 2: Snuffymo ($145.26 in chips)
Chessnok: posts small blind $1
Snuffymo: posts big blind $3
*** HOLE CARDS ***
Chessnok: raises $3 to $6
Snuffymo: raises $3 to $9
Chessnok: calls $3
*** FLOP *** [Js 7s 2c]
Snuffymo: bets $3
Chessnok: folds
Uncalled bet ($3) returned to Snuffymo
Snuffymo collected $17.64 from pot
*** SUMMARY ***
Total pot $18 | Rake $0.36
Board [Js 7s 2c]
Seat 1: Chessnok (button) (small blind) folded on the Flop
Seat 2: Snuffymo (big blind) collected ($17.64)


PokerStars Hand #150220748149:  Hold'em Limit ($3/$6 USD) - 2016/03/12 2:30:37 ET
Table 'Ambrosia II' 6-max Seat #2 is the button
Seat 1: Chessnok ($67.61 in chips)
Seat 2: Snuffymo ($139.50 in chips)
Snuffymo: posts small blind $1
Chessnok: posts big blind $3
*** HOLE CARDS ***
Snuffymo: raises $3 to $6
Chessnok: calls $3
*** FLOP *** [9s Tc 8d]
Chessnok: checks
Snuffymo: bets $3
Chessnok: folds
Uncalled bet ($3) returned to Snuffymo
Snuffymo collected $11.76 from pot
*** SUMMARY ***
Total pot $12 | Rake $0.24
Board [9s Tc 8d]
Seat 1: Chessnok (big blind) folded on the Flop
Seat 2: Snuffymo (button) (small blind) collected ($11.76)


PokerStars Hand #150220875028:  Hold'em Limit ($3/$6 USD) - 2016/03/12 2:37:18 ET
Table 'Ambrosia II' 6-max Seat #4 is the button
Seat 1: Chessnok ($88.50 in chips)
Seat 4: antboi ($68.69 in chips)
antboi: posts small blind $1
Chessnok: posts big blind $3
*** HOLE CARDS ***
antboi: folds
Uncalled bet ($2) returned to Chessnok
Chessnok collected $2 from pot
Chessnok: doesn't show hand
*** SUMMARY ***
Total pot $2 | Rake $0
Seat 1: Chessnok (big blind) collected ($2)
Seat 4: antboi (button) (small blind) folded before Flop


PokerStars Hand #150220869612:  Hold'em Limit ($3/$6 USD) - 2016/03/12 2:37:01 ET
Table 'Ambrosia II' 6-max Seat #1 is the button
Seat 1: Chessnok ($65 in chips)
Seat 4: antboi ($92.69 in chips)
Chessnok: posts small blind $1
antboi: posts big blind $3
*** HOLE CARDS ***
Chessnok: raises $3 to $6
antboi: raises $3 to $9
Jokerfish777 leaves the table
Chessnok: calls $3
*** FLOP *** [5d Qd 2d]
antboi: bets $3
Chessnok: calls $3
*** TURN *** [5d Qd 2d] [Kh]
antboi: bets $6
Chessnok: calls $6
*** RIVER *** [5d Qd 2d Kh] [6s]
antboi: bets $6
Chessnok: calls $6
*** SHOW DOWN ***
antboi: shows [3s 3c] (a pair of Threes)
Chessnok: shows [Qh 8d] (a pair of Queens)
Chessnok collected $47.50 from pot
*** SUMMARY ***
Total pot $48 | Rake $0.50
Board [5d Qd 2d Kh 6s]
Seat 1: Chessnok (button) (small blind) showed [Qh 8d] and won ($47.50) with a pair of Queens
Seat 4: antboi (big blind) showed [3s 3c] and lost with a pair of Threes


PokerStars Hand #150220868022:  Hold'em Limit ($3/$6 USD) - 2016/03/12 2:36:56 ET
Table 'Ambrosia II' 6-max Seat #4 is the button
Seat 1: Chessnok ($64 in chips)
Seat 4: antboi ($93.69 in chips)
antboi: posts small blind $1
Chessnok: posts big blind $3
*** HOLE CARDS ***
antboi: folds
Uncalled bet ($2) returned to Chessnok
Chessnok collected $2 from pot
Chessnok: doesn't show hand
*** SUMMARY ***
Total pot $2 | Rake $0
Seat 1: Chessnok (big blind) collected ($2)
Seat 4: antboi (button) (small blind) folded before Flop


PokerStars Hand #150220866158:  Hold'em Limit ($3/$6 USD) - 2016/03/12 2:36:50 ET
Table 'Ambrosia II' 6-max Seat #1 is the button
Seat 1: Chessnok ($61 in chips)
Seat 4: antboi ($96.69 in chips)
Chessnok: posts small blind $1
antboi: posts big blind $3
*** HOLE CARDS ***
Chessnok: raises $3 to $6
antboi: folds
Uncalled bet ($3) returned to Chessnok
Chessnok collected $6 from pot
Chessnok: doesn't show hand
*** SUMMARY ***
Total pot $6 | Rake $0
Seat 1: Chessnok (button) (small blind) collected ($6)
Seat 4: antboi (big blind) folded before Flop


PokerStars Hand #150220864518:  Hold'em Limit ($3/$6 USD) - 2016/03/12 2:36:45 ET
Table 'Ambrosia II' 6-max Seat #4 is the button
Seat 1: Chessnok ($60 in chips)
Seat 4: antboi ($97.69 in chips)
antboi: posts small blind $1
Chessnok: posts big blind $3
*** HOLE CARDS ***
antboi: folds
Uncalled bet ($2) returned to Chessnok
Chessnok collected $2 from pot
Chessnok: doesn't show hand
*** SUMMARY ***
Total pot $2 | Rake $0
Seat 1: Chessnok (big blind) collected ($2)
Seat 4: antboi (button) (small blind) folded before Flop


PokerStars Hand #150220897729:  Hold'em Limit ($3/$6 USD) - 2016/03/12 2:38:28 ET
Table 'Ambrosia II' 6-max Seat #1 is the button
Seat 1: Chessnok ($65 in chips)
Seat 4: antboi ($107.69 in chips)
Chessnok: posts small blind $1
antboi: posts big blind $3
*** HOLE CARDS ***
Chessnok: folds
Uncalled bet ($2) returned to antboi
antboi collected $2 from pot
antboi: doesn't show hand
*** SUMMARY ***
Total pot $2 | Rake $0
Seat 1: Chessnok (button) (small blind) folded before Flop
Seat 4: antboi (big blind) collected ($2)


PokerStars Hand #150220896165:  Hold'em Limit ($3/$6 USD) - 2016/03/12 2:38:23 ET
Table 'Ambrosia II' 6-max Seat #4 is the button
Seat 1: Chessnok ($64 in chips)
Seat 4: antboi ($108.69 in chips)
antboi: posts small blind $1
Chessnok: posts big blind $3
*** HOLE CARDS ***
antboi: folds
Uncalled bet ($2) returned to Chessnok
Chessnok collected $2 from pot
Chessnok: doesn't show hand
*** SUMMARY ***
Total pot $2 | Rake $0
Seat 1: Chessnok (big blind) collected ($2)
Seat 4: antboi (button) (small blind) folded before Flop


PokerStars Hand #150220894483:  Hold'em Limit ($3/$6 USD) - 2016/03/12 2:38:18 ET
Table 'Ambrosia II' 6-max Seat #1 is the button
Seat 1: Chessnok ($61 in chips)
Seat 4: antboi ($111.69 in chips)
Chessnok: posts small blind $1
antboi: posts big blind $3
*** HOLE CARDS ***
Chessnok: raises $3 to $6
antboi: folds
Uncalled bet ($3) returned to Chessnok
Chessnok collected $6 from pot
Chessnok: doesn't show hand
*** SUMMARY ***
Total pot $6 | Rake $0
Seat 1: Chessnok (button) (small blind) collected ($6)
Seat 4: antboi (big blind) folded before Flop


PokerStars Hand #150220892940:  Hold'em Limit ($3/$6 USD) - 2016/03/12 2:38:13 ET
Table 'Ambrosia II' 6-max Seat #4 is the button
Seat 1: Chessnok ($60 in chips)
Seat 4: antboi ($112.69 in chips)
antboi: posts small blind $1
Chessnok: posts big blind $3
*** HOLE CARDS ***
antboi: folds
Uncalled bet ($2) returned to Chessnok
Chessnok collected $2 from pot
Chessnok: doesn't show hand
*** SUMMARY ***
Total pot $2 | Rake $0
Seat 1: Chessnok (big blind) collected ($2)
Seat 4: antboi (button) (small blind) folded before Flop


PokerStars Hand #150220888107:  Hold'em Limit ($3/$6 USD) - 2016/03/12 2:37:58 ET
Table 'Ambrosia II' 6-max Seat #1 is the button
Seat 1: Chessnok ($67.50 in chips)
Seat 4: antboi ($89.19 in chips)
Chessnok: posts small blind $1
antboi: posts big blind $3
*** HOLE CARDS ***
Chessnok: raises $3 to $6
antboi: calls $3
*** FLOP *** [Td 5d 2s]
antboi: checks
Chessnok: bets $3
antboi: raises $3 to $6
Chessnok: calls $3
*** TURN *** [Td 5d 2s] [3c]
antboi: bets $6
Chessnok: calls $6
*** RIVER *** [Td 5d 2s 3c] [5c]
antboi: bets $6
Chessnok: calls $6
*** SHOW DOWN ***
antboi: shows [2h Ac] (two pair, Fives and Deuces)
Chessnok: mucks hand
antboi collected $47.50 from pot
*** SUMMARY ***
Total pot $48 | Rake $0.50
Board [Td 5d 2s 3c 5c]
Seat 1: Chessnok (button) (small blind) mucked
Seat 4: antboi (big blind) showed [2h Ac] and won ($47.50) with two pair, Fives and Deuces


PokerStars Hand #150220886431:  Hold'em Limit ($3/$6 USD) - 2016/03/12 2:37:53 ET
Table 'Ambrosia II' 6-max Seat #4 is the button
Seat 1: Chessnok ($66.50 in chips)
Seat 4: antboi ($90.19 in chips)
antboi: posts small blind $1
Chessnok: posts big blind $3
*** HOLE CARDS ***
antboi: folds
Uncalled bet ($2) returned to Chessnok
Chessnok collected $2 from pot
Chessnok: doesn't show hand
*** SUMMARY ***
Total pot $2 | Rake $0
Seat 1: Chessnok (big blind) collected ($2)
Seat 4: antboi (button) (small blind) folded before Flop


PokerStars Hand #150220884584:  Hold'em Limit ($3/$6 USD) - 2016/03/12 2:37:47 ET
Table 'Ambrosia II' 6-max Seat #1 is the button
Seat 1: Chessnok ($63.50 in chips)
Seat 4: antboi ($93.19 in chips)
Chessnok: posts small blind $1
antboi: posts big blind $3
*** HOLE CARDS ***
Chessnok: raises $3 to $6
antboi: folds
Uncalled bet ($3) returned to Chessnok
Chessnok collected $6 from pot
Chessnok: doesn't show hand
*** SUMMARY ***
Total pot $6 | Rake $0
Seat 1: Chessnok (button) (small blind) collected ($6)
Seat 4: antboi (big blind) folded before Flop


PokerStars Hand #150220883094:  Hold'em Limit ($3/$6 USD) - 2016/03/12 2:37:43 ET
Table 'Ambrosia II' 6-max Seat #4 is the button
Seat 1: Chessnok ($62.50 in chips)
Seat 4: antboi ($94.19 in chips)
antboi: posts small blind $1
Chessnok: posts big blind $3
*** HOLE CARDS ***
antboi: folds
Uncalled bet ($2) returned to Chessnok
Chessnok collected $2 from pot
Chessnok: doesn't show hand
*** SUMMARY ***
Total pot $2 | Rake $0
Seat 1: Chessnok (big blind) collected ($2)
Seat 4: antboi (button) (small blind) folded before Flop


PokerStars Hand #150220876622:  Hold'em Limit ($3/$6 USD) - 2016/03/12 2:37:22 ET
Table 'Ambrosia II' 6-max Seat #1 is the button
Seat 1: Chessnok ($89.50 in chips)
Seat 4: antboi ($67.69 in chips)
Chessnok: posts small blind $1
antboi: posts big blind $3
*** HOLE CARDS ***
Chessnok: raises $3 to $6
antboi: calls $3
*** FLOP *** [Ah 8s Jc]
antboi: checks
Chessnok: bets $3
antboi: calls $3
*** TURN *** [Ah 8s Jc] [5s]
antboi: checks
Chessnok: bets $6
antboi: raises $6 to $12
Chessnok: raises $6 to $18
antboi: calls $6
*** RIVER *** [Ah 8s Jc 5s] [6h]
antboi: checks
Chessnok: checks
*** SHOW DOWN ***
antboi: shows [Ad 4h] (a pair of Aces)
Chessnok: mucks hand
antboi collected $53.50 from pot
*** SUMMARY ***
Total pot $54 | Rake $0.50
Board [Ah 8s Jc 5s 6h]
Seat 1: Chessnok (button) (small blind) mucked
Seat 4: antboi (big blind) showed [Ad 4h] and won ($53.50) with a pair of Aces


PokerStars Hand #150220916965:  Hold'em Limit ($3/$6 USD) - 2016/03/12 2:39:28 ET
Table 'Ambrosia II' 6-max Seat #4 is the button
Seat 1: Chessnok ($70.50 in chips)
Seat 4: antboi ($101.09 in chips)
antboi: posts small blind $1
Chessnok: posts big blind $3
*** HOLE CARDS ***
antboi: folds
Uncalled bet ($2) returned to Chessnok
Chessnok collected $2 from pot
Chessnok: doesn't show hand
*** SUMMARY ***
Total pot $2 | Rake $0
Seat 1: Chessnok (big blind) collected ($2)
Seat 4: antboi (button) (small blind) folded before Flop


PokerStars Hand #150220912839:  Hold'em Limit ($3/$6 USD) - 2016/03/12 2:39:15 ET
Table 'Ambrosia II' 6-max Seat #1 is the button
Seat 1: Chessnok ($79.50 in chips)
Seat 4: antboi ($92.45 in chips)
Chessnok: posts small blind $1
antboi: posts big blind $3
*** HOLE CARDS ***
Chessnok: raises $3 to $6
antboi: raises $3 to $9
Chessnok: calls $3
*** FLOP *** [Td 4d Qs]
antboi: bets $3
Chessnok: folds
Uncalled bet ($3) returned to antboi
antboi collected $17.64 from pot
antboi: doesn't show hand
*** SUMMARY ***
Total pot $18 | Rake $0.36
Board [Td 4d Qs]
Seat 1: Chessnok (button) (small blind) folded on the Flop
Seat 4: antboi (big blind) collected ($17.64)


PokerStars Hand #150220907826:  Hold'em Limit ($3/$6 USD) - 2016/03/12 2:39:00 ET
Table 'Ambrosia II' 6-max Seat #4 is the button
Seat 1: Chessnok ($65 in chips)
Seat 4: antboi ($107.45 in chips)
antboi: posts small blind $1
Chessnok: posts big blind $3
*** HOLE CARDS ***
antboi: raises $3 to $6
Chessnok: calls $3
*** FLOP *** [8h Jd Ad]
Chessnok: checks
antboi: bets $3
Chessnok: calls $3
*** TURN *** [8h Jd Ad] [Qs]
Chessnok: checks
antboi: checks
*** RIVER *** [8h Jd Ad Qs] [8d]
Chessnok: bets $6
antboi: calls $6
*** SHOW DOWN ***
Chessnok: shows [3h Jh] (two pair, Jacks and Eights)
antboi: mucks hand
Chessnok collected $29.50 from pot
*** SUMMARY ***
Total pot $30 | Rake $0.50
Board [8h Jd Ad Qs 8d]
Seat 1: Chessnok (big blind) showed [3h Jh] and won ($29.50) with two pair, Jacks and Eights
Seat 4: antboi (button) (small blind) mucked


PokerStars Hand #150220906044:  Hold'em Limit ($3/$6 USD) - 2016/03/12 2:38:54 ET
Table 'Ambrosia II' 6-max Seat #1 is the button
Seat 1: Chessnok ($62 in chips)
Seat 4: antboi ($110.45 in chips)
Chessnok: posts small blind $1
antboi: posts big blind $3
*** HOLE CARDS ***
Chessnok: raises $3 to $6
antboi: folds
Uncalled bet ($3) returned to Chessnok
Chessnok collected $6 from pot
Chessnok: doesn't show hand
*** SUMMARY ***
Total pot $6 | Rake $0
Seat 1: Chessnok (button) (small blind) collected ($6)
Seat 4: antboi (big blind) folded before Flop


PokerStars Hand #150220901988:  Hold'em Limit ($3/$6 USD) - 2016/03/12 2:38:41 ET
Table 'Ambrosia II' 6-max Seat #4 is the button
Seat 1: Chessnok ($68 in chips)
Seat 4: antboi ($104.69 in chips)
antboi: posts small blind $1
Chessnok: posts big blind $3
*** HOLE CARDS ***
antboi: raises $3 to $6
Chessnok: calls $3
*** FLOP *** [Qs 8c Jd]
Chessnok: checks
antboi: bets $3
Chessnok: folds
Uncalled bet ($3) returned to antboi
antboi collected $11.76 from pot
antboi: doesn't show hand
*** SUMMARY ***
Total pot $12 | Rake $0.24
Board [Qs 8c Jd]
Seat 1: Chessnok (big blind) folded on the Flop
Seat 4: antboi (button) (small blind) collected ($11.76)


PokerStars Hand #150220900360:  Hold'em Limit ($3/$6 USD) - 2016/03/12 2:38:36 ET
Table 'Ambrosia II' 6-max Seat #1 is the button
Seat 1: Chessnok ($65 in chips)
Seat 4: antboi ($107.69 in chips)
Chessnok: posts small blind $1
antboi: posts big blind $3
*** HOLE CARDS ***
Chessnok: raises $3 to $6
antboi: folds
Uncalled bet ($3) returned to Chessnok
Chessnok collected $6 from pot
Chessnok: doesn't show hand
*** SUMMARY ***
Total pot $6 | Rake $0
Seat 1: Chessnok (button) (small blind) collected ($6)
Seat 4: antboi (big blind) folded before Flop


PokerStars Hand #150220899036:  Hold'em Limit ($3/$6 USD) - 2016/03/12 2:38:32 ET
Table 'Ambrosia II' 6-max Seat #4 is the button
Seat 1: Chessnok ($64 in chips)
Seat 4: antboi ($108.69 in chips)
antboi: posts small blind $1
Chessnok: posts big blind $3
*** HOLE CARDS ***
antboi: folds
Uncalled bet ($2) returned to Chessnok
Chessnok collected $2 from pot
Chessnok: doesn't show hand
*** SUMMARY ***
Total pot $2 | Rake $0
Seat 1: Chessnok (big blind) collected ($2)
Seat 4: antboi (button) (small blind) folded before Flop


PokerStars Hand #150220934529:  Hold'em Limit ($3/$6 USD) - 2016/03/12 2:40:23 ET
Table 'Ambrosia II' 6-max Seat #1 is the button
Seat 1: Chessnok ($64 in chips)
Seat 4: antboi ($134.09 in chips)
Chessnok: posts small blind $1
antboi: posts big blind $3
*** HOLE CARDS ***
Chessnok: raises $3 to $6
antboi: folds
Uncalled bet ($3) returned to Chessnok
Chessnok collected $6 from pot
Chessnok: doesn't show hand
*** SUMMARY ***
Total pot $6 | Rake $0
Seat 1: Chessnok (button) (small blind) collected ($6)
Seat 4: antboi (big blind) folded before Flop


PokerStars Hand #150220931212:  Hold'em Limit ($3/$6 USD) - 2016/03/12 2:40:13 ET
Table 'Ambrosia II' 6-max Seat #1 is the button
Seat 1: Chessnok ($60 in chips)
Seat 4: antboi ($138.09 in chips)
Chessnok: posts small blind $1
antboi: posts big blind $3
*** HOLE CARDS ***
Chessnok: raises $3 to $6
antboi: folds
Uncalled bet ($3) returned to Chessnok
Chessnok collected $6 from pot
Chessnok: doesn't show hand
*** SUMMARY ***
Total pot $6 | Rake $0
Seat 1: Chessnok (button) (small blind) collected ($6)
Seat 4: antboi (big blind) folded before Flop


PokerStars Hand #150220924528:  Hold'em Limit ($3/$6 USD) - 2016/03/12 2:39:52 ET
Table 'Ambrosia II' 6-max Seat #4 is the button
Seat 1: Chessnok ($60 in chips)
Seat 4: antboi ($117.59 in chips)
antboi: posts small blind $1
Chessnok: posts big blind $3
*** HOLE CARDS ***
antboi: raises $3 to $6
Chessnok: calls $3
*** FLOP *** [Kh As Js]
Chessnok: checks
antboi: bets $3
Chessnok: calls $3
*** TURN *** [Kh As Js] [7h]
Chessnok: checks
antboi: bets $6
Chessnok: calls $6
*** RIVER *** [Kh As Js 7h] [8d]
Chessnok: checks
antboi: bets $6
Chessnok: calls $6
*** SHOW DOWN ***
antboi: shows [2h Ah] (a pair of Aces)
Chessnok: mucks hand
antboi collected $41.50 from pot
*** SUMMARY ***
Total pot $42 | Rake $0.50
Board [Kh As Js 7h 8d]
Seat 1: Chessnok (big blind) mucked
Seat 4: antboi (button) (small blind) showed [2h Ah] and won ($41.50) with a pair of Aces


PokerStars Hand #150220918573:  Hold'em Limit ($3/$6 USD) - 2016/03/12 2:39:33 ET
Table 'Ambrosia II' 6-max Seat #1 is the button
Seat 1: Chessnok ($71.50 in chips)
Seat 4: antboi ($100.09 in chips)
Chessnok: posts small blind $1
antboi: posts big blind $3
*** HOLE CARDS ***
Chessnok: raises $3 to $6
antboi: calls $3
*** FLOP *** [Kd 8h Qd]
antboi: checks
Chessnok: bets $3
antboi: raises $3 to $6
Chessnok: calls $3
*** TURN *** [Kd 8h Qd] [As]
antboi: bets $6
Chessnok: calls $6
*** RIVER *** [Kd 8h Qd As] [Jd]
antboi: checks
Chessnok: checks
*** SHOW DOWN ***
antboi: shows [5s Kh] (a pair of Kings)
Chessnok: mucks hand
antboi collected $35.50 from pot
*** SUMMARY ***
Total pot $36 | Rake $0.50
Board [Kd 8h Qd As Jd]
Seat 1: Chessnok (button) (small blind) mucked
Seat 4: antboi (big blind) showed [5s Kh] and won ($35.50) with a pair of Kings


PokerStars Hand #150220952601:  Hold'em Limit ($3/$6 USD) - 2016/03/12 2:41:19 ET
Table 'Ambrosia II' 6-max Seat #4 is the button
Seat 1: Chessnok ($111 in chips)
Seat 4: antboi ($86.09 in chips)
antboi: posts small blind $1
Chessnok: posts big blind $3
*** HOLE CARDS ***
antboi: raises $3 to $6
Chessnok: calls $3
*** FLOP *** [2c Jh 6c]
Chessnok: checks
antboi: bets $3
Chessnok: calls $3
*** TURN *** [2c Jh 6c] [6s]
Chessnok: checks
antboi: bets $6
Chessnok: folds
Uncalled bet ($6) returned to antboi
antboi collected $17.64 from pot
antboi: doesn't show hand
*** SUMMARY ***
Total pot $18 | Rake $0.36
Board [2c Jh 6c 6s]
Seat 1: Chessnok (big blind) folded on the Turn
Seat 4: antboi (button) (small blind) collected ($17.64)


PokerStars Hand #150220947250:  Hold'em Limit ($3/$6 USD) - 2016/03/12 2:41:02 ET
Table 'Ambrosia II' 6-max Seat #1 is the button
Seat 1: Chessnok ($93.50 in chips)
Seat 4: antboi ($104.09 in chips)
Chessnok: posts small blind $1
antboi: posts big blind $3
*** HOLE CARDS ***
Chessnok: raises $3 to $6
antboi: raises $3 to $9
Chessnok: calls $3
*** FLOP *** [Ks 8c 6d]
antboi: bets $3
Chessnok: calls $3
*** TURN *** [Ks 8c 6d] [Ts]
antboi: bets $6
Chessnok: calls $6
*** RIVER *** [Ks 8c 6d Ts] [Qc]
antboi: checks
Chessnok: checks
*** SHOW DOWN ***
antboi: shows [2c Ac] (high card Ace)
Chessnok: shows [6h 7d] (a pair of Sixes)
Chessnok collected $35.50 from pot
*** SUMMARY ***
Total pot $36 | Rake $0.50
Board [Ks 8c 6d Ts Qc]
Seat 1: Chessnok (button) (small blind) showed [6h 7d] and won ($35.50) with a pair of Sixes
Seat 4: antboi (big blind) showed [2c Ac] and lost with high card Ace


PokerStars Hand #150220945191:  Hold'em Limit ($3/$6 USD) - 2016/03/12 2:40:56 ET
Table 'Ambrosia II' 6-max Seat #4 is the button
Seat 1: Chessnok ($96.50 in chips)
Seat 4: antboi ($101.09 in chips)
antboi: posts small blind $1
Chessnok: posts big blind $3
*** HOLE CARDS ***
antboi: raises $3 to $6
Chessnok: folds
Uncalled bet ($3) returned to antboi
antboi collected $6 from pot
antboi: doesn't show hand
*** SUMMARY ***
Total pot $6 | Rake $0
Seat 1: Chessnok (big blind) folded before Flop
Seat 4: antboi (button) (small blind) collected ($6)


PokerStars Hand #150220943347:  Hold'em Limit ($3/$6 USD) - 2016/03/12 2:40:50 ET
Table 'Ambrosia II' 6-max Seat #1 is the button
Seat 1: Chessnok ($93.50 in chips)
Seat 4: antboi ($104.09 in chips)
Chessnok: posts small blind $1
antboi: posts big blind $3
*** HOLE CARDS ***
Chessnok: raises $3 to $6
antboi: folds
Uncalled bet ($3) returned to Chessnok
Chessnok collected $6 from pot
Chessnok: doesn't show hand
*** SUMMARY ***
Total pot $6 | Rake $0
Seat 1: Chessnok (button) (small blind) collected ($6)
Seat 4: antboi (big blind) folded before Flop


PokerStars Hand #150220936954:  Hold'em Limit ($3/$6 USD) - 2016/03/12 2:40:30 ET
Table 'Ambrosia II' 6-max Seat #4 is the button
Seat 1: Chessnok ($67 in chips)
Seat 4: antboi ($131.09 in chips)
antboi: posts small blind $1
Chessnok: posts big blind $3
*** HOLE CARDS ***
antboi: raises $3 to $6
Chessnok: calls $3
*** FLOP *** [5d 8c Jc]
Chessnok: checks
antboi: bets $3
Chessnok: calls $3
*** TURN *** [5d 8c Jc] [6h]
Chessnok: checks
antboi: bets $6
Chessnok: calls $6
*** RIVER *** [5d 8c Jc 6h] [4d]
Chessnok: checks
antboi: bets $6
Chessnok: raises $6 to $12
antboi: calls $6
*** SHOW DOWN ***
Chessnok: shows [7d 6d] (a straight, Four to Eight)
antboi: mucks hand
Chessnok collected $53.50 from pot
*** SUMMARY ***
Total pot $54 | Rake $0.50
Board [5d 8c Jc 6h 4d]
Seat 1: Chessnok (big blind) showed [7d 6d] and won ($53.50) with a straight, Four to Eight
Seat 4: antboi (button) (small blind) mucked


PokerStars Hand #150220975538:  Hold'em Limit ($3/$6 USD) - 2016/03/12 2:42:30 ET
Table 'Ambrosia II' 6-max Seat #4 is the button
Seat 1: Chessnok ($109 in chips)
Seat 4: antboi ($87.73 in chips)
antboi: posts small blind $1
Chessnok: posts big blind $3
*** HOLE CARDS ***
antboi: folds
Uncalled bet ($2) returned to Chessnok
Chessnok collected $2 from pot
Chessnok: doesn't show hand
*** SUMMARY ***
Total pot $2 | Rake $0
Seat 1: Chessnok (big blind) collected ($2)
Seat 4: antboi (button) (small blind) folded before Flop


PokerStars Hand #150220972650:  Hold'em Limit ($3/$6 USD) - 2016/03/12 2:42:21 ET
Table 'Ambrosia II' 6-max Seat #1 is the button
Seat 1: Chessnok ($106 in chips)
Seat 4: antboi ($90.73 in chips)
Chessnok: posts small blind $1
antboi: posts big blind $3
*** HOLE CARDS ***
Chessnok: raises $3 to $6
antboi: folds
Uncalled bet ($3) returned to Chessnok
Chessnok collected $6 from pot
Chessnok: doesn't show hand
*** SUMMARY ***
Total pot $6 | Rake $0
Seat 1: Chessnok (button) (small blind) collected ($6)
Seat 4: antboi (big blind) folded before Flop


PokerStars Hand #150220970630:  Hold'em Limit ($3/$6 USD) - 2016/03/12 2:42:15 ET
Table 'Ambrosia II' 6-max Seat #4 is the button
Seat 1: Chessnok ($109 in chips)
Seat 4: antboi ($87.73 in chips)
antboi: posts small blind $1
Chessnok: posts big blind $3
*** HOLE CARDS ***
antboi: raises $3 to $6
Chessnok: folds
Uncalled bet ($3) returned to antboi
antboi collected $6 from pot
antboi: doesn't show hand
*** SUMMARY ***
Total pot $6 | Rake $0
Seat 1: Chessnok (big blind) folded before Flop
Seat 4: antboi (button) (small blind) collected ($6)


PokerStars Hand #150220957958:  Hold'em Limit ($3/$6 USD) - 2016/03/12 2:41:35 ET
Table 'Ambrosia II' 6-max Seat #1 is the button
Seat 1: Chessnok ($102 in chips)
Seat 4: antboi ($94.73 in chips)
Chessnok: posts small blind $1
antboi: posts big blind $3
*** HOLE CARDS ***
Chessnok: raises $3 to $6
antboi: folds
Uncalled bet ($3) returned to Chessnok
Chessnok collected $6 from pot
Chessnok: doesn't show hand
*** SUMMARY ***
Total pot $6 | Rake $0
Seat 1: Chessnok (button) (small blind) collected ($6)
Seat 4: antboi (big blind) folded before Flop


PokerStars Hand #150220969312:  Hold'em Limit ($3/$6 USD) - 2016/03/12 2:42:11 ET
Table 'Ambrosia II' 6-max Seat #1 is the button
Seat 1: Chessnok ($110 in chips)
Seat 4: antboi ($86.73 in chips)
Chessnok: posts small blind $1
antboi: posts big blind $3
*** HOLE CARDS ***
Chessnok: folds
Uncalled bet ($2) returned to antboi
antboi collected $2 from pot
antboi: doesn't show hand
*** SUMMARY ***
Total pot $2 | Rake $0
Seat 1: Chessnok (button) (small blind) folded before Flop
Seat 4: antboi (big blind) collected ($2)


PokerStars Hand #150220967511:  Hold'em Limit ($3/$6 USD) - 2016/03/12 2:42:05 ET
Table 'Ambrosia II' 6-max Seat #4 is the button
Seat 1: Chessnok ($109 in chips)
Seat 4: antboi ($87.73 in chips)
antboi: posts small blind $1
Chessnok: posts big blind $3
*** HOLE CARDS ***
antboi: folds
Uncalled bet ($2) returned to Chessnok
Chessnok collected $2 from pot
Chessnok: doesn't show hand
*** SUMMARY ***
Total pot $2 | Rake $0
Seat 1: Chessnok (big blind) collected ($2)
Seat 4: antboi (button) (small blind) folded before Flop


PokerStars Hand #150220965878:  Hold'em Limit ($3/$6 USD) - 2016/03/12 2:42:00 ET
Table 'Ambrosia II' 6-max Seat #1 is the button
Seat 1: Chessnok ($106 in chips)
Seat 4: antboi ($90.73 in chips)
Chessnok: posts small blind $1
antboi: posts big blind $3
*** HOLE CARDS ***
Chessnok: raises $3 to $6
antboi: folds
Uncalled bet ($3) returned to Chessnok
Chessnok collected $6 from pot
Chessnok: doesn't show hand
*** SUMMARY ***
Total pot $6 | Rake $0
Seat 1: Chessnok (button) (small blind) collected ($6)
Seat 4: antboi (big blind) folded before Flop


PokerStars Hand #150220964162:  Hold'em Limit ($3/$6 USD) - 2016/03/12 2:41:55 ET
Table 'Ambrosia II' 6-max Seat #4 is the button
Seat 1: Chessnok ($105 in chips)
Seat 4: antboi ($91.73 in chips)
antboi: posts small blind $1
Chessnok: posts big blind $3
*** HOLE CARDS ***
antboi: folds
Uncalled bet ($2) returned to Chessnok
Chessnok collected $2 from pot
Chessnok: doesn't show hand
*** SUMMARY ***
Total pot $2 | Rake $0
Seat 1: Chessnok (big blind) collected ($2)
Seat 4: antboi (button) (small blind) folded before Flop


PokerStars Hand #150220962473:  Hold'em Limit ($3/$6 USD) - 2016/03/12 2:41:49 ET
Table 'Ambrosia II' 6-max Seat #1 is the button
Seat 1: Chessnok ($106 in chips)
Seat 4: antboi ($90.73 in chips)
Chessnok: posts small blind $1
antboi: posts big blind $3
*** HOLE CARDS ***
Chessnok: folds
Uncalled bet ($2) returned to antboi
antboi collected $2 from pot
antboi: doesn't show hand
*** SUMMARY ***
Total pot $2 | Rake $0
Seat 1: Chessnok (button) (small blind) folded before Flop
Seat 4: antboi (big blind) collected ($2)


PokerStars Hand #150220960872:  Hold'em Limit ($3/$6 USD) - 2016/03/12 2:41:44 ET
Table 'Ambrosia II' 6-max Seat #4 is the button
Seat 1: Chessnok ($105 in chips)
Seat 4: antboi ($91.73 in chips)
antboi: posts small blind $1
Chessnok: posts big blind $3
*** HOLE CARDS ***
antboi: folds
Uncalled bet ($2) returned to Chessnok
Chessnok collected $2 from pot
Chessnok: doesn't show hand
*** SUMMARY ***
Total pot $2 | Rake $0
Seat 1: Chessnok (big blind) collected ($2)
Seat 4: antboi (button) (small blind) folded before Flop


PokerStars Hand #150220991535:  Hold'em Limit ($3/$6 USD) - 2016/03/12 2:43:19 ET
Table 'Ambrosia II' 6-max Seat #1 is the button
Seat 1: Chessnok ($94.52 in chips)
Seat 4: antboi ($101.23 in chips)
Chessnok: posts small blind $1
antboi: posts big blind $3
*** HOLE CARDS ***
Chessnok: raises $3 to $6
antboi: folds
Uncalled bet ($3) returned to Chessnok
Chessnok collected $6 from pot
Chessnok: doesn't show hand
*** SUMMARY ***
Total pot $6 | Rake $0
Seat 1: Chessnok (button) (small blind) collected ($6)
Seat 4: antboi (big blind) folded before Flop


PokerStars Hand #150220989843:  Hold'em Limit ($3/$6 USD) - 2016/03/12 2:43:14 ET
Table 'Ambrosia II' 6-max Seat #4 is the button
Seat 1: Chessnok ($93.52 in chips)
Seat 4: antboi ($102.23 in chips)
antboi: posts small blind $1
Chessnok: posts big blind $3
*** HOLE CARDS ***
antboi: folds
Uncalled bet ($2) returned to Chessnok
Chessnok collected $2 from pot
Chessnok: doesn't show hand
*** SUMMARY ***
Total pot $2 | Rake $0
Seat 1: Chessnok (big blind) collected ($2)
Seat 4: antboi (button) (small blind) folded before Flop


PokerStars Hand #150220988407:  Hold'em Limit ($3/$6 USD) - 2016/03/12 2:43:10 ET
Table 'Ambrosia II' 6-max Seat #1 is the button
Seat 1: Chessnok ($94.52 in chips)
Seat 4: antboi ($101.23 in chips)
Chessnok: posts small blind $1
antboi: posts big blind $3
*** HOLE CARDS ***
Chessnok: folds
Uncalled bet ($2) returned to antboi
antboi collected $2 from pot
antboi: doesn't show hand
*** SUMMARY ***
Total pot $2 | Rake $0
Seat 1: Chessnok (button) (small blind) folded before Flop
Seat 4: antboi (big blind) collected ($2)


PokerStars Hand #150220983611:  Hold'em Limit ($3/$6 USD) - 2016/03/12 2:42:55 ET
Table 'Ambrosia II' 6-max Seat #4 is the button
Seat 1: Chessnok ($83 in chips)
Seat 4: antboi ($113.23 in chips)
antboi: posts small blind $1
Chessnok: posts big blind $3
*** HOLE CARDS ***
antboi: raises $3 to $6
Chessnok: calls $3
*** FLOP *** [5c Ks Ts]
Chessnok: checks
antboi: bets $3
Chessnok: raises $3 to $6
antboi: calls $3
*** TURN *** [5c Ks Ts] [6h]
Chessnok: bets $6
antboi: folds
Uncalled bet ($6) returned to Chessnok
Chessnok collected $23.52 from pot
Chessnok: doesn't show hand
*** SUMMARY ***
Total pot $24 | Rake $0.48
Board [5c Ks Ts 6h]
Seat 1: Chessnok (big blind) collected ($23.52)
Seat 4: antboi (button) (small blind) folded on the Turn


PokerStars Hand #150220977135:  Hold'em Limit ($3/$6 USD) - 2016/03/12 2:42:35 ET
Table 'Ambrosia II' 6-max Seat #1 is the button
Seat 1: Chessnok ($110 in chips)
Seat 4: antboi ($86.73 in chips)
Chessnok: posts small blind $1
antboi: posts big blind $3
*** HOLE CARDS ***
Chessnok: raises $3 to $6
antboi: raises $3 to $9
Chessnok: raises $3 to $12
Betting is capped
antboi: calls $3
*** FLOP *** [Th 5s Qh]
antboi: bets $3
Chessnok: calls $3
*** TURN *** [Th 5s Qh] [8c]
antboi: bets $6
Chessnok: calls $6
*** RIVER *** [Th 5s Qh 8c] [Qs]
antboi: bets $6
Chessnok: calls $6
*** SHOW DOWN ***
antboi: shows [Kh Kd] (two pair, Kings and Queens)
Chessnok: mucks hand
antboi collected $53.50 from pot
*** SUMMARY ***
Total pot $54 | Rake $0.50
Board [Th 5s Qh 8c Qs]
Seat 1: Chessnok (button) (small blind) mucked
Seat 4: antboi (big blind) showed [Kh Kd] and won ($53.50) with two pair, Kings and Queens


PokerStars Hand #150221000199:  Hold'em Limit ($3/$6 USD) - 2016/03/12 2:43:47 ET
Table 'Ambrosia II' 6-max Seat #4 is the button
Seat 1: Chessnok ($85.52 in chips)
Seat 4: antboi ($109.73 in chips)
antboi: posts small blind $1
Chessnok: posts big blind $3
*** HOLE CARDS ***
antboi: folds
Uncalled bet ($2) returned to Chessnok
Chessnok collected $2 from pot
Chessnok: doesn't show hand
*** SUMMARY ***
Total pot $2 | Rake $0
Seat 1: Chessnok (big blind) collected ($2)
Seat 4: antboi (button) (small blind) folded before Flop


PokerStars Hand #150220998677:  Hold'em Limit ($3/$6 USD) - 2016/03/12 2:43:42 ET
Table 'Ambrosia II' 6-max Seat #1 is the button
Seat 1: Chessnok ($82.52 in chips)
Seat 4: antboi ($112.73 in chips)
Chessnok: posts small blind $1
antboi: posts big blind $3
*** HOLE CARDS ***
Chessnok: raises $3 to $6
antboi: folds
Uncalled bet ($3) returned to Chessnok
Chessnok collected $6 from pot
Chessnok: doesn't show hand
*** SUMMARY ***
Total pot $6 | Rake $0
Seat 1: Chessnok (button) (small blind) collected ($6)
Seat 4: antboi (big blind) folded before Flop


PokerStars Hand #150220993368:  Hold'em Limit ($3/$6 USD) - 2016/03/12 2:43:25 ET
Table 'Ambrosia II' 6-max Seat #4 is the button
Seat 1: Chessnok ($97.52 in chips)
Seat 4: antboi ($98.23 in chips)
antboi: posts small blind $1
Chessnok: posts big blind $3
*** HOLE CARDS ***
antboi: raises $3 to $6
Chessnok: calls $3
*** FLOP *** [4d 8c Kc]
Chessnok: checks
antboi: bets $3
Chessnok: calls $3
*** TURN *** [4d 8c Kc] [Qc]
Chessnok: checks
antboi: bets $6
Chessnok: calls $6
*** RIVER *** [4d 8c Kc Qc] [7c]
Chessnok: checks
antboi: checks
*** SHOW DOWN ***
Chessnok: shows [Ad 6h] (high card Ace)
antboi: shows [Ts As] (high card Ace - King+Queen+Ten kicker)
antboi collected $29.50 from pot
*** SUMMARY ***
Total pot $30 | Rake $0.50
Board [4d 8c Kc Qc 7c]
Seat 1: Chessnok (big blind) showed [Ad 6h] and lost with high card Ace
Seat 4: antboi (button) (small blind) showed [Ts As] and won ($29.50) with high card Ace


PokerStars Hand #150221001870:  Hold'em Limit ($3/$6 USD) - 2016/03/12 2:43:52 ET
Table 'Ambrosia II' 6-max Seat #1 is the button
Seat 1: Chessnok ($86.52 in chips)
Seat 4: antboi ($108.73 in chips)
Chessnok: posts small blind $1
antboi: posts big blind $3
*** HOLE CARDS ***
Chessnok: raises $3 to $6
antboi: calls $3
*** FLOP *** [9d Jh 6s]
antboi: checks
Chessnok: bets $3
antboi: calls $3
*** TURN *** [9d Jh 6s] [Qd]
antboi: checks
Chessnok: checks
*** RIVER *** [9d Jh 6s Qd] [9s]
antboi: bets $6
Chessnok: calls $6
*** SHOW DOWN ***
antboi: shows [4c 4s] (two pair, Nines and Fours)
Chessnok: mucks hand
antboi collected $29.50 from pot
*** SUMMARY ***
Total pot $30 | Rake $0.50
Board [9d Jh 6s Qd 9s]
Seat 1: Chessnok (button) (small blind) mucked
Seat 4: antboi (big blind) showed [4c 4s] and won ($29.50) with two pair, Nines and Fours


PokerStars Hand #150221007455:  Hold'em Limit ($3/$6 USD) - 2016/03/12 2:44:09 ET
Table 'Ambrosia II' 6-max Seat #4 is the button
Seat 1: Chessnok ($71.52 in chips)
Seat 4: antboi ($123.23 in chips)
antboi: posts small blind $1
Chessnok: posts big blind $3
*** HOLE CARDS ***
antboi: raises $3 to $6
Chessnok: calls $3
*** FLOP *** [Kd 5h Kc]
Chessnok: checks
antboi: bets $3
Chessnok: folds
Uncalled bet ($3) returned to antboi
antboi collected $11.76 from pot
antboi: doesn't show hand
*** SUMMARY ***
Total pot $12 | Rake $0.24
Board [Kd 5h Kc]
Seat 1: Chessnok (big blind) folded on the Flop
Seat 4: antboi (button) (small blind) collected ($11.76)


PokerStars Hand #150221014175:  Hold'em Limit ($3/$6 USD) - 2016/03/12 2:44:30 ET
Table 'Ambrosia II' 6-max Seat #4 is the button
Seat 1: Chessnok ($68.52 in chips)
Seat 4: antboi ($125.99 in chips)
antboi: posts small blind $1
Chessnok: posts big blind $3
*** HOLE CARDS ***
antboi: folds
Uncalled bet ($2) returned to Chessnok
Chessnok collected $2 from pot
Chessnok: doesn't show hand
*** SUMMARY ***
Total pot $2 | Rake $0
Seat 1: Chessnok (big blind) collected ($2)
Seat 4: antboi (button) (small blind) folded before Flop


PokerStars Hand #150221011772:  Hold'em Limit ($3/$6 USD) - 2016/03/12 2:44:23 ET
Table 'Ambrosia II' 6-max Seat #1 is the button
Seat 1: Chessnok ($65.52 in chips)
Seat 4: antboi ($128.99 in chips)
Chessnok: posts small blind $1
antboi: posts big blind $3
*** HOLE CARDS ***
Chessnok: raises $3 to $6
antboi: folds
Uncalled bet ($3) returned to Chessnok
Chessnok collected $6 from pot
Chessnok: doesn't show hand
*** SUMMARY ***
Total pot $6 | Rake $0
Seat 1: Chessnok (button) (small blind) collected ($6)
Seat 4: antboi (big blind) folded before Flop


PokerStars Hand #150221017798:  Hold'em Limit ($3/$6 USD) - 2016/03/12 2:44:41 ET
Table 'Ambrosia II' 6-max Seat #4 is the button
Seat 1: Chessnok ($72.52 in chips)
Seat 4: antboi ($121.99 in chips)
antboi: posts small blind $1
Chessnok: posts big blind $3
*** HOLE CARDS ***
antboi: folds
Uncalled bet ($2) returned to Chessnok
Chessnok collected $2 from pot
Chessnok: doesn't show hand
*** SUMMARY ***
Total pot $2 | Rake $0
Seat 1: Chessnok (big blind) collected ($2)
Seat 4: antboi (button) (small blind) folded before Flop


PokerStars Hand #150221015945:  Hold'em Limit ($3/$6 USD) - 2016/03/12 2:44:36 ET
Table 'Ambrosia II' 6-max Seat #1 is the button
Seat 1: Chessnok ($69.52 in chips)
Seat 4: antboi ($124.99 in chips)
Chessnok: posts small blind $1
antboi: posts big blind $3
*** HOLE CARDS ***
Chessnok: raises $3 to $6
antboi: folds
Uncalled bet ($3) returned to Chessnok
Chessnok collected $6 from pot
Chessnok: doesn't show hand
*** SUMMARY ***
Total pot $6 | Rake $0
Seat 1: Chessnok (button) (small blind) collected ($6)
Seat 4: antboi (big blind) folded before Flop


PokerStars Hand #150221019407:  Hold'em Limit ($3/$6 USD) - 2016/03/12 2:44:46 ET
Table 'Ambrosia II' 6-max Seat #1 is the button
Seat 1: Chessnok ($73.52 in chips)
Seat 4: antboi ($120.99 in chips)
Chessnok: posts small blind $1
antboi: posts big blind $3
*** HOLE CARDS ***
Chessnok: raises $3 to $6
antboi: raises $3 to $9
Chessnok: calls $3
*** FLOP *** [5h Qs 2s]
antboi: bets $3
Chessnok: calls $3
*** TURN *** [5h Qs 2s] [9h]
antboi: bets $6
Chessnok: calls $6
*** RIVER *** [5h Qs 2s 9h] [Qd]
antboi: bets $6
Chessnok: calls $6
*** SHOW DOWN ***
antboi: shows [Qc Td] (three of a kind, Queens)
Chessnok: mucks hand
antboi collected $47.50 from pot
*** SUMMARY ***
Total pot $48 | Rake $0.50
Board [5h Qs 2s 9h Qd]
Seat 1: Chessnok (button) (small blind) mucked
Seat 4: antboi (big blind) showed [Qc Td] and won ($47.50) with three of a kind, Queens


PokerStars Hand #150221031208:  Hold'em Limit ($3/$6 USD) - 2016/03/12 2:45:23 ET
Table 'Ambrosia II' 6-max Seat #1 is the button
Seat 1: Chessnok ($60 in chips)
Seat 4: antboi ($164.99 in chips)
Chessnok: posts small blind $1
antboi: posts big blind $3
*** HOLE CARDS ***
Chessnok: raises $3 to $6
antboi: folds
Uncalled bet ($3) returned to Chessnok
Chessnok collected $6 from pot
Chessnok: doesn't show hand
*** SUMMARY ***
Total pot $6 | Rake $0
Seat 1: Chessnok (button) (small blind) collected ($6)
Seat 4: antboi (big blind) folded before Flop


PokerStars Hand #150221025696:  Hold'em Limit ($3/$6 USD) - 2016/03/12 2:45:05 ET
Table 'Ambrosia II' 6-max Seat #4 is the button
Seat 1: Chessnok ($60 in chips)
Seat 4: antboi ($144.49 in chips)
antboi: posts small blind $1
Chessnok: posts big blind $3
*** HOLE CARDS ***
antboi: raises $3 to $6
Chessnok: calls $3
*** FLOP *** [Jd 5s 7d]
Chessnok: checks
antboi: bets $3
Chessnok: calls $3
*** TURN *** [Jd 5s 7d] [2c]
Chessnok: checks
antboi: bets $6
Chessnok: calls $6
*** RIVER *** [Jd 5s 7d 2c] [Kh]
Chessnok: checks
antboi: bets $6
Chessnok: calls $6
*** SHOW DOWN ***
antboi: shows [6d 6h] (a pair of Sixes)
Chessnok: mucks hand
antboi collected $41.50 from pot
*** SUMMARY ***
Total pot $42 | Rake $0.50
Board [Jd 5s 7d 2c Kh]
Seat 1: Chessnok (big blind) mucked
Seat 4: antboi (button) (small blind) showed [6d 6h] and won ($41.50) with a pair of Sixes


PokerStars Hand #150221032890:  Hold'em Limit ($3/$6 USD) - 2016/03/12 2:45:28 ET
Table 'Ambrosia II' 6-max Seat #4 is the button
Seat 1: Chessnok ($63 in chips)
Seat 4: antboi ($161.99 in chips)
antboi: posts small blind $1
Chessnok: posts big blind $3
*** HOLE CARDS ***
antboi: raises $3 to $6
Chessnok: calls $3
*** FLOP *** [Qh Qs Qc]
Chessnok: checks
antboi: bets $3
Chessnok: calls $3
*** TURN *** [Qh Qs Qc] [Qd]
Chessnok: checks
antboi: bets $6
Chessnok: folds
Uncalled bet ($6) returned to antboi
antboi collected $17.64 from pot
antboi: doesn't show hand
*** SUMMARY ***
Total pot $18 | Rake $0.36
Board [Qh Qs Qc Qd]
Seat 1: Chessnok (big blind) folded on the Turn
Seat 4: antboi (button) (small blind) collected ($17.64)


PokerStars Hand #150221040098:  Hold'em Limit ($3/$6 USD) - 2016/03/12 2:45:50 ET
Table 'Ambrosia II' 6-max Seat #4 is the button
Seat 1: Chessnok ($63 in chips)
Seat 4: antboi ($167.63 in chips)
antboi: posts small blind $1
Chessnok: posts big blind $3
*** HOLE CARDS ***
antboi: folds
Uncalled bet ($2) returned to Chessnok
Chessnok collected $2 from pot
Chessnok: doesn't show hand
*** SUMMARY ***
Total pot $2 | Rake $0
Seat 1: Chessnok (big blind) collected ($2)
Seat 4: antboi (button) (small blind) folded before Flop


PokerStars Hand #150221038150:  Hold'em Limit ($3/$6 USD) - 2016/03/12 2:45:44 ET
Table 'Ambrosia II' 6-max Seat #1 is the button
Seat 1: Chessnok ($60 in chips)
Seat 4: antboi ($170.63 in chips)
Chessnok: posts small blind $1
antboi: posts big blind $3
*** HOLE CARDS ***
Chessnok: raises $3 to $6
antboi: folds
Uncalled bet ($3) returned to Chessnok
Chessnok collected $6 from pot
Chessnok: doesn't show hand
*** SUMMARY ***
Total pot $6 | Rake $0
Seat 1: Chessnok (button) (small blind) collected ($6)
Seat 4: antboi (big blind) folded before Flop


PokerStars Hand #150221041606:  Hold'em Limit ($3/$6 USD) - 2016/03/12 2:45:54 ET
Table 'Ambrosia II' 6-max Seat #1 is the button
Seat 1: Chessnok ($64 in chips)
Seat 4: antboi ($166.63 in chips)
Chessnok: posts small blind $1
antboi: posts big blind $3
*** HOLE CARDS ***
Chessnok: raises $3 to $6
antboi: folds
Uncalled bet ($3) returned to Chessnok
Chessnok collected $6 from pot
Chessnok: doesn't show hand
*** SUMMARY ***
Total pot $6 | Rake $0
Seat 1: Chessnok (button) (small blind) collected ($6)
Seat 4: antboi (big blind) folded before Flop


PokerStars Hand #150221050931:  Hold'em Limit ($3/$6 USD) - 2016/03/12 2:46:23 ET
Table 'Ambrosia II' 6-max Seat #1 is the button
Seat 1: Chessnok ($87.50 in chips)
Seat 4: antboi ($142.63 in chips)
Chessnok: posts small blind $1
antboi: posts big blind $3
*** HOLE CARDS ***
Chessnok: raises $3 to $6
antboi: calls $3
*** FLOP *** [4c 4d 3h]
antboi: checks
Chessnok: bets $3
antboi: folds
Uncalled bet ($3) returned to Chessnok
Chessnok collected $11.76 from pot
Chessnok: doesn't show hand
*** SUMMARY ***
Total pot $12 | Rake $0.24
Board [4c 4d 3h]
Seat 1: Chessnok (button) (small blind) collected ($11.76)
Seat 4: antboi (big blind) folded on the Flop


PokerStars Hand #150221043292:  Hold'em Limit ($3/$6 USD) - 2016/03/12 2:46:00 ET
Table 'Ambrosia II' 6-max Seat #4 is the button
Seat 1: Chessnok ($67 in chips)
Seat 4: antboi ($163.63 in chips)
antboi: posts small blind $1
Chessnok: posts big blind $3
*** HOLE CARDS ***
antboi: raises $3 to $6
Chessnok: raises $3 to $9
antboi: raises $3 to $12
Betting is capped
Chessnok: calls $3
*** FLOP *** [6c 8h 7c]
Chessnok: checks
antboi: bets $3
Chessnok: calls $3
*** TURN *** [6c 8h 7c] [3h]
Chessnok: checks
antboi: bets $6
Chessnok: calls $6
*** RIVER *** [6c 8h 7c 3h] [2c]
Chessnok: checks
antboi: checks
*** SHOW DOWN ***
Chessnok: shows [Qh 6d] (a pair of Sixes)
antboi: mucks hand
Chessnok collected $41.50 from pot
*** SUMMARY ***
Total pot $42 | Rake $0.50
Board [6c 8h 7c 3h 2c]
Seat 1: Chessnok (big blind) showed [Qh 6d] and won ($41.50) with a pair of Sixes
Seat 4: antboi (button) (small blind) mucked


PokerStars Hand #150221072046:  Hold'em Limit ($3/$6 USD) - 2016/03/12 2:47:29 ET
Table 'Ambrosia II' 6-max Seat #4 is the button
Seat 1: Chessnok ($90.76 in chips)
Seat 4: antboi ($138.13 in chips)
antboi: posts small blind $1
Chessnok: posts big blind $3
*** HOLE CARDS ***
antboi: folds
Uncalled bet ($2) returned to Chessnok
Chessnok collected $2 from pot
Chessnok: doesn't show hand
*** SUMMARY ***
Total pot $2 | Rake $0
Seat 1: Chessnok (big blind) collected ($2)
Seat 4: antboi (button) (small blind) folded before Flop


PokerStars Hand #150221070275:  Hold'em Limit ($3/$6 USD) - 2016/03/12 2:47:23 ET
Table 'Ambrosia II' 6-max Seat #1 is the button
Seat 1: Chessnok ($87.76 in chips)
Seat 4: antboi ($141.13 in chips)
Chessnok: posts small blind $1
antboi: posts big blind $3
*** HOLE CARDS ***
Chessnok: raises $3 to $6
antboi: folds
Uncalled bet ($3) returned to Chessnok
Chessnok collected $6 from pot
Chessnok: doesn't show hand
*** SUMMARY ***
Total pot $6 | Rake $0
Seat 1: Chessnok (button) (small blind) collected ($6)
Seat 4: antboi (big blind) folded before Flop


PokerStars Hand #150221056977:  Hold'em Limit ($3/$6 USD) - 2016/03/12 2:46:42 ET
Table 'Ambrosia II' 6-max Seat #1 is the button
Seat 1: Chessnok ($90.26 in chips)
Seat 4: antboi ($139.63 in chips)
Chessnok: posts small blind $1
antboi: posts big blind $3
*** HOLE CARDS ***
Chessnok: folds
Uncalled bet ($2) returned to antboi
antboi collected $2 from pot
antboi: doesn't show hand
*** SUMMARY ***
Total pot $2 | Rake $0
Seat 1: Chessnok (button) (small blind) folded before Flop
Seat 4: antboi (big blind) collected ($2)


PokerStars Hand #150221054876:  Hold'em Limit ($3/$6 USD) - 2016/03/12 2:46:35 ET
Table 'Ambrosia II' 6-max Seat #4 is the button
Seat 1: Chessnok ($93.26 in chips)
Seat 4: antboi ($136.63 in chips)
antboi: posts small blind $1
Chessnok: posts big blind $3
*** HOLE CARDS ***
antboi: raises $3 to $6
Chessnok: folds
Uncalled bet ($3) returned to antboi
antboi collected $6 from pot
antboi: doesn't show hand
*** SUMMARY ***
Total pot $6 | Rake $0
Seat 1: Chessnok (big blind) folded before Flop
Seat 4: antboi (button) (small blind) collected ($6)


PokerStars Hand #150221058463:  Hold'em Limit ($3/$6 USD) - 2016/03/12 2:46:47 ET
Table 'Ambrosia II' 6-max Seat #4 is the button
Seat 1: Chessnok ($89.26 in chips)
Seat 4: antboi ($140.63 in chips)
antboi: posts small blind $1
Chessnok: posts big blind $3
*** HOLE CARDS ***
antboi: raises $3 to $6
Chessnok: calls $3
*** FLOP *** [7h 2d 9d]
Chessnok: checks
antboi: bets $3
Chessnok: calls $3
*** TURN *** [7h 2d 9d] [7d]
Chessnok: checks
antboi: bets $6
Chessnok: calls $6
*** RIVER *** [7h 2d 9d 7d] [8d]
Chessnok: checks
antboi: bets $6
Chessnok: folds
Uncalled bet ($6) returned to antboi
antboi collected $29.50 from pot
antboi: doesn't show hand
*** SUMMARY ***
Total pot $30 | Rake $0.50
Board [7h 2d 9d 7d 8d]
Seat 1: Chessnok (big blind) folded on the River
Seat 4: antboi (button) (small blind) collected ($29.50)


PokerStars Hand #150221064145:  Hold'em Limit ($3/$6 USD) - 2016/03/12 2:47:04 ET
Table 'Ambrosia II' 6-max Seat #1 is the button
Seat 1: Chessnok ($74.26 in chips)
Seat 4: antboi ($155.13 in chips)
Chessnok: posts small blind $1
antboi: posts big blind $3
*** HOLE CARDS ***
Chessnok: folds
Uncalled bet ($2) returned to antboi
antboi collected $2 from pot
antboi: doesn't show hand
*** SUMMARY ***
Total pot $2 | Rake $0
Seat 1: Chessnok (button) (small blind) folded before Flop
Seat 4: antboi (big blind) collected ($2)


PokerStars Hand #150221065497:  Hold'em Limit ($3/$6 USD) - 2016/03/12 2:47:08 ET
Table 'Ambrosia II' 6-max Seat #4 is the button
Seat 1: Chessnok ($73.26 in chips)
Seat 4: antboi ($156.13 in chips)
antboi: posts small blind $1
Chessnok: posts big blind $3
*** HOLE CARDS ***
antboi: raises $3 to $6
Chessnok: calls $3
*** FLOP *** [9h Td 2c]
Chessnok: checks
antboi: bets $3
Chessnok: calls $3
*** TURN *** [9h Td 2c] [4s]
Chessnok: checks
antboi: checks
*** RIVER *** [9h Td 2c 4s] [6s]
Chessnok: bets $6
antboi: calls $6
*** SHOW DOWN ***
Chessnok: shows [Qd 4c] (a pair of Fours)
antboi: mucks hand
Chessnok collected $29.50 from pot
*** SUMMARY ***
Total pot $30 | Rake $0.50
Board [9h Td 2c 4s 6s]
Seat 1: Chessnok (big blind) showed [Qd 4c] and won ($29.50) with a pair of Fours
Seat 4: antboi (button) (small blind) mucked


PokerStars Hand #150221075469:  Hold'em Limit ($3/$6 USD) - 2016/03/12 2:47:39 ET
Table 'Ambrosia II' 6-max Seat #4 is the button
Seat 1: Chessnok ($94.76 in chips)
Seat 4: antboi ($134.13 in chips)
antboi: posts small blind $1
Chessnok: posts big blind $3
*** HOLE CARDS ***
antboi: folds
Uncalled bet ($2) returned to Chessnok
Chessnok collected $2 from pot
Chessnok: doesn't show hand
*** SUMMARY ***
Total pot $2 | Rake $0
Seat 1: Chessnok (big blind) collected ($2)
Seat 4: antboi (button) (small blind) folded before Flop


PokerStars Hand #150221073757:  Hold'em Limit ($3/$6 USD) - 2016/03/12 2:47:34 ET
Table 'Ambrosia II' 6-max Seat #1 is the button
Seat 1: Chessnok ($91.76 in chips)
Seat 4: antboi ($137.13 in chips)
Chessnok: posts small blind $1
antboi: posts big blind $3
*** HOLE CARDS ***
Chessnok: raises $3 to $6
antboi: folds
Uncalled bet ($3) returned to Chessnok
Chessnok collected $6 from pot
Chessnok: doesn't show hand
*** SUMMARY ***
Total pot $6 | Rake $0
Seat 1: Chessnok (button) (small blind) collected ($6)
Seat 4: antboi (big blind) folded before Flop


PokerStars Hand #150221081619:  Hold'em Limit ($3/$6 USD) - 2016/03/12 2:47:58 ET
Table 'Ambrosia II' 6-max Seat #4 is the button
Seat 1: Chessnok ($86.76 in chips)
Seat 4: antboi ($141.77 in chips)
antboi: posts small blind $1
Chessnok: posts big blind $3
*** HOLE CARDS ***
antboi: folds
Uncalled bet ($2) returned to Chessnok
Chessnok collected $2 from pot
Chessnok: doesn't show hand
*** SUMMARY ***
Total pot $2 | Rake $0
Seat 1: Chessnok (big blind) collected ($2)
Seat 4: antboi (button) (small blind) folded before Flop


PokerStars Hand #150221077111:  Hold'em Limit ($3/$6 USD) - 2016/03/12 2:47:44 ET
Table 'Ambrosia II' 6-max Seat #1 is the button
Seat 1: Chessnok ($95.76 in chips)
Seat 4: antboi ($133.13 in chips)
Chessnok: posts small blind $1
antboi: posts big blind $3
*** HOLE CARDS ***
Chessnok: raises $3 to $6
antboi: raises $3 to $9
Chessnok: calls $3
*** FLOP *** [9s 5d Jc]
antboi: bets $3
Chessnok: folds
Uncalled bet ($3) returned to antboi
antboi collected $17.64 from pot
antboi: doesn't show hand
*** SUMMARY ***
Total pot $18 | Rake $0.36
Board [9s 5d Jc]
Seat 1: Chessnok (button) (small blind) folded on the Flop
Seat 4: antboi (big blind) collected ($17.64)


PokerStars Hand #150221083150:  Hold'em Limit ($3/$6 USD) - 2016/03/12 2:48:03 ET
Table 'Ambrosia II' 6-max Seat #1 is the button
Seat 1: Chessnok ($87.76 in chips)
Seat 4: antboi ($140.77 in chips)
Chessnok: posts small blind $1
antboi: posts big blind $3
*** HOLE CARDS ***
Chessnok: raises $3 to $6
antboi: calls $3
*** FLOP *** [2s 5c Td]
antboi: bets $3
Chessnok: calls $3
*** TURN *** [2s 5c Td] [Tc]
antboi: bets $6
Chessnok: calls $6
*** RIVER *** [2s 5c Td Tc] [Js]
antboi: bets $6
Chessnok: calls $6
*** SHOW DOWN ***
antboi: shows [Qs 5s] (two pair, Tens and Fives)
Chessnok: mucks hand
antboi collected $41.50 from pot
*** SUMMARY ***
Total pot $42 | Rake $0.50
Board [2s 5c Td Tc Js]
Seat 1: Chessnok (button) (small blind) mucked
Seat 4: antboi (big blind) showed [Qs 5s] and won ($41.50) with two pair, Tens and Fives


PokerStars Hand #150221089164:  Hold'em Limit ($3/$6 USD) - 2016/03/12 2:48:21 ET
Table 'Ambrosia II' 6-max Seat #4 is the button
Seat 1: Chessnok ($66.76 in chips)
Seat 4: antboi ($161.27 in chips)
antboi: posts small blind $1
Chessnok: posts big blind $3
*** HOLE CARDS ***
antboi: folds
Uncalled bet ($2) returned to Chessnok
Chessnok collected $2 from pot
Chessnok: doesn't show hand
*** SUMMARY ***
Total pot $2 | Rake $0
Seat 1: Chessnok (big blind) collected ($2)
Seat 4: antboi (button) (small blind) folded before Flop


