PokerStars Hand #157472436572:  Hold'em Limit ($3/$6 USD) - 2016/08/19 11:01:01 ET
Table 'Ambrosia' 10-max Seat #1 is the button
Seat 1: Zubasa07 ($500 in chips)
Seat 5: FabronxRJ ($51 in chips)
Zubasa07: posts small blind $1
FabronxRJ: posts big blind $3
*** HOLE CARDS ***
Zubasa07: raises $3 to $6
FabronxRJ: calls $3
*** FLOP *** [2h 4h Jc]
FabronxRJ: checks
Zubasa07: bets $3
FabronxRJ: raises $3 to $6
B_loJkl joins the table at seat #6
Zubasa07: folds
Uncalled bet ($3) returned to FabronxRJ
FabronxRJ collected $17.64 from pot
FabronxRJ: doesn't show hand
*** SUMMARY ***
Total pot $18 | Rake $0.36
Board [2h 4h Jc]
Seat 1: Zubasa07 (button) (small blind) folded on the Flop
Seat 5: FabronxRJ (big blind) collected ($17.64)


PokerStars Hand #157472490830:  Hold'em Limit ($3/$6 USD) - 2016/08/19 11:02:33 ET
Table 'Ambrosia' 10-max Seat #1 is the button
Seat 1: Zubasa07 ($468 in chips)
Seat 6: B_loJkl ($172.53 in chips)
FabronxRJ leaves the table
Zubasa07: posts small blind $1
B_loJkl: posts big blind $3
*** HOLE CARDS ***
Zubasa07: folds
Uncalled bet ($2) returned to B_loJkl
B_loJkl collected $2 from pot
B_loJkl: doesn't show hand
*** SUMMARY ***
Total pot $2 | Rake $0
Seat 1: Zubasa07 (button) (small blind) folded before Flop
Seat 6: B_loJkl (big blind) collected ($2)


PokerStars Hand #157478975962:  Hold'em Limit ($3/$6 USD) - 2016/08/19 14:00:23 ET
Table 'Ambrosia' 10-max Seat #10 is the button
Seat 5: bennta ($52.70 in chips)
Seat 10: llloson ($50.10 in chips)
llloson: posts small blind $1
bennta: posts big blind $3
*** HOLE CARDS ***
llloson: raises $3 to $6
bennta: raises $3 to $9
llloson: raises $3 to $12
Betting is capped
bennta: calls $3
*** FLOP *** [8d 6h Jc]
bennta: bets $3
llloson: raises $3 to $6
bennta: raises $3 to $9
llloson: raises $3 to $12
Betting is capped
bennta: calls $3
*** TURN *** [8d 6h Jc] [7h]
bennta: bets $6
llloson: raises $6 to $12
bennta: raises $6 to $18
llloson: raises $6 to $24
Betting is capped
bennta: calls $6
*** RIVER *** [8d 6h Jc 7h] [3d]
bennta: bets $4.70 and is all-in
llloson: folds
Uncalled bet ($4.70) returned to bennta
bennta collected $95.50 from pot
bennta leaves the table
llloson leaves the table
*** SUMMARY ***
Total pot $96 | Rake $0.50
Board [8d 6h Jc 7h 3d]
Seat 5: bennta (big blind) collected ($95.50)
Seat 10: llloson (button) (small blind) folded on the River


