PokerStars Hand #155499068003:  Hold'em Limit ($3/$6 USD) - 2016/07/03 6:12:13 ET
Table 'Ambrosia' 6-max Seat #3 is the button
Seat 3: D Juice11 ($182.89 in chips)
Seat 4: VolkovDmitri ($134.50 in chips)
D Juice11: posts small blind $1
VolkovDmitri: posts big blind $3
*** HOLE CARDS ***
D Juice11: folds
Uncalled bet ($2) returned to VolkovDmitri
VolkovDmitri collected $2 from pot
VolkovDmitri: doesn't show hand
*** SUMMARY ***
Total pot $2 | Rake $0
Seat 3: D Juice11 (button) (small blind) folded before Flop
Seat 4: VolkovDmitri (big blind) collected ($2)


PokerStars Hand #155499058350:  Hold'em Limit ($3/$6 USD) - 2016/07/03 6:11:50 ET
Table 'Ambrosia' 6-max Seat #4 is the button
Seat 3: D Juice11 ($197.89 in chips)
Seat 4: VolkovDmitri ($120 in chips)
VolkovDmitri: posts small blind $1
D Juice11: posts big blind $3
*** HOLE CARDS ***
VolkovDmitri: raises $3 to $6
D Juice11: calls $3
*** FLOP *** [Kc 7c Js]
D Juice11: checks
VolkovDmitri: bets $3
D Juice11: calls $3
*** TURN *** [Kc 7c Js] [4c]
D Juice11: checks
VolkovDmitri: checks
*** RIVER *** [Kc 7c Js 4c] [Tc]
D Juice11: bets $6
VolkovDmitri: calls $6
*** SHOW DOWN ***
D Juice11: shows [7s Qd] (a pair of Sevens)
VolkovDmitri: shows [Ah 3c] (a flush, King high)
VolkovDmitri collected $29.50 from pot
*** SUMMARY ***
Total pot $30 | Rake $0.50
Board [Kc 7c Js 4c Tc]
Seat 3: D Juice11 (big blind) showed [7s Qd] and lost with a pair of Sevens
Seat 4: VolkovDmitri (button) (small blind) showed [Ah 3c] and won ($29.50) with a flush, King high


PokerStars Hand #155499070509:  Hold'em Limit ($3/$6 USD) - 2016/07/03 6:12:19 ET
Table 'Ambrosia' 6-max Seat #4 is the button
Seat 3: D Juice11 ($181.89 in chips)
Seat 4: VolkovDmitri ($135.50 in chips)
VolkovDmitri: posts small blind $1
D Juice11: posts big blind $3
*** HOLE CARDS ***
VolkovDmitri: raises $3 to $6
D Juice11: calls $3
*** FLOP *** [5c 5s 8c]
D Juice11: checks
VolkovDmitri: bets $3
D Juice11: folds
Uncalled bet ($3) returned to VolkovDmitri
VolkovDmitri collected $11.76 from pot
VolkovDmitri: doesn't show hand
*** SUMMARY ***
Total pot $12 | Rake $0.24
Board [5c 5s 8c]
Seat 3: D Juice11 (big blind) folded on the Flop
Seat 4: VolkovDmitri (button) (small blind) collected ($11.76)


PokerStars Hand #155499085583:  Hold'em Limit ($3/$6 USD) - 2016/07/03 6:12:56 ET
Table 'Ambrosia' 6-max Seat #4 is the button
Seat 3: D Juice11 ($163.89 in chips)
Seat 4: VolkovDmitri ($152.78 in chips)
VolkovDmitri: posts small blind $1
D Juice11: posts big blind $3
*** HOLE CARDS ***
VolkovDmitri: folds
Uncalled bet ($2) returned to D Juice11
D Juice11 collected $2 from pot
D Juice11: doesn't show hand
*** SUMMARY ***
Total pot $2 | Rake $0
Seat 3: D Juice11 (big blind) collected ($2)
Seat 4: VolkovDmitri (button) (small blind) folded before Flop


PokerStars Hand #155499076513:  Hold'em Limit ($3/$6 USD) - 2016/07/03 6:12:34 ET
Table 'Ambrosia' 6-max Seat #3 is the button
Seat 3: D Juice11 ($175.89 in chips)
Seat 4: VolkovDmitri ($141.26 in chips)
D Juice11: posts small blind $1
VolkovDmitri: posts big blind $3
*** HOLE CARDS ***
D Juice11: raises $3 to $6
VolkovDmitri: calls $3
*** FLOP *** [Ad 2c 7d]
VolkovDmitri: checks
D Juice11: bets $3
VolkovDmitri: raises $3 to $6
D Juice11: calls $3
*** TURN *** [Ad 2c 7d] [3h]
VolkovDmitri: bets $6
D Juice11: folds
Uncalled bet ($6) returned to VolkovDmitri
VolkovDmitri collected $23.52 from pot
VolkovDmitri: doesn't show hand
*** SUMMARY ***
Total pot $24 | Rake $0.48
Board [Ad 2c 7d 3h]
Seat 3: D Juice11 (button) (small blind) folded on the Turn
Seat 4: VolkovDmitri (big blind) collected ($23.52)


PokerStars Hand #155500710429:  Hold'em Limit ($3/$6 USD) - 2016/07/03 7:15:23 ET
Table 'Ambrosia' 6-max Seat #3 is the button
Seat 1: 7superpoker ($88.89 in chips)
Seat 3: vitamin168 ($116.56 in chips)
vitamin168: posts small blind $1
HOFF10N leaves the table
7superpoker: posts big blind $3
*** HOLE CARDS ***
vitamin168: raises $3 to $6
7superpoker: folds
Uncalled bet ($3) returned to vitamin168
vitamin168 collected $6 from pot
*** SUMMARY ***
Total pot $6 | Rake $0
Seat 1: 7superpoker (big blind) folded before Flop
Seat 3: vitamin168 (button) (small blind) collected ($6)


PokerStars Hand #155500714613:  Hold'em Limit ($3/$6 USD) - 2016/07/03 7:15:32 ET
Table 'Ambrosia' 6-max Seat #1 is the button
Seat 1: 7superpoker ($85.89 in chips)
Seat 3: vitamin168 ($119.56 in chips)
7superpoker: posts small blind $1
VolkovDmitri leaves the table
vitamin168: posts big blind $3
*** HOLE CARDS ***
7superpoker: folds
Uncalled bet ($2) returned to vitamin168
vitamin168 collected $2 from pot
vitamin168: doesn't show hand
*** SUMMARY ***
Total pot $2 | Rake $0
Seat 1: 7superpoker (button) (small blind) folded before Flop
Seat 3: vitamin168 (big blind) collected ($2)


