PokerStars Hand #157233514206:  Hold'em Limit ($3/$6 USD) - 2016/08/13 15:01:21 ET
Table 'Ambrosia II' 6-max Seat #4 is the button
Seat 1: Aces0fPain ($107.71 in chips)
Seat 4: VolkovDmitri ($120 in chips)
VolkovDmitri: posts small blind $1
Aces0fPain: posts big blind $3
*** HOLE CARDS ***
VolkovDmitri: raises $3 to $6
Aces0fPain: folds
Uncalled bet ($3) returned to VolkovDmitri
VolkovDmitri collected $6 from pot
VolkovDmitri: doesn't show hand
*** SUMMARY ***
Total pot $6 | Rake $0
Seat 1: Aces0fPain (big blind) folded before Flop
Seat 4: VolkovDmitri (button) (small blind) collected ($6)


PokerStars Hand #157233497717:  Hold'em Limit ($3/$6 USD) - 2016/08/13 15:00:53 ET
Table 'Ambrosia II' 6-max Seat #1 is the button
Seat 1: Aces0fPain ($90.21 in chips)
Seat 4: VolkovDmitri ($120 in chips)
Aces0fPain: posts small blind $1
VolkovDmitri: posts big blind $3
*** HOLE CARDS ***
Aces0fPain: calls $2
VolkovDmitri: checks
*** FLOP *** [4d 5h 3d]
VolkovDmitri: bets $3
Aces0fPain: calls $3
*** TURN *** [4d 5h 3d] [6h]
TbIP-TbIP 88 joins the table at seat #2
VolkovDmitri: bets $6
Aces0fPain: calls $6
*** RIVER *** [4d 5h 3d 6h] [Jh]
VolkovDmitri: bets $6
Aces0fPain: calls $6
*** SHOW DOWN ***
VolkovDmitri: shows [3s Qc] (a pair of Threes)
Aces0fPain: shows [7c 5d] (a straight, Three to Seven)
Aces0fPain collected $35.50 from pot
*** SUMMARY ***
Total pot $36 | Rake $0.50
Board [4d 5h 3d 6h Jh]
Seat 1: Aces0fPain (button) (small blind) showed [7c 5d] and won ($35.50) with a straight, Three to Seven
Seat 4: VolkovDmitri (big blind) showed [3s Qc] and lost with a pair of Threes


PokerStars Hand #157234000637:  Hold'em Limit ($3/$6 USD) - 2016/08/13 15:13:01 ET
Table 'Ambrosia II' 6-max Seat #1 is the button
Seat 1: hasky156 ($99.73 in chips)
Seat 5: Hannibal2211 ($83.08 in chips)
hasky156: posts small blind $1
TbIP-TbIP 88: is sitting out
Hannibal2211: posts big blind $3
*** HOLE CARDS ***
RJF1943 leaves the table
hasky156: folds
Uncalled bet ($2) returned to Hannibal2211
Hannibal2211 collected $2 from pot
*** SUMMARY ***
Total pot $2 | Rake $0
Seat 1: hasky156 (button) (small blind) folded before Flop
Seat 5: Hannibal2211 (big blind) collected ($2)


PokerStars Hand #157234022601:  Hold'em Limit ($3/$6 USD) - 2016/08/13 15:13:32 ET
Table 'Ambrosia II' 6-max Seat #1 is the button
Seat 1: hasky156 ($89.73 in chips)
Seat 5: Hannibal2211 ($92.72 in chips)
hasky156: posts small blind $1
Hannibal2211: posts big blind $3
*** HOLE CARDS ***
hasky156: folds
Uncalled bet ($2) returned to Hannibal2211
Hannibal2211 collected $2 from pot
*** SUMMARY ***
Total pot $2 | Rake $0
Seat 1: hasky156 (button) (small blind) folded before Flop
Seat 5: Hannibal2211 (big blind) collected ($2)


PokerStars Hand #157234006918:  Hold'em Limit ($3/$6 USD) - 2016/08/13 15:13:09 ET
Table 'Ambrosia II' 6-max Seat #5 is the button
Seat 1: hasky156 ($98.73 in chips)
Seat 5: Hannibal2211 ($84.08 in chips)
Hannibal2211: posts small blind $1
hasky156: posts big blind $3
*** HOLE CARDS ***
Hannibal2211: raises $3 to $6
hasky156: calls $3
*** FLOP *** [5h 4d 6c]
hasky156: checks
Hannibal2211: bets $3
hasky156: calls $3
*** TURN *** [5h 4d 6c] [3h]
hasky156: checks
Hannibal2211: bets $6
hasky156: folds
Uncalled bet ($6) returned to Hannibal2211
Hannibal2211 collected $17.64 from pot
*** SUMMARY ***
Total pot $18 | Rake $0.36
Board [5h 4d 6c 3h]
Seat 1: hasky156 (big blind) folded on the Turn
Seat 5: Hannibal2211 (button) (small blind) collected ($17.64)


PokerStars Hand #157234076616:  Hold'em Limit ($3/$6 USD) - 2016/08/13 15:14:50 ET
Table 'Ambrosia II' 6-max Seat #3 is the button
Seat 3: golas 1 ($109.91 in chips)
Seat 5: Hannibal2211 ($102.36 in chips)
golas 1: posts small blind $1
Hannibal2211: posts big blind $3
*** HOLE CARDS ***
golas 1: folds
Uncalled bet ($2) returned to Hannibal2211
Hannibal2211 collected $2 from pot
*** SUMMARY ***
Total pot $2 | Rake $0
Seat 3: golas 1 (button) (small blind) folded before Flop
Seat 5: Hannibal2211 (big blind) collected ($2)


PokerStars Hand #157234026069:  Hold'em Limit ($3/$6 USD) - 2016/08/13 15:13:37 ET
Table 'Ambrosia II' 6-max Seat #5 is the button
Seat 1: hasky156 ($88.73 in chips)
Seat 5: Hannibal2211 ($93.72 in chips)
Hannibal2211: posts small blind $1
hasky156: posts big blind $3
*** HOLE CARDS ***
TbIP-TbIP 88 leaves the table
Hannibal2211: raises $3 to $6
hasky156: calls $3
*** FLOP *** [Jd 6c 7d]
hasky156: checks
Hannibal2211: bets $3
asino222 joins the table at seat #2
hasky156: calls $3
*** TURN *** [Jd 6c 7d] [2s]
hasky156: checks
Hannibal2211: bets $6
hasky156: folds
Uncalled bet ($6) returned to Hannibal2211
Hannibal2211 collected $17.64 from pot
*** SUMMARY ***
Total pot $18 | Rake $0.36
Board [Jd 6c 7d 2s]
Seat 1: hasky156 (big blind) folded on the Turn
Seat 5: Hannibal2211 (button) (small blind) collected ($17.64)


PokerStars Hand #157234072957:  Hold'em Limit ($3/$6 USD) - 2016/08/13 15:14:45 ET
Table 'Ambrosia II' 6-max Seat #5 is the button
Seat 3: golas 1 ($108.91 in chips)
Seat 5: Hannibal2211 ($103.36 in chips)
Hannibal2211: posts small blind $1
golas 1: posts big blind $3
*** HOLE CARDS ***
Hannibal2211: folds
Uncalled bet ($2) returned to golas 1
golas 1 collected $2 from pot
golas 1: doesn't show hand
*** SUMMARY ***
Total pot $2 | Rake $0
Seat 3: golas 1 (big blind) collected ($2)
Seat 5: Hannibal2211 (button) (small blind) folded before Flop


PokerStars Hand #157234068167:  Hold'em Limit ($3/$6 USD) - 2016/08/13 15:14:38 ET
Table 'Ambrosia II' 6-max Seat #3 is the button
Seat 3: golas 1 ($109.91 in chips)
Seat 5: Hannibal2211 ($102.36 in chips)
golas 1: posts small blind $1
Hannibal2211: posts big blind $3
*** HOLE CARDS ***
golas 1: folds
Uncalled bet ($2) returned to Hannibal2211
Hannibal2211 collected $2 from pot
*** SUMMARY ***
Total pot $2 | Rake $0
Seat 3: golas 1 (button) (small blind) folded before Flop
Seat 5: Hannibal2211 (big blind) collected ($2)


PokerStars Hand #157234080079:  Hold'em Limit ($3/$6 USD) - 2016/08/13 15:14:55 ET
Table 'Ambrosia II' 6-max Seat #5 is the button
Seat 3: golas 1 ($108.91 in chips)
Seat 5: Hannibal2211 ($103.36 in chips)
Hannibal2211: posts small blind $1
golas 1: posts big blind $3
*** HOLE CARDS ***
Hannibal2211: raises $3 to $6
golas 1: calls $3
*** FLOP *** [Kc 9h Kh]
golas 1: checks
Hannibal2211: bets $3
golas 1: raises $3 to $6
Hannibal2211: folds
Uncalled bet ($3) returned to golas 1
golas 1 collected $17.64 from pot
golas 1: doesn't show hand
*** SUMMARY ***
Total pot $18 | Rake $0.36
Board [Kc 9h Kh]
Seat 3: golas 1 (big blind) collected ($17.64)
Seat 5: Hannibal2211 (button) (small blind) folded on the Flop


PokerStars Hand #157234095267:  Hold'em Limit ($3/$6 USD) - 2016/08/13 15:15:16 ET
Table 'Ambrosia II' 6-max Seat #3 is the button
Seat 3: golas 1 ($117.55 in chips)
Seat 5: Hannibal2211 ($94.36 in chips)
golas 1: posts small blind $1
Hannibal2211: posts big blind $3
*** HOLE CARDS ***
golas 1: folds
Uncalled bet ($2) returned to Hannibal2211
golas 1 leaves the table
Hannibal2211 collected $2 from pot
*** SUMMARY ***
Total pot $2 | Rake $0
Seat 3: golas 1 (button) (small blind) folded before Flop
Seat 5: Hannibal2211 (big blind) collected ($2)


PokerStars Hand #157234466901:  Hold'em Limit ($3/$6 USD) - 2016/08/13 15:24:05 ET
Table 'Ambrosia II' 6-max Seat #5 is the button
Seat 3: AMA2347 ($120 in chips)
Seat 5: Hannibal2211 ($95.36 in chips)
Hannibal2211: posts small blind $1
AMA2347: posts big blind $3
*** HOLE CARDS ***
Hannibal2211: raises $3 to $6
AMA2347: calls $3
*** FLOP *** [Qs 8d 2c]
AMA2347: checks
Hannibal2211: bets $3
AMA2347: folds
Uncalled bet ($3) returned to Hannibal2211
Hannibal2211 collected $11.76 from pot
*** SUMMARY ***
Total pot $12 | Rake $0.24
Board [Qs 8d 2c]
Seat 3: AMA2347 (big blind) folded on the Flop
Seat 5: Hannibal2211 (button) (small blind) collected ($11.76)


PokerStars Hand #157234483947:  Hold'em Limit ($3/$6 USD) - 2016/08/13 15:24:30 ET
Table 'Ambrosia II' 6-max Seat #3 is the button
Seat 3: AMA2347 ($114 in chips)
Seat 5: Hannibal2211 ($101.12 in chips)
AMA2347: posts small blind $1
Hannibal2211: posts big blind $3
*** HOLE CARDS ***
AMA2347: calls $2
Hannibal2211: checks
*** FLOP *** [4c Kc 7c]
Hannibal2211: bets $3
AMA2347: raises $3 to $6
Hannibal2211: calls $3
*** TURN *** [4c Kc 7c] [5c]
Hannibal2211: checks
AMA2347: bets $6
Hannibal2211: calls $6
*** RIVER *** [4c Kc 7c 5c] [3h]
Hannibal2211: checks
AMA2347: checks
*** SHOW DOWN ***
Hannibal2211: shows [4h 2c] (a flush, King high)
AMA2347: mucks hand
Hannibal2211 collected $29.50 from pot
*** SUMMARY ***
Total pot $30 | Rake $0.50
Board [4c Kc 7c 5c 3h]
Seat 3: AMA2347 (button) (small blind) mucked
Seat 5: Hannibal2211 (big blind) showed [4h 2c] and won ($29.50) with a flush, King high


PokerStars Hand #157234533010:  Hold'em Limit ($3/$6 USD) - 2016/08/13 15:25:40 ET
Table 'Ambrosia II' 6-max Seat #5 is the button
Seat 3: AMA2347 ($74.76 in chips)
Seat 5: Hannibal2211 ($139.12 in chips)
Hannibal2211: posts small blind $1
AMA2347: posts big blind $3
*** HOLE CARDS ***
Hannibal2211: folds
Uncalled bet ($2) returned to AMA2347
AMA2347 collected $2 from pot
AMA2347: doesn't show hand
*** SUMMARY ***
Total pot $2 | Rake $0
Seat 3: AMA2347 (big blind) collected ($2)
Seat 5: Hannibal2211 (button) (small blind) folded before Flop


PokerStars Hand #157234515089:  Hold'em Limit ($3/$6 USD) - 2016/08/13 15:25:14 ET
Table 'Ambrosia II' 6-max Seat #3 is the button
Seat 3: AMA2347 ($69 in chips)
Seat 5: Hannibal2211 ($145.12 in chips)
AMA2347: posts small blind $1
Hannibal2211: posts big blind $3
*** HOLE CARDS ***
AMA2347: raises $3 to $6
Hannibal2211: calls $3
*** FLOP *** [As 7d 7c]
Hannibal2211: checks
AMA2347: bets $3
Hannibal2211: folds
Uncalled bet ($3) returned to AMA2347
AMA2347 collected $11.76 from pot
AMA2347: doesn't show hand
*** SUMMARY ***
Total pot $12 | Rake $0.24
Board [As 7d 7c]
Seat 3: AMA2347 (button) (small blind) collected ($11.76)
Seat 5: Hannibal2211 (big blind) folded on the Flop


PokerStars Hand #157234497168:  Hold'em Limit ($3/$6 USD) - 2016/08/13 15:24:49 ET
Table 'Ambrosia II' 6-max Seat #5 is the button
Seat 3: AMA2347 ($99 in chips)
Seat 5: Hannibal2211 ($115.62 in chips)
Hannibal2211: posts small blind $1
AMA2347: posts big blind $3
*** HOLE CARDS ***
Hannibal2211: raises $3 to $6
AMA2347: raises $3 to $9
Hannibal2211: calls $3
*** FLOP *** [6s Kh 3c]
AMA2347: bets $3
Hannibal2211: calls $3
*** TURN *** [6s Kh 3c] [6h]
AMA2347: bets $6
Hannibal2211: raises $6 to $12
AMA2347: calls $6
*** RIVER *** [6s Kh 3c 6h] [Qs]
AMA2347: checks
Hannibal2211: bets $6
AMA2347: calls $6
*** SHOW DOWN ***
Hannibal2211: shows [Ah 6c] (three of a kind, Sixes)
AMA2347: mucks hand
Hannibal2211 collected $59.50 from pot
*** SUMMARY ***
Total pot $60 | Rake $0.50
Board [6s Kh 3c 6h Qs]
Seat 3: AMA2347 (big blind) mucked
Seat 5: Hannibal2211 (button) (small blind) showed [Ah 6c] and won ($59.50) with three of a kind, Sixes


PokerStars Hand #157234545015:  Hold'em Limit ($3/$6 USD) - 2016/08/13 15:25:57 ET
Table 'Ambrosia II' 6-max Seat #3 is the button
Seat 3: AMA2347 ($79.76 in chips)
Seat 5: Hannibal2211 ($134.12 in chips)
AMA2347: posts small blind $1
Hannibal2211: posts big blind $3
*** HOLE CARDS ***
AMA2347: calls $2
Hannibal2211: raises $3 to $6
AMA2347: calls $3
*** FLOP *** [3h 4h 4c]
Hannibal2211: bets $3
AMA2347: raises $3 to $6
Hannibal2211: calls $3
*** TURN *** [3h 4h 4c] [7s]
Hannibal2211: checks
AMA2347: bets $6
Hannibal2211: calls $6
*** RIVER *** [3h 4h 4c 7s] [5h]
Hannibal2211: checks
AMA2347: bets $6
Hannibal2211: folds
Uncalled bet ($6) returned to AMA2347
AMA2347 collected $35.50 from pot
AMA2347: doesn't show hand
*** SUMMARY ***
Total pot $36 | Rake $0.50
Board [3h 4h 4c 7s 5h]
Seat 3: AMA2347 (button) (small blind) collected ($35.50)
Seat 5: Hannibal2211 (big blind) folded on the River


PokerStars Hand #157234536625:  Hold'em Limit ($3/$6 USD) - 2016/08/13 15:25:45 ET
Table 'Ambrosia II' 6-max Seat #3 is the button
Seat 3: AMA2347 ($75.76 in chips)
Seat 5: Hannibal2211 ($138.12 in chips)
AMA2347: posts small blind $1
Hannibal2211: posts big blind $3
*** HOLE CARDS ***
AMA2347: raises $3 to $6
Hannibal2211: folds
Uncalled bet ($3) returned to AMA2347
AMA2347 collected $6 from pot
AMA2347: doesn't show hand
*** SUMMARY ***
Total pot $6 | Rake $0
Seat 3: AMA2347 (button) (small blind) collected ($6)
Seat 5: Hannibal2211 (big blind) folded before Flop


PokerStars Hand #157234541754:  Hold'em Limit ($3/$6 USD) - 2016/08/13 15:25:53 ET
Table 'Ambrosia II' 6-max Seat #5 is the button
Seat 3: AMA2347 ($78.76 in chips)
Seat 5: Hannibal2211 ($135.12 in chips)
Hannibal2211: posts small blind $1
AMA2347: posts big blind $3
*** HOLE CARDS ***
Hannibal2211: folds
Uncalled bet ($2) returned to AMA2347
AMA2347 collected $2 from pot
AMA2347: doesn't show hand
*** SUMMARY ***
Total pot $2 | Rake $0
Seat 3: AMA2347 (big blind) collected ($2)
Seat 5: Hannibal2211 (button) (small blind) folded before Flop


PokerStars Hand #157234570741:  Hold'em Limit ($3/$6 USD) - 2016/08/13 15:26:35 ET
Table 'Ambrosia II' 6-max Seat #5 is the button
Seat 3: AMA2347 ($97.26 in chips)
Seat 5: Hannibal2211 ($116.12 in chips)
Hannibal2211: posts small blind $1
AMA2347: posts big blind $3
*** HOLE CARDS ***
Hannibal2211: folds
Uncalled bet ($2) returned to AMA2347
AMA2347 collected $2 from pot
AMA2347: doesn't show hand
*** SUMMARY ***
Total pot $2 | Rake $0
Seat 3: AMA2347 (big blind) collected ($2)
Seat 5: Hannibal2211 (button) (small blind) folded before Flop


PokerStars Hand #157234598790:  Hold'em Limit ($3/$6 USD) - 2016/08/13 15:27:15 ET
Table 'Ambrosia II' 6-max Seat #5 is the button
Seat 3: AMA2347 ($80.26 in chips)
Seat 5: Hannibal2211 ($132.62 in chips)
Hannibal2211: posts small blind $1
AMA2347: posts big blind $3
*** HOLE CARDS ***
Hannibal2211: raises $3 to $6
AMA2347: calls $3
*** FLOP *** [8d 6c 6d]
AMA2347: checks
Hannibal2211: bets $3
AMA2347: folds
Uncalled bet ($3) returned to Hannibal2211
Hannibal2211 collected $11.76 from pot
*** SUMMARY ***
Total pot $12 | Rake $0.24
Board [8d 6c 6d]
Seat 3: AMA2347 (big blind) folded on the Flop
Seat 5: Hannibal2211 (button) (small blind) collected ($11.76)


PokerStars Hand #157234576506:  Hold'em Limit ($3/$6 USD) - 2016/08/13 15:26:43 ET
Table 'Ambrosia II' 6-max Seat #3 is the button
Seat 3: AMA2347 ($98.26 in chips)
Seat 5: Hannibal2211 ($115.12 in chips)
AMA2347: posts small blind $1
Hannibal2211: posts big blind $3
*** HOLE CARDS ***
AMA2347: raises $3 to $6
Hannibal2211: calls $3
*** FLOP *** [9s 3d 7s]
Hannibal2211: checks
AMA2347: bets $3
Hannibal2211: raises $3 to $6
AMA2347: calls $3
*** TURN *** [9s 3d 7s] [4c]
Hannibal2211: bets $6
AMA2347: calls $6
*** RIVER *** [9s 3d 7s 4c] [Qc]
Hannibal2211: bets $6
AMA2347: folds
Uncalled bet ($6) returned to Hannibal2211
Hannibal2211 collected $35.50 from pot
*** SUMMARY ***
Total pot $36 | Rake $0.50
Board [9s 3d 7s 4c Qc]
Seat 3: AMA2347 (button) (small blind) folded on the River
Seat 5: Hannibal2211 (big blind) collected ($35.50)


PokerStars Hand #157234609329:  Hold'em Limit ($3/$6 USD) - 2016/08/13 15:27:30 ET
Table 'Ambrosia II' 6-max Seat #3 is the button
Seat 3: AMA2347 ($74.26 in chips)
Seat 5: Hannibal2211 ($138.38 in chips)
AMA2347: posts small blind $1
Hannibal2211: posts big blind $3
*** HOLE CARDS ***
AMA2347: calls $2
Hannibal2211: checks
*** FLOP *** [Ts Jc 6s]
Hannibal2211: checks
AMA2347: checks
*** TURN *** [Ts Jc 6s] [5h]
Hannibal2211: checks
AMA2347: bets $6
Hannibal2211: folds
Uncalled bet ($6) returned to AMA2347
AMA2347 collected $5.88 from pot
AMA2347: doesn't show hand
*** SUMMARY ***
Total pot $6 | Rake $0.12
Board [Ts Jc 6s 5h]
Seat 3: AMA2347 (button) (small blind) collected ($5.88)
Seat 5: Hannibal2211 (big blind) folded on the Turn


PokerStars Hand #157234634759:  Hold'em Limit ($3/$6 USD) - 2016/08/13 15:28:07 ET
Table 'Ambrosia II' 6-max Seat #3 is the button
Seat 3: AMA2347 ($74.14 in chips)
Seat 5: Hannibal2211 ($138.38 in chips)
AMA2347: posts small blind $1
Hannibal2211: posts big blind $3
*** HOLE CARDS ***
AMA2347: raises $3 to $6
Hannibal2211: folds
Uncalled bet ($3) returned to AMA2347
AMA2347 collected $6 from pot
AMA2347: doesn't show hand
*** SUMMARY ***
Total pot $6 | Rake $0
Seat 3: AMA2347 (button) (small blind) collected ($6)
Seat 5: Hannibal2211 (big blind) folded before Flop


PokerStars Hand #157234644485:  Hold'em Limit ($3/$6 USD) - 2016/08/13 15:28:21 ET
Table 'Ambrosia II' 6-max Seat #5 is the button
Seat 3: AMA2347 ($77.14 in chips)
Seat 5: Hannibal2211 ($135.38 in chips)
Hannibal2211: posts small blind $1
AMA2347: posts big blind $3
*** HOLE CARDS ***
Hannibal2211: raises $3 to $6
AMA2347: raises $3 to $9
Hannibal2211: calls $3
*** FLOP *** [Qd Js 3d]
AMA2347: bets $3
Hannibal2211: folds
Uncalled bet ($3) returned to AMA2347
AMA2347 collected $17.64 from pot
AMA2347: doesn't show hand
*** SUMMARY ***
Total pot $18 | Rake $0.36
Board [Qd Js 3d]
Seat 3: AMA2347 (big blind) collected ($17.64)
Seat 5: Hannibal2211 (button) (small blind) folded on the Flop


PokerStars Hand #157234652583:  Hold'em Limit ($3/$6 USD) - 2016/08/13 15:28:33 ET
Table 'Ambrosia II' 6-max Seat #3 is the button
Seat 3: AMA2347 ($85.78 in chips)
Seat 5: Hannibal2211 ($126.38 in chips)
AMA2347: posts small blind $1
Hannibal2211: posts big blind $3
*** HOLE CARDS ***
AMA2347: calls $2
Hannibal2211: checks
*** FLOP *** [9s Th 6h]
Hannibal2211: checks
AMA2347: bets $3
Hannibal2211: folds
Uncalled bet ($3) returned to AMA2347
AMA2347 collected $5.88 from pot
AMA2347: doesn't show hand
*** SUMMARY ***
Total pot $6 | Rake $0.12
Board [9s Th 6h]
Seat 3: AMA2347 (button) (small blind) collected ($5.88)
Seat 5: Hannibal2211 (big blind) folded on the Flop


PokerStars Hand #157234627584:  Hold'em Limit ($3/$6 USD) - 2016/08/13 15:27:57 ET
Table 'Ambrosia II' 6-max Seat #5 is the button
Seat 3: AMA2347 ($77.14 in chips)
Seat 5: Hannibal2211 ($135.38 in chips)
Hannibal2211: posts small blind $1
AMA2347: posts big blind $3
*** HOLE CARDS ***
Hannibal2211: raises $3 to $6
AMA2347: folds
Uncalled bet ($3) returned to Hannibal2211
Hannibal2211 collected $6 from pot
*** SUMMARY ***
Total pot $6 | Rake $0
Seat 3: AMA2347 (big blind) folded before Flop
Seat 5: Hannibal2211 (button) (small blind) collected ($6)


PokerStars Hand #157234688108:  Hold'em Limit ($3/$6 USD) - 2016/08/13 15:29:12 ET
Table 'Ambrosia II' 6-max Seat #3 is the button
Seat 3: AMA2347 ($79.66 in chips)
Seat 5: Hannibal2211 ($132.02 in chips)
AMA2347: posts small blind $1
Hannibal2211: posts big blind $3
*** HOLE CARDS ***
AMA2347: folds
Uncalled bet ($2) returned to Hannibal2211
Hannibal2211 collected $2 from pot
*** SUMMARY ***
Total pot $2 | Rake $0
Seat 3: AMA2347 (button) (small blind) folded before Flop
Seat 5: Hannibal2211 (big blind) collected ($2)


PokerStars Hand #157234660825:  Hold'em Limit ($3/$6 USD) - 2016/08/13 15:28:45 ET
Table 'Ambrosia II' 6-max Seat #5 is the button
Seat 3: AMA2347 ($88.66 in chips)
Seat 5: Hannibal2211 ($123.38 in chips)
Hannibal2211: posts small blind $1
AMA2347: posts big blind $3
*** HOLE CARDS ***
Hannibal2211: raises $3 to $6
AMA2347: calls $3
*** FLOP *** [6s Qs 7s]
AMA2347: checks
Hannibal2211: bets $3
AMA2347: calls $3
*** TURN *** [6s Qs 7s] [9s]
AMA2347: checks
Hannibal2211: bets $6
AMA2347: folds
Uncalled bet ($6) returned to Hannibal2211
Hannibal2211 collected $17.64 from pot
*** SUMMARY ***
Total pot $18 | Rake $0.36
Board [6s Qs 7s 9s]
Seat 3: AMA2347 (big blind) folded on the Turn
Seat 5: Hannibal2211 (button) (small blind) collected ($17.64)


PokerStars Hand #157234707047:  Hold'em Limit ($3/$6 USD) - 2016/08/13 15:29:40 ET
Table 'Ambrosia II' 6-max Seat #3 is the button
Seat 3: AMA2347 ($96.16 in chips)
Seat 5: Hannibal2211 ($115.02 in chips)
AMA2347: posts small blind $1
Hannibal2211: posts big blind $3
*** HOLE CARDS ***
AMA2347: folds
Uncalled bet ($2) returned to Hannibal2211
Hannibal2211 collected $2 from pot
*** SUMMARY ***
Total pot $2 | Rake $0
Seat 3: AMA2347 (button) (small blind) folded before Flop
Seat 5: Hannibal2211 (big blind) collected ($2)


PokerStars Hand #157234691503:  Hold'em Limit ($3/$6 USD) - 2016/08/13 15:29:17 ET
Table 'Ambrosia II' 6-max Seat #5 is the button
Seat 3: AMA2347 ($78.66 in chips)
Seat 5: Hannibal2211 ($133.02 in chips)
Hannibal2211: posts small blind $1
AMA2347: posts big blind $3
*** HOLE CARDS ***
Hannibal2211: raises $3 to $6
AMA2347: raises $3 to $9
Hannibal2211: calls $3
*** FLOP *** [8h Qd 7c]
AMA2347: bets $3
Hannibal2211: calls $3
*** TURN *** [8h Qd 7c] [6d]
AMA2347: bets $6
Hannibal2211: calls $6
*** RIVER *** [8h Qd 7c 6d] [2c]
AMA2347: bets $6
Hannibal2211: folds
Uncalled bet ($6) returned to AMA2347
AMA2347 collected $35.50 from pot
AMA2347: doesn't show hand
*** SUMMARY ***
Total pot $36 | Rake $0.50
Board [8h Qd 7c 6d 2c]
Seat 3: AMA2347 (big blind) collected ($35.50)
Seat 5: Hannibal2211 (button) (small blind) folded on the River


PokerStars Hand #157234711253:  Hold'em Limit ($3/$6 USD) - 2016/08/13 15:29:46 ET
Table 'Ambrosia II' 6-max Seat #5 is the button
Seat 3: AMA2347 ($95.16 in chips)
Seat 5: Hannibal2211 ($116.02 in chips)
Hannibal2211: posts small blind $1
AMA2347: posts big blind $3
*** HOLE CARDS ***
Hannibal2211: raises $3 to $6
AMA2347: raises $3 to $9
Hannibal2211: calls $3
*** FLOP *** [8c Kd Ad]
AMA2347: bets $3
Hannibal2211: calls $3
*** TURN *** [8c Kd Ad] [Jd]
AMA2347: bets $6
Hannibal2211: calls $6
*** RIVER *** [8c Kd Ad Jd] [3s]
Murrrr_@T joins the table at seat #4
AMA2347: checks
Hannibal2211: checks
*** SHOW DOWN ***
AMA2347: shows [Kc Th] (a pair of Kings)
Hannibal2211: mucks hand
AMA2347 collected $35.50 from pot
*** SUMMARY ***
Total pot $36 | Rake $0.50
Board [8c Kd Ad Jd 3s]
Seat 3: AMA2347 (big blind) showed [Kc Th] and won ($35.50) with a pair of Kings
Seat 5: Hannibal2211 (button) (small blind) mucked


PokerStars Hand #157235960022:  Hold'em Limit ($3/$6 USD) - 2016/08/13 16:01:46 ET
Table 'Ambrosia II' 6-max Seat #4 is the button
Seat 4: DirtyBernerd ($67.88 in chips)
Seat 5: Hannibal2211 ($72 in chips)
DirtyBernerd: posts small blind $1
Hannibal2211: posts big blind $3
*** HOLE CARDS ***
DirtyBernerd: folds
Uncalled bet ($2) returned to Hannibal2211
Hannibal2211 collected $2 from pot
*** SUMMARY ***
Total pot $2 | Rake $0
Seat 4: DirtyBernerd (button) (small blind) folded before Flop
Seat 5: Hannibal2211 (big blind) collected ($2)


PokerStars Hand #157235956102:  Hold'em Limit ($3/$6 USD) - 2016/08/13 16:01:39 ET
Table 'Ambrosia II' 6-max Seat #5 is the button
Seat 4: DirtyBernerd ($66.88 in chips)
Seat 5: Hannibal2211 ($72 in chips)
Hannibal2211: posts small blind $1
Koraseg: is sitting out
DirtyBernerd: posts big blind $3
*** HOLE CARDS ***
Hannibal2211: folds
Uncalled bet ($2) returned to DirtyBernerd
DirtyBernerd collected $2 from pot
DirtyBernerd: doesn't show hand
*** SUMMARY ***
Total pot $2 | Rake $0
Seat 4: DirtyBernerd (big blind) collected ($2)
Seat 5: Hannibal2211 (button) (small blind) folded before Flop


PokerStars Hand #157235981780:  Hold'em Limit ($3/$6 USD) - 2016/08/13 16:02:19 ET
Table 'Ambrosia II' 6-max Seat #4 is the button
Seat 4: DirtyBernerd ($60.88 in chips)
Seat 5: Hannibal2211 ($78.76 in chips)
DirtyBernerd: posts small blind $1
Hannibal2211: posts big blind $3
*** HOLE CARDS ***
Mite1981 joins the table at seat #2
DirtyBernerd: folds
Uncalled bet ($2) returned to Hannibal2211
Hannibal2211 collected $2 from pot
*** SUMMARY ***
Total pot $2 | Rake $0
Seat 4: DirtyBernerd (button) (small blind) folded before Flop
Seat 5: Hannibal2211 (big blind) collected ($2)


PokerStars Hand #157235962973:  Hold'em Limit ($3/$6 USD) - 2016/08/13 16:01:51 ET
Table 'Ambrosia II' 6-max Seat #5 is the button
Seat 4: DirtyBernerd ($66.88 in chips)
Seat 5: Hannibal2211 ($73 in chips)
Hannibal2211: posts small blind $1
DirtyBernerd: posts big blind $3
*** HOLE CARDS ***
Koraseg leaves the table
Hannibal2211: raises $3 to $6
DirtyBernerd: calls $3
*** FLOP *** [4s Kh Kd]
DirtyBernerd: checks
Hannibal2211: bets $3
DirtyBernerd: folds
Uncalled bet ($3) returned to Hannibal2211
Hannibal2211 collected $11.76 from pot
*** SUMMARY ***
Total pot $12 | Rake $0.24
Board [4s Kh Kd]
Seat 4: DirtyBernerd (big blind) folded on the Flop
Seat 5: Hannibal2211 (button) (small blind) collected ($11.76)


PokerStars Hand #157237573209:  Hold'em Limit ($3/$6 USD) - 2016/08/13 16:41:04 ET
Table 'Ambrosia II' 6-max Seat #5 is the button
Seat 3: fishbla ($98.40 in chips)
Seat 5: Hannibal2211 ($292.61 in chips)
Hannibal2211: posts small blind $1
JAC50: is sitting out
fishbla: posts big blind $3
*** HOLE CARDS ***
Hannibal2211: raises $3 to $6
fishbla: calls $3
*** FLOP *** [Ks 9h 8d]
fishbla: checks
Hannibal2211: bets $3
JAC50 leaves the table
fishbla: folds
Uncalled bet ($3) returned to Hannibal2211
Hannibal2211 collected $11.76 from pot
*** SUMMARY ***
Total pot $12 | Rake $0.24
Board [Ks 9h 8d]
Seat 3: fishbla (big blind) folded on the Flop
Seat 5: Hannibal2211 (button) (small blind) collected ($11.76)


PokerStars Hand #157239720605:  Hold'em Limit ($3/$6 USD) - 2016/08/13 17:32:23 ET
Table 'Ambrosia II' 6-max Seat #3 is the button
Seat 3: player-Archi ($70 in chips)
Seat 4: driftraper ($103.15 in chips)
player-Archi: posts small blind $1
driftraper: posts big blind $3
*** HOLE CARDS ***
player-Archi: raises $3 to $6
driftraper: calls $3
*** FLOP *** [Qs 8s Jd]
driftraper: checks
player-Archi: bets $3
driftraper: calls $3
*** TURN *** [Qs 8s Jd] [4d]
driftraper: checks
player-Archi: checks
*** RIVER *** [Qs 8s Jd 4d] [Jh]
FabronxRJ joins the table at seat #5
driftraper: bets $6
player-Archi: calls $6
*** SHOW DOWN ***
driftraper: shows [8h 7s] (two pair, Jacks and Eights)
player-Archi: mucks hand
driftraper collected $29.50 from pot
*** SUMMARY ***
Total pot $30 | Rake $0.50
Board [Qs 8s Jd 4d Jh]
Seat 3: player-Archi (button) (small blind) mucked
Seat 4: driftraper (big blind) showed [8h 7s] and won ($29.50) with two pair, Jacks and Eights


PokerStars Hand #157239990193:  Hold'em Limit ($3/$6 USD) - 2016/08/13 17:38:56 ET
Table 'Ambrosia II' 6-max Seat #3 is the button
Seat 3: player-Archi ($114.96 in chips)
Seat 5: FabronxRJ ($273.70 in chips)
player-Archi: posts small blind $1
driftraper leaves the table
FabronxRJ: posts big blind $3
*** HOLE CARDS ***
player-Archi: folds
Uncalled bet ($2) returned to FabronxRJ
FabronxRJ collected $2 from pot
*** SUMMARY ***
Total pot $2 | Rake $0
Seat 3: player-Archi (button) (small blind) folded before Flop
Seat 5: FabronxRJ (big blind) collected ($2)


PokerStars Hand #157241148429:  Hold'em Limit ($3/$6 USD) - 2016/08/13 18:09:04 ET
Table 'Ambrosia II' 6-max Seat #2 is the button
Seat 2: giuliaitson ($35 in chips)
Seat 4: Koraseg ($119 in chips)
giuliaitson: posts small blind $1
Koraseg: posts big blind $3
*** HOLE CARDS ***
giuliaitson: raises $3 to $6
Koraseg: folds
Uncalled bet ($3) returned to giuliaitson
giuliaitson collected $6 from pot
giuliaitson: doesn't show hand
*** SUMMARY ***
Total pot $6 | Rake $0
Seat 2: giuliaitson (button) (small blind) collected ($6)
Seat 4: Koraseg (big blind) folded before Flop


PokerStars Hand #157241178549:  Hold'em Limit ($3/$6 USD) - 2016/08/13 18:09:50 ET
Table 'Ambrosia II' 6-max Seat #2 is the button
Seat 2: giuliaitson ($19.76 in chips)
Seat 4: Koraseg ($133.26 in chips)
giuliaitson: posts small blind $1
Koraseg: posts big blind $3
*** HOLE CARDS ***
giuliaitson: raises $3 to $6
Koraseg: calls $3
*** FLOP *** [Ah Tc 9d]
Koraseg: checks
giuliaitson: bets $3
Koraseg: raises $3 to $6
giuliaitson: raises $3 to $9
Koraseg: raises $3 to $12
Betting is capped
giuliaitson: calls $3
*** TURN *** [Ah Tc 9d] [3d]
Koraseg: bets $6
giuliaitson: calls $1.76 and is all-in
Uncalled bet ($4.24) returned to Koraseg
*** RIVER *** [Ah Tc 9d 3d] [4c]
*** SHOW DOWN ***
Koraseg: shows [As 3s] (two pair, Aces and Threes)
giuliaitson: shows [6s Ts] (a pair of Tens)
Koraseg collected $39.02 from pot
*** SUMMARY ***
Total pot $39.52 | Rake $0.50
Board [Ah Tc 9d 3d 4c]
Seat 2: giuliaitson (button) (small blind) showed [6s Ts] and lost with a pair of Tens
Seat 4: Koraseg (big blind) showed [As 3s] and won ($39.02) with two pair, Aces and Threes


PokerStars Hand #157241167427:  Hold'em Limit ($3/$6 USD) - 2016/08/13 18:09:33 ET
Table 'Ambrosia II' 6-max Seat #4 is the button
Seat 2: giuliaitson ($37.76 in chips)
Seat 4: Koraseg ($115.76 in chips)
Koraseg: posts small blind $1
giuliaitson: posts big blind $3
*** HOLE CARDS ***
Koraseg: raises $3 to $6
giuliaitson: raises $3 to $9
Koraseg: calls $3
*** FLOP *** [9c 6s 5s]
giuliaitson: bets $3
Koraseg: calls $3
*** TURN *** [9c 6s 5s] [5d]
giuliaitson: checks
Koraseg: bets $6
giuliaitson: calls $6
*** RIVER *** [9c 6s 5s 5d] [6d]
giuliaitson: checks
Koraseg: bets $6
giuliaitson: folds
Uncalled bet ($6) returned to Koraseg
Koraseg collected $35.50 from pot
Koraseg: doesn't show hand
*** SUMMARY ***
Total pot $36 | Rake $0.50
Board [9c 6s 5s 5d 6d]
Seat 2: giuliaitson (big blind) folded on the River
Seat 4: Koraseg (button) (small blind) collected ($35.50)


PokerStars Hand #157241161131:  Hold'em Limit ($3/$6 USD) - 2016/08/13 18:09:23 ET
Table 'Ambrosia II' 6-max Seat #2 is the button
Seat 2: giuliaitson ($32 in chips)
Seat 4: Koraseg ($121.76 in chips)
giuliaitson: posts small blind $1
Koraseg: posts big blind $3
*** HOLE CARDS ***
giuliaitson: raises $3 to $6
Koraseg: calls $3
*** FLOP *** [3d Ks Ts]
Koraseg: checks
giuliaitson: bets $3
Koraseg: folds
Uncalled bet ($3) returned to giuliaitson
giuliaitson collected $11.76 from pot
giuliaitson: doesn't show hand
*** SUMMARY ***
Total pot $12 | Rake $0.24
Board [3d Ks Ts]
Seat 2: giuliaitson (button) (small blind) collected ($11.76)
Seat 4: Koraseg (big blind) folded on the Flop


PokerStars Hand #157241152877:  Hold'em Limit ($3/$6 USD) - 2016/08/13 18:09:11 ET
Table 'Ambrosia II' 6-max Seat #4 is the button
Seat 2: giuliaitson ($38 in chips)
Seat 4: Koraseg ($116 in chips)
Koraseg: posts small blind $1
giuliaitson: posts big blind $3
*** HOLE CARDS ***
Koraseg: raises $3 to $6
giuliaitson: calls $3
*** FLOP *** [9s 9h Qh]
giuliaitson: checks
Koraseg: bets $3
giuliaitson: folds
Uncalled bet ($3) returned to Koraseg
Koraseg collected $11.76 from pot
Koraseg: doesn't show hand
*** SUMMARY ***
Total pot $12 | Rake $0.24
Board [9s 9h Qh]
Seat 2: giuliaitson (big blind) folded on the Flop
Seat 4: Koraseg (button) (small blind) collected ($11.76)


PokerStars Hand #157241384626:  Hold'em Limit ($3/$6 USD) - 2016/08/13 18:15:15 ET
Table 'Ambrosia II' 6-max Seat #3 is the button
Seat 3: Mite1981 ($146.06 in chips)
Seat 4: Koraseg ($162.28 in chips)
Mite1981: posts small blind $1
Koraseg: posts big blind $3
*** HOLE CARDS ***
Mite1981: raises $3 to $6
Koraseg: folds
Uncalled bet ($3) returned to Mite1981
Mite1981 collected $6 from pot
Mite1981: doesn't show hand
RJF1943 joins the table at seat #5
*** SUMMARY ***
Total pot $6 | Rake $0
Seat 3: Mite1981 (button) (small blind) collected ($6)
Seat 4: Koraseg (big blind) folded before Flop


PokerStars Hand #157241380780:  Hold'em Limit ($3/$6 USD) - 2016/08/13 18:15:09 ET
Table 'Ambrosia II' 6-max Seat #4 is the button
Seat 3: Mite1981 ($149.06 in chips)
Seat 4: Koraseg ($159.28 in chips)
Koraseg: posts small blind $1
Mite1981: posts big blind $3
*** HOLE CARDS ***
Koraseg: raises $3 to $6
Mite1981: folds
Uncalled bet ($3) returned to Koraseg
Koraseg collected $6 from pot
Koraseg: doesn't show hand
*** SUMMARY ***
Total pot $6 | Rake $0
Seat 3: Mite1981 (big blind) folded before Flop
Seat 4: Koraseg (button) (small blind) collected ($6)


PokerStars Hand #157241378018:  Hold'em Limit ($3/$6 USD) - 2016/08/13 18:15:05 ET
Table 'Ambrosia II' 6-max Seat #3 is the button
Seat 3: Mite1981 ($150.06 in chips)
Seat 4: Koraseg ($158.28 in chips)
Mite1981: posts small blind $1
Koraseg: posts big blind $3
*** HOLE CARDS ***
Mite1981: folds
Uncalled bet ($2) returned to Koraseg
Koraseg collected $2 from pot
Koraseg: doesn't show hand
*** SUMMARY ***
Total pot $2 | Rake $0
Seat 3: Mite1981 (button) (small blind) folded before Flop
Seat 4: Koraseg (big blind) collected ($2)


PokerStars Hand #157241370508:  Hold'em Limit ($3/$6 USD) - 2016/08/13 18:14:53 ET
Table 'Ambrosia II' 6-max Seat #4 is the button
Seat 3: Mite1981 ($156.06 in chips)
Seat 4: Koraseg ($152.52 in chips)
Koraseg: posts small blind $1
Mite1981: posts big blind $3
*** HOLE CARDS ***
Koraseg: raises $3 to $6
Mite1981: calls $3
*** FLOP *** [Jh 7s Ah]
Mite1981: checks
Koraseg: bets $3
Mite1981: folds
Uncalled bet ($3) returned to Koraseg
Koraseg collected $11.76 from pot
*** SUMMARY ***
Total pot $12 | Rake $0.24
Board [Jh 7s Ah]
Seat 3: Mite1981 (big blind) folded on the Flop
Seat 4: Koraseg (button) (small blind) collected ($11.76)


PokerStars Hand #157242331059:  Hold'em Limit ($3/$6 USD) - 2016/08/13 18:41:15 ET
Table 'Ambrosia II' 6-max Seat #5 is the button
Seat 4: Koraseg ($36.59 in chips)
Seat 5: RJF1943 ($61.49 in chips)
RJF1943: posts small blind $1
Koraseg: posts big blind $3
*** HOLE CARDS ***
RJF1943: raises $3 to $6
Koraseg: calls $3
*** FLOP *** [2c 2d 6d]
Koraseg: checks
RJF1943: bets $3
Koraseg: raises $3 to $6
RJF1943: calls $3
*** TURN *** [2c 2d 6d] [5d]
Koraseg: bets $6
RJF1943: calls $6
*** RIVER *** [2c 2d 6d 5d] [Td]
Koraseg: bets $6
RJF1943: calls $6
*** SHOW DOWN ***
Koraseg: shows [2s Kc] (three of a kind, Deuces)
RJF1943: mucks hand
Koraseg collected $47.50 from pot
*** SUMMARY ***
Total pot $48 | Rake $0.50
Board [2c 2d 6d 5d Td]
Seat 4: Koraseg (big blind) showed [2s Kc] and won ($47.50) with three of a kind, Deuces
Seat 5: RJF1943 (button) (small blind) mucked


PokerStars Hand #157242318772:  Hold'em Limit ($3/$6 USD) - 2016/08/13 18:40:55 ET
Table 'Ambrosia II' 6-max Seat #5 is the button
Seat 4: Koraseg ($41.59 in chips)
Seat 5: RJF1943 ($56.73 in chips)
RJF1943: posts small blind $1
Yarra56: is sitting out
Koraseg: posts big blind $3
*** HOLE CARDS ***
RJF1943: folds
Uncalled bet ($2) returned to Koraseg
Yarra56 leaves the table
Koraseg collected $2 from pot
Koraseg: doesn't show hand
*** SUMMARY ***
Total pot $2 | Rake $0
Seat 4: Koraseg (big blind) collected ($2)
Seat 5: RJF1943 (button) (small blind) folded before Flop


PokerStars Hand #157242322608:  Hold'em Limit ($3/$6 USD) - 2016/08/13 18:41:01 ET
Table 'Ambrosia II' 6-max Seat #4 is the button
Seat 4: Koraseg ($42.59 in chips)
Seat 5: RJF1943 ($55.73 in chips)
Koraseg: posts small blind $1
RJF1943: posts big blind $3
*** HOLE CARDS ***
Koraseg: raises $3 to $6
RJF1943: calls $3
*** FLOP *** [4s Jd 5d]
RJF1943: bets $3
Koraseg: folds
Uncalled bet ($3) returned to RJF1943
RJF1943 collected $11.76 from pot
RJF1943: doesn't show hand
*** SUMMARY ***
Total pot $12 | Rake $0.24
Board [4s Jd 5d]
Seat 4: Koraseg (button) (small blind) folded on the Flop
Seat 5: RJF1943 (big blind) collected ($11.76)


PokerStars Hand #157242343623:  Hold'em Limit ($3/$6 USD) - 2016/08/13 18:41:36 ET
Table 'Ambrosia II' 6-max Seat #4 is the button
Seat 4: Koraseg ($60.09 in chips)
Seat 5: RJF1943 ($37.49 in chips)
Koraseg: posts small blind $1
RJF1943: posts big blind $3
*** HOLE CARDS ***
Koraseg: raises $3 to $6
RJF1943: calls $3
*** FLOP *** [2s Jh 4d]
RJF1943: checks
Koraseg: bets $3
RJF1943: folds
Uncalled bet ($3) returned to Koraseg
Koraseg collected $11.76 from pot
Koraseg: doesn't show hand
*** SUMMARY ***
Total pot $12 | Rake $0.24
Board [2s Jh 4d]
Seat 4: Koraseg (button) (small blind) collected ($11.76)
Seat 5: RJF1943 (big blind) folded on the Flop


PokerStars Hand #157242354041:  Hold'em Limit ($3/$6 USD) - 2016/08/13 18:41:48 ET
Table 'Ambrosia II' 6-max Seat #5 is the button
Seat 4: Koraseg ($65.85 in chips)
Seat 5: RJF1943 ($31.49 in chips)
RJF1943: posts small blind $1
Koraseg: posts big blind $3
*** HOLE CARDS ***
RJF1943: calls $2
Koraseg: checks
*** FLOP *** [Kh 9h 9s]
Koraseg: checks
RJF1943: bets $3
Koraseg: raises $3 to $6
RJF1943: calls $3
*** TURN *** [Kh 9h 9s] [Ad]
Koraseg: bets $6
RJF1943: calls $6
*** RIVER *** [Kh 9h 9s Ad] [Qc]
acesfullwins joins the table at seat #6
Koraseg: checks
RJF1943: bets $6
Koraseg: folds
Uncalled bet ($6) returned to RJF1943
RJF1943 collected $29.50 from pot
RJF1943: doesn't show hand
*** SUMMARY ***
Total pot $30 | Rake $0.50
Board [Kh 9h 9s Ad Qc]
Seat 4: Koraseg (big blind) folded on the River
Seat 5: RJF1943 (button) (small blind) collected ($29.50)


PokerStars Hand #157242373980:  Hold'em Limit ($3/$6 USD) - 2016/08/13 18:42:22 ET
Table 'Ambrosia II' 6-max Seat #4 is the button
Seat 4: Koraseg ($50.85 in chips)
Seat 5: RJF1943 ($45.99 in chips)
Koraseg: posts small blind $1
RJF1943: posts big blind $3
*** HOLE CARDS ***
Koraseg: raises $3 to $6
RJF1943: calls $3
*** FLOP *** [9d 8c Js]
RJF1943: bets $3
Koraseg: calls $3
*** TURN *** [9d 8c Js] [8h]
RJF1943: bets $6
Koraseg: calls $6
*** RIVER *** [9d 8c Js 8h] [Th]
RJF1943: bets $6
Magic961 joins the table at seat #2
Koraseg: raises $6 to $12
RJF1943: calls $6
*** SHOW DOWN ***
Koraseg: shows [9h Qc] (a straight, Eight to Queen)
RJF1943: shows [Qd 3h] (a straight, Eight to Queen)
RJF1943 collected $26.75 from pot
Koraseg collected $26.75 from pot
*** SUMMARY ***
Total pot $54 | Rake $0.50
Board [9d 8c Js 8h Th]
Seat 4: Koraseg (button) (small blind) showed [9h Qc] and won ($26.75) with a straight, Eight to Queen
Seat 5: RJF1943 (big blind) showed [Qd 3h] and won ($26.75) with a straight, Eight to Queen


