PokerStars Hand #157778106287:  Hold'em Limit ($3/$6 USD) - 2016/08/26 17:21:43 ET
Table 'Ambrosia II' 6-max Seat #1 is the button
Seat 1: Velbor107 ($296 in chips)
Seat 3: minigus575 ($124 in chips)
Velbor107: posts small blind $1
minigus575: posts big blind $3
*** HOLE CARDS ***
Velbor107: folds
Uncalled bet ($2) returned to minigus575
libaikang joins the table at seat #4
minigus575 collected $2 from pot
minigus575: doesn't show hand
*** SUMMARY ***
Total pot $2 | Rake $0
Seat 1: Velbor107 (button) (small blind) folded before Flop
Seat 3: minigus575 (big blind) collected ($2)


PokerStars Hand #157778137340:  Hold'em Limit ($3/$6 USD) - 2016/08/26 17:22:27 ET
Table 'Ambrosia II' 6-max Seat #1 is the button
Seat 1: Velbor107 ($289 in chips)
Seat 3: minigus575 ($113 in chips)
AzureCaper will be allowed to play after the button
Velbor107: posts small blind $1
minigus575: posts big blind $3
*** HOLE CARDS ***
Velbor107: folds
Uncalled bet ($2) returned to minigus575
minigus575 collected $2 from pot
minigus575: doesn't show hand
*** SUMMARY ***
Total pot $2 | Rake $0
Seat 1: Velbor107 (button) (small blind) folded before Flop
Seat 3: minigus575 (big blind) collected ($2)


PokerStars Hand #157778398775:  Hold'em Limit ($3/$6 USD) - 2016/08/26 17:28:23 ET
Table 'Ambrosia II' 6-max Seat #3 is the button
Seat 1: Velbor107 ($279.15 in chips)
Seat 3: minigus575 ($118.11 in chips)
minigus575: posts small blind $1
Velbor107: posts big blind $3
*** HOLE CARDS ***
Mahmoudjan11 joins the table at seat #4
minigus575: folds
Uncalled bet ($2) returned to Velbor107
Velbor107 collected $2 from pot
*** SUMMARY ***
Total pot $2 | Rake $0
Seat 1: Velbor107 (big blind) collected ($2)
Seat 3: minigus575 (button) (small blind) folded before Flop


PokerStars Hand #157778402851:  Hold'em Limit ($3/$6 USD) - 2016/08/26 17:28:28 ET
Table 'Ambrosia II' 6-max Seat #1 is the button
Seat 1: Velbor107 ($280.15 in chips)
Seat 3: minigus575 ($117.11 in chips)
Velbor107: posts small blind $1
minigus575: posts big blind $3
*** HOLE CARDS ***
Velbor107: raises $3 to $6
minigus575: calls $3
*** FLOP *** [4d Th Kd]
minigus575: checks
Velbor107: bets $3
minigus575: calls $3
*** TURN *** [4d Th Kd] [8d]
minigus575: bets $6
Velbor107: raises $6 to $12
minigus575: calls $6
*** RIVER *** [4d Th Kd 8d] [5s]
minigus575: checks
Velbor107: bets $6
minigus575: folds
Uncalled bet ($6) returned to Velbor107
Velbor107 collected $41.50 from pot
*** SUMMARY ***
Total pot $42 | Rake $0.50
Board [4d Th Kd 8d 5s]
Seat 1: Velbor107 (button) (small blind) collected ($41.50)
Seat 3: minigus575 (big blind) folded on the River


