PokerStars Hand #156019200726:  Hold'em Limit ($3/$6 USD) - 2016/07/15 19:04:02 ET
Table 'Ambrosia' 6-max Seat #3 is the button
Seat 3: }{iRuRg-S ($119.50 in chips)
Seat 4: AzureCaper ($72 in chips)
}{iRuRg-S: posts small blind $1
AzureCaper: posts big blind $3
*** HOLE CARDS ***
}{iRuRg-S: folds
Uncalled bet ($2) returned to AzureCaper
AzureCaper collected $2 from pot
AzureCaper: doesn't show hand
*** SUMMARY ***
Total pot $2 | Rake $0
Seat 3: }{iRuRg-S (button) (small blind) folded before Flop
Seat 4: AzureCaper (big blind) collected ($2)


PokerStars Hand #156019197986:  Hold'em Limit ($3/$6 USD) - 2016/07/15 19:03:58 ET
Table 'Ambrosia' 6-max Seat #4 is the button
Seat 3: }{iRuRg-S ($118.50 in chips)
Seat 4: AzureCaper ($72 in chips)
AzureCaper: posts small blind $1
}{iRuRg-S: posts big blind $3
*** HOLE CARDS ***
AzureCaper: folds
Uncalled bet ($2) returned to }{iRuRg-S
}{iRuRg-S collected $2 from pot
*** SUMMARY ***
Total pot $2 | Rake $0
Seat 3: }{iRuRg-S (big blind) collected ($2)
Seat 4: AzureCaper (button) (small blind) folded before Flop


PokerStars Hand #156019185706:  Hold'em Limit ($3/$6 USD) - 2016/07/15 19:03:37 ET
Table 'Ambrosia' 6-max Seat #4 is the button
Seat 3: }{iRuRg-S ($97 in chips)
Seat 4: AzureCaper ($77.88 in chips)
AzureCaper: posts small blind $1
}{iRuRg-S: posts big blind $3
*** HOLE CARDS ***
AzureCaper: folds
Uncalled bet ($2) returned to }{iRuRg-S
}{iRuRg-S collected $2 from pot
*** SUMMARY ***
Total pot $2 | Rake $0
Seat 3: }{iRuRg-S (big blind) collected ($2)
Seat 4: AzureCaper (button) (small blind) folded before Flop


PokerStars Hand #156019176566:  Hold'em Limit ($3/$6 USD) - 2016/07/15 19:03:21 ET
Table 'Ambrosia' 6-max Seat #3 is the button
Seat 3: }{iRuRg-S ($100 in chips)
Seat 4: AzureCaper ($75 in chips)
}{iRuRg-S: posts small blind $1
AzureCaper: posts big blind $3
*** HOLE CARDS ***
}{iRuRg-S: calls $2
AzureCaper: checks
*** FLOP *** [7s 7h 5d]
AzureCaper: checks
}{iRuRg-S: checks
*** TURN *** [7s 7h 5d] [3c]
AzureCaper: checks
}{iRuRg-S: checks
*** RIVER *** [7s 7h 5d 3c] [5c]
AzureCaper: checks
}{iRuRg-S: checks
*** SHOW DOWN ***
AzureCaper: shows [6c Kh] (two pair, Sevens and Fives)
}{iRuRg-S: mucks hand
AzureCaper collected $5.88 from pot
*** SUMMARY ***
Total pot $6 | Rake $0.12
Board [7s 7h 5d 3c 5c]
Seat 3: }{iRuRg-S (button) (small blind) mucked
Seat 4: AzureCaper (big blind) showed [6c Kh] and won ($5.88) with two pair, Sevens and Fives


PokerStars Hand #156019173475:  Hold'em Limit ($3/$6 USD) - 2016/07/15 19:03:15 ET
Table 'Ambrosia' 6-max Seat #4 is the button
Seat 3: }{iRuRg-S ($103 in chips)
Seat 4: AzureCaper ($72 in chips)
AzureCaper: posts small blind $1
}{iRuRg-S: posts big blind $3
*** HOLE CARDS ***
AzureCaper: raises $3 to $6
}{iRuRg-S: folds
Uncalled bet ($3) returned to AzureCaper
AzureCaper collected $6 from pot
AzureCaper: doesn't show hand
*** SUMMARY ***
Total pot $6 | Rake $0
Seat 3: }{iRuRg-S (big blind) folded before Flop
Seat 4: AzureCaper (button) (small blind) collected ($6)


PokerStars Hand #156019165877:  Hold'em Limit ($3/$6 USD) - 2016/07/15 19:03:02 ET
Table 'Ambrosia' 6-max Seat #3 is the button
Seat 3: }{iRuRg-S ($100 in chips)
Seat 4: AzureCaper ($72 in chips)
}{iRuRg-S: posts small blind $1
AzureCaper: posts big blind $3
*** HOLE CARDS ***
}{iRuRg-S: raises $3 to $6
AzureCaper: folds
Uncalled bet ($3) returned to }{iRuRg-S
}{iRuRg-S collected $6 from pot
*** SUMMARY ***
Total pot $6 | Rake $0
Seat 3: }{iRuRg-S (button) (small blind) collected ($6)
Seat 4: AzureCaper (big blind) folded before Flop


PokerStars Hand #156019236109:  Hold'em Limit ($3/$6 USD) - 2016/07/15 19:05:04 ET
Table 'Ambrosia' 6-max Seat #3 is the button
Seat 3: }{iRuRg-S ($85.50 in chips)
Seat 4: AzureCaper ($91.11 in chips)
}{iRuRg-S: posts small blind $1
AzureCaper: posts big blind $3
*** HOLE CARDS ***
}{iRuRg-S: folds
Uncalled bet ($2) returned to AzureCaper
AzureCaper collected $2 from pot
AzureCaper: doesn't show hand
*** SUMMARY ***
Total pot $2 | Rake $0
Seat 3: }{iRuRg-S (button) (small blind) folded before Flop
Seat 4: AzureCaper (big blind) collected ($2)


PokerStars Hand #156019233212:  Hold'em Limit ($3/$6 USD) - 2016/07/15 19:04:59 ET
Table 'Ambrosia' 6-max Seat #4 is the button
Seat 3: }{iRuRg-S ($84.50 in chips)
Seat 4: AzureCaper ($92.11 in chips)
AzureCaper: posts small blind $1
7superpoker: is sitting out
}{iRuRg-S: posts big blind $3
*** HOLE CARDS ***
AzureCaper: folds
Uncalled bet ($2) returned to }{iRuRg-S
7superpoker leaves the table
}{iRuRg-S collected $2 from pot
*** SUMMARY ***
Total pot $2 | Rake $0
Seat 3: }{iRuRg-S (big blind) collected ($2)
Seat 4: AzureCaper (button) (small blind) folded before Flop


PokerStars Hand #156019206711:  Hold'em Limit ($3/$6 USD) - 2016/07/15 19:04:13 ET
Table 'Ambrosia' 6-max Seat #3 is the button
Seat 3: }{iRuRg-S ($119.50 in chips)
Seat 4: AzureCaper ($72 in chips)
}{iRuRg-S: posts small blind $1
AzureCaper: posts big blind $3
*** HOLE CARDS ***
7superpoker joins the table at seat #6
}{iRuRg-S: folds
Uncalled bet ($2) returned to AzureCaper
AzureCaper collected $2 from pot
AzureCaper: doesn't show hand
*** SUMMARY ***
Total pot $2 | Rake $0
Seat 3: }{iRuRg-S (button) (small blind) folded before Flop
Seat 4: AzureCaper (big blind) collected ($2)


PokerStars Hand #156019203892:  Hold'em Limit ($3/$6 USD) - 2016/07/15 19:04:08 ET
Table 'Ambrosia' 6-max Seat #4 is the button
Seat 3: }{iRuRg-S ($118.50 in chips)
Seat 4: AzureCaper ($73 in chips)
AzureCaper: posts small blind $1
}{iRuRg-S: posts big blind $3
*** HOLE CARDS ***
AzureCaper: folds
Uncalled bet ($2) returned to }{iRuRg-S
}{iRuRg-S collected $2 from pot
*** SUMMARY ***
Total pot $2 | Rake $0
Seat 3: }{iRuRg-S (big blind) collected ($2)
Seat 4: AzureCaper (button) (small blind) folded before Flop


PokerStars Hand #156019261083:  Hold'em Limit ($3/$6 USD) - 2016/07/15 19:05:48 ET
Table 'Ambrosia' 6-max Seat #4 is the button
Seat 3: }{iRuRg-S ($74.50 in chips)
Seat 4: AzureCaper ($101.75 in chips)
AzureCaper: posts small blind $1
}{iRuRg-S: posts big blind $3
*** HOLE CARDS ***
AzureCaper: raises $3 to $6
}{iRuRg-S: calls $3
*** FLOP *** [Jd 2d Kh]
}{iRuRg-S: checks
AzureCaper: bets $3
}{iRuRg-S: calls $3
*** TURN *** [Jd 2d Kh] [Ts]
}{iRuRg-S: checks
AzureCaper: checks
*** RIVER *** [Jd 2d Kh Ts] [2s]
}{iRuRg-S: checks
AzureCaper: checks
*** SHOW DOWN ***
}{iRuRg-S: shows [Ad Jc] (two pair, Jacks and Deuces)
AzureCaper: mucks hand
}{iRuRg-S collected $17.64 from pot
*** SUMMARY ***
Total pot $18 | Rake $0.36
Board [Jd 2d Kh Ts 2s]
Seat 3: }{iRuRg-S (big blind) showed [Ad Jc] and won ($17.64) with two pair, Jacks and Deuces
Seat 4: AzureCaper (button) (small blind) mucked


PokerStars Hand #156019258626:  Hold'em Limit ($3/$6 USD) - 2016/07/15 19:05:43 ET
Table 'Ambrosia' 6-max Seat #3 is the button
Seat 3: }{iRuRg-S ($75.50 in chips)
Seat 4: AzureCaper ($100.75 in chips)
}{iRuRg-S: posts small blind $1
AzureCaper: posts big blind $3
*** HOLE CARDS ***
}{iRuRg-S: folds
Uncalled bet ($2) returned to AzureCaper
AzureCaper collected $2 from pot
AzureCaper: doesn't show hand
*** SUMMARY ***
Total pot $2 | Rake $0
Seat 3: }{iRuRg-S (button) (small blind) folded before Flop
Seat 4: AzureCaper (big blind) collected ($2)


PokerStars Hand #156019255813:  Hold'em Limit ($3/$6 USD) - 2016/07/15 19:05:38 ET
Table 'Ambrosia' 6-max Seat #4 is the button
Seat 3: }{iRuRg-S ($74.50 in chips)
Seat 4: AzureCaper ($101.75 in chips)
AzureCaper: posts small blind $1
}{iRuRg-S: posts big blind $3
*** HOLE CARDS ***
AzureCaper: folds
Uncalled bet ($2) returned to }{iRuRg-S
}{iRuRg-S collected $2 from pot
*** SUMMARY ***
Total pot $2 | Rake $0
Seat 3: }{iRuRg-S (big blind) collected ($2)
Seat 4: AzureCaper (button) (small blind) folded before Flop


PokerStars Hand #156019252751:  Hold'em Limit ($3/$6 USD) - 2016/07/15 19:05:33 ET
Table 'Ambrosia' 6-max Seat #3 is the button
Seat 3: }{iRuRg-S ($75.50 in chips)
Seat 4: AzureCaper ($100.75 in chips)
}{iRuRg-S: posts small blind $1
AzureCaper: posts big blind $3
*** HOLE CARDS ***
}{iRuRg-S: folds
Uncalled bet ($2) returned to AzureCaper
AzureCaper collected $2 from pot
AzureCaper: doesn't show hand
*** SUMMARY ***
Total pot $2 | Rake $0
Seat 3: }{iRuRg-S (button) (small blind) folded before Flop
Seat 4: AzureCaper (big blind) collected ($2)


PokerStars Hand #156019238774:  Hold'em Limit ($3/$6 USD) - 2016/07/15 19:05:09 ET
Table 'Ambrosia' 6-max Seat #4 is the button
Seat 3: }{iRuRg-S ($84.50 in chips)
Seat 4: AzureCaper ($92.11 in chips)
AzureCaper: posts small blind $1
}{iRuRg-S: posts big blind $3
*** HOLE CARDS ***
AzureCaper: raises $3 to $6
}{iRuRg-S: calls $3
*** FLOP *** [2c Kd 9h]
}{iRuRg-S: checks
AzureCaper: bets $3
}{iRuRg-S: calls $3
*** TURN *** [2c Kd 9h] [Qc]
}{iRuRg-S: checks
AzureCaper: bets $6
}{iRuRg-S: folds
Uncalled bet ($6) returned to AzureCaper
AzureCaper collected $17.64 from pot
AzureCaper: doesn't show hand
*** SUMMARY ***
Total pot $18 | Rake $0.36
Board [2c Kd 9h Qc]
Seat 3: }{iRuRg-S (big blind) folded on the Turn
Seat 4: AzureCaper (button) (small blind) collected ($17.64)


PokerStars Hand #156019290520:  Hold'em Limit ($3/$6 USD) - 2016/07/15 19:06:39 ET
Table 'Ambrosia' 6-max Seat #4 is the button
Seat 3: }{iRuRg-S ($72.14 in chips)
Seat 4: AzureCaper ($103.39 in chips)
AzureCaper: posts small blind $1
}{iRuRg-S: posts big blind $3
*** HOLE CARDS ***
AzureCaper: raises $3 to $6
}{iRuRg-S: calls $3
*** FLOP *** [Js 4d Qh]
}{iRuRg-S: checks
AzureCaper: bets $3
}{iRuRg-S: calls $3
*** TURN *** [Js 4d Qh] [Jh]
}{iRuRg-S: checks
AzureCaper: checks
*** RIVER *** [Js 4d Qh Jh] [9c]
}{iRuRg-S: checks
AzureCaper: checks
*** SHOW DOWN ***
}{iRuRg-S: shows [As 6h] (a pair of Jacks)
AzureCaper: mucks hand
}{iRuRg-S collected $17.64 from pot
*** SUMMARY ***
Total pot $18 | Rake $0.36
Board [Js 4d Qh Jh 9c]
Seat 3: }{iRuRg-S (big blind) showed [As 6h] and won ($17.64) with a pair of Jacks
Seat 4: AzureCaper (button) (small blind) mucked


PokerStars Hand #156019288032:  Hold'em Limit ($3/$6 USD) - 2016/07/15 19:06:35 ET
Table 'Ambrosia' 6-max Seat #3 is the button
Seat 3: }{iRuRg-S ($73.14 in chips)
Seat 4: AzureCaper ($102.39 in chips)
}{iRuRg-S: posts small blind $1
AzureCaper: posts big blind $3
*** HOLE CARDS ***
}{iRuRg-S: folds
Uncalled bet ($2) returned to AzureCaper
AzureCaper collected $2 from pot
AzureCaper: doesn't show hand
*** SUMMARY ***
Total pot $2 | Rake $0
Seat 3: }{iRuRg-S (button) (small blind) folded before Flop
Seat 4: AzureCaper (big blind) collected ($2)


PokerStars Hand #156019276221:  Hold'em Limit ($3/$6 USD) - 2016/07/15 19:06:15 ET
Table 'Ambrosia' 6-max Seat #4 is the button
Seat 3: }{iRuRg-S ($82.14 in chips)
Seat 4: AzureCaper ($93.75 in chips)
AzureCaper: posts small blind $1
}{iRuRg-S: posts big blind $3
*** HOLE CARDS ***
AzureCaper: raises $3 to $6
}{iRuRg-S: calls $3
*** FLOP *** [6d 4c 3s]
}{iRuRg-S: checks
AzureCaper: bets $3
}{iRuRg-S: calls $3
*** TURN *** [6d 4c 3s] [7d]
}{iRuRg-S: checks
AzureCaper: checks
*** RIVER *** [6d 4c 3s 7d] [2c]
}{iRuRg-S: checks
AzureCaper: checks
*** SHOW DOWN ***
}{iRuRg-S: shows [Ac 2d] (a pair of Deuces)
AzureCaper: shows [4s As] (a pair of Fours)
AzureCaper collected $17.64 from pot
*** SUMMARY ***
Total pot $18 | Rake $0.36
Board [6d 4c 3s 7d 2c]
Seat 3: }{iRuRg-S (big blind) showed [Ac 2d] and lost with a pair of Deuces
Seat 4: AzureCaper (button) (small blind) showed [4s As] and won ($17.64) with a pair of Fours


PokerStars Hand #156019273300:  Hold'em Limit ($3/$6 USD) - 2016/07/15 19:06:09 ET
Table 'Ambrosia' 6-max Seat #3 is the button
Seat 3: }{iRuRg-S ($83.14 in chips)
Seat 4: AzureCaper ($92.75 in chips)
}{iRuRg-S: posts small blind $1
AzureCaper: posts big blind $3
*** HOLE CARDS ***
}{iRuRg-S: folds
Uncalled bet ($2) returned to AzureCaper
AzureCaper collected $2 from pot
AzureCaper: doesn't show hand
*** SUMMARY ***
Total pot $2 | Rake $0
Seat 3: }{iRuRg-S (button) (small blind) folded before Flop
Seat 4: AzureCaper (big blind) collected ($2)


PokerStars Hand #156019645788:  Hold'em Limit ($3/$6 USD) - 2016/07/15 19:16:58 ET
Table 'Ambrosia' 6-max Seat #4 is the button
Seat 2: AzureCaper ($72 in chips)
Seat 4: Actionni13 ($185.78 in chips)
Actionni13: posts small blind $1
AzureCaper: posts big blind $3
*** HOLE CARDS ***
Actionni13: raises $3 to $6
AzureCaper: folds
Uncalled bet ($3) returned to Actionni13
Actionni13 collected $6 from pot
Actionni13: doesn't show hand
*** SUMMARY ***
Total pot $6 | Rake $0
Seat 2: AzureCaper (big blind) folded before Flop
Seat 4: Actionni13 (button) (small blind) collected ($6)


