PokerStars Hand #162460847289:  Hold'em Limit ($3/$6 USD) - 2016/12/05 13:19:54 ET
Table 'Amelia II' 6-max Seat #1 is the button
Seat 1: LifeisagameX ($84 in chips)
Seat 2: hot shot2543 ($30 in chips)
LifeisagameX: posts small blind $1
hot shot2543: posts big blind $3
*** HOLE CARDS ***
LifeisagameX: raises $3 to $6
hot shot2543: raises $3 to $9
LifeisagameX: calls $3
*** FLOP *** [4d 2s 9s]
hot shot2543: bets $3
LifeisagameX: calls $3
*** TURN *** [4d 2s 9s] [As]
hot shot2543: bets $6
LifeisagameX: raises $6 to $12
hot shot2543: raises $6 to $18 and is all-in
LifeisagameX: calls $6
*** RIVER *** [4d 2s 9s As] [3d]
*** SHOW DOWN ***
hot shot2543: shows [2h 2c] (three of a kind, Deuces)
LifeisagameX: shows [5c Jc] (a straight, Ace to Five)
LifeisagameX collected $59.50 from pot
*** SUMMARY ***
Total pot $60 | Rake $0.50
Board [4d 2s 9s As 3d]
Seat 1: LifeisagameX (button) (small blind) showed [5c Jc] and won ($59.50) with a straight, Ace to Five
Seat 2: hot shot2543 (big blind) showed [2h 2c] and lost with three of a kind, Deuces


PokerStars Hand #162460893640:  Hold'em Limit ($3/$6 USD) - 2016/12/05 13:20:43 ET
Table 'Amelia II' 6-max Seat #2 is the button
Seat 1: LifeisagameX ($113.50 in chips)
Seat 2: hot shot2543 ($30 in chips)
hot shot2543: posts small blind $1
LifeisagameX: posts big blind $3
*** HOLE CARDS ***
hot shot2543: raises $3 to $6
LifeisagameX: calls $3
*** FLOP *** [2c Ah 9c]
LifeisagameX: checks
hot shot2543: bets $3
LifeisagameX: folds
Uncalled bet ($3) returned to hot shot2543
hot shot2543 collected $11.76 from pot
hot shot2543: doesn't show hand
*** SUMMARY ***
Total pot $12 | Rake $0.24
Board [2c Ah 9c]
Seat 1: LifeisagameX (big blind) folded on the Flop
Seat 2: hot shot2543 (button) (small blind) collected ($11.76)


PokerStars Hand #162460925248:  Hold'em Limit ($3/$6 USD) - 2016/12/05 13:21:16 ET
Table 'Amelia II' 6-max Seat #1 is the button
Seat 1: LifeisagameX ($107.50 in chips)
Seat 2: hot shot2543 ($35.76 in chips)
LifeisagameX: posts small blind $1
hot shot2543: posts big blind $3
*** HOLE CARDS ***
LifeisagameX: raises $3 to $6
hot shot2543: folds
Uncalled bet ($3) returned to LifeisagameX
LifeisagameX collected $6 from pot
LifeisagameX: doesn't show hand
*** SUMMARY ***
Total pot $6 | Rake $0
Seat 1: LifeisagameX (button) (small blind) collected ($6)
Seat 2: hot shot2543 (big blind) folded before Flop


PokerStars Hand #162460933717:  Hold'em Limit ($3/$6 USD) - 2016/12/05 13:21:25 ET
Table 'Amelia II' 6-max Seat #2 is the button
Seat 1: LifeisagameX ($110.50 in chips)
Seat 2: hot shot2543 ($32.76 in chips)
hot shot2543: posts small blind $1
LifeisagameX: posts big blind $3
*** HOLE CARDS ***
hot shot2543: raises $3 to $6
LifeisagameX: calls $3
*** FLOP *** [8s 5d Kc]
LifeisagameX: checks
hot shot2543: bets $3
LifeisagameX: calls $3
*** TURN *** [8s 5d Kc] [Ad]
LifeisagameX: checks
hot shot2543: bets $6
LifeisagameX: calls $6
*** RIVER *** [8s 5d Kc Ad] [7s]
LifeisagameX: checks
hot shot2543: bets $6
LifeisagameX: folds
Uncalled bet ($6) returned to hot shot2543
hot shot2543 collected $29.50 from pot
hot shot2543: doesn't show hand
*** SUMMARY ***
Total pot $30 | Rake $0.50
Board [8s 5d Kc Ad 7s]
Seat 1: LifeisagameX (big blind) folded on the River
Seat 2: hot shot2543 (button) (small blind) collected ($29.50)


PokerStars Hand #162460966123:  Hold'em Limit ($3/$6 USD) - 2016/12/05 13:21:58 ET
Table 'Amelia II' 6-max Seat #1 is the button
Seat 1: LifeisagameX ($95.50 in chips)
Seat 2: hot shot2543 ($47.26 in chips)
LifeisagameX: posts small blind $1
hot shot2543: posts big blind $3
*** HOLE CARDS ***
LifeisagameX: raises $3 to $6
hot shot2543: raises $3 to $9
LifeisagameX: calls $3
*** FLOP *** [4s 5s 5d]
hot shot2543: bets $3
LifeisagameX: calls $3
*** TURN *** [4s 5s 5d] [Kc]
hot shot2543: bets $6
LifeisagameX: raises $6 to $12
hot shot2543: raises $6 to $18
LifeisagameX: raises $6 to $24
Betting is capped
hot shot2543: calls $6
*** RIVER *** [4s 5s 5d Kc] [3c]
hot shot2543: bets $6
LifeisagameX: calls $6
*** SHOW DOWN ***
hot shot2543: shows [6d Ad] (a pair of Fives)
LifeisagameX: shows [5h 2c] (three of a kind, Fives)
LifeisagameX collected $83.50 from pot
*** SUMMARY ***
Total pot $84 | Rake $0.50
Board [4s 5s 5d Kc 3c]
Seat 1: LifeisagameX (button) (small blind) showed [5h 2c] and won ($83.50) with three of a kind, Fives
Seat 2: hot shot2543 (big blind) showed [6d Ad] and lost with a pair of Fives


PokerStars Hand #162461013462:  Hold'em Limit ($3/$6 USD) - 2016/12/05 13:22:48 ET
Table 'Amelia II' 6-max Seat #2 is the button
Seat 1: LifeisagameX ($137 in chips)
Seat 2: hot shot2543 ($5.26 in chips)
hot shot2543: posts small blind $1
LifeisagameX: posts big blind $3
*** HOLE CARDS ***
hot shot2543: raises $2.26 to $5.26 and is all-in
LifeisagameX: calls $2.26
*** FLOP *** [Kc 8c Ah]
*** TURN *** [Kc 8c Ah] [3s]
*** RIVER *** [Kc 8c Ah 3s] [Js]
*** SHOW DOWN ***
LifeisagameX: shows [Kh Jc] (two pair, Kings and Jacks)
hot shot2543: shows [Td Qc] (a straight, Ten to Ace)
hot shot2543 collected $10.31 from pot
*** SUMMARY ***
Total pot $10.52 | Rake $0.21
Board [Kc 8c Ah 3s Js]
Seat 1: LifeisagameX (big blind) showed [Kh Jc] and lost with two pair, Kings and Jacks
Seat 2: hot shot2543 (button) (small blind) showed [Td Qc] and won ($10.31) with a straight, Ten to Ace


PokerStars Hand #162461029541:  Hold'em Limit ($3/$6 USD) - 2016/12/05 13:23:05 ET
Table 'Amelia II' 6-max Seat #1 is the button
Seat 1: LifeisagameX ($131.74 in chips)
Seat 2: hot shot2543 ($10.31 in chips)
LifeisagameX: posts small blind $1
hot shot2543: posts big blind $3
*** HOLE CARDS ***
LifeisagameX: raises $3 to $6
hot shot2543: raises $3 to $9
LifeisagameX: calls $3
*** FLOP *** [8s Ts Js]
hot shot2543: bets $1.31 and is all-in
LifeisagameX: calls $1.31
*** TURN *** [8s Ts Js] [2h]
*** RIVER *** [8s Ts Js 2h] [8c]
*** SHOW DOWN ***
hot shot2543: shows [Tc Ad] (two pair, Tens and Eights)
LifeisagameX: shows [Qh 5h] (a pair of Eights)
hot shot2543 collected $20.21 from pot
*** SUMMARY ***
Total pot $20.62 | Rake $0.41
Board [8s Ts Js 2h 8c]
Seat 1: LifeisagameX (button) (small blind) showed [Qh 5h] and lost with a pair of Eights
Seat 2: hot shot2543 (big blind) showed [Tc Ad] and won ($20.21) with two pair, Tens and Eights


PokerStars Hand #162461048882:  Hold'em Limit ($3/$6 USD) - 2016/12/05 13:23:26 ET
Table 'Amelia II' 6-max Seat #2 is the button
Seat 1: LifeisagameX ($121.43 in chips)
Seat 2: hot shot2543 ($20.21 in chips)
hot shot2543: posts small blind $1
LifeisagameX: posts big blind $3
*** HOLE CARDS ***
hot shot2543: raises $3 to $6
LifeisagameX: raises $3 to $9
hot shot2543: calls $3
*** FLOP *** [Qh Ts Kc]
LifeisagameX: bets $3
hot shot2543: folds
Uncalled bet ($3) returned to LifeisagameX
LifeisagameX collected $17.64 from pot
LifeisagameX: doesn't show hand
*** SUMMARY ***
Total pot $18 | Rake $0.36
Board [Qh Ts Kc]
Seat 1: LifeisagameX (big blind) collected ($17.64)
Seat 2: hot shot2543 (button) (small blind) folded on the Flop


PokerStars Hand #162461061116:  Hold'em Limit ($3/$6 USD) - 2016/12/05 13:23:38 ET
Table 'Amelia II' 6-max Seat #1 is the button
Seat 1: LifeisagameX ($130.07 in chips)
Seat 2: hot shot2543 ($11.21 in chips)
LifeisagameX: posts small blind $1
hot shot2543: posts big blind $3
*** HOLE CARDS ***
LifeisagameX: raises $3 to $6
hot shot2543: calls $3
*** FLOP *** [Jc Ts Qc]
hot shot2543: bets $3
LifeisagameX: raises $3 to $6
hot shot2543: calls $2.21 and is all-in
Uncalled bet ($0.79) returned to LifeisagameX
*** TURN *** [Jc Ts Qc] [Jd]
*** RIVER *** [Jc Ts Qc Jd] [2c]
*** SHOW DOWN ***
hot shot2543: shows [8d Tc] (two pair, Jacks and Tens)
LifeisagameX: shows [Td Ah] (two pair, Jacks and Tens - Ace kicker)
LifeisagameX collected $21.97 from pot
*** SUMMARY ***
Total pot $22.42 | Rake $0.45
Board [Jc Ts Qc Jd 2c]
Seat 1: LifeisagameX (button) (small blind) showed [Td Ah] and won ($21.97) with two pair, Jacks and Tens
Seat 2: hot shot2543 (big blind) showed [8d Tc] and lost with two pair, Jacks and Tens


PokerStars Hand #162461104876:  Hold'em Limit ($3/$6 USD) - 2016/12/05 13:24:25 ET
Table 'Amelia II' 6-max Seat #2 is the button
Seat 1: LifeisagameX ($140.83 in chips)
Seat 2: hot shot2543 ($30 in chips)
hot shot2543: posts small blind $1
LifeisagameX: posts big blind $3
*** HOLE CARDS ***
hot shot2543: raises $3 to $6
LifeisagameX: raises $3 to $9
hot shot2543: raises $3 to $12
Betting is capped
LifeisagameX: calls $3
*** FLOP *** [6d 3h 8d]
LifeisagameX: checks
hot shot2543: bets $3
LifeisagameX: calls $3
*** TURN *** [6d 3h 8d] [Kd]
LifeisagameX: checks
hot shot2543: bets $6
LifeisagameX: folds
Uncalled bet ($6) returned to hot shot2543
hot shot2543 collected $29.50 from pot
hot shot2543: doesn't show hand
*** SUMMARY ***
Total pot $30 | Rake $0.50
Board [6d 3h 8d Kd]
Seat 1: LifeisagameX (big blind) folded on the Turn
Seat 2: hot shot2543 (button) (small blind) collected ($29.50)


PokerStars Hand #162461192161:  Hold'em Limit ($3/$6 USD) - 2016/12/05 13:25:56 ET
Table 'Amelia II' 6-max Seat #1 is the button
Seat 1: LifeisagameX ($116.35 in chips)
Seat 2: hot shot2543 ($53 in chips)
LifeisagameX: posts small blind $1
hot shot2543: posts big blind $3
*** HOLE CARDS ***
LifeisagameX: folds
Uncalled bet ($2) returned to hot shot2543
hot shot2543 collected $2 from pot
hot shot2543: doesn't show hand
*** SUMMARY ***
Total pot $2 | Rake $0
Seat 1: LifeisagameX (button) (small blind) folded before Flop
Seat 2: hot shot2543 (big blind) collected ($2)


PokerStars Hand #162461197853:  Hold'em Limit ($3/$6 USD) - 2016/12/05 13:26:02 ET
Table 'Amelia II' 6-max Seat #2 is the button
Seat 1: LifeisagameX ($115.35 in chips)
Seat 2: hot shot2543 ($54 in chips)
hot shot2543: posts small blind $1
LifeisagameX: posts big blind $3
*** HOLE CARDS ***
hot shot2543: folds
Uncalled bet ($2) returned to LifeisagameX
LifeisagameX collected $2 from pot
LifeisagameX: doesn't show hand
*** SUMMARY ***
Total pot $2 | Rake $0
Seat 1: LifeisagameX (big blind) collected ($2)
Seat 2: hot shot2543 (button) (small blind) folded before Flop


PokerStars Hand #162461163345:  Hold'em Limit ($3/$6 USD) - 2016/12/05 13:25:26 ET
Table 'Amelia II' 6-max Seat #2 is the button
Seat 1: LifeisagameX ($104.83 in chips)
Seat 2: hot shot2543 ($65 in chips)
hot shot2543: posts small blind $1
LifeisagameX: posts big blind $3
*** HOLE CARDS ***
hot shot2543: raises $3 to $6
LifeisagameX: calls $3
*** FLOP *** [Td Kc 5c]
LifeisagameX: checks
hot shot2543: bets $3
LifeisagameX: raises $3 to $6
hot shot2543: calls $3
*** TURN *** [Td Kc 5c] [4s]
LifeisagameX: bets $6
hot shot2543: folds
Uncalled bet ($6) returned to LifeisagameX
LifeisagameX collected $23.52 from pot
LifeisagameX: doesn't show hand
*** SUMMARY ***
Total pot $24 | Rake $0.48
Board [Td Kc 5c 4s]
Seat 1: LifeisagameX (big blind) collected ($23.52)
Seat 2: hot shot2543 (button) (small blind) folded on the Turn


PokerStars Hand #162461140369:  Hold'em Limit ($3/$6 USD) - 2016/12/05 13:25:02 ET
Table 'Amelia II' 6-max Seat #1 is the button
Seat 1: LifeisagameX ($125.83 in chips)
Seat 2: hot shot2543 ($44.50 in chips)
LifeisagameX: posts small blind $1
hot shot2543: posts big blind $3
*** HOLE CARDS ***
LifeisagameX: raises $3 to $6
hot shot2543: calls $3
*** FLOP *** [Tc 5c 4s]
hot shot2543: bets $3
LifeisagameX: calls $3
*** TURN *** [Tc 5c 4s] [5d]
hot shot2543: bets $6
LifeisagameX: calls $6
*** RIVER *** [Tc 5c 4s 5d] [9c]
hot shot2543: bets $6
LifeisagameX: calls $6
*** SHOW DOWN ***
hot shot2543: shows [8s 4d] (two pair, Fives and Fours)
LifeisagameX: mucks hand
hot shot2543 collected $41.50 from pot
*** SUMMARY ***
Total pot $42 | Rake $0.50
Board [Tc 5c 4s 5d 9c]
Seat 1: LifeisagameX (button) (small blind) mucked
Seat 2: hot shot2543 (big blind) showed [8s 4d] and won ($41.50) with two pair, Fives and Fours


PokerStars Hand #162461202793:  Hold'em Limit ($3/$6 USD) - 2016/12/05 13:26:07 ET
Table 'Amelia II' 6-max Seat #1 is the button
Seat 1: LifeisagameX ($116.35 in chips)
Seat 2: hot shot2543 ($53 in chips)
LifeisagameX: posts small blind $1
hot shot2543: posts big blind $3
*** HOLE CARDS ***
LifeisagameX: folds
Uncalled bet ($2) returned to hot shot2543
hot shot2543 collected $2 from pot
hot shot2543: doesn't show hand
*** SUMMARY ***
Total pot $2 | Rake $0
Seat 1: LifeisagameX (button) (small blind) folded before Flop
Seat 2: hot shot2543 (big blind) collected ($2)


PokerStars Hand #162461211409:  Hold'em Limit ($3/$6 USD) - 2016/12/05 13:26:16 ET
Table 'Amelia II' 6-max Seat #2 is the button
Seat 1: LifeisagameX ($115.35 in chips)
Seat 2: hot shot2543 ($54 in chips)
hot shot2543: posts small blind $1
LifeisagameX: posts big blind $3
*** HOLE CARDS ***
hot shot2543: raises $3 to $6
LifeisagameX: calls $3
*** FLOP *** [9h 8d 8h]
LifeisagameX: checks
hot shot2543: bets $3
LifeisagameX: folds
Uncalled bet ($3) returned to hot shot2543
hot shot2543 collected $11.76 from pot
hot shot2543: doesn't show hand
*** SUMMARY ***
Total pot $12 | Rake $0.24
Board [9h 8d 8h]
Seat 1: LifeisagameX (big blind) folded on the Flop
Seat 2: hot shot2543 (button) (small blind) collected ($11.76)


PokerStars Hand #162461233085:  Hold'em Limit ($3/$6 USD) - 2016/12/05 13:26:39 ET
Table 'Amelia II' 6-max Seat #1 is the button
Seat 1: LifeisagameX ($109.35 in chips)
Seat 2: hot shot2543 ($59.76 in chips)
LifeisagameX: posts small blind $1
hot shot2543: posts big blind $3
*** HOLE CARDS ***
LifeisagameX: raises $3 to $6
hot shot2543: folds
Uncalled bet ($3) returned to LifeisagameX
LifeisagameX collected $6 from pot
LifeisagameX: doesn't show hand
*** SUMMARY ***
Total pot $6 | Rake $0
Seat 1: LifeisagameX (button) (small blind) collected ($6)
Seat 2: hot shot2543 (big blind) folded before Flop


PokerStars Hand #162461241810:  Hold'em Limit ($3/$6 USD) - 2016/12/05 13:26:48 ET
Table 'Amelia II' 6-max Seat #2 is the button
Seat 1: LifeisagameX ($112.35 in chips)
Seat 2: hot shot2543 ($56.76 in chips)
hot shot2543: posts small blind $1
LifeisagameX: posts big blind $3
*** HOLE CARDS ***
hot shot2543: raises $3 to $6
LifeisagameX: raises $3 to $9
hot shot2543: calls $3
*** FLOP *** [9d 6h Qs]
LifeisagameX: bets $3
hot shot2543: raises $3 to $6
LifeisagameX: calls $3
*** TURN *** [9d 6h Qs] [6d]
LifeisagameX: checks
hot shot2543: bets $6
LifeisagameX: folds
Uncalled bet ($6) returned to hot shot2543
hot shot2543 collected $29.50 from pot
hot shot2543: doesn't show hand
*** SUMMARY ***
Total pot $30 | Rake $0.50
Board [9d 6h Qs 6d]
Seat 1: LifeisagameX (big blind) folded on the Turn
Seat 2: hot shot2543 (button) (small blind) collected ($29.50)


PokerStars Hand #162461319702:  Hold'em Limit ($3/$6 USD) - 2016/12/05 13:28:09 ET
Table 'Amelia II' 6-max Seat #1 is the button
Seat 1: LifeisagameX ($97.35 in chips)
Seat 2: hot shot2543 ($30 in chips)
LifeisagameX: posts small blind $1
hot shot2543: posts big blind $3
*** HOLE CARDS ***
LifeisagameX: raises $3 to $6
hot shot2543: raises $3 to $9
LifeisagameX: calls $3
*** FLOP *** [5h 2d 8s]
hot shot2543: bets $3
LifeisagameX: calls $3
*** TURN *** [5h 2d 8s] [Td]
hot shot2543: bets $6
LifeisagameX: calls $6
*** RIVER *** [5h 2d 8s Td] [Kd]
hot shot2543: bets $6
LifeisagameX: calls $6
*** SHOW DOWN ***
hot shot2543: shows [9h Ts] (a pair of Tens)
LifeisagameX: mucks hand
hot shot2543 collected $47.50 from pot
*** SUMMARY ***
Total pot $48 | Rake $0.50
Board [5h 2d 8s Td Kd]
Seat 1: LifeisagameX (button) (small blind) mucked
Seat 2: hot shot2543 (big blind) showed [9h Ts] and won ($47.50) with a pair of Tens


PokerStars Hand #162461354288:  Hold'em Limit ($3/$6 USD) - 2016/12/05 13:28:46 ET
Table 'Amelia II' 6-max Seat #2 is the button
Seat 1: LifeisagameX ($84 in chips)
Seat 2: hot shot2543 ($53.50 in chips)
hot shot2543: posts small blind $1
LifeisagameX: posts big blind $3
*** HOLE CARDS ***
hot shot2543: folds
Uncalled bet ($2) returned to LifeisagameX
LifeisagameX collected $2 from pot
LifeisagameX: doesn't show hand
hot shot2543 leaves the table
*** SUMMARY ***
Total pot $2 | Rake $0
Seat 1: LifeisagameX (big blind) collected ($2)
Seat 2: hot shot2543 (button) (small blind) folded before Flop


