PokerStars Hand #156223139207:  Hold'em Limit ($3/$6 USD) - 2016/07/20 14:42:53 ET
Table 'Amelia' 6-max Seat #1 is the button
Seat 1: sailence ($46.24 in chips)
Seat 2: kolaz03 ($77.76 in chips)
sailence: posts small blind $1
kolaz03: posts big blind $3
*** HOLE CARDS ***
sailence: raises $3 to $6
kolaz03: calls $3
*** FLOP *** [Qh Ad Tc]
kolaz03: checks
sailence: bets $3
kolaz03: folds
Uncalled bet ($3) returned to sailence
sailence collected $11.76 from pot
*** SUMMARY ***
Total pot $12 | Rake $0.24
Board [Qh Ad Tc]
Seat 1: sailence (button) (small blind) collected ($11.76)
Seat 2: kolaz03 (big blind) folded on the Flop


PokerStars Hand #156223114800:  Hold'em Limit ($3/$6 USD) - 2016/07/20 14:42:19 ET
Table 'Amelia' 6-max Seat #1 is the button
Seat 1: sailence ($46.48 in chips)
Seat 2: kolaz03 ($72 in chips)
sailence: posts small blind $1
kolaz03: posts big blind $3
*** HOLE CARDS ***
sailence: raises $3 to $6
kolaz03: calls $3
*** FLOP *** [3h Ad Js]
kolaz03: checks
sailence: bets $3
kolaz03: folds
Uncalled bet ($3) returned to sailence
sailence collected $11.76 from pot
*** SUMMARY ***
Total pot $12 | Rake $0.24
Board [3h Ad Js]
Seat 1: sailence (button) (small blind) collected ($11.76)
Seat 2: kolaz03 (big blind) folded on the Flop


PokerStars Hand #156223111753:  Hold'em Limit ($3/$6 USD) - 2016/07/20 14:42:15 ET
Table 'Amelia' 6-max Seat #2 is the button
Seat 1: sailence ($45.48 in chips)
Seat 2: kolaz03 ($73 in chips)
kolaz03: posts small blind $1
sailence: posts big blind $3
*** HOLE CARDS ***
kolaz03: folds
Uncalled bet ($2) returned to sailence
sailence collected $2 from pot
*** SUMMARY ***
Total pot $2 | Rake $0
Seat 1: sailence (big blind) collected ($2)
Seat 2: kolaz03 (button) (small blind) folded before Flop


PokerStars Hand #156223108156:  Hold'em Limit ($3/$6 USD) - 2016/07/20 14:42:10 ET
Table 'Amelia' 6-max Seat #1 is the button
Seat 1: sailence ($46.48 in chips)
Seat 2: kolaz03 ($72 in chips)
sailence: posts small blind $1
kolaz03: posts big blind $3
*** HOLE CARDS ***
sailence: folds
Uncalled bet ($2) returned to kolaz03
kolaz03 collected $2 from pot
kolaz03: doesn't show hand
*** SUMMARY ***
Total pot $2 | Rake $0
Seat 1: sailence (button) (small blind) folded before Flop
Seat 2: kolaz03 (big blind) collected ($2)


PokerStars Hand #156223125415:  Hold'em Limit ($3/$6 USD) - 2016/07/20 14:42:34 ET
Table 'Amelia' 6-max Seat #2 is the button
Seat 1: sailence ($52.24 in chips)
Seat 2: kolaz03 ($72 in chips)
kolaz03: posts small blind $1
sailence: posts big blind $3
*** HOLE CARDS ***
kolaz03: raises $3 to $6
sailence: calls $3
*** FLOP *** [8d Jc 2h]
sailence: checks
kolaz03: bets $3
sailence: folds
Uncalled bet ($3) returned to kolaz03
kolaz03 collected $11.76 from pot
kolaz03: doesn't show hand
*** SUMMARY ***
Total pot $12 | Rake $0.24
Board [8d Jc 2h]
Seat 1: sailence (big blind) folded on the Flop
Seat 2: kolaz03 (button) (small blind) collected ($11.76)


PokerStars Hand #156223152968:  Hold'em Limit ($3/$6 USD) - 2016/07/20 14:43:12 ET
Table 'Amelia' 6-max Seat #2 is the button
Seat 1: sailence ($52 in chips)
Seat 2: kolaz03 ($72 in chips)
kolaz03: posts small blind $1
sailence: posts big blind $3
*** HOLE CARDS ***
kolaz03: raises $3 to $6
sailence: folds
Uncalled bet ($3) returned to kolaz03
sailence leaves the table
kolaz03 collected $6 from pot
kolaz03: doesn't show hand
*** SUMMARY ***
Total pot $6 | Rake $0
Seat 1: sailence (big blind) folded before Flop
Seat 2: kolaz03 (button) (small blind) collected ($6)


