PokerStars Hand #144919995375:  Hold'em Limit ($3/$6 USD) - 2015/12/06 12:49:25 ET
Table 'Amelia II' 6-max Seat #1 is the button
Seat 1: rus123venom1 ($37.67 in chips)
Seat 3: Karpik09 ($89 in chips)
rus123venom1: posts small blind $1
Karpik09: posts big blind $3
*** HOLE CARDS ***
rus123venom1: raises $3 to $6
Karpik09: calls $3
*** FLOP *** [6s 2d 3c]
Karpik09: checks
rus123venom1: checks
*** TURN *** [6s 2d 3c] [4h]
Karpik09: bets $6
rus123venom1: calls $6
*** RIVER *** [6s 2d 3c 4h] [6d]
Karpik09: bets $6
rus123venom1: folds
Uncalled bet ($6) returned to Karpik09
RockKillerTY joins the table at seat #4
Karpik09 collected $23.52 from pot
Karpik09: doesn't show hand
*** SUMMARY ***
Total pot $24 | Rake $0.48
Board [6s 2d 3c 4h 6d]
Seat 1: rus123venom1 (button) (small blind) folded on the River
Seat 3: Karpik09 (big blind) collected ($23.52)


PokerStars Hand #144920161396:  Hold'em Limit ($3/$6 USD) - 2015/12/06 12:52:13 ET
Table 'Amelia II' 6-max Seat #3 is the button
Seat 3: Karpik09 ($130.54 in chips)
Seat 5: msveen ($35.43 in chips)
scorpio04 will be allowed to play after the button
wesdeluxe will be allowed to play after the button
Karpik09: posts small blind $1
RockKillerTY: is sitting out
msveen: posts big blind $3
*** HOLE CARDS ***
Karpik09: raises $3 to $6
msveen: folds
Uncalled bet ($3) returned to Karpik09
Karpik09 collected $6 from pot
Karpik09: doesn't show hand
*** SUMMARY ***
Total pot $6 | Rake $0
Seat 3: Karpik09 (button) (small blind) collected ($6)
Seat 5: msveen (big blind) folded before Flop


