PokerStars Hand #174944792901:  Hold'em Limit ($3/$6 USD) - 2017/08/29 12:38:42 ET
Table 'Amelia II' 6-max Seat #5 is the button
Seat 1: vitamin168 ($119.31 in chips)
Seat 5: Chessnok ($60 in chips)
favete lin will be allowed to play after the button
Chessnok: posts small blind $1
Psynto: is sitting out
vitamin168: posts big blind $3
*** HOLE CARDS ***
Chessnok: raises $3 to $6
vitamin168: folds
Uncalled bet ($3) returned to Chessnok
Psynto leaves the table
Chessnok collected $6 from pot
Chessnok: doesn't show hand
*** SUMMARY ***
Total pot $6 | Rake $0
Seat 1: vitamin168 (big blind) folded before Flop
Seat 5: Chessnok (button) (small blind) collected ($6)


PokerStars Hand #174948016686:  Hold'em Limit ($3/$6 USD) - 2017/08/29 13:56:47 ET
Table 'Amelia II' 6-max Seat #6 is the button
Seat 4: krytalex ($175.78 in chips)
Seat 6: ToDaFelt ($132.80 in chips)
ToDaFelt: posts small blind $1
krytalex: posts big blind $3
*** HOLE CARDS ***
ToDaFelt: raises $3 to $6
krytalex: folds
Uncalled bet ($3) returned to ToDaFelt
ToDaFelt collected $6 from pot
ToDaFelt: doesn't show hand
*** SUMMARY ***
Total pot $6 | Rake $0
Seat 4: krytalex (big blind) folded before Flop
Seat 6: ToDaFelt (button) (small blind) collected ($6)


PokerStars Hand #174948037803:  Hold'em Limit ($3/$6 USD) - 2017/08/29 13:57:24 ET
Table 'Amelia II' 6-max Seat #4 is the button
Seat 1: Muhamed999 ($106.90 in chips)
Seat 4: krytalex ($172.78 in chips)
krytalex: posts small blind $1
Muhamed999: posts big blind $3
*** HOLE CARDS ***
ToDaFelt joins the table at seat #2
krytalex: raises $3 to $6
Muhamed999: calls $3
*** FLOP *** [7d 5h 7h]
Muhamed999: checks
krytalex: bets $3
Muhamed999: raises $3 to $6
krytalex: calls $3
*** TURN *** [7d 5h 7h] [Qc]
Muhamed999: bets $6
krytalex: folds
Uncalled bet ($6) returned to Muhamed999
Muhamed999 collected $23.52 from pot
*** SUMMARY ***
Total pot $24 | Rake $0.48
Board [7d 5h 7h Qc]
Seat 1: Muhamed999 (big blind) collected ($23.52)
Seat 4: krytalex (button) (small blind) folded on the Turn


