PokerStars Hand #165436812939:  Hold'em Limit ($3/$6 USD) - 2017/01/30 21:09:20 ET
Table 'Amherstia II' 6-max Seat #3 is the button
Seat 3: soumi7 ($264.26 in chips)
Seat 6: roxy1362 ($35.61 in chips)
soumi7: posts small blind $1
roxy1362: posts big blind $3
*** HOLE CARDS ***
soumi7: calls $2
roxy1362: checks
*** FLOP *** [Qh 8d 4h]
roxy1362: checks
MellivoraSto joins the table at seat #1
soumi7: bets $3
roxy1362: folds
Uncalled bet ($3) returned to soumi7
soumi7 collected $5.88 from pot
soumi7: doesn't show hand
*** SUMMARY ***
Total pot $6 | Rake $0.12
Board [Qh 8d 4h]
Seat 3: soumi7 (button) (small blind) collected ($5.88)
Seat 6: roxy1362 (big blind) folded on the Flop


PokerStars Hand #165436810520:  Hold'em Limit ($3/$6 USD) - 2017/01/30 21:09:15 ET
Table 'Amherstia II' 6-max Seat #6 is the button
Seat 3: soumi7 ($263.26 in chips)
Seat 6: roxy1362 ($36.61 in chips)
roxy1362: posts small blind $1
soumi7: posts big blind $3
*** HOLE CARDS ***
roxy1362: folds
Uncalled bet ($2) returned to soumi7
soumi7 collected $2 from pot
soumi7: doesn't show hand
*** SUMMARY ***
Total pot $2 | Rake $0
Seat 3: soumi7 (big blind) collected ($2)
Seat 6: roxy1362 (button) (small blind) folded before Flop


PokerStars Hand #165436804629:  Hold'em Limit ($3/$6 USD) - 2017/01/30 21:09:03 ET
Table 'Amherstia II' 6-max Seat #3 is the button
Seat 3: soumi7 ($257.50 in chips)
Seat 6: roxy1362 ($42.61 in chips)
soumi7: posts small blind $1
roxy1362: posts big blind $3
*** HOLE CARDS ***
soumi7: raises $3 to $6
roxy1362: calls $3
*** FLOP *** [Qh 3s Qd]
roxy1362: checks
soumi7: bets $3
roxy1362: folds
Uncalled bet ($3) returned to soumi7
soumi7 collected $11.76 from pot
soumi7: doesn't show hand
*** SUMMARY ***
Total pot $12 | Rake $0.24
Board [Qh 3s Qd]
Seat 3: soumi7 (button) (small blind) collected ($11.76)
Seat 6: roxy1362 (big blind) folded on the Flop


PokerStars Hand #165436790660:  Hold'em Limit ($3/$6 USD) - 2017/01/30 21:08:34 ET
Table 'Amherstia II' 6-max Seat #6 is the button
Seat 3: soumi7 ($240 in chips)
Seat 6: roxy1362 ($60.61 in chips)
roxy1362: posts small blind $1
soumi7: posts big blind $3
*** HOLE CARDS ***
roxy1362: raises $3 to $6
soumi7: calls $3
*** FLOP *** [6s 8c 8h]
soumi7: checks
roxy1362: bets $3
soumi7: raises $3 to $6
roxy1362: calls $3
*** TURN *** [6s 8c 8h] [5h]
soumi7: bets $6
roxy1362: calls $6
*** RIVER *** [6s 8c 8h 5h] [3c]
soumi7: checks
roxy1362: checks
*** SHOW DOWN ***
soumi7: shows [5s 7c] (two pair, Eights and Fives)
roxy1362: mucks hand
soumi7 collected $35.50 from pot
*** SUMMARY ***
Total pot $36 | Rake $0.50
Board [6s 8c 8h 5h 3c]
Seat 3: soumi7 (big blind) showed [5s 7c] and won ($35.50) with two pair, Eights and Fives
Seat 6: roxy1362 (button) (small blind) mucked


