PokerStars Hand #171294789398:  Hold'em Limit ($3/$6 USD) - 2017/06/03 13:45:38 ET
Table 'Amherstia' 6-max Seat #4 is the button
Seat 4: MMike1948 ($71.67 in chips)
Seat 5: vestimokrec ($87 in chips)
MMike1948: posts small blind $1
vestimokrec: posts big blind $3
*** HOLE CARDS ***
MMike1948: raises $3 to $6
vestimokrec: calls $3
*** FLOP *** [6d 3s Ks]
vestimokrec: checks
MMike1948: bets $3
vestimokrec: calls $3
*** TURN *** [6d 3s Ks] [7s]
vestimokrec: checks
MMike1948: bets $6
vestimokrec: folds
Uncalled bet ($6) returned to MMike1948
MMike1948 collected $17.64 from pot
MMike1948: doesn't show hand
*** SUMMARY ***
Total pot $18 | Rake $0.36
Board [6d 3s Ks 7s]
Seat 4: MMike1948 (button) (small blind) collected ($17.64)
Seat 5: vestimokrec (big blind) folded on the Turn


PokerStars Hand #171294785278:  Hold'em Limit ($3/$6 USD) - 2017/06/03 13:45:32 ET
Table 'Amherstia' 6-max Seat #5 is the button
Seat 4: MMike1948 ($70.67 in chips)
Seat 5: vestimokrec ($88 in chips)
vestimokrec: posts small blind $1
Chessnok: is sitting out
MMike1948: posts big blind $3
*** HOLE CARDS ***
vestimokrec: folds
Uncalled bet ($2) returned to MMike1948
Chessnok leaves the table
MMike1948 collected $2 from pot
MMike1948: doesn't show hand
*** SUMMARY ***
Total pot $2 | Rake $0
Seat 4: MMike1948 (big blind) collected ($2)
Seat 5: vestimokrec (button) (small blind) folded before Flop


PokerStars Hand #171294846585:  Hold'em Limit ($3/$6 USD) - 2017/06/03 13:46:59 ET
Table 'Amherstia' 6-max Seat #5 is the button
Seat 4: MMike1948 ($90.81 in chips)
Seat 5: vestimokrec ($66.76 in chips)
vestimokrec: posts small blind $1
MMike1948: posts big blind $3
*** HOLE CARDS ***
vestimokrec: raises $3 to $6
MMike1948: folds
Uncalled bet ($3) returned to vestimokrec
vestimokrec collected $6 from pot
vestimokrec: doesn't show hand
*** SUMMARY ***
Total pot $6 | Rake $0
Seat 4: MMike1948 (big blind) folded before Flop
Seat 5: vestimokrec (button) (small blind) collected ($6)


PokerStars Hand #171294843415:  Hold'em Limit ($3/$6 USD) - 2017/06/03 13:46:55 ET
Table 'Amherstia' 6-max Seat #4 is the button
Seat 4: MMike1948 ($91.81 in chips)
Seat 5: vestimokrec ($65.76 in chips)
MMike1948: posts small blind $1
vestimokrec: posts big blind $3
*** HOLE CARDS ***
MMike1948: folds
Uncalled bet ($2) returned to vestimokrec
vestimokrec collected $2 from pot
vestimokrec: doesn't show hand
*** SUMMARY ***
Total pot $2 | Rake $0
Seat 4: MMike1948 (button) (small blind) folded before Flop
Seat 5: vestimokrec (big blind) collected ($2)


PokerStars Hand #171294833671:  Hold'em Limit ($3/$6 USD) - 2017/06/03 13:46:41 ET
Table 'Amherstia' 6-max Seat #5 is the button
Seat 4: MMike1948 ($97.81 in chips)
Seat 5: vestimokrec ($60 in chips)
vestimokrec: posts small blind $1
MMike1948: posts big blind $3
*** HOLE CARDS ***
vestimokrec: raises $3 to $6
MMike1948: calls $3
*** FLOP *** [Th 6d Js]
MMike1948: checks
vestimokrec: bets $3
MMike1948: folds
Uncalled bet ($3) returned to vestimokrec
vestimokrec collected $11.76 from pot
vestimokrec: doesn't show hand
*** SUMMARY ***
Total pot $12 | Rake $0.24
Board [Th 6d Js]
Seat 4: MMike1948 (big blind) folded on the Flop
Seat 5: vestimokrec (button) (small blind) collected ($11.76)


PokerStars Hand #171294815238:  Hold'em Limit ($3/$6 USD) - 2017/06/03 13:46:15 ET
Table 'Amherstia' 6-max Seat #5 is the button
Seat 4: MMike1948 ($80.31 in chips)
Seat 5: vestimokrec ($78 in chips)
vestimokrec: posts small blind $1
MMike1948: posts big blind $3
*** HOLE CARDS ***
vestimokrec: raises $3 to $6
MMike1948: folds
Uncalled bet ($3) returned to vestimokrec
vestimokrec collected $6 from pot
vestimokrec: doesn't show hand
*** SUMMARY ***
Total pot $6 | Rake $0
Seat 4: MMike1948 (big blind) folded before Flop
Seat 5: vestimokrec (button) (small blind) collected ($6)


PokerStars Hand #171294820917:  Hold'em Limit ($3/$6 USD) - 2017/06/03 13:46:23 ET
Table 'Amherstia' 6-max Seat #4 is the button
Seat 4: MMike1948 ($77.31 in chips)
Seat 5: vestimokrec ($81 in chips)
MMike1948: posts small blind $1
vestimokrec: posts big blind $3
*** HOLE CARDS ***
MMike1948: raises $3 to $6
vestimokrec: calls $3
*** FLOP *** [6d 8c 3h]
vestimokrec: checks
MMike1948: bets $3
vestimokrec: calls $3
*** TURN *** [6d 8c 3h] [5h]
vestimokrec: checks
MMike1948: bets $6
vestimokrec: calls $6
*** RIVER *** [6d 8c 3h 5h] [8d]
vestimokrec: checks
MMike1948: bets $6
vestimokrec: calls $6
*** SHOW DOWN ***
MMike1948: shows [8s Qs] (three of a kind, Eights)
vestimokrec: mucks hand
MMike1948 collected $41.50 from pot
*** SUMMARY ***
Total pot $42 | Rake $0.50
Board [6d 8c 3h 5h 8d]
Seat 4: MMike1948 (button) (small blind) showed [8s Qs] and won ($41.50) with three of a kind, Eights
Seat 5: vestimokrec (big blind) mucked


PokerStars Hand #171294850596:  Hold'em Limit ($3/$6 USD) - 2017/06/03 13:47:05 ET
Table 'Amherstia' 6-max Seat #4 is the button
Seat 4: MMike1948 ($87.81 in chips)
Seat 5: vestimokrec ($69.76 in chips)
MMike1948: posts small blind $1
vestimokrec: posts big blind $3
*** HOLE CARDS ***
MMike1948: raises $3 to $6
vestimokrec: calls $3
*** FLOP *** [3d 5h 9h]
vestimokrec: checks
MMike1948: bets $3
vestimokrec: folds
Uncalled bet ($3) returned to MMike1948
MMike1948 collected $11.76 from pot
MMike1948: doesn't show hand
*** SUMMARY ***
Total pot $12 | Rake $0.24
Board [3d 5h 9h]
Seat 4: MMike1948 (button) (small blind) collected ($11.76)
Seat 5: vestimokrec (big blind) folded on the Flop


