PokerStars Hand #171236809617:  Hold'em Limit ($3/$6 USD) - 2017/06/02 6:52:17 ET
Table 'Amherstia' 6-max Seat #3 is the button
Seat 3: NAUTJE1337 ($48 in chips)
Seat 4: Agrotait ($72 in chips)
NAUTJE1337: posts small blind $1
Agrotait: posts big blind $3
*** HOLE CARDS ***
NAUTJE1337: raises $3 to $6
TinaTurner72 joins the table at seat #5
Agrotait: calls $3
*** FLOP *** [9d 7h 4s]
Agrotait: checks
NAUTJE1337: bets $3
Agrotait: calls $3
*** TURN *** [9d 7h 4s] [2c]
Agrotait: checks
NAUTJE1337: checks
*** RIVER *** [9d 7h 4s 2c] [6s]
PayMyAudiR8 joins the table at seat #6
Agrotait: bets $6
NAUTJE1337: folds
Uncalled bet ($6) returned to Agrotait
Agrotait collected $17.64 from pot
Agrotait: doesn't show hand
*** SUMMARY ***
Total pot $18 | Rake $0.36
Board [9d 7h 4s 2c 6s]
Seat 3: NAUTJE1337 (button) (small blind) folded on the River
Seat 4: Agrotait (big blind) collected ($17.64)


PokerStars Hand #171237835251:  Hold'em Limit ($3/$6 USD) - 2017/06/02 7:32:57 ET
Table 'Amherstia' 6-max Seat #6 is the button
Seat 5: Steelmen24 ($275.58 in chips)
Seat 6: PayMyAudiR8 ($230.84 in chips)
PayMyAudiR8: posts small blind $1
Steelmen24: posts big blind $3
*** HOLE CARDS ***
kungsbjörn leaves the table
PayMyAudiR8: raises $3 to $6
Steelmen24: raises $3 to $9
PayMyAudiR8: calls $3
*** FLOP *** [9h Kc 5s]
Steelmen24: bets $3
PayMyAudiR8: calls $3
*** TURN *** [9h Kc 5s] [7d]
Steelmen24: bets $6
PayMyAudiR8: calls $6
*** RIVER *** [9h Kc 5s 7d] [6s]
Steelmen24: bets $6
PayMyAudiR8: raises $6 to $12
Steelmen24: calls $6
*** SHOW DOWN ***
PayMyAudiR8: shows [5h 6c] (two pair, Sixes and Fives)
Steelmen24: mucks hand
PayMyAudiR8 collected $59.50 from pot
*** SUMMARY ***
Total pot $60 | Rake $0.50
Board [9h Kc 5s 7d 6s]
Seat 5: Steelmen24 (big blind) mucked
Seat 6: PayMyAudiR8 (button) (small blind) showed [5h 6c] and won ($59.50) with two pair, Sixes and Fives


