PokerStars Hand #156467476938:  Hold'em Limit ($3/$6 USD) - 2016/07/26 10:56:46 ET
Table 'Amherstia' 6-max Seat #3 is the button
Seat 3: Mustafatyrk ($182.34 in chips)
Seat 4: Agrotait ($71 in chips)
Mustafatyrk: posts small blind $1
Agrotait: posts big blind $3
*** HOLE CARDS ***
Mustafatyrk: raises $3 to $6
Agrotait: calls $3
*** FLOP *** [Ks 6h Qs]
Agrotait: checks
Mustafatyrk: bets $3
Agrotait: folds
Uncalled bet ($3) returned to Mustafatyrk
Mustafatyrk collected $11.76 from pot
Mustafatyrk: doesn't show hand
*** SUMMARY ***
Total pot $12 | Rake $0.24
Board [Ks 6h Qs]
Seat 3: Mustafatyrk (button) (small blind) collected ($11.76)
Seat 4: Agrotait (big blind) folded on the Flop


PokerStars Hand #156467474451:  Hold'em Limit ($3/$6 USD) - 2016/07/26 10:56:41 ET
Table 'Amherstia' 6-max Seat #4 is the button
Seat 3: Mustafatyrk ($181.34 in chips)
Seat 4: Agrotait ($72 in chips)
Agrotait: posts small blind $1
Mustafatyrk: posts big blind $3
*** HOLE CARDS ***
Agrotait: folds
Uncalled bet ($2) returned to Mustafatyrk
Mustafatyrk collected $2 from pot
Mustafatyrk: doesn't show hand
*** SUMMARY ***
Total pot $2 | Rake $0
Seat 3: Mustafatyrk (big blind) collected ($2)
Seat 4: Agrotait (button) (small blind) folded before Flop


PokerStars Hand #156467502153:  Hold'em Limit ($3/$6 USD) - 2016/07/26 10:57:38 ET
Table 'Amherstia' 6-max Seat #4 is the button
Seat 3: Mustafatyrk ($173.10 in chips)
Seat 4: Agrotait ($79.40 in chips)
Agrotait: posts small blind $1
Mustafatyrk: posts big blind $3
*** HOLE CARDS ***
Agrotait: raises $3 to $6
Mustafatyrk: raises $3 to $9
kvn52 joins the table at seat #5
Agrotait: calls $3
*** FLOP *** [Jh 4h 3c]
Mustafatyrk: bets $3
Agrotait: calls $3
*** TURN *** [Jh 4h 3c] [2d]
Mustafatyrk: bets $6
Agrotait: folds
Uncalled bet ($6) returned to Mustafatyrk
Mustafatyrk collected $23.52 from pot
Mustafatyrk: doesn't show hand
*** SUMMARY ***
Total pot $24 | Rake $0.48
Board [Jh 4h 3c 2d]
Seat 3: Mustafatyrk (big blind) collected ($23.52)
Seat 4: Agrotait (button) (small blind) folded on the Turn


PokerStars Hand #156467499190:  Hold'em Limit ($3/$6 USD) - 2016/07/26 10:57:32 ET
Table 'Amherstia' 6-max Seat #3 is the button
Seat 3: Mustafatyrk ($174.10 in chips)
Seat 4: Agrotait ($78.40 in chips)
Mustafatyrk: posts small blind $1
Agrotait: posts big blind $3
*** HOLE CARDS ***
Mustafatyrk: folds
Uncalled bet ($2) returned to Agrotait
Agrotait collected $2 from pot
Agrotait: doesn't show hand
*** SUMMARY ***
Total pot $2 | Rake $0
Seat 3: Mustafatyrk (button) (small blind) folded before Flop
Seat 4: Agrotait (big blind) collected ($2)


PokerStars Hand #156467494901:  Hold'em Limit ($3/$6 USD) - 2016/07/26 10:57:23 ET
Table 'Amherstia' 6-max Seat #4 is the button
Seat 3: Mustafatyrk ($173.10 in chips)
Seat 4: Agrotait ($79.40 in chips)
Agrotait: posts small blind $1
Mustafatyrk: posts big blind $3
*** HOLE CARDS ***
Agrotait: folds
Uncalled bet ($2) returned to Mustafatyrk
Mustafatyrk collected $2 from pot
Mustafatyrk: doesn't show hand
*** SUMMARY ***
Total pot $2 | Rake $0
Seat 3: Mustafatyrk (big blind) collected ($2)
Seat 4: Agrotait (button) (small blind) folded before Flop


PokerStars Hand #156467487856:  Hold'em Limit ($3/$6 USD) - 2016/07/26 10:57:09 ET
Table 'Amherstia' 6-max Seat #3 is the button
Seat 3: Mustafatyrk ($182.10 in chips)
Seat 4: Agrotait ($70.76 in chips)
Mustafatyrk: posts small blind $1
Agrotait: posts big blind $3
*** HOLE CARDS ***
Mustafatyrk: raises $3 to $6
Agrotait: calls $3
*** FLOP *** [Ah Kd Qd]
Agrotait: checks
Mustafatyrk: bets $3
Agrotait: calls $3
*** TURN *** [Ah Kd Qd] [9s]
Agrotait: checks
Mustafatyrk: checks
*** RIVER *** [Ah Kd Qd 9s] [9c]
Agrotait: bets $6
Mustafatyrk: folds
Uncalled bet ($6) returned to Agrotait
Agrotait collected $17.64 from pot
Agrotait: doesn't show hand
*** SUMMARY ***
Total pot $18 | Rake $0.36
Board [Ah Kd Qd 9s 9c]
Seat 3: Mustafatyrk (button) (small blind) folded on the River
Seat 4: Agrotait (big blind) collected ($17.64)


PokerStars Hand #156467483187:  Hold'em Limit ($3/$6 USD) - 2016/07/26 10:56:59 ET
Table 'Amherstia' 6-max Seat #4 is the button
Seat 3: Mustafatyrk ($188.10 in chips)
Seat 4: Agrotait ($65 in chips)
Agrotait: posts small blind $1
Mustafatyrk: posts big blind $3
*** HOLE CARDS ***
Agrotait: raises $3 to $6
Mustafatyrk: calls $3
*** FLOP *** [Kd 3h 4h]
Mustafatyrk: checks
Agrotait: bets $3
Mustafatyrk: folds
Uncalled bet ($3) returned to Agrotait
Agrotait collected $11.76 from pot
Agrotait: doesn't show hand
*** SUMMARY ***
Total pot $12 | Rake $0.24
Board [Kd 3h 4h]
Seat 3: Mustafatyrk (big blind) folded on the Flop
Seat 4: Agrotait (button) (small blind) collected ($11.76)


PokerStars Hand #156467511825:  Hold'em Limit ($3/$6 USD) - 2016/07/26 10:57:58 ET
Table 'Amherstia' 6-max Seat #3 is the button
Seat 3: Mustafatyrk ($184.62 in chips)
Seat 4: Agrotait ($67.40 in chips)
Mustafatyrk: posts small blind $1
Agrotait: posts big blind $3
*** HOLE CARDS ***
Mustafatyrk: calls $2
vestimokrec joins the table at seat #6
Agrotait: raises $3 to $6
Mustafatyrk: calls $3
*** FLOP *** [9d 2s 3d]
Agrotait: bets $3
Mustafatyrk: calls $3
*** TURN *** [9d 2s 3d] [7d]
Agrotait: bets $6
Mustafatyrk: folds
Uncalled bet ($6) returned to Agrotait
Agrotait collected $17.64 from pot
Agrotait: doesn't show hand
*** SUMMARY ***
Total pot $18 | Rake $0.36
Board [9d 2s 3d 7d]
Seat 3: Mustafatyrk (button) (small blind) folded on the Turn
Seat 4: Agrotait (big blind) collected ($17.64)


PokerStars Hand #156467566738:  Hold'em Limit ($3/$6 USD) - 2016/07/26 10:59:50 ET
Table 'Amherstia' 6-max Seat #6 is the button
Seat 5: kvn52 ($79.58 in chips)
Seat 6: vestimokrec ($143.46 in chips)
vestimokrec: posts small blind $1
Agrotait: is sitting out
kvn52: posts big blind $3
*** HOLE CARDS ***
vestimokrec: raises $3 to $6
kvn52: folds
Uncalled bet ($3) returned to vestimokrec
vestimokrec collected $6 from pot
vestimokrec: doesn't show hand
*** SUMMARY ***
Total pot $6 | Rake $0
Seat 5: kvn52 (big blind) folded before Flop
Seat 6: vestimokrec (button) (small blind) collected ($6)


PokerStars Hand #156467581286:  Hold'em Limit ($3/$6 USD) - 2016/07/26 11:00:19 ET
Table 'Amherstia' 6-max Seat #6 is the button
Seat 5: kvn52 ($79.58 in chips)
Seat 6: vestimokrec ($143.46 in chips)
vestimokrec: posts small blind $1
kvn52: posts big blind $3
*** HOLE CARDS ***
vestimokrec: raises $3 to $6
kvn52: calls $3
*** FLOP *** [6s 3c 5s]
kvn52: bets $3
vestimokrec: calls $3
*** TURN *** [6s 3c 5s] [8h]
kvn52: bets $6
vestimokrec: calls $6
*** RIVER *** [6s 3c 5s 8h] [Qs]
kvn52: bets $6
Chessnok joins the table at seat #1
vestimokrec: raises $6 to $12
kvn52: calls $6
*** SHOW DOWN ***
vestimokrec: shows [9s Qh] (a pair of Queens)
kvn52: shows [3s Qd] (two pair, Queens and Threes)
kvn52 collected $53.50 from pot
*** SUMMARY ***
Total pot $54 | Rake $0.50
Board [6s 3c 5s 8h Qs]
Seat 5: kvn52 (big blind) showed [3s Qd] and won ($53.50) with two pair, Queens and Threes
Seat 6: vestimokrec (button) (small blind) showed [9s Qh] and lost with a pair of Queens


PokerStars Hand #156467573966:  Hold'em Limit ($3/$6 USD) - 2016/07/26 11:00:04 ET
Table 'Amherstia' 6-max Seat #5 is the button
Seat 5: kvn52 ($76.58 in chips)
Seat 6: vestimokrec ($146.46 in chips)
kvn52: posts small blind $1
vestimokrec: posts big blind $3
*** HOLE CARDS ***
Agrotait leaves the table
kvn52: raises $3 to $6
vestimokrec: folds
Uncalled bet ($3) returned to kvn52
kvn52 collected $6 from pot
*** SUMMARY ***
Total pot $6 | Rake $0
Seat 5: kvn52 (button) (small blind) collected ($6)
Seat 6: vestimokrec (big blind) folded before Flop


PokerStars Hand #156467603846:  Hold'em Limit ($3/$6 USD) - 2016/07/26 11:01:02 ET
Table 'Amherstia' 6-max Seat #5 is the button
Seat 5: kvn52 ($106.08 in chips)
Seat 6: vestimokrec ($116.46 in chips)
kvn52: posts small blind $1
vestimokrec: posts big blind $3
*** HOLE CARDS ***
kvn52: calls $2
vestimokrec: raises $3 to $6
kvn52: calls $3
*** FLOP *** [Kh 7d 9s]
vestimokrec: bets $3
kvn52: raises $3 to $6
vestimokrec: calls $3
*** TURN *** [Kh 7d 9s] [Jh]
vestimokrec: checks
kvn52: bets $6
vestimokrec: raises $6 to $12
ralf64 joins the table at seat #3
kvn52: calls $6
*** RIVER *** [Kh 7d 9s Jh] [Ah]
vestimokrec: bets $6
kvn52: calls $6
*** SHOW DOWN ***
vestimokrec: shows [Ac Ad] (three of a kind, Aces)
kvn52: mucks hand
vestimokrec collected $59.50 from pot
*** SUMMARY ***
Total pot $60 | Rake $0.50
Board [Kh 7d 9s Jh Ah]
Seat 5: kvn52 (button) (small blind) mucked
Seat 6: vestimokrec (big blind) showed [Ac Ad] and won ($59.50) with three of a kind, Aces


PokerStars Hand #156470600138:  Hold'em Limit ($3/$6 USD) - 2016/07/26 12:23:34 ET
Table 'Amherstia' 6-max Seat #1 is the button
Seat 1: Chessnok ($320.52 in chips)
Seat 4: jackRizzar ($253.25 in chips)
Chessnok: posts small blind $1
jackRizzar: posts big blind $3
*** HOLE CARDS ***
Chessnok: raises $3 to $6
jackRizzar: calls $3
*** FLOP *** [8d Th 7s]
jackRizzar: checks
Chessnok: bets $3
jackRizzar: folds
Uncalled bet ($3) returned to Chessnok
Chessnok collected $11.76 from pot
Chessnok: doesn't show hand
*** SUMMARY ***
Total pot $12 | Rake $0.24
Board [8d Th 7s]
Seat 1: Chessnok (button) (small blind) collected ($11.76)
Seat 4: jackRizzar (big blind) folded on the Flop


PokerStars Hand #156471770994:  Hold'em Limit ($3/$6 USD) - 2016/07/26 12:52:47 ET
Table 'Amherstia' 6-max Seat #5 is the button
Seat 4: jackRizzar ($256.28 in chips)
Seat 5: Fabulous108 ($76.07 in chips)
Fabulous108: posts small blind $1
krossguard: is sitting out
jackRizzar: posts big blind $3
*** HOLE CARDS ***
Fabulous108: raises $3 to $6
krossguard leaves the table
jackRizzar: raises $3 to $9
Fabulous108: calls $3
*** FLOP *** [3h 4s As]
jackRizzar: bets $3
Fabulous108: calls $3
*** TURN *** [3h 4s As] [2c]
jackRizzar: checks
Fabulous108: checks
*** RIVER *** [3h 4s As 2c] [Qd]
jackRizzar: checks
Fabulous108: checks
*** SHOW DOWN ***
jackRizzar: shows [Th Js] (high card Ace)
Fabulous108: shows [4c Ks] (a pair of Fours)
Fabulous108 collected $23.52 from pot
*** SUMMARY ***
Total pot $24 | Rake $0.48
Board [3h 4s As 2c Qd]
Seat 4: jackRizzar (big blind) showed [Th Js] and lost with high card Ace
Seat 5: Fabulous108 (button) (small blind) showed [4c Ks] and won ($23.52) with a pair of Fours


PokerStars Hand #156476416418:  Hold'em Limit ($3/$6 USD) - 2016/07/26 14:42:22 ET
Table 'Amherstia' 6-max Seat #5 is the button
Seat 3: ralf64 ($127.15 in chips)
Seat 5: Fabulous108 ($154.82 in chips)
Fabulous108: posts small blind $1
BuzovaPro was removed from the table for failing to post
dokaten: is sitting out
ralf64: posts big blind $3
*** HOLE CARDS ***
Fabulous108: raises $3 to $6
kolaz03 joins the table at seat #6
ralf64: raises $3 to $9
kolaz03 leaves the table
Fabulous108: calls $3
*** FLOP *** [Td 5s 4s]
ralf64: bets $3
Fabulous108: raises $3 to $6
ralf64: raises $3 to $9
Fabulous108: calls $3
*** TURN *** [Td 5s 4s] [Qs]
ralf64: bets $6
Fabulous108: folds
Uncalled bet ($6) returned to ralf64
ralf64 collected $35.50 from pot
ralf64: doesn't show hand
*** SUMMARY ***
Total pot $36 | Rake $0.50
Board [Td 5s 4s Qs]
Seat 3: ralf64 (big blind) collected ($35.50)
Seat 5: Fabulous108 (button) (small blind) folded on the Turn


