PokerStars Hand #149060811504:  Hold'em Limit ($3/$6 USD) - 2016/02/19 9:15:47 ET
Table 'Amicitia' 10-max Seat #1 is the button
Seat 1: VolkovDmitri ($120 in chips)
Seat 6: Sir_Willems ($30 in chips)
Ale4o joins the table at seat #7
VolkovDmitri: posts small blind $1
Sir_Willems: posts big blind $3
*** HOLE CARDS ***
VolkovDmitri: raises $3 to $6
Sir_Willems: raises $3 to $9
VolkovDmitri: calls $3
*** FLOP *** [8d 9h 3s]
Sir_Willems: bets $3
VolkovDmitri: raises $3 to $6
Sir_Willems: raises $3 to $9
VolkovDmitri: calls $3
*** TURN *** [8d 9h 3s] [Js]
Sir_Willems: bets $6
VolkovDmitri: calls $6
*** RIVER *** [8d 9h 3s Js] [9c]
Sir_Willems: bets $6 and is all-in
VolkovDmitri: calls $6
*** SHOW DOWN ***
Sir_Willems: shows [Qs Ad] (a pair of Nines)
VolkovDmitri: shows [8c Qd] (two pair, Nines and Eights)
VolkovDmitri collected $59.50 from pot
*** SUMMARY ***
Total pot $60 | Rake $0.50
Board [8d 9h 3s Js 9c]
Seat 1: VolkovDmitri (button) (small blind) showed [8c Qd] and won ($59.50) with two pair, Nines and Eights
Seat 6: Sir_Willems (big blind) showed [Qs Ad] and lost with a pair of Nines


PokerStars Hand #149076667276:  Hold'em Limit ($3/$6 USD) - 2016/02/19 14:32:30 ET
Table 'Amicitia' 10-max Seat #1 is the button
Seat 1: SmellyToes4u ($56 in chips)
Seat 5: fugu82 ($120 in chips)
GRAILKO joins the table at seat #6
SmellyToes4u: posts small blind $1
fugu82: posts big blind $3
*** HOLE CARDS ***
SmellyToes4u: raises $3 to $6
fugu82: calls $3
*** FLOP *** [7d 2d 9s]
fugu82: checks
SmellyToes4u: bets $3
fugu82: raises $3 to $6
SmellyToes4u: calls $3
*** TURN *** [7d 2d 9s] [Qh]
fugu82: bets $6
SmellyToes4u: folds
Uncalled bet ($6) returned to fugu82
fugu82 collected $23.52 from pot
*** SUMMARY ***
Total pot $24 | Rake $0.48
Board [7d 2d 9s Qh]
Seat 1: SmellyToes4u (button) (small blind) folded on the Turn
Seat 5: fugu82 (big blind) collected ($23.52)


PokerStars Hand #149076803701:  Hold'em Limit ($3/$6 USD) - 2016/02/19 14:34:51 ET
Table 'Amicitia' 10-max Seat #5 is the button
Seat 1: SmellyToes4u ($14.71 in chips)
Seat 5: fugu82 ($128.13 in chips)
fugu82: posts small blind $1
GRAILKO: is sitting out
SmellyToes4u: posts big blind $3
*** HOLE CARDS ***
fugu82: folds
Uncalled bet ($2) returned to SmellyToes4u
SmellyToes4u collected $2 from pot
SmellyToes4u: doesn't show hand
*** SUMMARY ***
Total pot $2 | Rake $0
Seat 1: SmellyToes4u (big blind) collected ($2)
Seat 5: fugu82 (button) (small blind) folded before Flop


PokerStars Hand #149076824590:  Hold'em Limit ($3/$6 USD) - 2016/02/19 14:35:13 ET
Table 'Amicitia' 10-max Seat #5 is the button
Seat 5: fugu82 ($142.34 in chips)
Seat 6: GRAILKO ($229.20 in chips)
fugu82: posts small blind $1
GRAILKO: posts big blind $3
*** HOLE CARDS ***
fugu82: raises $3 to $6
GRAILKO: calls $3
*** FLOP *** [5h 9s 2d]
GRAILKO: checks
fugu82: bets $3
GRAILKO: folds
Uncalled bet ($3) returned to fugu82
fugu82 collected $11.76 from pot
*** SUMMARY ***
Total pot $12 | Rake $0.24
Board [5h 9s 2d]
Seat 5: fugu82 (button) (small blind) collected ($11.76)
Seat 6: GRAILKO (big blind) folded on the Flop


PokerStars Hand #149076808585:  Hold'em Limit ($3/$6 USD) - 2016/02/19 14:34:56 ET
Table 'Amicitia' 10-max Seat #1 is the button
Seat 1: SmellyToes4u ($15.71 in chips)
Seat 5: fugu82 ($127.13 in chips)
SmellyToes4u: posts small blind $1
fugu82: posts big blind $3
*** HOLE CARDS ***
SmellyToes4u: raises $3 to $6
fugu82: calls $3
*** FLOP *** [8h Js 3c]
fugu82: checks
SmellyToes4u: bets $3
fugu82: raises $3 to $6
SmellyToes4u: raises $3 to $9
fugu82: calls $3
*** TURN *** [8h Js 3c] [Ks]
fugu82: bets $6
SmellyToes4u: calls $0.71 and is all-in
Uncalled bet ($5.29) returned to fugu82
*** RIVER *** [8h Js 3c Ks] [4h]
*** SHOW DOWN ***
fugu82: shows [9c Jh] (a pair of Jacks)
SmellyToes4u: shows [Ac 9h] (high card Ace)
fugu82 collected $30.92 from pot
*** SUMMARY ***
Total pot $31.42 | Rake $0.50
Board [8h Js 3c Ks 4h]
Seat 1: SmellyToes4u (button) (small blind) showed [Ac 9h] and lost with high card Ace
Seat 5: fugu82 (big blind) showed [9c Jh] and won ($30.92) with a pair of Jacks


PokerStars Hand #149076930058:  Hold'em Limit ($3/$6 USD) - 2016/02/19 14:37:01 ET
Table 'Amicitia' 10-max Seat #5 is the button
Seat 1: SmellyToes4u ($65.17 in chips)
Seat 5: fugu82 ($163.58 in chips)
fugu82: posts small blind $1
SmellyToes4u: posts big blind $3
*** HOLE CARDS ***
fugu82: folds
Uncalled bet ($2) returned to SmellyToes4u
SmellyToes4u collected $2 from pot
SmellyToes4u: doesn't show hand
*** SUMMARY ***
Total pot $2 | Rake $0
Seat 1: SmellyToes4u (big blind) collected ($2)
Seat 5: fugu82 (button) (small blind) folded before Flop


PokerStars Hand #149076917134:  Hold'em Limit ($3/$6 USD) - 2016/02/19 14:36:48 ET
Table 'Amicitia' 10-max Seat #1 is the button
Seat 1: SmellyToes4u ($47.67 in chips)
Seat 5: fugu82 ($181.58 in chips)
SmellyToes4u: posts small blind $1
fugu82: posts big blind $3
*** HOLE CARDS ***
SmellyToes4u: raises $3 to $6
fugu82: raises $3 to $9
SmellyToes4u: calls $3
*** FLOP *** [7d Td Jh]
fugu82: bets $3
SmellyToes4u: calls $3
*** TURN *** [7d Td Jh] [Qc]
fugu82: bets $6
SmellyToes4u: raises $6 to $12
fugu82: folds
Uncalled bet ($6) returned to SmellyToes4u
SmellyToes4u collected $35.50 from pot
SmellyToes4u: doesn't show hand
*** SUMMARY ***
Total pot $36 | Rake $0.50
Board [7d Td Jh Qc]
Seat 1: SmellyToes4u (button) (small blind) collected ($35.50)
Seat 5: fugu82 (big blind) folded on the Turn


PokerStars Hand #149076908788:  Hold'em Limit ($3/$6 USD) - 2016/02/19 14:36:39 ET
Table 'Amicitia' 10-max Seat #1 is the button
Seat 1: SmellyToes4u ($47.67 in chips)
Seat 5: fugu82 ($181.58 in chips)
SmellyToes4u: posts small blind $1
fugu82: posts big blind $3
*** HOLE CARDS ***
SmellyToes4u: folds
Uncalled bet ($2) returned to fugu82
fugu82 collected $2 from pot
*** SUMMARY ***
Total pot $2 | Rake $0
Seat 1: SmellyToes4u (button) (small blind) folded before Flop
Seat 5: fugu82 (big blind) collected ($2)


PokerStars Hand #149076895113:  Hold'em Limit ($3/$6 USD) - 2016/02/19 14:36:25 ET
Table 'Amicitia' 10-max Seat #1 is the button
Seat 1: SmellyToes4u ($55.67 in chips)
Seat 5: fugu82 ($173.94 in chips)
SmellyToes4u: posts small blind $1
fugu82: posts big blind $3
*** HOLE CARDS ***
SmellyToes4u: raises $3 to $6
fugu82: calls $3
*** FLOP *** [Ah Jc 8c]
fugu82: checks
SmellyToes4u: bets $3
fugu82: raises $3 to $6
SmellyToes4u: folds
Uncalled bet ($3) returned to fugu82
fugu82 collected $17.64 from pot
*** SUMMARY ***
Total pot $18 | Rake $0.36
Board [Ah Jc 8c]
Seat 1: SmellyToes4u (button) (small blind) folded on the Flop
Seat 5: fugu82 (big blind) collected ($17.64)


PokerStars Hand #149076889392:  Hold'em Limit ($3/$6 USD) - 2016/02/19 14:36:19 ET
Table 'Amicitia' 10-max Seat #5 is the button
Seat 1: SmellyToes4u ($58.67 in chips)
Seat 5: fugu82 ($170.94 in chips)
fugu82: posts small blind $1
GRAILKO: is sitting out
SmellyToes4u: posts big blind $3
*** HOLE CARDS ***
fugu82: raises $3 to $6
SmellyToes4u: folds
Uncalled bet ($3) returned to fugu82
fugu82 collected $6 from pot
*** SUMMARY ***
Total pot $6 | Rake $0
Seat 1: SmellyToes4u (big blind) folded before Flop
Seat 5: fugu82 (button) (small blind) collected ($6)


PokerStars Hand #149076989722:  Hold'em Limit ($3/$6 USD) - 2016/02/19 14:38:03 ET
Table 'Amicitia' 10-max Seat #1 is the button
Seat 1: SmellyToes4u ($37.69 in chips)
Seat 5: fugu82 ($189.84 in chips)
SmellyToes4u: posts small blind $1
fugu82: posts big blind $3
*** HOLE CARDS ***
SmellyToes4u: folds
Uncalled bet ($2) returned to fugu82
fugu82 collected $2 from pot
*** SUMMARY ***
Total pot $2 | Rake $0
Seat 1: SmellyToes4u (button) (small blind) folded before Flop
Seat 5: fugu82 (big blind) collected ($2)


PokerStars Hand #149076985506:  Hold'em Limit ($3/$6 USD) - 2016/02/19 14:37:58 ET
Table 'Amicitia' 10-max Seat #5 is the button
Seat 1: SmellyToes4u ($36.69 in chips)
Seat 5: fugu82 ($190.84 in chips)
fugu82: posts small blind $1
SmellyToes4u: posts big blind $3
*** HOLE CARDS ***
fugu82: folds
Uncalled bet ($2) returned to SmellyToes4u
SmellyToes4u collected $2 from pot
SmellyToes4u: doesn't show hand
*** SUMMARY ***
Total pot $2 | Rake $0
Seat 1: SmellyToes4u (big blind) collected ($2)
Seat 5: fugu82 (button) (small blind) folded before Flop


PokerStars Hand #149076977027:  Hold'em Limit ($3/$6 USD) - 2016/02/19 14:37:50 ET
Table 'Amicitia' 10-max Seat #1 is the button
Seat 1: SmellyToes4u ($30.93 in chips)
Seat 5: fugu82 ($196.84 in chips)
SmellyToes4u: posts small blind $1
fugu82: posts big blind $3
*** HOLE CARDS ***
SmellyToes4u: raises $3 to $6
fugu82: calls $3
*** FLOP *** [Qd 5d As]
fugu82: checks
SmellyToes4u: bets $3
fugu82: folds
Uncalled bet ($3) returned to SmellyToes4u
SmellyToes4u collected $11.76 from pot
SmellyToes4u: doesn't show hand
*** SUMMARY ***
Total pot $12 | Rake $0.24
Board [Qd 5d As]
Seat 1: SmellyToes4u (button) (small blind) collected ($11.76)
Seat 5: fugu82 (big blind) folded on the Flop


PokerStars Hand #149076972692:  Hold'em Limit ($3/$6 USD) - 2016/02/19 14:37:45 ET
Table 'Amicitia' 10-max Seat #5 is the button
Seat 1: SmellyToes4u ($29.93 in chips)
Seat 5: fugu82 ($197.84 in chips)
fugu82: posts small blind $1
SmellyToes4u: posts big blind $3
*** HOLE CARDS ***
fugu82: folds
Uncalled bet ($2) returned to SmellyToes4u
SmellyToes4u collected $2 from pot
SmellyToes4u: doesn't show hand
*** SUMMARY ***
Total pot $2 | Rake $0
Seat 1: SmellyToes4u (big blind) collected ($2)
Seat 5: fugu82 (button) (small blind) folded before Flop


PokerStars Hand #149076963562:  Hold'em Limit ($3/$6 USD) - 2016/02/19 14:37:36 ET
Table 'Amicitia' 10-max Seat #1 is the button
Seat 1: SmellyToes4u ($24.17 in chips)
Seat 5: fugu82 ($203.84 in chips)
SmellyToes4u: posts small blind $1
fugu82: posts big blind $3
*** HOLE CARDS ***
SmellyToes4u: raises $3 to $6
fugu82: calls $3
*** FLOP *** [Ks 4h 6c]
fugu82: checks
SmellyToes4u: bets $3
fugu82: folds
Uncalled bet ($3) returned to SmellyToes4u
SmellyToes4u collected $11.76 from pot
SmellyToes4u: doesn't show hand
*** SUMMARY ***
Total pot $12 | Rake $0.24
Board [Ks 4h 6c]
Seat 1: SmellyToes4u (button) (small blind) collected ($11.76)
Seat 5: fugu82 (big blind) folded on the Flop


PokerStars Hand #149076951493:  Hold'em Limit ($3/$6 USD) - 2016/02/19 14:37:23 ET
Table 'Amicitia' 10-max Seat #5 is the button
Seat 1: SmellyToes4u ($30.17 in chips)
Seat 5: fugu82 ($198.08 in chips)
fugu82: posts small blind $1
SmellyToes4u: posts big blind $3
*** HOLE CARDS ***
fugu82: raises $3 to $6
SmellyToes4u: calls $3
*** FLOP *** [9d Kd 2s]
SmellyToes4u: checks
fugu82: bets $3
SmellyToes4u: folds
Uncalled bet ($3) returned to fugu82
fugu82 collected $11.76 from pot
*** SUMMARY ***
Total pot $12 | Rake $0.24
Board [9d Kd 2s]
Seat 1: SmellyToes4u (big blind) folded on the Flop
Seat 5: fugu82 (button) (small blind) collected ($11.76)


PokerStars Hand #149076934506:  Hold'em Limit ($3/$6 USD) - 2016/02/19 14:37:06 ET
Table 'Amicitia' 10-max Seat #1 is the button
Seat 1: SmellyToes4u ($66.17 in chips)
Seat 5: fugu82 ($162.58 in chips)
SmellyToes4u: posts small blind $1
fugu82: posts big blind $3
*** HOLE CARDS ***
SmellyToes4u: raises $3 to $6
fugu82: raises $3 to $9
SmellyToes4u: calls $3
*** FLOP *** [Qc Qd Js]
fugu82: bets $3
SmellyToes4u: calls $3
*** TURN *** [Qc Qd Js] [Ad]
fugu82: bets $6
SmellyToes4u: calls $6
*** RIVER *** [Qc Qd Js Ad] [Th]
fugu82: bets $6
SmellyToes4u: raises $6 to $12
fugu82: raises $6 to $18
SmellyToes4u: calls $6
*** SHOW DOWN ***
fugu82: shows [Ah Qs] (a full house, Queens full of Aces)
SmellyToes4u: mucks hand
fugu82 collected $71.50 from pot
*** SUMMARY ***
Total pot $72 | Rake $0.50
Board [Qc Qd Js Ad Th]
Seat 1: SmellyToes4u (button) (small blind) mucked
Seat 5: fugu82 (big blind) showed [Ah Qs] and won ($71.50) with a full house, Queens full of Aces


PokerStars Hand #149077047740:  Hold'em Limit ($3/$6 USD) - 2016/02/19 14:39:03 ET
Table 'Amicitia' 10-max Seat #5 is the button
Seat 1: SmellyToes4u ($83.69 in chips)
Seat 5: fugu82 ($142.84 in chips)
fugu82: posts small blind $1
SmellyToes4u: posts big blind $3
*** HOLE CARDS ***
fugu82: raises $3 to $6
SmellyToes4u: folds
Uncalled bet ($3) returned to fugu82
fugu82 collected $6 from pot
*** SUMMARY ***
Total pot $6 | Rake $0
Seat 1: SmellyToes4u (big blind) folded before Flop
Seat 5: fugu82 (button) (small blind) collected ($6)


PokerStars Hand #149077029957:  Hold'em Limit ($3/$6 USD) - 2016/02/19 14:38:44 ET
Table 'Amicitia' 10-max Seat #1 is the button
Seat 1: SmellyToes4u ($60.19 in chips)
Seat 5: fugu82 ($166.84 in chips)
SmellyToes4u: posts small blind $1
fugu82: posts big blind $3
*** HOLE CARDS ***
SmellyToes4u: raises $3 to $6
fugu82: calls $3
*** FLOP *** [6c 9s 2s]
fugu82: checks
SmellyToes4u: bets $3
fugu82: raises $3 to $6
SmellyToes4u: calls $3
*** TURN *** [6c 9s 2s] [Tc]
fugu82: bets $6
SmellyToes4u: calls $6
*** RIVER *** [6c 9s 2s Tc] [Qc]
fugu82: checks
SmellyToes4u: bets $6
fugu82: calls $6
*** SHOW DOWN ***
SmellyToes4u: shows [9d 8s] (a pair of Nines)
fugu82: mucks hand
SmellyToes4u collected $47.50 from pot
*** SUMMARY ***
Total pot $48 | Rake $0.50
Board [6c 9s 2s Tc Qc]
Seat 1: SmellyToes4u (button) (small blind) showed [9d 8s] and won ($47.50) with a pair of Nines
Seat 5: fugu82 (big blind) mucked


PokerStars Hand #149077025154:  Hold'em Limit ($3/$6 USD) - 2016/02/19 14:38:39 ET
Table 'Amicitia' 10-max Seat #5 is the button
Seat 1: SmellyToes4u ($63.19 in chips)
Seat 5: fugu82 ($163.84 in chips)
fugu82: posts small blind $1
SmellyToes4u: posts big blind $3
*** HOLE CARDS ***
fugu82: raises $3 to $6
SmellyToes4u: folds
Uncalled bet ($3) returned to fugu82
fugu82 collected $6 from pot
*** SUMMARY ***
Total pot $6 | Rake $0
Seat 1: SmellyToes4u (big blind) folded before Flop
Seat 5: fugu82 (button) (small blind) collected ($6)


PokerStars Hand #149077020415:  Hold'em Limit ($3/$6 USD) - 2016/02/19 14:38:35 ET
Table 'Amicitia' 10-max Seat #1 is the button
Seat 1: SmellyToes4u ($60.19 in chips)
Seat 5: fugu82 ($166.84 in chips)
SmellyToes4u: posts small blind $1
fugu82: posts big blind $3
*** HOLE CARDS ***
SmellyToes4u: raises $3 to $6
fugu82: folds
Uncalled bet ($3) returned to SmellyToes4u
SmellyToes4u collected $6 from pot
SmellyToes4u: doesn't show hand
*** SUMMARY ***
Total pot $6 | Rake $0
Seat 1: SmellyToes4u (button) (small blind) collected ($6)
Seat 5: fugu82 (big blind) folded before Flop


PokerStars Hand #149077016079:  Hold'em Limit ($3/$6 USD) - 2016/02/19 14:38:30 ET
Table 'Amicitia' 10-max Seat #5 is the button
Seat 1: SmellyToes4u ($59.19 in chips)
Seat 5: fugu82 ($167.84 in chips)
fugu82: posts small blind $1
SmellyToes4u: posts big blind $3
*** HOLE CARDS ***
fugu82: folds
Uncalled bet ($2) returned to SmellyToes4u
SmellyToes4u collected $2 from pot
SmellyToes4u: doesn't show hand
*** SUMMARY ***
Total pot $2 | Rake $0
Seat 1: SmellyToes4u (big blind) collected ($2)
Seat 5: fugu82 (button) (small blind) folded before Flop


PokerStars Hand #149077010760:  Hold'em Limit ($3/$6 USD) - 2016/02/19 14:38:24 ET
Table 'Amicitia' 10-max Seat #1 is the button
Seat 1: SmellyToes4u ($60.19 in chips)
Seat 5: fugu82 ($166.84 in chips)
SmellyToes4u: posts small blind $1
fugu82: posts big blind $3
*** HOLE CARDS ***
SmellyToes4u: folds
Uncalled bet ($2) returned to fugu82
fugu82 collected $2 from pot
*** SUMMARY ***
Total pot $2 | Rake $0
Seat 1: SmellyToes4u (button) (small blind) folded before Flop
Seat 5: fugu82 (big blind) collected ($2)


PokerStars Hand #149076995380:  Hold'em Limit ($3/$6 USD) - 2016/02/19 14:38:09 ET
Table 'Amicitia' 10-max Seat #5 is the button
Seat 1: SmellyToes4u ($36.69 in chips)
Seat 5: fugu82 ($190.84 in chips)
fugu82: posts small blind $1
SmellyToes4u: posts big blind $3
*** HOLE CARDS ***
fugu82: raises $3 to $6
SmellyToes4u: calls $3
*** FLOP *** [7h Jc 7d]
SmellyToes4u: checks
fugu82: bets $3
SmellyToes4u: raises $3 to $6
fugu82: calls $3
*** TURN *** [7h Jc 7d] [Ad]
SmellyToes4u: bets $6
fugu82: raises $6 to $12
SmellyToes4u: raises $6 to $18
fugu82: folds
Uncalled bet ($6) returned to SmellyToes4u
SmellyToes4u collected $47.50 from pot
SmellyToes4u: doesn't show hand
*** SUMMARY ***
Total pot $48 | Rake $0.50
Board [7h Jc 7d Ad]
Seat 1: SmellyToes4u (big blind) collected ($47.50)
Seat 5: fugu82 (button) (small blind) folded on the Turn


PokerStars Hand #149077093831:  Hold'em Limit ($3/$6 USD) - 2016/02/19 14:39:50 ET
Table 'Amicitia' 10-max Seat #1 is the button
Seat 1: SmellyToes4u ($60.45 in chips)
Seat 5: fugu82 ($165.34 in chips)
SmellyToes4u: posts small blind $1
fugu82: posts big blind $3
*** HOLE CARDS ***
SmellyToes4u: raises $3 to $6
fugu82: calls $3
*** FLOP *** [9d 2d Ks]
fugu82: checks
SmellyToes4u: bets $3
fugu82: folds
Uncalled bet ($3) returned to SmellyToes4u
SmellyToes4u collected $11.76 from pot
SmellyToes4u: doesn't show hand
*** SUMMARY ***
Total pot $12 | Rake $0.24
Board [9d 2d Ks]
Seat 1: SmellyToes4u (button) (small blind) collected ($11.76)
Seat 5: fugu82 (big blind) folded on the Flop


PokerStars Hand #149077087783:  Hold'em Limit ($3/$6 USD) - 2016/02/19 14:39:44 ET
Table 'Amicitia' 10-max Seat #5 is the button
Seat 1: SmellyToes4u ($63.45 in chips)
Seat 5: fugu82 ($162.34 in chips)
fugu82: posts small blind $1
SmellyToes4u: posts big blind $3
*** HOLE CARDS ***
fugu82: raises $3 to $6
SmellyToes4u: folds
Uncalled bet ($3) returned to fugu82
fugu82 collected $6 from pot
*** SUMMARY ***
Total pot $6 | Rake $0
Seat 1: SmellyToes4u (big blind) folded before Flop
Seat 5: fugu82 (button) (small blind) collected ($6)


PokerStars Hand #149077076162:  Hold'em Limit ($3/$6 USD) - 2016/02/19 14:39:32 ET
Table 'Amicitia' 10-max Seat #1 is the button
Seat 1: SmellyToes4u ($87.45 in chips)
Seat 5: fugu82 ($138.84 in chips)
SmellyToes4u: posts small blind $1
fugu82: posts big blind $3
*** HOLE CARDS ***
SmellyToes4u: raises $3 to $6
fugu82: raises $3 to $9
SmellyToes4u: calls $3
*** FLOP *** [2h Jd 7d]
fugu82: bets $3
SmellyToes4u: calls $3
*** TURN *** [2h Jd 7d] [4d]
fugu82: bets $6
SmellyToes4u: calls $6
*** RIVER *** [2h Jd 7d 4d] [Ts]
fugu82: bets $6
SmellyToes4u: calls $6
*** SHOW DOWN ***
fugu82: shows [As Ac] (a pair of Aces)
SmellyToes4u: mucks hand
fugu82 collected $47.50 from pot
*** SUMMARY ***
Total pot $48 | Rake $0.50
Board [2h Jd 7d 4d Ts]
Seat 1: SmellyToes4u (button) (small blind) mucked
Seat 5: fugu82 (big blind) showed [As Ac] and won ($47.50) with a pair of Aces


PokerStars Hand #149077071744:  Hold'em Limit ($3/$6 USD) - 2016/02/19 14:39:28 ET
Table 'Amicitia' 10-max Seat #5 is the button
Seat 1: SmellyToes4u ($86.45 in chips)
Seat 5: fugu82 ($139.84 in chips)
fugu82: posts small blind $1
SmellyToes4u: posts big blind $3
*** HOLE CARDS ***
fugu82: folds
Uncalled bet ($2) returned to SmellyToes4u
SmellyToes4u collected $2 from pot
SmellyToes4u: doesn't show hand
*** SUMMARY ***
Total pot $2 | Rake $0
Seat 1: SmellyToes4u (big blind) collected ($2)
Seat 5: fugu82 (button) (small blind) folded before Flop


PokerStars Hand #149077067266:  Hold'em Limit ($3/$6 USD) - 2016/02/19 14:39:23 ET
Table 'Amicitia' 10-max Seat #1 is the button
Seat 1: SmellyToes4u ($87.45 in chips)
Seat 5: fugu82 ($138.84 in chips)
SmellyToes4u: posts small blind $1
fugu82: posts big blind $3
*** HOLE CARDS ***
SmellyToes4u: folds
Uncalled bet ($2) returned to fugu82
fugu82 collected $2 from pot
*** SUMMARY ***
Total pot $2 | Rake $0
Seat 1: SmellyToes4u (button) (small blind) folded before Flop
Seat 5: fugu82 (big blind) collected ($2)


PokerStars Hand #149077062955:  Hold'em Limit ($3/$6 USD) - 2016/02/19 14:39:19 ET
Table 'Amicitia' 10-max Seat #5 is the button
Seat 1: SmellyToes4u ($86.45 in chips)
Seat 5: fugu82 ($139.84 in chips)
fugu82: posts small blind $1
SmellyToes4u: posts big blind $3
*** HOLE CARDS ***
fugu82: folds
Uncalled bet ($2) returned to SmellyToes4u
SmellyToes4u collected $2 from pot
SmellyToes4u: doesn't show hand
*** SUMMARY ***
Total pot $2 | Rake $0
Seat 1: SmellyToes4u (big blind) collected ($2)
Seat 5: fugu82 (button) (small blind) folded before Flop


PokerStars Hand #149077053807:  Hold'em Limit ($3/$6 USD) - 2016/02/19 14:39:09 ET
Table 'Amicitia' 10-max Seat #1 is the button
Seat 1: SmellyToes4u ($80.69 in chips)
Seat 5: fugu82 ($145.84 in chips)
SmellyToes4u: posts small blind $1
fugu82: posts big blind $3
*** HOLE CARDS ***
SmellyToes4u: raises $3 to $6
fugu82: calls $3
*** FLOP *** [As 2h 2c]
fugu82: checks
SmellyToes4u: bets $3
fugu82: folds
Uncalled bet ($3) returned to SmellyToes4u
SmellyToes4u collected $11.76 from pot
SmellyToes4u: doesn't show hand
*** SUMMARY ***
Total pot $12 | Rake $0.24
Board [As 2h 2c]
Seat 1: SmellyToes4u (button) (small blind) collected ($11.76)
Seat 5: fugu82 (big blind) folded on the Flop


PokerStars Hand #149077153155:  Hold'em Limit ($3/$6 USD) - 2016/02/19 14:40:52 ET
Table 'Amicitia' 10-max Seat #5 is the button
Seat 1: SmellyToes4u ($56 in chips)
Seat 5: fugu82 ($207.84 in chips)
fugu82: posts small blind $1
SmellyToes4u: posts big blind $3
*** HOLE CARDS ***
fugu82: raises $3 to $6
SmellyToes4u: calls $3
*** FLOP *** [7c Tc 2s]
SmellyToes4u: checks
fugu82: bets $3
SmellyToes4u: folds
Uncalled bet ($3) returned to fugu82
fugu82 collected $11.76 from pot
*** SUMMARY ***
Total pot $12 | Rake $0.24
Board [7c Tc 2s]
Seat 1: SmellyToes4u (big blind) folded on the Flop
Seat 5: fugu82 (button) (small blind) collected ($11.76)


PokerStars Hand #149077138377:  Hold'em Limit ($3/$6 USD) - 2016/02/19 14:40:36 ET
Table 'Amicitia' 10-max Seat #1 is the button
Seat 1: SmellyToes4u ($57 in chips)
Seat 5: fugu82 ($193.34 in chips)
SmellyToes4u: posts small blind $1
fugu82: posts big blind $3
*** HOLE CARDS ***
SmellyToes4u: raises $3 to $6
fugu82: calls $3
*** FLOP *** [Qd 6d 3c]
fugu82: checks
SmellyToes4u: bets $3
fugu82: calls $3
*** TURN *** [Qd 6d 3c] [4c]
fugu82: checks
SmellyToes4u: bets $6
fugu82: calls $6
*** RIVER *** [Qd 6d 3c 4c] [5c]
fugu82: bets $6
SmellyToes4u: folds
Uncalled bet ($6) returned to fugu82
fugu82 collected $29.50 from pot
*** SUMMARY ***
Total pot $30 | Rake $0.50
Board [Qd 6d 3c 4c 5c]
Seat 1: SmellyToes4u (button) (small blind) folded on the River
Seat 5: fugu82 (big blind) collected ($29.50)


PokerStars Hand #149077134164:  Hold'em Limit ($3/$6 USD) - 2016/02/19 14:40:32 ET
Table 'Amicitia' 10-max Seat #5 is the button
Seat 1: SmellyToes4u ($56 in chips)
Seat 5: fugu82 ($194.34 in chips)
fugu82: posts small blind $1
SmellyToes4u: posts big blind $3
*** HOLE CARDS ***
fugu82: folds
Uncalled bet ($2) returned to SmellyToes4u
SmellyToes4u collected $2 from pot
SmellyToes4u: doesn't show hand
*** SUMMARY ***
Total pot $2 | Rake $0
Seat 1: SmellyToes4u (big blind) collected ($2)
Seat 5: fugu82 (button) (small blind) folded before Flop


PokerStars Hand #149077117765:  Hold'em Limit ($3/$6 USD) - 2016/02/19 14:40:15 ET
Table 'Amicitia' 10-max Seat #1 is the button
Seat 1: SmellyToes4u ($56 in chips)
Seat 5: fugu82 ($179.84 in chips)
SmellyToes4u: posts small blind $1
fugu82: posts big blind $3
*** HOLE CARDS ***
SmellyToes4u: raises $3 to $6
fugu82: calls $3
*** FLOP *** [6d Jh 6s]
fugu82: checks
SmellyToes4u: bets $3
fugu82: calls $3
*** TURN *** [6d Jh 6s] [7h]
fugu82: checks
SmellyToes4u: checks
*** RIVER *** [6d Jh 6s 7h] [8c]
fugu82: bets $6
SmellyToes4u: calls $6
*** SHOW DOWN ***
fugu82: shows [8s Qs] (two pair, Eights and Sixes)
SmellyToes4u: mucks hand
fugu82 collected $29.50 from pot
*** SUMMARY ***
Total pot $30 | Rake $0.50
Board [6d Jh 6s 7h 8c]
Seat 1: SmellyToes4u (button) (small blind) mucked
Seat 5: fugu82 (big blind) showed [8s Qs] and won ($29.50) with two pair, Eights and Sixes


PokerStars Hand #149077103688:  Hold'em Limit ($3/$6 USD) - 2016/02/19 14:40:01 ET
Table 'Amicitia' 10-max Seat #5 is the button
Seat 1: SmellyToes4u ($66.21 in chips)
Seat 5: fugu82 ($159.34 in chips)
fugu82: posts small blind $1
SmellyToes4u: posts big blind $3
*** HOLE CARDS ***
fugu82: raises $3 to $6
SmellyToes4u: calls $3
*** FLOP *** [Js 4s 5d]
SmellyToes4u: checks
fugu82: bets $3
SmellyToes4u: calls $3
*** TURN *** [Js 4s 5d] [5h]
SmellyToes4u: checks
fugu82: bets $6
SmellyToes4u: calls $6
*** RIVER *** [Js 4s 5d 5h] [8h]
SmellyToes4u: checks
fugu82: bets $6
SmellyToes4u: calls $6
*** SHOW DOWN ***
fugu82: shows [5s Kd] (three of a kind, Fives)
SmellyToes4u: mucks hand
fugu82 collected $41.50 from pot
*** SUMMARY ***
Total pot $42 | Rake $0.50
Board [Js 4s 5d 5h 8h]
Seat 1: SmellyToes4u (big blind) mucked
Seat 5: fugu82 (button) (small blind) showed [5s Kd] and won ($41.50) with three of a kind, Fives


PokerStars Hand #149077221650:  Hold'em Limit ($3/$6 USD) - 2016/02/19 14:42:02 ET
Table 'Amicitia' 10-max Seat #1 is the button
Seat 1: SmellyToes4u ($101 in chips)
Seat 5: fugu82 ($167.36 in chips)
SmellyToes4u: posts small blind $1
fugu82: posts big blind $3
*** HOLE CARDS ***
SmellyToes4u: folds
Uncalled bet ($2) returned to fugu82
fugu82 collected $2 from pot
*** SUMMARY ***
Total pot $2 | Rake $0
Seat 1: SmellyToes4u (button) (small blind) folded before Flop
Seat 5: fugu82 (big blind) collected ($2)


PokerStars Hand #149077210841:  Hold'em Limit ($3/$6 USD) - 2016/02/19 14:41:51 ET
Table 'Amicitia' 10-max Seat #5 is the button
Seat 1: SmellyToes4u ($107 in chips)
Seat 5: fugu82 ($161.60 in chips)
fugu82: posts small blind $1
SmellyToes4u: posts big blind $3
*** HOLE CARDS ***
fugu82: raises $3 to $6
SmellyToes4u: calls $3
*** FLOP *** [Td 2h 2c]
SmellyToes4u: checks
fugu82: bets $3
SmellyToes4u: folds
Uncalled bet ($3) returned to fugu82
fugu82 collected $11.76 from pot
*** SUMMARY ***
Total pot $12 | Rake $0.24
Board [Td 2h 2c]
Seat 1: SmellyToes4u (big blind) folded on the Flop
Seat 5: fugu82 (button) (small blind) collected ($11.76)


PokerStars Hand #149077194174:  Hold'em Limit ($3/$6 USD) - 2016/02/19 14:41:34 ET
Table 'Amicitia' 10-max Seat #1 is the button
Seat 1: SmellyToes4u ($77.50 in chips)
Seat 5: fugu82 ($191.60 in chips)
SmellyToes4u: posts small blind $1
fugu82: posts big blind $3
*** HOLE CARDS ***
SmellyToes4u: raises $3 to $6
fugu82: calls $3
*** FLOP *** [5d 8d 2c]
fugu82: checks
SmellyToes4u: bets $3
fugu82: raises $3 to $6
SmellyToes4u: calls $3
*** TURN *** [5d 8d 2c] [9h]
fugu82: bets $6
SmellyToes4u: raises $6 to $12
fugu82: calls $6
*** RIVER *** [5d 8d 2c 9h] [Kc]
fugu82: checks
SmellyToes4u: bets $6
fugu82: calls $6
*** SHOW DOWN ***
SmellyToes4u: shows [7h 9d] (a pair of Nines)
fugu82: mucks hand
SmellyToes4u collected $59.50 from pot
*** SUMMARY ***
Total pot $60 | Rake $0.50
Board [5d 8d 2c 9h Kc]
Seat 1: SmellyToes4u (button) (small blind) showed [7h 9d] and won ($59.50) with a pair of Nines
Seat 5: fugu82 (big blind) mucked


PokerStars Hand #149077189977:  Hold'em Limit ($3/$6 USD) - 2016/02/19 14:41:30 ET
Table 'Amicitia' 10-max Seat #5 is the button
Seat 1: SmellyToes4u ($76.50 in chips)
Seat 5: fugu82 ($192.60 in chips)
fugu82: posts small blind $1
SmellyToes4u: posts big blind $3
*** HOLE CARDS ***
fugu82: folds
Uncalled bet ($2) returned to SmellyToes4u
SmellyToes4u collected $2 from pot
SmellyToes4u: doesn't show hand
*** SUMMARY ***
Total pot $2 | Rake $0
Seat 1: SmellyToes4u (big blind) collected ($2)
Seat 5: fugu82 (button) (small blind) folded before Flop


PokerStars Hand #149077185139:  Hold'em Limit ($3/$6 USD) - 2016/02/19 14:41:25 ET
Table 'Amicitia' 10-max Seat #1 is the button
Seat 1: SmellyToes4u ($73.50 in chips)
Seat 5: fugu82 ($195.60 in chips)
SmellyToes4u: posts small blind $1
fugu82: posts big blind $3
*** HOLE CARDS ***
SmellyToes4u: raises $3 to $6
fugu82: folds
Uncalled bet ($3) returned to SmellyToes4u
SmellyToes4u collected $6 from pot
SmellyToes4u: doesn't show hand
*** SUMMARY ***
Total pot $6 | Rake $0
Seat 1: SmellyToes4u (button) (small blind) collected ($6)
Seat 5: fugu82 (big blind) folded before Flop


PokerStars Hand #149077176143:  Hold'em Limit ($3/$6 USD) - 2016/02/19 14:41:16 ET
Table 'Amicitia' 10-max Seat #5 is the button
Seat 1: SmellyToes4u ($76.50 in chips)
Seat 5: fugu82 ($192.60 in chips)
fugu82: posts small blind $1
SmellyToes4u: posts big blind $3
*** HOLE CARDS ***
fugu82: raises $3 to $6
SmellyToes4u: folds
Uncalled bet ($3) returned to fugu82
fugu82 collected $6 from pot
*** SUMMARY ***
Total pot $6 | Rake $0
Seat 1: SmellyToes4u (big blind) folded before Flop
Seat 5: fugu82 (button) (small blind) collected ($6)


PokerStars Hand #149077160464:  Hold'em Limit ($3/$6 USD) - 2016/02/19 14:40:59 ET
Table 'Amicitia' 10-max Seat #1 is the button
Seat 1: SmellyToes4u ($56 in chips)
Seat 5: fugu82 ($213.60 in chips)
SmellyToes4u: posts small blind $1
fugu82: posts big blind $3
*** HOLE CARDS ***
SmellyToes4u: raises $3 to $6
fugu82: calls $3
*** FLOP *** [7d Js 2c]
fugu82: checks
SmellyToes4u: bets $3
fugu82: raises $3 to $6
SmellyToes4u: raises $3 to $9
fugu82: calls $3
*** TURN *** [7d Js 2c] [Jh]
fugu82: checks
SmellyToes4u: bets $6
fugu82: calls $6
*** RIVER *** [7d Js 2c Jh] [6s]
fugu82: checks
SmellyToes4u: checks
*** SHOW DOWN ***
fugu82: shows [9c 8c] (a pair of Jacks)
SmellyToes4u: shows [Ad 3c] (a pair of Jacks - Ace kicker)
SmellyToes4u collected $41.50 from pot
*** SUMMARY ***
Total pot $42 | Rake $0.50
Board [7d Js 2c Jh 6s]
Seat 1: SmellyToes4u (button) (small blind) showed [Ad 3c] and won ($41.50) with a pair of Jacks
Seat 5: fugu82 (big blind) showed [9c 8c] and lost with a pair of Jacks


PokerStars Hand #149077266386:  Hold'em Limit ($3/$6 USD) - 2016/02/19 14:42:49 ET
Table 'Amicitia' 10-max Seat #1 is the button
Seat 1: SmellyToes4u ($68.75 in chips)
Seat 2: bellababy ($150.50 in chips)
SmellyToes4u: posts small blind $1
bellababy: posts big blind $3
*** HOLE CARDS ***
SmellyToes4u: folds
Uncalled bet ($2) returned to bellababy
bellababy collected $2 from pot
bellababy: doesn't show hand
*** SUMMARY ***
Total pot $2 | Rake $0
Seat 1: SmellyToes4u (button) (small blind) folded before Flop
Seat 2: bellababy (big blind) collected ($2)


PokerStars Hand #149077247474:  Hold'em Limit ($3/$6 USD) - 2016/02/19 14:42:29 ET
Table 'Amicitia' 10-max Seat #2 is the button
Seat 1: SmellyToes4u ($98.75 in chips)
Seat 2: bellababy ($121 in chips)
GRAILKO leaves the table
bellababy: posts small blind $1
SmellyToes4u: posts big blind $3
*** HOLE CARDS ***
bellababy: raises $3 to $6
rynkeapen joins the table at seat #7
SmellyToes4u: calls $3
*** FLOP *** [Jd 4s 6d]
SmellyToes4u: checks
GRAILKO joins the table at seat #3
bellababy: bets $3
SmellyToes4u: raises $3 to $6
bellababy: calls $3
*** TURN *** [Jd 4s 6d] [9d]
SmellyToes4u: bets $6
bellababy: raises $6 to $12
SmellyToes4u: calls $6
*** RIVER *** [Jd 4s 6d 9d] [5h]
SmellyToes4u: checks
bellababy: bets $6
SmellyToes4u: calls $6
*** SHOW DOWN ***
bellababy: shows [9h Jh] (two pair, Jacks and Nines)
SmellyToes4u: mucks hand
bellababy collected $59.50 from pot
*** SUMMARY ***
Total pot $60 | Rake $0.50
Board [Jd 4s 6d 9d 5h]
Seat 1: SmellyToes4u (big blind) mucked
Seat 2: bellababy (button) (small blind) showed [9h Jh] and won ($59.50) with two pair, Jacks and Nines


PokerStars Hand #149077225707:  Hold'em Limit ($3/$6 USD) - 2016/02/19 14:42:07 ET
Table 'Amicitia' 10-max Seat #5 is the button
Seat 1: SmellyToes4u ($100 in chips)
Seat 5: fugu82 ($168.36 in chips)
fugu82: posts small blind $1
SmellyToes4u: posts big blind $3
*** HOLE CARDS ***
fugu82: raises $3 to $6
SmellyToes4u: calls $3
*** FLOP *** [Kc 5d 5h]
SmellyToes4u: checks
fugu82: bets $3
SmellyToes4u: calls $3
*** TURN *** [Kc 5d 5h] [9s]
SmellyToes4u: checks
fugu82: bets $6
SmellyToes4u: calls $6
*** RIVER *** [Kc 5d 5h 9s] [9d]
SmellyToes4u: checks
fugu82: bets $6
bellababy joins the table at seat #2
SmellyToes4u: calls $6
*** SHOW DOWN ***
fugu82: shows [2s Ks] (two pair, Kings and Nines)
SmellyToes4u: shows [Kd 3c] (two pair, Kings and Nines)
SmellyToes4u collected $20.75 from pot
fugu82 collected $20.75 from pot
*** SUMMARY ***
Total pot $42 | Rake $0.50
Board [Kc 5d 5h 9s 9d]
Seat 1: SmellyToes4u (big blind) showed [Kd 3c] and won ($20.75) with two pair, Kings and Nines
Seat 5: fugu82 (button) (small blind) showed [2s Ks] and won ($20.75) with two pair, Kings and Nines


