PokerStars Hand #161344715977:  Hold'em Limit ($3/$6 USD) - 2016/11/13 12:37:34 ET
Table 'Amicitia' 6-max Seat #6 is the button
Seat 3: Artachok ($97.64 in chips)
Seat 6: jackRizzar ($172 in chips)
jackRizzar: posts small blind $1
Artachok: posts big blind $3
*** HOLE CARDS ***
jackRizzar: raises $3 to $6
Artachok: folds
Uncalled bet ($3) returned to jackRizzar
jackRizzar collected $6 from pot
jackRizzar: doesn't show hand
*** SUMMARY ***
Total pot $6 | Rake $0
Seat 3: Artachok (big blind) folded before Flop
Seat 6: jackRizzar (button) (small blind) collected ($6)


PokerStars Hand #161344768785:  Hold'em Limit ($3/$6 USD) - 2016/11/13 12:38:30 ET
Table 'Amicitia' 6-max Seat #3 is the button
Seat 3: Artachok ($92.16 in chips)
Seat 6: jackRizzar ($176.40 in chips)
Artachok: posts small blind $1
jackRizzar: posts big blind $3
*** HOLE CARDS ***
Artachok: raises $3 to $6
jackRizzar: calls $3
*** FLOP *** [4c 8h As]
jackRizzar: checks
Artachok: bets $3
jackRizzar: folds
Uncalled bet ($3) returned to Artachok
Artachok collected $11.76 from pot
Artachok: doesn't show hand
*** SUMMARY ***
Total pot $12 | Rake $0.24
Board [4c 8h As]
Seat 3: Artachok (button) (small blind) collected ($11.76)
Seat 6: jackRizzar (big blind) folded on the Flop


PokerStars Hand #161344763743:  Hold'em Limit ($3/$6 USD) - 2016/11/13 12:38:25 ET
Table 'Amicitia' 6-max Seat #6 is the button
Seat 3: Artachok ($91.16 in chips)
Seat 6: jackRizzar ($177.40 in chips)
jackRizzar: posts small blind $1
Artachok: posts big blind $3
*** HOLE CARDS ***
jackRizzar: folds
Uncalled bet ($2) returned to Artachok
Artachok collected $2 from pot
Artachok: doesn't show hand
*** SUMMARY ***
Total pot $2 | Rake $0
Seat 3: Artachok (big blind) collected ($2)
Seat 6: jackRizzar (button) (small blind) folded before Flop


PokerStars Hand #161344751468:  Hold'em Limit ($3/$6 USD) - 2016/11/13 12:38:12 ET
Table 'Amicitia' 6-max Seat #3 is the button
Seat 3: Artachok ($97.16 in chips)
Seat 6: jackRizzar ($171.64 in chips)
Artachok: posts small blind $1
jackRizzar: posts big blind $3
*** HOLE CARDS ***
Artachok: raises $3 to $6
jackRizzar: calls $3
*** FLOP *** [5d Qs Js]
jackRizzar: checks
Artachok: checks
*** TURN *** [5d Qs Js] [3d]
jackRizzar: bets $6
Artachok: folds
Uncalled bet ($6) returned to jackRizzar
jackRizzar collected $11.76 from pot
jackRizzar: doesn't show hand
*** SUMMARY ***
Total pot $12 | Rake $0.24
Board [5d Qs Js 3d]
Seat 3: Artachok (button) (small blind) folded on the Turn
Seat 6: jackRizzar (big blind) collected ($11.76)


PokerStars Hand #161344734549:  Hold'em Limit ($3/$6 USD) - 2016/11/13 12:37:54 ET
Table 'Amicitia' 6-max Seat #6 is the button
Seat 3: Artachok ($85.64 in chips)
Seat 6: jackRizzar ($183.64 in chips)
jackRizzar: posts small blind $1
Artachok: posts big blind $3
*** HOLE CARDS ***
jackRizzar: raises $3 to $6
Artachok: raises $3 to $9
jackRizzar: calls $3
*** FLOP *** [Kd Ah Tc]
Artachok: bets $3
jackRizzar: calls $3
*** TURN *** [Kd Ah Tc] [6s]
Artachok: bets $6
jackRizzar: folds
Uncalled bet ($6) returned to Artachok
Artachok collected $23.52 from pot
Artachok: doesn't show hand
*** SUMMARY ***
Total pot $24 | Rake $0.48
Board [Kd Ah Tc 6s]
Seat 3: Artachok (big blind) collected ($23.52)
Seat 6: jackRizzar (button) (small blind) folded on the Turn


PokerStars Hand #161344722377:  Hold'em Limit ($3/$6 USD) - 2016/11/13 12:37:41 ET
Table 'Amicitia' 6-max Seat #3 is the button
Seat 3: Artachok ($94.64 in chips)
Seat 6: jackRizzar ($175 in chips)
Artachok: posts small blind $1
jackRizzar: posts big blind $3
*** HOLE CARDS ***
Artachok: raises $3 to $6
jackRizzar: calls $3
*** FLOP *** [Tc 8d As]
jackRizzar: checks
Artachok: bets $3
jackRizzar: raises $3 to $6
Artachok: folds
Uncalled bet ($3) returned to jackRizzar
jackRizzar collected $17.64 from pot
jackRizzar: doesn't show hand
*** SUMMARY ***
Total pot $18 | Rake $0.36
Board [Tc 8d As]
Seat 3: Artachok (button) (small blind) folded on the Flop
Seat 6: jackRizzar (big blind) collected ($17.64)


PokerStars Hand #161344824323:  Hold'em Limit ($3/$6 USD) - 2016/11/13 12:39:29 ET
Table 'Amicitia' 6-max Seat #3 is the button
Seat 3: Artachok ($67.92 in chips)
Seat 6: jackRizzar ($199.54 in chips)
Artachok: posts small blind $1
jackRizzar: posts big blind $3
*** HOLE CARDS ***
Artachok: raises $3 to $6
jackRizzar: calls $3
*** FLOP *** [Js Tc Kd]
jackRizzar: checks
Artachok: bets $3
jackRizzar: folds
Uncalled bet ($3) returned to Artachok
Artachok collected $11.76 from pot
Artachok: doesn't show hand
*** SUMMARY ***
Total pot $12 | Rake $0.24
Board [Js Tc Kd]
Seat 3: Artachok (button) (small blind) collected ($11.76)
Seat 6: jackRizzar (big blind) folded on the Flop


PokerStars Hand #161344814660:  Hold'em Limit ($3/$6 USD) - 2016/11/13 12:39:19 ET
Table 'Amicitia' 6-max Seat #3 is the button
Seat 3: Artachok ($71.92 in chips)
Seat 6: jackRizzar ($195.54 in chips)
Artachok: posts small blind $1
jackRizzar: posts big blind $3
*** HOLE CARDS ***
Artachok: folds
Uncalled bet ($2) returned to jackRizzar
jackRizzar collected $2 from pot
jackRizzar: doesn't show hand
*** SUMMARY ***
Total pot $2 | Rake $0
Seat 3: Artachok (button) (small blind) folded before Flop
Seat 6: jackRizzar (big blind) collected ($2)


PokerStars Hand #161344800861:  Hold'em Limit ($3/$6 USD) - 2016/11/13 12:39:04 ET
Table 'Amicitia' 6-max Seat #6 is the button
Seat 3: Artachok ($80.92 in chips)
Seat 6: jackRizzar ($186.90 in chips)
jackRizzar: posts small blind $1
Artachok: posts big blind $3
*** HOLE CARDS ***
jackRizzar: raises $3 to $6
Artachok: calls $3
*** FLOP *** [5c Jh 4s]
Artachok: checks
jackRizzar: bets $3
Artachok: calls $3
*** TURN *** [5c Jh 4s] [Kc]
Artachok: checks
jackRizzar: bets $6
Artachok: folds
Uncalled bet ($6) returned to jackRizzar
jackRizzar collected $17.64 from pot
jackRizzar: doesn't show hand
*** SUMMARY ***
Total pot $18 | Rake $0.36
Board [5c Jh 4s Kc]
Seat 3: Artachok (big blind) folded on the Turn
Seat 6: jackRizzar (button) (small blind) collected ($17.64)


PokerStars Hand #161344785995:  Hold'em Limit ($3/$6 USD) - 2016/11/13 12:38:49 ET
Table 'Amicitia' 6-max Seat #3 is the button
Seat 3: Artachok ($98.92 in chips)
Seat 6: jackRizzar ($169.40 in chips)
Artachok: posts small blind $1
jackRizzar: posts big blind $3
*** HOLE CARDS ***
Artachok: raises $3 to $6
jackRizzar: calls $3
*** FLOP *** [2c Tc 8h]
jackRizzar: checks
Artachok: checks
*** TURN *** [2c Tc 8h] [5h]
jackRizzar: bets $6
Artachok: calls $6
*** RIVER *** [2c Tc 8h 5h] [Kc]
jackRizzar: bets $6
Artachok: calls $6
*** SHOW DOWN ***
jackRizzar: shows [Th 8d] (two pair, Tens and Eights)
Artachok: mucks hand
jackRizzar collected $35.50 from pot
*** SUMMARY ***
Total pot $36 | Rake $0.50
Board [2c Tc 8h 5h Kc]
Seat 3: Artachok (button) (small blind) mucked
Seat 6: jackRizzar (big blind) showed [Th 8d] and won ($35.50) with two pair, Tens and Eights


PokerStars Hand #161344781259:  Hold'em Limit ($3/$6 USD) - 2016/11/13 12:38:44 ET
Table 'Amicitia' 6-max Seat #6 is the button
Seat 3: Artachok ($97.92 in chips)
Seat 6: jackRizzar ($170.40 in chips)
jackRizzar: posts small blind $1
Artachok: posts big blind $3
*** HOLE CARDS ***
jackRizzar: folds
Uncalled bet ($2) returned to Artachok
Artachok collected $2 from pot
Artachok: doesn't show hand
*** SUMMARY ***
Total pot $2 | Rake $0
Seat 3: Artachok (big blind) collected ($2)
Seat 6: jackRizzar (button) (small blind) folded before Flop


PokerStars Hand #161344858351:  Hold'em Limit ($3/$6 USD) - 2016/11/13 12:40:05 ET
Table 'Amicitia' 6-max Seat #3 is the button
Seat 3: Artachok ($49.68 in chips)
Seat 6: jackRizzar ($217.04 in chips)
Artachok: posts small blind $1
jackRizzar: posts big blind $3
*** HOLE CARDS ***
Artachok: raises $3 to $6
jackRizzar: calls $3
*** FLOP *** [Kd 7d 2d]
jackRizzar: checks
Artachok: checks
*** TURN *** [Kd 7d 2d] [5c]
jackRizzar: checks
Artachok: checks
*** RIVER *** [Kd 7d 2d 5c] [6h]
jackRizzar: bets $6
Artachok: calls $6
*** SHOW DOWN ***
jackRizzar: shows [Js 8s] (high card King)
Artachok: shows [Tc Ah] (high card Ace)
Artachok collected $23.52 from pot
*** SUMMARY ***
Total pot $24 | Rake $0.48
Board [Kd 7d 2d 5c 6h]
Seat 3: Artachok (button) (small blind) showed [Tc Ah] and won ($23.52) with high card Ace
Seat 6: jackRizzar (big blind) showed [Js 8s] and lost with high card King


PokerStars Hand #161344833643:  Hold'em Limit ($3/$6 USD) - 2016/11/13 12:39:39 ET
Table 'Amicitia' 6-max Seat #6 is the button
Seat 3: Artachok ($73.68 in chips)
Seat 6: jackRizzar ($193.54 in chips)
jackRizzar: posts small blind $1
Artachok: posts big blind $3
*** HOLE CARDS ***
jackRizzar: raises $3 to $6
Artachok: raises $3 to $9
jackRizzar: calls $3
*** FLOP *** [Th Qd 8c]
Artachok: bets $3
jackRizzar: calls $3
*** TURN *** [Th Qd 8c] [Ks]
Artachok: bets $6
jackRizzar: raises $6 to $12
Artachok: calls $6
*** RIVER *** [Th Qd 8c Ks] [Ac]
Artachok: checks
jackRizzar: bets $6
Artachok: folds
Uncalled bet ($6) returned to jackRizzar
jackRizzar collected $47.50 from pot
jackRizzar: doesn't show hand
zizonmusang joins the table at seat #1
*** SUMMARY ***
Total pot $48 | Rake $0.50
Board [Th Qd 8c Ks Ac]
Seat 3: Artachok (big blind) folded on the River
Seat 6: jackRizzar (button) (small blind) collected ($47.50)


PokerStars Hand #161346827934:  Hold'em Limit ($3/$6 USD) - 2016/11/13 13:14:16 ET
Table 'Amicitia' 6-max Seat #6 is the button
Seat 3: I M GOIN OFF ($135.18 in chips)
Seat 6: jackRizzar ($113.78 in chips)
zorantoronto will be allowed to play after the button
jackRizzar: posts small blind $1
sim5sim5: is sitting out
I M GOIN OFF: posts big blind $3
*** HOLE CARDS ***
jackRizzar: raises $3 to $6
I M GOIN OFF: calls $3
*** FLOP *** [Qc Jh 4d]
I M GOIN OFF: checks
jackRizzar: bets $3
sim5sim5 leaves the table
I M GOIN OFF: folds
Uncalled bet ($3) returned to jackRizzar
jackRizzar collected $11.76 from pot
jackRizzar: doesn't show hand
*** SUMMARY ***
Total pot $12 | Rake $0.24
Board [Qc Jh 4d]
Seat 3: I M GOIN OFF (big blind) folded on the Flop
Seat 6: jackRizzar (button) (small blind) collected ($11.76)


