PokerStars Hand #151300963575:  Hold'em Limit ($3/$6 USD) - 2016/04/02 1:06:31 ET
Table 'Amicitia' 10-max Seat #10 is the button
Seat 7: VolkovDmitri ($120 in chips)
Seat 10: Byondreality ($100 in chips)
Byondreality: posts small blind $1
VolkovDmitri: posts big blind $3
*** HOLE CARDS ***
Byondreality: calls $2
VolkovDmitri: checks
*** FLOP *** [4d 8d 3c]
VolkovDmitri: bets $3
Byondreality: calls $3
*** TURN *** [4d 8d 3c] [4h]
VolkovDmitri: checks
Byondreality: checks
*** RIVER *** [4d 8d 3c 4h] [8h]
VolkovDmitri: bets $6
Byondreality: calls $6
*** SHOW DOWN ***
VolkovDmitri: shows [3h 2c] (two pair, Eights and Fours)
Byondreality: shows [6c Jc] (two pair, Eights and Fours - Jack kicker)
Byondreality collected $23.52 from pot
*** SUMMARY ***
Total pot $24 | Rake $0.48
Board [4d 8d 3c 4h 8h]
Seat 7: VolkovDmitri (big blind) showed [3h 2c] and lost with two pair, Eights and Fours
Seat 10: Byondreality (button) (small blind) showed [6c Jc] and won ($23.52) with two pair, Eights and Fours


PokerStars Hand #151300989033:  Hold'em Limit ($3/$6 USD) - 2016/04/02 1:07:58 ET
Table 'Amicitia' 10-max Seat #7 is the button
Seat 7: VolkovDmitri ($131.50 in chips)
Seat 10: Byondreality ($99.28 in chips)
VolkovDmitri: posts small blind $1
Byondreality: posts big blind $3
*** HOLE CARDS ***
VolkovDmitri: raises $3 to $6
Byondreality: raises $3 to $9
VolkovDmitri: calls $3
*** FLOP *** [8h Ac 8d]
Byondreality: bets $3
VolkovDmitri: folds
Uncalled bet ($3) returned to Byondreality
Byondreality collected $17.64 from pot
Byondreality: doesn't show hand
*** SUMMARY ***
Total pot $18 | Rake $0.36
Board [8h Ac 8d]
Seat 7: VolkovDmitri (button) (small blind) folded on the Flop
Seat 10: Byondreality (big blind) collected ($17.64)


PokerStars Hand #151300996747:  Hold'em Limit ($3/$6 USD) - 2016/04/02 1:08:25 ET
Table 'Amicitia' 10-max Seat #10 is the button
Seat 7: VolkovDmitri ($122.50 in chips)
Seat 10: Byondreality ($107.92 in chips)
Byondreality: posts small blind $1
VolkovDmitri: posts big blind $3
*** HOLE CARDS ***
Byondreality: folds
Uncalled bet ($2) returned to VolkovDmitri
VolkovDmitri collected $2 from pot
VolkovDmitri: doesn't show hand
*** SUMMARY ***
Total pot $2 | Rake $0
Seat 7: VolkovDmitri (big blind) collected ($2)
Seat 10: Byondreality (button) (small blind) folded before Flop


PokerStars Hand #151300998143:  Hold'em Limit ($3/$6 USD) - 2016/04/02 1:08:30 ET
Table 'Amicitia' 10-max Seat #7 is the button
Seat 7: VolkovDmitri ($123.50 in chips)
Seat 10: Byondreality ($106.92 in chips)
VolkovDmitri: posts small blind $1
Byondreality: posts big blind $3
*** HOLE CARDS ***
VolkovDmitri: raises $3 to $6
Byondreality: calls $3
*** FLOP *** [7s Kh Tc]
Byondreality: checks
VolkovDmitri: bets $3
Byondreality: folds
Uncalled bet ($3) returned to VolkovDmitri
VolkovDmitri collected $11.76 from pot
VolkovDmitri: doesn't show hand
*** SUMMARY ***
Total pot $12 | Rake $0.24
Board [7s Kh Tc]
Seat 7: VolkovDmitri (button) (small blind) collected ($11.76)
Seat 10: Byondreality (big blind) folded on the Flop


PokerStars Hand #151300979241:  Hold'em Limit ($3/$6 USD) - 2016/04/02 1:07:24 ET
Table 'Amicitia' 10-max Seat #10 is the button
Seat 7: VolkovDmitri ($137.50 in chips)
Seat 10: Byondreality ($93.52 in chips)
Byondreality: posts small blind $1
VolkovDmitri: posts big blind $3
*** HOLE CARDS ***
Byondreality: raises $3 to $6
VolkovDmitri: calls $3
*** FLOP *** [4h 6c Ah]
VolkovDmitri: checks
Byondreality: bets $3
VolkovDmitri: folds
Uncalled bet ($3) returned to Byondreality
Byondreality collected $11.76 from pot
Byondreality: doesn't show hand
*** SUMMARY ***
Total pot $12 | Rake $0.24
Board [4h 6c Ah]
Seat 7: VolkovDmitri (big blind) folded on the Flop
Seat 10: Byondreality (button) (small blind) collected ($11.76)


PokerStars Hand #151301001262:  Hold'em Limit ($3/$6 USD) - 2016/04/02 1:08:40 ET
Table 'Amicitia' 10-max Seat #10 is the button
Seat 7: VolkovDmitri ($129.26 in chips)
Seat 10: Byondreality ($100.92 in chips)
Byondreality: posts small blind $1
VolkovDmitri: posts big blind $3
*** HOLE CARDS ***
Byondreality: calls $2
VolkovDmitri: raises $3 to $6
Byondreality: calls $3
*** FLOP *** [8s 6h 2c]
VolkovDmitri: bets $3
Byondreality: calls $3
*** TURN *** [8s 6h 2c] [8h]
VolkovDmitri: bets $6
Byondreality: folds
Uncalled bet ($6) returned to VolkovDmitri
VolkovDmitri collected $17.64 from pot
VolkovDmitri: doesn't show hand
*** SUMMARY ***
Total pot $18 | Rake $0.36
Board [8s 6h 2c 8h]
Seat 7: VolkovDmitri (big blind) collected ($17.64)
Seat 10: Byondreality (button) (small blind) folded on the Turn


PokerStars Hand #151301007450:  Hold'em Limit ($3/$6 USD) - 2016/04/02 1:09:02 ET
Table 'Amicitia' 10-max Seat #7 is the button
Seat 7: VolkovDmitri ($137.90 in chips)
Seat 10: Byondreality ($91.92 in chips)
VolkovDmitri: posts small blind $1
Byondreality: posts big blind $3
*** HOLE CARDS ***
VolkovDmitri: raises $3 to $6
Byondreality: folds
Uncalled bet ($3) returned to VolkovDmitri
VolkovDmitri collected $6 from pot
VolkovDmitri: doesn't show hand
*** SUMMARY ***
Total pot $6 | Rake $0
Seat 7: VolkovDmitri (button) (small blind) collected ($6)
Seat 10: Byondreality (big blind) folded before Flop


PokerStars Hand #151301010142:  Hold'em Limit ($3/$6 USD) - 2016/04/02 1:09:12 ET
Table 'Amicitia' 10-max Seat #10 is the button
Seat 7: VolkovDmitri ($140.90 in chips)
Seat 10: Byondreality ($88.92 in chips)
Byondreality: posts small blind $1
VolkovDmitri: posts big blind $3
*** HOLE CARDS ***
Byondreality: raises $3 to $6
VolkovDmitri: calls $3
*** FLOP *** [Qh Jh 6d]
VolkovDmitri: checks
Byondreality: checks
*** TURN *** [Qh Jh 6d] [3c]
VolkovDmitri: bets $6
Byondreality: calls $6
*** RIVER *** [Qh Jh 6d 3c] [6s]
VolkovDmitri: checks
Byondreality: checks
*** SHOW DOWN ***
VolkovDmitri: shows [Th 9d] (a pair of Sixes)
Byondreality: shows [As 3s] (two pair, Sixes and Threes)
Byondreality collected $23.52 from pot
*** SUMMARY ***
Total pot $24 | Rake $0.48
Board [Qh Jh 6d 3c 6s]
Seat 7: VolkovDmitri (big blind) showed [Th 9d] and lost with a pair of Sixes
Seat 10: Byondreality (button) (small blind) showed [As 3s] and won ($23.52) with two pair, Sixes and Threes


PokerStars Hand #151301017599:  Hold'em Limit ($3/$6 USD) - 2016/04/02 1:09:39 ET
Table 'Amicitia' 10-max Seat #7 is the button
Seat 7: VolkovDmitri ($128.90 in chips)
Seat 10: Byondreality ($100.44 in chips)
VolkovDmitri: posts small blind $1
Byondreality: posts big blind $3
*** HOLE CARDS ***
VolkovDmitri: raises $3 to $6
Byondreality: calls $3
*** FLOP *** [Kh Ah Jh]
Byondreality: bets $3
VolkovDmitri: raises $3 to $6
Byondreality: calls $3
*** TURN *** [Kh Ah Jh] [Ac]
Byondreality: checks
VolkovDmitri: checks
*** RIVER *** [Kh Ah Jh Ac] [6d]
Byondreality: bets $6
VolkovDmitri: calls $6
*** SHOW DOWN ***
Byondreality: shows [Th Qs] (a straight, Ten to Ace)
VolkovDmitri: mucks hand
Byondreality collected $35.50 from pot
*** SUMMARY ***
Total pot $36 | Rake $0.50
Board [Kh Ah Jh Ac 6d]
Seat 7: VolkovDmitri (button) (small blind) mucked
Seat 10: Byondreality (big blind) showed [Th Qs] and won ($35.50) with a straight, Ten to Ace


PokerStars Hand #151301027253:  Hold'em Limit ($3/$6 USD) - 2016/04/02 1:10:13 ET
Table 'Amicitia' 10-max Seat #10 is the button
Seat 7: VolkovDmitri ($120 in chips)
Seat 10: Byondreality ($117.94 in chips)
Byondreality: posts small blind $1
VolkovDmitri: posts big blind $3
*** HOLE CARDS ***
Byondreality: raises $3 to $6
VolkovDmitri: calls $3
*** FLOP *** [6h Ah 3s]
VolkovDmitri: checks
Byondreality: bets $3
VolkovDmitri: calls $3
*** TURN *** [6h Ah 3s] [2d]
VolkovDmitri: checks
Byondreality: bets $6
VolkovDmitri: calls $6
*** RIVER *** [6h Ah 3s 2d] [5d]
VolkovDmitri: checks
Byondreality: checks
*** SHOW DOWN ***
VolkovDmitri: shows [Kc 5h] (a pair of Fives)
Byondreality: mucks hand
VolkovDmitri collected $29.50 from pot
*** SUMMARY ***
Total pot $30 | Rake $0.50
Board [6h Ah 3s 2d 5d]
Seat 7: VolkovDmitri (big blind) showed [Kc 5h] and won ($29.50) with a pair of Fives
Seat 10: Byondreality (button) (small blind) mucked


PokerStars Hand #151301038718:  Hold'em Limit ($3/$6 USD) - 2016/04/02 1:10:53 ET
Table 'Amicitia' 10-max Seat #7 is the button
Seat 7: VolkovDmitri ($134.50 in chips)
Seat 10: Byondreality ($102.94 in chips)
VolkovDmitri: posts small blind $1
Byondreality: posts big blind $3
*** HOLE CARDS ***
VolkovDmitri: raises $3 to $6
Byondreality: raises $3 to $9
VolkovDmitri: calls $3
*** FLOP *** [Td 9d 7h]
Byondreality: bets $3
VolkovDmitri: calls $3
*** TURN *** [Td 9d 7h] [4h]
Byondreality: bets $6
VolkovDmitri: folds
Uncalled bet ($6) returned to Byondreality
Byondreality collected $23.52 from pot
Byondreality: doesn't show hand
*** SUMMARY ***
Total pot $24 | Rake $0.48
Board [Td 9d 7h 4h]
Seat 7: VolkovDmitri (button) (small blind) folded on the Turn
Seat 10: Byondreality (big blind) collected ($23.52)


PokerStars Hand #151301044723:  Hold'em Limit ($3/$6 USD) - 2016/04/02 1:11:14 ET
Table 'Amicitia' 10-max Seat #10 is the button
Seat 7: VolkovDmitri ($122.50 in chips)
Seat 10: Byondreality ($114.46 in chips)
Byondreality: posts small blind $1
VolkovDmitri: posts big blind $3
*** HOLE CARDS ***
Byondreality: raises $3 to $6
VolkovDmitri: folds
Uncalled bet ($3) returned to Byondreality
Byondreality collected $6 from pot
Byondreality: doesn't show hand
*** SUMMARY ***
Total pot $6 | Rake $0
Seat 7: VolkovDmitri (big blind) folded before Flop
Seat 10: Byondreality (button) (small blind) collected ($6)


PokerStars Hand #151301046289:  Hold'em Limit ($3/$6 USD) - 2016/04/02 1:11:19 ET
Table 'Amicitia' 10-max Seat #7 is the button
Seat 7: VolkovDmitri ($120 in chips)
Seat 10: Byondreality ($117.46 in chips)
VolkovDmitri: posts small blind $1
Byondreality: posts big blind $3
*** HOLE CARDS ***
VolkovDmitri: raises $3 to $6
Byondreality: calls $3
*** FLOP *** [8h 6d 2s]
Byondreality: bets $3
VolkovDmitri: raises $3 to $6
Byondreality: calls $3
*** TURN *** [8h 6d 2s] [Ts]
Byondreality: checks
VolkovDmitri: bets $6
Byondreality: raises $6 to $12
VolkovDmitri: calls $6
*** RIVER *** [8h 6d 2s Ts] [Tc]
Byondreality: bets $6
VolkovDmitri: calls $6
*** SHOW DOWN ***
Byondreality: shows [Qc Qd] (two pair, Queens and Tens)
VolkovDmitri: shows [Ks Kc] (two pair, Kings and Tens)
VolkovDmitri collected $59.50 from pot
*** SUMMARY ***
Total pot $60 | Rake $0.50
Board [8h 6d 2s Ts Tc]
Seat 7: VolkovDmitri (button) (small blind) showed [Ks Kc] and won ($59.50) with two pair, Kings and Tens
Seat 10: Byondreality (big blind) showed [Qc Qd] and lost with two pair, Queens and Tens


PokerStars Hand #151301065074:  Hold'em Limit ($3/$6 USD) - 2016/04/02 1:12:25 ET
Table 'Amicitia' 10-max Seat #7 is the button
Seat 7: VolkovDmitri ($170 in chips)
Seat 10: Byondreality ($66.46 in chips)
VolkovDmitri: posts small blind $1
Byondreality: posts big blind $3
*** HOLE CARDS ***
VolkovDmitri: raises $3 to $6
Byondreality: calls $3
*** FLOP *** [8h 3d Qh]
Byondreality: checks
VolkovDmitri: bets $3
Byondreality: folds
Uncalled bet ($3) returned to VolkovDmitri
VolkovDmitri collected $11.76 from pot
VolkovDmitri: doesn't show hand
*** SUMMARY ***
Total pot $12 | Rake $0.24
Board [8h 3d Qh]
Seat 7: VolkovDmitri (button) (small blind) collected ($11.76)
Seat 10: Byondreality (big blind) folded on the Flop


PokerStars Hand #151301070403:  Hold'em Limit ($3/$6 USD) - 2016/04/02 1:12:44 ET
Table 'Amicitia' 10-max Seat #10 is the button
Seat 7: VolkovDmitri ($175.76 in chips)
Seat 10: Byondreality ($60.46 in chips)
Byondreality: posts small blind $1
VolkovDmitri: posts big blind $3
*** HOLE CARDS ***
Byondreality: raises $3 to $6
VolkovDmitri: calls $3
*** FLOP *** [4s 2h Ts]
VolkovDmitri: checks
Byondreality: bets $3
VolkovDmitri: raises $3 to $6
Byondreality: calls $3
*** TURN *** [4s 2h Ts] [Jc]
VolkovDmitri: bets $6
Byondreality: calls $6
*** RIVER *** [4s 2h Ts Jc] [Qh]
VolkovDmitri: bets $6
Byondreality: raises $6 to $12
VolkovDmitri: raises $6 to $18
Byondreality: raises $6 to $24
Betting is capped
VolkovDmitri: calls $6
*** SHOW DOWN ***
Byondreality: shows [9d 8c] (a straight, Eight to Queen)
VolkovDmitri: mucks hand
Byondreality collected $83.50 from pot
*** SUMMARY ***
Total pot $84 | Rake $0.50
Board [4s 2h Ts Jc Qh]
Seat 7: VolkovDmitri (big blind) mucked
Seat 10: Byondreality (button) (small blind) showed [9d 8c] and won ($83.50) with a straight, Eight to Queen


PokerStars Hand #151301095751:  Hold'em Limit ($3/$6 USD) - 2016/04/02 1:14:13 ET
Table 'Amicitia' 10-max Seat #10 is the button
Seat 7: VolkovDmitri ($157.26 in chips)
Seat 10: Byondreality ($77.96 in chips)
Byondreality: posts small blind $1
VolkovDmitri: posts big blind $3
*** HOLE CARDS ***
Byondreality: folds
Uncalled bet ($2) returned to VolkovDmitri
VolkovDmitri collected $2 from pot
VolkovDmitri: doesn't show hand
*** SUMMARY ***
Total pot $2 | Rake $0
Seat 7: VolkovDmitri (big blind) collected ($2)
Seat 10: Byondreality (button) (small blind) folded before Flop


PokerStars Hand #151301084679:  Hold'em Limit ($3/$6 USD) - 2016/04/02 1:13:35 ET
Table 'Amicitia' 10-max Seat #7 is the button
Seat 7: VolkovDmitri ($133.76 in chips)
Seat 10: Byondreality ($101.96 in chips)
VolkovDmitri: posts small blind $1
Byondreality: posts big blind $3
*** HOLE CARDS ***
Byondreality said, "sry"
Byondreality said, "nh"
VolkovDmitri: raises $3 to $6
Byondreality: calls $3
*** FLOP *** [7h Jc 5c]
Byondreality: bets $3
VolkovDmitri: raises $3 to $6
Byondreality: calls $3
*** TURN *** [7h Jc 5c] [Kh]
Byondreality: bets $6
VolkovDmitri: raises $6 to $12
Byondreality: calls $6
*** RIVER *** [7h Jc 5c Kh] [Kd]
Byondreality: checks
VolkovDmitri: bets $6
Byondreality: folds
Uncalled bet ($6) returned to VolkovDmitri
VolkovDmitri collected $47.50 from pot
VolkovDmitri: doesn't show hand
*** SUMMARY ***
Total pot $48 | Rake $0.50
Board [7h Jc 5c Kh Kd]
Seat 7: VolkovDmitri (button) (small blind) collected ($47.50)
Seat 10: Byondreality (big blind) folded on the River


PokerStars Hand #151301120786:  Hold'em Limit ($3/$6 USD) - 2016/04/02 1:15:43 ET
Table 'Amicitia' 10-max Seat #7 is the button
Seat 7: VolkovDmitri ($151.76 in chips)
Seat 10: Byondreality ($82.46 in chips)
VolkovDmitri: posts small blind $1
Byondreality: posts big blind $3
*** HOLE CARDS ***
VolkovDmitri: folds
Uncalled bet ($2) returned to Byondreality
Byondreality collected $2 from pot
Byondreality: doesn't show hand
*** SUMMARY ***
Total pot $2 | Rake $0
Seat 7: VolkovDmitri (button) (small blind) folded before Flop
Seat 10: Byondreality (big blind) collected ($2)


PokerStars Hand #151301109597:  Hold'em Limit ($3/$6 USD) - 2016/04/02 1:15:03 ET
Table 'Amicitia' 10-max Seat #10 is the button
Seat 7: VolkovDmitri ($172.76 in chips)
Seat 10: Byondreality ($61.96 in chips)
Byondreality: posts small blind $1
VolkovDmitri: posts big blind $3
*** HOLE CARDS ***
Byondreality: raises $3 to $6
VolkovDmitri: calls $3
*** FLOP *** [2c 8h 9h]
VolkovDmitri: checks
Byondreality: bets $3
VolkovDmitri: calls $3
*** TURN *** [2c 8h 9h] [Kd]
VolkovDmitri: checks
Byondreality: bets $6
VolkovDmitri: calls $6
*** RIVER *** [2c 8h 9h Kd] [4h]
VolkovDmitri: checks
Byondreality: bets $6
VolkovDmitri: calls $6
*** SHOW DOWN ***
Byondreality: shows [Ah 9s] (a pair of Nines)
VolkovDmitri: mucks hand
Byondreality collected $41.50 from pot
*** SUMMARY ***
Total pot $42 | Rake $0.50
Board [2c 8h 9h Kd 4h]
Seat 7: VolkovDmitri (big blind) mucked
Seat 10: Byondreality (button) (small blind) showed [Ah 9s] and won ($41.50) with a pair of Nines


PokerStars Hand #151301097054:  Hold'em Limit ($3/$6 USD) - 2016/04/02 1:14:18 ET
Table 'Amicitia' 10-max Seat #7 is the button
Seat 7: VolkovDmitri ($158.26 in chips)
Seat 10: Byondreality ($76.96 in chips)
VolkovDmitri: posts small blind $1
Byondreality: posts big blind $3
*** HOLE CARDS ***
VolkovDmitri: raises $3 to $6
Byondreality: calls $3
*** FLOP *** [6c 8d Ts]
Byondreality: checks
VolkovDmitri: bets $3
Byondreality: calls $3
*** TURN *** [6c 8d Ts] [9h]
Byondreality: checks
VolkovDmitri: checks
*** RIVER *** [6c 8d Ts 9h] [3c]
Byondreality: checks
VolkovDmitri: bets $6
Byondreality: calls $6
*** SHOW DOWN ***
VolkovDmitri: shows [6h 3h] (two pair, Sixes and Threes)
Byondreality: mucks hand
VolkovDmitri collected $29.50 from pot
*** SUMMARY ***
Total pot $30 | Rake $0.50
Board [6c 8d Ts 9h 3c]
Seat 7: VolkovDmitri (button) (small blind) showed [6h 3h] and won ($29.50) with two pair, Sixes and Threes
Seat 10: Byondreality (big blind) mucked


PokerStars Hand #151301133676:  Hold'em Limit ($3/$6 USD) - 2016/04/02 1:16:28 ET
Table 'Amicitia' 10-max Seat #7 is the button
Seat 7: VolkovDmitri ($123.76 in chips)
Seat 10: Byondreality ($109.96 in chips)
VolkovDmitri: posts small blind $1
Byondreality: posts big blind $3
*** HOLE CARDS ***
VolkovDmitri: folds
Uncalled bet ($2) returned to Byondreality
Byondreality collected $2 from pot
Byondreality: doesn't show hand
*** SUMMARY ***
Total pot $2 | Rake $0
Seat 7: VolkovDmitri (button) (small blind) folded before Flop
Seat 10: Byondreality (big blind) collected ($2)


PokerStars Hand #151301122783:  Hold'em Limit ($3/$6 USD) - 2016/04/02 1:15:50 ET
Table 'Amicitia' 10-max Seat #10 is the button
Seat 7: VolkovDmitri ($150.76 in chips)
Seat 10: Byondreality ($83.46 in chips)
Byondreality: posts small blind $1
VolkovDmitri: posts big blind $3
*** HOLE CARDS ***
Byondreality: raises $3 to $6
VolkovDmitri: raises $3 to $9
Byondreality: calls $3
*** FLOP *** [6s 6c 9h]
VolkovDmitri: bets $3
Byondreality: raises $3 to $6
VolkovDmitri: calls $3
*** TURN *** [6s 6c 9h] [Ks]
VolkovDmitri: bets $6
Byondreality: calls $6
*** RIVER *** [6s 6c 9h Ks] [9c]
VolkovDmitri: checks
Byondreality: bets $6
VolkovDmitri: calls $6
*** SHOW DOWN ***
Byondreality: shows [Ah 6d] (a full house, Sixes full of Nines)
VolkovDmitri: mucks hand
Byondreality collected $53.50 from pot
*** SUMMARY ***
Total pot $54 | Rake $0.50
Board [6s 6c 9h Ks 9c]
Seat 7: VolkovDmitri (big blind) mucked
Seat 10: Byondreality (button) (small blind) showed [Ah 6d] and won ($53.50) with a full house, Sixes full of Nines


PokerStars Hand #151301147548:  Hold'em Limit ($3/$6 USD) - 2016/04/02 1:17:17 ET
Table 'Amicitia' 10-max Seat #7 is the button
Seat 7: VolkovDmitri ($131.40 in chips)
Seat 10: Byondreality ($101.96 in chips)
VolkovDmitri: posts small blind $1
Byondreality: posts big blind $3
*** HOLE CARDS ***
VolkovDmitri: folds
Uncalled bet ($2) returned to Byondreality
Byondreality collected $2 from pot
Byondreality: doesn't show hand
*** SUMMARY ***
Total pot $2 | Rake $0
Seat 7: VolkovDmitri (button) (small blind) folded before Flop
Seat 10: Byondreality (big blind) collected ($2)


PokerStars Hand #151301146155:  Hold'em Limit ($3/$6 USD) - 2016/04/02 1:17:12 ET
Table 'Amicitia' 10-max Seat #10 is the button
Seat 7: VolkovDmitri ($130.40 in chips)
Seat 10: Byondreality ($102.96 in chips)
Byondreality: posts small blind $1
VolkovDmitri: posts big blind $3
*** HOLE CARDS ***
Byondreality: folds
Uncalled bet ($2) returned to VolkovDmitri
VolkovDmitri collected $2 from pot
VolkovDmitri: doesn't show hand
*** SUMMARY ***
Total pot $2 | Rake $0
Seat 7: VolkovDmitri (big blind) collected ($2)
Seat 10: Byondreality (button) (small blind) folded before Flop


PokerStars Hand #151301144815:  Hold'em Limit ($3/$6 USD) - 2016/04/02 1:17:07 ET
Table 'Amicitia' 10-max Seat #7 is the button
Seat 7: VolkovDmitri ($131.40 in chips)
Seat 10: Byondreality ($101.96 in chips)
VolkovDmitri: posts small blind $1
Byondreality: posts big blind $3
*** HOLE CARDS ***
VolkovDmitri: folds
Uncalled bet ($2) returned to Byondreality
Byondreality collected $2 from pot
Byondreality: doesn't show hand
*** SUMMARY ***
Total pot $2 | Rake $0
Seat 7: VolkovDmitri (button) (small blind) folded before Flop
Seat 10: Byondreality (big blind) collected ($2)


PokerStars Hand #151301137319:  Hold'em Limit ($3/$6 USD) - 2016/04/02 1:16:41 ET
Table 'Amicitia' 10-max Seat #10 is the button
Seat 7: VolkovDmitri ($122.76 in chips)
Seat 10: Byondreality ($110.96 in chips)
Byondreality: posts small blind $1
VolkovDmitri: posts big blind $3
*** HOLE CARDS ***
Byondreality: raises $3 to $6
VolkovDmitri: calls $3
*** FLOP *** [6c Kc Jd]
VolkovDmitri: checks
Byondreality: bets $3
VolkovDmitri: raises $3 to $6
Byondreality: folds
Uncalled bet ($3) returned to VolkovDmitri
VolkovDmitri collected $17.64 from pot
VolkovDmitri: doesn't show hand
*** SUMMARY ***
Total pot $18 | Rake $0.36
Board [6c Kc Jd]
Seat 7: VolkovDmitri (big blind) collected ($17.64)
Seat 10: Byondreality (button) (small blind) folded on the Flop


PokerStars Hand #151301150825:  Hold'em Limit ($3/$6 USD) - 2016/04/02 1:17:29 ET
Table 'Amicitia' 10-max Seat #10 is the button
Seat 7: VolkovDmitri ($130.40 in chips)
Seat 10: Byondreality ($102.96 in chips)
Byondreality: posts small blind $1
VolkovDmitri: posts big blind $3
*** HOLE CARDS ***
Byondreality: raises $3 to $6
VolkovDmitri: calls $3
*** FLOP *** [Ad 7h Jc]
VolkovDmitri: checks
Byondreality: bets $3
VolkovDmitri: raises $3 to $6
Byondreality: raises $3 to $9
VolkovDmitri: calls $3
*** TURN *** [Ad 7h Jc] [9s]
VolkovDmitri: checks
Byondreality: bets $6
VolkovDmitri: calls $6
*** RIVER *** [Ad 7h Jc 9s] [6d]
VolkovDmitri: checks
Byondreality: bets $6
VolkovDmitri: calls $6
*** SHOW DOWN ***
Byondreality: shows [Ts Qc] (high card Ace)
VolkovDmitri: shows [2s Ac] (a pair of Aces)
VolkovDmitri collected $53.50 from pot
*** SUMMARY ***
Total pot $54 | Rake $0.50
Board [Ad 7h Jc 9s 6d]
Seat 7: VolkovDmitri (big blind) showed [2s Ac] and won ($53.50) with a pair of Aces
Seat 10: Byondreality (button) (small blind) showed [Ts Qc] and lost with high card Ace


PokerStars Hand #151301182220:  Hold'em Limit ($3/$6 USD) - 2016/04/02 1:19:10 ET
Table 'Amicitia' 10-max Seat #7 is the button
Seat 7: VolkovDmitri ($138.90 in chips)
Seat 10: Byondreality ($93.24 in chips)
VolkovDmitri: posts small blind $1
Byondreality: posts big blind $3
*** HOLE CARDS ***
VolkovDmitri: raises $3 to $6
Byondreality: raises $3 to $9
VolkovDmitri: calls $3
*** FLOP *** [Td Js Ks]
Byondreality: bets $3
VolkovDmitri: calls $3
*** TURN *** [Td Js Ks] [5s]
Byondreality: bets $6
VolkovDmitri: calls $6
*** RIVER *** [Td Js Ks 5s] [Kh]
Byondreality: bets $6
VolkovDmitri: calls $6
*** SHOW DOWN ***
Byondreality: shows [Qs 9d] (a straight, Nine to King)
VolkovDmitri: mucks hand
Byondreality collected $47.50 from pot
*** SUMMARY ***
Total pot $48 | Rake $0.50
Board [Td Js Ks 5s Kh]
Seat 7: VolkovDmitri (button) (small blind) mucked
Seat 10: Byondreality (big blind) showed [Qs 9d] and won ($47.50) with a straight, Nine to King


PokerStars Hand #151301177284:  Hold'em Limit ($3/$6 USD) - 2016/04/02 1:18:52 ET
Table 'Amicitia' 10-max Seat #10 is the button
Seat 7: VolkovDmitri ($144.90 in chips)
Seat 10: Byondreality ($87.48 in chips)
Byondreality: posts small blind $1
VolkovDmitri: posts big blind $3
*** HOLE CARDS ***
Byondreality: raises $3 to $6
VolkovDmitri: calls $3
*** FLOP *** [Jc 4s 9d]
VolkovDmitri: checks
Byondreality: checks
*** TURN *** [Jc 4s 9d] [Kc]
VolkovDmitri: checks
Byondreality: bets $6
VolkovDmitri: folds
Uncalled bet ($6) returned to Byondreality
Byondreality collected $11.76 from pot
Byondreality: doesn't show hand
*** SUMMARY ***
Total pot $12 | Rake $0.24
Board [Jc 4s 9d Kc]
Seat 7: VolkovDmitri (big blind) folded on the Turn
Seat 10: Byondreality (button) (small blind) collected ($11.76)


PokerStars Hand #151301163182:  Hold'em Limit ($3/$6 USD) - 2016/04/02 1:18:12 ET
Table 'Amicitia' 10-max Seat #7 is the button
Seat 7: VolkovDmitri ($156.90 in chips)
Seat 10: Byondreality ($75.96 in chips)
VolkovDmitri: posts small blind $1
Byondreality: posts big blind $3
*** HOLE CARDS ***
VolkovDmitri: raises $3 to $6
Byondreality: raises $3 to $9
VolkovDmitri: calls $3
*** FLOP *** [5h Kd 2s]
Byondreality: bets $3
VolkovDmitri: calls $3
*** TURN *** [5h Kd 2s] [6h]
Byondreality: checks
VolkovDmitri: checks
*** RIVER *** [5h Kd 2s 6h] [6d]
Byondreality: bets $6
VolkovDmitri: folds
Uncalled bet ($6) returned to Byondreality
Byondreality collected $23.52 from pot
Byondreality: doesn't show hand
*** SUMMARY ***
Total pot $24 | Rake $0.48
Board [5h Kd 2s 6h 6d]
Seat 7: VolkovDmitri (button) (small blind) folded on the River
Seat 10: Byondreality (big blind) collected ($23.52)


PokerStars Hand #151301189751:  Hold'em Limit ($3/$6 USD) - 2016/04/02 1:19:36 ET
Table 'Amicitia' 10-max Seat #10 is the button
Seat 7: VolkovDmitri ($120 in chips)
Seat 10: Byondreality ($116.74 in chips)
Byondreality: posts small blind $1
VolkovDmitri: posts big blind $3
*** HOLE CARDS ***
Byondreality: calls $2
VolkovDmitri: checks
*** FLOP *** [2c 3d 3h]
VolkovDmitri: checks
Byondreality: bets $3
VolkovDmitri: raises $3 to $6
Byondreality: calls $3
*** TURN *** [2c 3d 3h] [9d]
VolkovDmitri: bets $6
Byondreality: raises $6 to $12
VolkovDmitri: raises $6 to $18
Byondreality: folds
Uncalled bet ($6) returned to VolkovDmitri
VolkovDmitri collected $41.50 from pot
VolkovDmitri: doesn't show hand
*** SUMMARY ***
Total pot $42 | Rake $0.50
Board [2c 3d 3h 9d]
Seat 7: VolkovDmitri (big blind) collected ($41.50)
Seat 10: Byondreality (button) (small blind) folded on the Turn


PokerStars Hand #151301201525:  Hold'em Limit ($3/$6 USD) - 2016/04/02 1:20:18 ET
Table 'Amicitia' 10-max Seat #7 is the button
Seat 7: VolkovDmitri ($140.50 in chips)
Seat 10: Byondreality ($95.74 in chips)
VolkovDmitri: posts small blind $1
Byondreality: posts big blind $3
*** HOLE CARDS ***
VolkovDmitri: raises $3 to $6
Byondreality: raises $3 to $9
VolkovDmitri: raises $3 to $12
Betting is capped
Byondreality: calls $3
*** FLOP *** [Kc 5d 3h]
Byondreality: checks
VolkovDmitri: bets $3
Byondreality: calls $3
*** TURN *** [Kc 5d 3h] [As]
Byondreality: checks
VolkovDmitri: checks
*** RIVER *** [Kc 5d 3h As] [5c]
Byondreality: checks
VolkovDmitri: checks
*** SHOW DOWN ***
Byondreality: shows [Qh 2h] (a pair of Fives)
VolkovDmitri: shows [6s 6h] (two pair, Sixes and Fives)
VolkovDmitri collected $29.50 from pot
*** SUMMARY ***
Total pot $30 | Rake $0.50
Board [Kc 5d 3h As 5c]
Seat 7: VolkovDmitri (button) (small blind) showed [6s 6h] and won ($29.50) with two pair, Sixes and Fives
Seat 10: Byondreality (big blind) showed [Qh 2h] and lost with a pair of Fives


PokerStars Hand #151301217154:  Hold'em Limit ($3/$6 USD) - 2016/04/02 1:21:12 ET
Table 'Amicitia' 10-max Seat #10 is the button
Seat 7: VolkovDmitri ($159 in chips)
Seat 10: Byondreality ($76.74 in chips)
Byondreality: posts small blind $1
VolkovDmitri: posts big blind $3
*** HOLE CARDS ***
Byondreality: raises $3 to $6
VolkovDmitri: calls $3
*** FLOP *** [8d Ac Ad]
VolkovDmitri: checks
Byondreality: bets $3
VolkovDmitri: raises $3 to $6
Byondreality: calls $3
*** TURN *** [8d Ac Ad] [9h]
VolkovDmitri: bets $6
Byondreality: folds
Uncalled bet ($6) returned to VolkovDmitri
VolkovDmitri collected $23.52 from pot
VolkovDmitri: doesn't show hand
*** SUMMARY ***
Total pot $24 | Rake $0.48
Board [8d Ac Ad 9h]
Seat 7: VolkovDmitri (big blind) collected ($23.52)
Seat 10: Byondreality (button) (small blind) folded on the Turn


PokerStars Hand #151301212295:  Hold'em Limit ($3/$6 USD) - 2016/04/02 1:20:55 ET
Table 'Amicitia' 10-max Seat #7 is the button
Seat 7: VolkovDmitri ($156 in chips)
Seat 10: Byondreality ($79.74 in chips)
VolkovDmitri: posts small blind $1
Byondreality: posts big blind $3
*** HOLE CARDS ***
VolkovDmitri: raises $3 to $6
Byondreality: folds
Uncalled bet ($3) returned to VolkovDmitri
VolkovDmitri collected $6 from pot
VolkovDmitri: doesn't show hand
*** SUMMARY ***
Total pot $6 | Rake $0
Seat 7: VolkovDmitri (button) (small blind) collected ($6)
Seat 10: Byondreality (big blind) folded before Flop


PokerStars Hand #151301210898:  Hold'em Limit ($3/$6 USD) - 2016/04/02 1:20:50 ET
Table 'Amicitia' 10-max Seat #10 is the button
Seat 7: VolkovDmitri ($155 in chips)
Seat 10: Byondreality ($80.74 in chips)
Byondreality: posts small blind $1
VolkovDmitri: posts big blind $3
*** HOLE CARDS ***
Byondreality: folds
Uncalled bet ($2) returned to VolkovDmitri
VolkovDmitri collected $2 from pot
VolkovDmitri: doesn't show hand
*** SUMMARY ***
Total pot $2 | Rake $0
Seat 7: VolkovDmitri (big blind) collected ($2)
Seat 10: Byondreality (button) (small blind) folded before Flop


PokerStars Hand #151301232650:  Hold'em Limit ($3/$6 USD) - 2016/04/02 1:22:07 ET
Table 'Amicitia' 10-max Seat #7 is the button
Seat 7: VolkovDmitri ($177.28 in chips)
Seat 10: Byondreality ($57.74 in chips)
VolkovDmitri: posts small blind $1
Byondreality: posts big blind $3
*** HOLE CARDS ***
VolkovDmitri: folds
Uncalled bet ($2) returned to Byondreality
Byondreality collected $2 from pot
Byondreality: doesn't show hand
*** SUMMARY ***
Total pot $2 | Rake $0
Seat 7: VolkovDmitri (button) (small blind) folded before Flop
Seat 10: Byondreality (big blind) collected ($2)


PokerStars Hand #151301231201:  Hold'em Limit ($3/$6 USD) - 2016/04/02 1:22:01 ET
Table 'Amicitia' 10-max Seat #10 is the button
Seat 7: VolkovDmitri ($176.28 in chips)
Seat 10: Byondreality ($58.74 in chips)
Byondreality: posts small blind $1
VolkovDmitri: posts big blind $3
*** HOLE CARDS ***
Byondreality: folds
Uncalled bet ($2) returned to VolkovDmitri
VolkovDmitri collected $2 from pot
VolkovDmitri: doesn't show hand
*** SUMMARY ***
Total pot $2 | Rake $0
Seat 7: VolkovDmitri (big blind) collected ($2)
Seat 10: Byondreality (button) (small blind) folded before Flop


PokerStars Hand #151301223904:  Hold'em Limit ($3/$6 USD) - 2016/04/02 1:21:36 ET
Table 'Amicitia' 10-max Seat #7 is the button
Seat 7: VolkovDmitri ($170.52 in chips)
Seat 10: Byondreality ($64.74 in chips)
VolkovDmitri: posts small blind $1
Byondreality: posts big blind $3
*** HOLE CARDS ***
VolkovDmitri: raises $3 to $6
Byondreality: calls $3
*** FLOP *** [7s Jc Kd]
Byondreality: checks
VolkovDmitri: bets $3
Byondreality: folds
Uncalled bet ($3) returned to VolkovDmitri
VolkovDmitri collected $11.76 from pot
VolkovDmitri: doesn't show hand
*** SUMMARY ***
Total pot $12 | Rake $0.24
Board [7s Jc Kd]
Seat 7: VolkovDmitri (button) (small blind) collected ($11.76)
Seat 10: Byondreality (big blind) folded on the Flop


PokerStars Hand #151301250077:  Hold'em Limit ($3/$6 USD) - 2016/04/02 1:23:09 ET
Table 'Amicitia' 10-max Seat #10 is the button
Seat 7: VolkovDmitri ($193.78 in chips)
Seat 10: Byondreality ($40.74 in chips)
Byondreality: posts small blind $1
VolkovDmitri: posts big blind $3
*** HOLE CARDS ***
Byondreality: raises $3 to $6
VolkovDmitri: calls $3
*** FLOP *** [7s 5h 5c]
VolkovDmitri: checks
Byondreality: bets $3
VolkovDmitri: calls $3
*** TURN *** [7s 5h 5c] [4s]
VolkovDmitri: checks
Byondreality: bets $6
VolkovDmitri: raises $6 to $12
Byondreality: calls $6
*** RIVER *** [7s 5h 5c 4s] [2h]
VolkovDmitri: bets $6
Byondreality: calls $6
*** SHOW DOWN ***
VolkovDmitri: shows [6s 8d] (a straight, Four to Eight)
Byondreality: mucks hand
VolkovDmitri collected $53.50 from pot
*** SUMMARY ***
Total pot $54 | Rake $0.50
Board [7s 5h 5c 4s 2h]
Seat 7: VolkovDmitri (big blind) showed [6s 8d] and won ($53.50) with a straight, Four to Eight
Seat 10: Byondreality (button) (small blind) mucked


PokerStars Hand #151301240457:  Hold'em Limit ($3/$6 USD) - 2016/04/02 1:22:35 ET
Table 'Amicitia' 10-max Seat #7 is the button
Seat 7: VolkovDmitri ($173.28 in chips)
Seat 10: Byondreality ($61.74 in chips)
VolkovDmitri: posts small blind $1
Byondreality: posts big blind $3
*** HOLE CARDS ***
VolkovDmitri: raises $3 to $6
Byondreality: calls $3
*** FLOP *** [9c 7s Qd]
Byondreality: checks
VolkovDmitri: bets $3
Byondreality: calls $3
*** TURN *** [9c 7s Qd] [4c]
Byondreality: checks
VolkovDmitri: bets $6
Byondreality: calls $6
*** RIVER *** [9c 7s Qd 4c] [8s]
Byondreality: checks
VolkovDmitri: bets $6
Byondreality: calls $6
*** SHOW DOWN ***
VolkovDmitri: shows [As Ac] (a pair of Aces)
Byondreality: mucks hand
VolkovDmitri collected $41.50 from pot
*** SUMMARY ***
Total pot $42 | Rake $0.50
Board [9c 7s Qd 4c 8s]
Seat 7: VolkovDmitri (button) (small blind) showed [As Ac] and won ($41.50) with a pair of Aces
Seat 10: Byondreality (big blind) mucked


PokerStars Hand #151301256743:  Hold'em Limit ($3/$6 USD) - 2016/04/02 1:23:32 ET
Table 'Amicitia' 10-max Seat #7 is the button
Seat 7: VolkovDmitri ($220.28 in chips)
Seat 10: Byondreality ($13.74 in chips)
VolkovDmitri: posts small blind $1
Byondreality: posts big blind $3
*** HOLE CARDS ***
VolkovDmitri: raises $3 to $6
Byondreality: folds
Uncalled bet ($3) returned to VolkovDmitri
VolkovDmitri collected $6 from pot
VolkovDmitri: doesn't show hand
*** SUMMARY ***
Total pot $6 | Rake $0
Seat 7: VolkovDmitri (button) (small blind) collected ($6)
Seat 10: Byondreality (big blind) folded before Flop


PokerStars Hand #151301274248:  Hold'em Limit ($3/$6 USD) - 2016/04/02 1:24:34 ET
Table 'Amicitia' 10-max Seat #10 is the button
Seat 7: VolkovDmitri ($218.30 in chips)
Seat 10: Byondreality ($15.05 in chips)
Byondreality: posts small blind $1
VolkovDmitri: posts big blind $3
*** HOLE CARDS ***
Byondreality: folds
Uncalled bet ($2) returned to VolkovDmitri
VolkovDmitri collected $2 from pot
VolkovDmitri: doesn't show hand
*** SUMMARY ***
Total pot $2 | Rake $0
Seat 7: VolkovDmitri (big blind) collected ($2)
Seat 10: Byondreality (button) (small blind) folded before Flop


PokerStars Hand #151301269480:  Hold'em Limit ($3/$6 USD) - 2016/04/02 1:24:17 ET
Table 'Amicitia' 10-max Seat #7 is the button
Seat 7: VolkovDmitri ($212.54 in chips)
Seat 10: Byondreality ($21.05 in chips)
VolkovDmitri: posts small blind $1
Byondreality: posts big blind $3
*** HOLE CARDS ***
VolkovDmitri: raises $3 to $6
Byondreality: calls $3
*** FLOP *** [Qh Kd 7d]
Byondreality: checks
VolkovDmitri: bets $3
Byondreality: folds
Uncalled bet ($3) returned to VolkovDmitri
VolkovDmitri collected $11.76 from pot
VolkovDmitri: doesn't show hand
*** SUMMARY ***
Total pot $12 | Rake $0.24
Board [Qh Kd 7d]
Seat 7: VolkovDmitri (button) (small blind) collected ($11.76)
Seat 10: Byondreality (big blind) folded on the Flop


PokerStars Hand #151301261722:  Hold'em Limit ($3/$6 USD) - 2016/04/02 1:23:50 ET
Table 'Amicitia' 10-max Seat #10 is the button
Seat 7: VolkovDmitri ($223.28 in chips)
Seat 10: Byondreality ($10.74 in chips)
Byondreality: posts small blind $1
VolkovDmitri: posts big blind $3
*** HOLE CARDS ***
Byondreality: raises $3 to $6
VolkovDmitri: raises $3 to $9
Byondreality: calls $3
*** FLOP *** [4d 6h 3h]
VolkovDmitri: bets $3
Byondreality: calls $1.74 and is all-in
Uncalled bet ($1.26) returned to VolkovDmitri
*** TURN *** [4d 6h 3h] [3c]
*** RIVER *** [4d 6h 3h 3c] [Ks]
*** SHOW DOWN ***
VolkovDmitri: shows [2c Td] (a pair of Threes)
Byondreality: shows [8c 6c] (two pair, Sixes and Threes)
Byondreality collected $21.05 from pot
*** SUMMARY ***
Total pot $21.48 | Rake $0.43
Board [4d 6h 3h 3c Ks]
Seat 7: VolkovDmitri (big blind) showed [2c Td] and lost with a pair of Threes
Seat 10: Byondreality (button) (small blind) showed [8c 6c] and won ($21.05) with two pair, Sixes and Threes


PokerStars Hand #151301280169:  Hold'em Limit ($3/$6 USD) - 2016/04/02 1:24:55 ET
Table 'Amicitia' 10-max Seat #10 is the button
Seat 7: VolkovDmitri ($225.06 in chips)
Seat 10: Byondreality ($8.05 in chips)
Byondreality: posts small blind $1
VolkovDmitri: posts big blind $3
*** HOLE CARDS ***
Byondreality: raises $3 to $6
VolkovDmitri: calls $3
*** FLOP *** [4c Th 8d]
VolkovDmitri: bets $3
Byondreality: calls $2.05 and is all-in
Uncalled bet ($0.95) returned to VolkovDmitri
*** TURN *** [4c Th 8d] [9s]
*** RIVER *** [4c Th 8d 9s] [7d]
*** SHOW DOWN ***
VolkovDmitri: shows [4s 8s] (two pair, Eights and Fours)
Byondreality: shows [As Kh] (high card Ace)
VolkovDmitri collected $15.78 from pot
Byondreality leaves the table
*** SUMMARY ***
Total pot $16.10 | Rake $0.32
Board [4c Th 8d 9s 7d]
Seat 7: VolkovDmitri (big blind) showed [4s 8s] and won ($15.78) with two pair, Eights and Fours
Seat 10: Byondreality (button) (small blind) showed [As Kh] and lost with high card Ace


PokerStars Hand #151301275531:  Hold'em Limit ($3/$6 USD) - 2016/04/02 1:24:39 ET
Table 'Amicitia' 10-max Seat #7 is the button
Seat 7: VolkovDmitri ($219.30 in chips)
Seat 10: Byondreality ($14.05 in chips)
VolkovDmitri: posts small blind $1
Byondreality: posts big blind $3
*** HOLE CARDS ***
VolkovDmitri: raises $3 to $6
Byondreality: calls $3
*** FLOP *** [Qs Kc 4d]
Byondreality: checks
VolkovDmitri: bets $3
Byondreality: folds
Uncalled bet ($3) returned to VolkovDmitri
VolkovDmitri collected $11.76 from pot
VolkovDmitri: doesn't show hand
*** SUMMARY ***
Total pot $12 | Rake $0.24
Board [Qs Kc 4d]
Seat 7: VolkovDmitri (button) (small blind) collected ($11.76)
Seat 10: Byondreality (big blind) folded on the Flop


