PokerStars Hand #145512088538:  Hold'em Limit ($3/$6 USD) - 2015/12/17 20:58:41 ET
Table 'Amicitia' 6-max Seat #5 is the button
Seat 4: AzureCaper ($72 in chips)
Seat 5: teddyroxpin ($121 in chips)
teddyroxpin: posts small blind $1
AzureCaper: posts big blind $3
*** HOLE CARDS ***
teddyroxpin: raises $3 to $6
AzureCaper: calls $3
*** FLOP *** [Qd 4h Ah]
AzureCaper: checks
teddyroxpin: bets $3
AzureCaper: calls $3
*** TURN *** [Qd 4h Ah] [Qh]
AzureCaper: checks
teddyroxpin: checks
*** RIVER *** [Qd 4h Ah Qh] [7d]
AzureCaper: bets $6
teddyroxpin: calls $6
*** SHOW DOWN ***
AzureCaper: shows [Kc Qc] (three of a kind, Queens)
teddyroxpin: mucks hand
AzureCaper collected $29.50 from pot
*** SUMMARY ***
Total pot $30 | Rake $0.50
Board [Qd 4h Ah Qh 7d]
Seat 4: AzureCaper (big blind) showed [Kc Qc] and won ($29.50) with three of a kind, Queens
Seat 5: teddyroxpin (button) (small blind) mucked


PokerStars Hand #145512117558:  Hold'em Limit ($3/$6 USD) - 2015/12/17 20:59:58 ET
Table 'Amicitia' 6-max Seat #4 is the button
Seat 4: AzureCaper ($75.50 in chips)
Seat 5: teddyroxpin ($116.76 in chips)
AzureCaper: posts small blind $1
teddyroxpin: posts big blind $3
*** HOLE CARDS ***
AzureCaper: folds
Uncalled bet ($2) returned to teddyroxpin
teddyroxpin collected $2 from pot
*** SUMMARY ***
Total pot $2 | Rake $0
Seat 4: AzureCaper (button) (small blind) folded before Flop
Seat 5: teddyroxpin (big blind) collected ($2)


PokerStars Hand #145512114234:  Hold'em Limit ($3/$6 USD) - 2015/12/17 20:59:50 ET
Table 'Amicitia' 6-max Seat #5 is the button
Seat 4: AzureCaper ($78.50 in chips)
Seat 5: teddyroxpin ($113.76 in chips)
teddyroxpin: posts small blind $1
AzureCaper: posts big blind $3
*** HOLE CARDS ***
teddyroxpin: raises $3 to $6
AzureCaper: folds
Uncalled bet ($3) returned to teddyroxpin
teddyroxpin collected $6 from pot
*** SUMMARY ***
Total pot $6 | Rake $0
Seat 4: AzureCaper (big blind) folded before Flop
Seat 5: teddyroxpin (button) (small blind) collected ($6)


PokerStars Hand #145512111351:  Hold'em Limit ($3/$6 USD) - 2015/12/17 20:59:42 ET
Table 'Amicitia' 6-max Seat #4 is the button
Seat 4: AzureCaper ($79.50 in chips)
Seat 5: teddyroxpin ($112.76 in chips)
AzureCaper: posts small blind $1
teddyroxpin: posts big blind $3
*** HOLE CARDS ***
AzureCaper: folds
Uncalled bet ($2) returned to teddyroxpin
teddyroxpin collected $2 from pot
*** SUMMARY ***
Total pot $2 | Rake $0
Seat 4: AzureCaper (button) (small blind) folded before Flop
Seat 5: teddyroxpin (big blind) collected ($2)


PokerStars Hand #145512101780:  Hold'em Limit ($3/$6 USD) - 2015/12/17 20:59:16 ET
Table 'Amicitia' 6-max Seat #5 is the button
Seat 4: AzureCaper ($85.50 in chips)
Seat 5: teddyroxpin ($107 in chips)
teddyroxpin: posts small blind $1
AzureCaper: posts big blind $3
*** HOLE CARDS ***
teddyroxpin: raises $3 to $6
AzureCaper: calls $3
*** FLOP *** [Th 6h 2s]
AzureCaper: checks
teddyroxpin: checks
*** TURN *** [Th 6h 2s] [Ac]
AzureCaper: checks
teddyroxpin: checks
*** RIVER *** [Th 6h 2s Ac] [3c]
AzureCaper: checks
teddyroxpin: checks
*** SHOW DOWN ***
AzureCaper: shows [Qd Jd] (high card Ace)
teddyroxpin: shows [Qs Kd] (high card Ace - King kicker)
teddyroxpin collected $11.76 from pot
*** SUMMARY ***
Total pot $12 | Rake $0.24
Board [Th 6h 2s Ac 3c]
Seat 4: AzureCaper (big blind) showed [Qd Jd] and lost with high card Ace
Seat 5: teddyroxpin (button) (small blind) showed [Qs Kd] and won ($11.76) with high card Ace


PokerStars Hand #145512098813:  Hold'em Limit ($3/$6 USD) - 2015/12/17 20:59:08 ET
Table 'Amicitia' 6-max Seat #4 is the button
Seat 4: AzureCaper ($86.50 in chips)
Seat 5: teddyroxpin ($106 in chips)
AzureCaper: posts small blind $1
teddyroxpin: posts big blind $3
*** HOLE CARDS ***
AzureCaper: folds
Uncalled bet ($2) returned to teddyroxpin
teddyroxpin collected $2 from pot
*** SUMMARY ***
Total pot $2 | Rake $0
Seat 4: AzureCaper (button) (small blind) folded before Flop
Seat 5: teddyroxpin (big blind) collected ($2)


PokerStars Hand #145512134638:  Hold'em Limit ($3/$6 USD) - 2015/12/17 21:00:38 ET
Table 'Amicitia' 6-max Seat #4 is the button
Seat 4: AzureCaper ($83.14 in chips)
Seat 5: teddyroxpin ($108.76 in chips)
AzureCaper: posts small blind $1
teddyroxpin: posts big blind $3
*** HOLE CARDS ***
AzureCaper: folds
Uncalled bet ($2) returned to teddyroxpin
teddyroxpin collected $2 from pot
*** SUMMARY ***
Total pot $2 | Rake $0
Seat 4: AzureCaper (button) (small blind) folded before Flop
Seat 5: teddyroxpin (big blind) collected ($2)


PokerStars Hand #145512120003:  Hold'em Limit ($3/$6 USD) - 2015/12/17 21:00:05 ET
Table 'Amicitia' 6-max Seat #5 is the button
Seat 4: AzureCaper ($74.50 in chips)
Seat 5: teddyroxpin ($117.76 in chips)
teddyroxpin: posts small blind $1
AzureCaper: posts big blind $3
*** HOLE CARDS ***
teddyroxpin: raises $3 to $6
megabaitt joins the table at seat #6
AzureCaper: calls $3
*** FLOP *** [4d Js 4h]
AzureCaper: checks
teddyroxpin: bets $3
AzureCaper: calls $3
*** TURN *** [4d Js 4h] [Ks]
AzureCaper: checks
teddyroxpin: checks
*** RIVER *** [4d Js 4h Ks] [3c]
AzureCaper: bets $6
teddyroxpin: folds
Uncalled bet ($6) returned to AzureCaper
AzureCaper collected $17.64 from pot
AzureCaper: doesn't show hand
*** SUMMARY ***
Total pot $18 | Rake $0.36
Board [4d Js 4h Ks 3c]
Seat 4: AzureCaper (big blind) collected ($17.64)
Seat 5: teddyroxpin (button) (small blind) folded on the River


PokerStars Hand #145516501660:  Hold'em Limit ($3/$6 USD) - 2015/12/18 0:29:22 ET
Table 'Amicitia' 6-max Seat #2 is the button
Seat 2: scorpio04 ($111.52 in chips)
Seat 6: megabaitt ($271.68 in chips)
Pork Hunt Im will be allowed to play after the button
scorpio04: posts small blind $1
megabaitt: posts big blind $3
*** HOLE CARDS ***
SALZHERZ leaves the table
scorpio04: raises $3 to $6
megabaitt: calls $3
*** FLOP *** [Qc 6d 8d]
megabaitt: checks
scorpio04: bets $3
megabaitt: raises $3 to $6
scorpio04: calls $3
*** TURN *** [Qc 6d 8d] [2s]
megabaitt: bets $6
scorpio04: raises $6 to $12
megabaitt: folds
Uncalled bet ($6) returned to scorpio04
scorpio04 collected $35.50 from pot
scorpio04: doesn't show hand
*** SUMMARY ***
Total pot $36 | Rake $0.50
Board [Qc 6d 8d 2s]
Seat 2: scorpio04 (button) (small blind) collected ($35.50)
Seat 6: megabaitt (big blind) folded on the Turn


PokerStars Hand #145516547150:  Hold'em Limit ($3/$6 USD) - 2015/12/18 0:32:08 ET
Table 'Amicitia' 6-max Seat #2 is the button
Seat 2: scorpio04 ($96.02 in chips)
Seat 6: megabaitt ($269.73 in chips)
scorpio04: posts small blind $1
megabaitt: posts big blind $3
*** HOLE CARDS ***
scorpio04: raises $3 to $6
megabaitt: raises $3 to $9
scorpio04: calls $3
*** FLOP *** [3h 3c 2d]
megabaitt: bets $3
scorpio04: calls $3
*** TURN *** [3h 3c 2d] [6s]
megabaitt: bets $6
scorpio04: raises $6 to $12
megabaitt: calls $6
*** RIVER *** [3h 3c 2d 6s] [Qs]
megabaitt: checks
scorpio04: bets $6
megabaitt: calls $6
*** SHOW DOWN ***
scorpio04: shows [3s Kh] (three of a kind, Threes)
megabaitt: mucks hand
scorpio04 collected $59.50 from pot
*** SUMMARY ***
Total pot $60 | Rake $0.50
Board [3h 3c 2d 6s Qs]
Seat 2: scorpio04 (button) (small blind) showed [3s Kh] and won ($59.50) with three of a kind, Threes
Seat 6: megabaitt (big blind) mucked


PokerStars Hand #145516533780:  Hold'em Limit ($3/$6 USD) - 2015/12/18 0:31:20 ET
Table 'Amicitia' 6-max Seat #6 is the button
Seat 2: scorpio04 ($123.02 in chips)
Seat 6: megabaitt ($243.23 in chips)
Pork Hunt Im: is sitting out
Pork Hunt Im leaves the table
megabaitt: posts small blind $1
scorpio04: posts big blind $3
*** HOLE CARDS ***
megabaitt: calls $2
scorpio04: checks
*** FLOP *** [Tc 4c 3h]
scorpio04: checks
megabaitt: bets $3
scorpio04: raises $3 to $6
megabaitt: calls $3
*** TURN *** [Tc 4c 3h] [7d]
scorpio04: bets $6
megabaitt: calls $6
*** RIVER *** [Tc 4c 3h 7d] [7s]
scorpio04: bets $6
megabaitt: raises $6 to $12
scorpio04: calls $6
*** SHOW DOWN ***
megabaitt: shows [7c Qs] (three of a kind, Sevens)
scorpio04: mucks hand
megabaitt collected $53.50 from pot
*** SUMMARY ***
Total pot $54 | Rake $0.50
Board [Tc 4c 3h 7d 7s]
Seat 2: scorpio04 (big blind) mucked
Seat 6: megabaitt (button) (small blind) showed [7c Qs] and won ($53.50) with three of a kind, Sevens


PokerStars Hand #145516570202:  Hold'em Limit ($3/$6 USD) - 2015/12/18 0:33:33 ET
Table 'Amicitia' 6-max Seat #6 is the button
Seat 2: scorpio04 ($110.52 in chips)
Seat 6: megabaitt ($254.13 in chips)
megabaitt: posts small blind $1
scorpio04: posts big blind $3
*** HOLE CARDS ***
megabaitt: calls $2
scorpio04: checks
*** FLOP *** [6c 8d 4d]
scorpio04: bets $3
megabaitt: calls $3
*** TURN *** [6c 8d 4d] [7d]
scorpio04: checks
megabaitt: bets $6
scorpio04: folds
Uncalled bet ($6) returned to megabaitt
megabaitt collected $11.76 from pot
megabaitt: doesn't show hand
*** SUMMARY ***
Total pot $12 | Rake $0.24
Board [6c 8d 4d 7d]
Seat 2: scorpio04 (big blind) folded on the Turn
Seat 6: megabaitt (button) (small blind) collected ($11.76)


PokerStars Hand #145516562661:  Hold'em Limit ($3/$6 USD) - 2015/12/18 0:33:05 ET
Table 'Amicitia' 6-max Seat #2 is the button
Seat 2: scorpio04 ($119.52 in chips)
Seat 6: megabaitt ($245.49 in chips)
scorpio04: posts small blind $1
megabaitt: posts big blind $3
*** HOLE CARDS ***
scorpio04: raises $3 to $6
megabaitt: calls $3
*** FLOP *** [6s 3s Qs]
megabaitt: checks
scorpio04: bets $3
megabaitt: calls $3
*** TURN *** [6s 3s Qs] [Js]
megabaitt: checks
scorpio04: checks
*** RIVER *** [6s 3s Qs Js] [9d]
megabaitt: checks
scorpio04: checks
*** SHOW DOWN ***
megabaitt: shows [Qh 9s] (a flush, Queen high)
scorpio04: mucks hand
megabaitt collected $17.64 from pot
*** SUMMARY ***
Total pot $18 | Rake $0.36
Board [6s 3s Qs Js 9d]
Seat 2: scorpio04 (button) (small blind) mucked
Seat 6: megabaitt (big blind) showed [Qh 9s] and won ($17.64) with a flush, Queen high


PokerStars Hand #145516557873:  Hold'em Limit ($3/$6 USD) - 2015/12/18 0:32:47 ET
Table 'Amicitia' 6-max Seat #6 is the button
Seat 2: scorpio04 ($125.52 in chips)
Seat 6: megabaitt ($239.73 in chips)
megabaitt: posts small blind $1
scorpio04: posts big blind $3
*** HOLE CARDS ***
megabaitt: calls $2
scorpio04: checks
*** FLOP *** [Kd As Tc]
scorpio04: bets $3
megabaitt: calls $3
*** TURN *** [Kd As Tc] [Jd]
scorpio04: checks
megabaitt: bets $6
scorpio04: folds
Uncalled bet ($6) returned to megabaitt
megabaitt collected $11.76 from pot
megabaitt: doesn't show hand
*** SUMMARY ***
Total pot $12 | Rake $0.24
Board [Kd As Tc Jd]
Seat 2: scorpio04 (big blind) folded on the Turn
Seat 6: megabaitt (button) (small blind) collected ($11.76)


PokerStars Hand #145516587726:  Hold'em Limit ($3/$6 USD) - 2015/12/18 0:34:38 ET
Table 'Amicitia' 6-max Seat #2 is the button
Seat 2: scorpio04 ($72 in chips)
Seat 6: megabaitt ($292.03 in chips)
scorpio04: posts small blind $1
megabaitt: posts big blind $3
*** HOLE CARDS ***
scorpio04: folds
Uncalled bet ($2) returned to megabaitt
megabaitt collected $2 from pot
megabaitt: doesn't show hand
*** SUMMARY ***
Total pot $2 | Rake $0
Seat 2: scorpio04 (button) (small blind) folded before Flop
Seat 6: megabaitt (big blind) collected ($2)


PokerStars Hand #145516581573:  Hold'em Limit ($3/$6 USD) - 2015/12/18 0:34:16 ET
Table 'Amicitia' 6-max Seat #6 is the button
Seat 2: scorpio04 ($95.52 in chips)
Seat 6: megabaitt ($268.53 in chips)
megabaitt: posts small blind $1
scorpio04: posts big blind $3
*** HOLE CARDS ***
megabaitt: calls $2
scorpio04: checks
*** FLOP *** [4h 3c 4d]
scorpio04: bets $3
megabaitt: calls $3
*** TURN *** [4h 3c 4d] [3s]
scorpio04: bets $6
megabaitt: raises $6 to $12
scorpio04: calls $6
*** RIVER *** [4h 3c 4d 3s] [As]
scorpio04: checks
megabaitt: bets $6
scorpio04: calls $6
*** SHOW DOWN ***
megabaitt: shows [4s 5h] (a full house, Fours full of Threes)
scorpio04: mucks hand
megabaitt collected $47.50 from pot
*** SUMMARY ***
Total pot $48 | Rake $0.50
Board [4h 3c 4d 3s As]
Seat 2: scorpio04 (big blind) mucked
Seat 6: megabaitt (button) (small blind) showed [4s 5h] and won ($47.50) with a full house, Fours full of Threes


PokerStars Hand #145516575698:  Hold'em Limit ($3/$6 USD) - 2015/12/18 0:33:54 ET
Table 'Amicitia' 6-max Seat #2 is the button
Seat 2: scorpio04 ($104.52 in chips)
Seat 6: megabaitt ($259.89 in chips)
scorpio04: posts small blind $1
megabaitt: posts big blind $3
*** HOLE CARDS ***
scorpio04: raises $3 to $6
megabaitt: calls $3
*** FLOP *** [4h 3c 2d]
megabaitt: checks
scorpio04: bets $3
megabaitt: calls $3
*** TURN *** [4h 3c 2d] [2h]
megabaitt: checks
scorpio04: checks
*** RIVER *** [4h 3c 2d 2h] [Ad]
megabaitt: bets $6
scorpio04: folds
Uncalled bet ($6) returned to megabaitt
megabaitt collected $17.64 from pot
megabaitt: doesn't show hand
*** SUMMARY ***
Total pot $18 | Rake $0.36
Board [4h 3c 2d 2h Ad]
Seat 2: scorpio04 (button) (small blind) folded on the River
Seat 6: megabaitt (big blind) collected ($17.64)


PokerStars Hand #145516601930:  Hold'em Limit ($3/$6 USD) - 2015/12/18 0:35:32 ET
Table 'Amicitia' 6-max Seat #6 is the button
Seat 2: scorpio04 ($86.50 in chips)
Seat 6: megabaitt ($280.91 in chips)
megabaitt: posts small blind $1
scorpio04: posts big blind $3
*** HOLE CARDS ***
megabaitt: calls $2
scorpio04: checks
*** FLOP *** [7c 6c Kc]
scorpio04: checks
megabaitt: bets $3
scorpio04: folds
Uncalled bet ($3) returned to megabaitt
megabaitt collected $5.88 from pot
megabaitt: doesn't show hand
*** SUMMARY ***
Total pot $6 | Rake $0.12
Board [7c 6c Kc]
Seat 2: scorpio04 (big blind) folded on the Flop
Seat 6: megabaitt (button) (small blind) collected ($5.88)


PokerStars Hand #145516593961:  Hold'em Limit ($3/$6 USD) - 2015/12/18 0:35:02 ET
Table 'Amicitia' 6-max Seat #2 is the button
Seat 2: scorpio04 ($72 in chips)
Seat 6: megabaitt ($295.91 in chips)
scorpio04: posts small blind $1
megabaitt: posts big blind $3
*** HOLE CARDS ***
scorpio04: raises $3 to $6
megabaitt: calls $3
*** FLOP *** [Qh Kh 5d]
megabaitt: checks
scorpio04: bets $3
megabaitt: calls $3
*** TURN *** [Qh Kh 5d] [4s]
megabaitt: checks
scorpio04: checks
*** RIVER *** [Qh Kh 5d 4s] [Jd]
megabaitt: bets $6
scorpio04: raises $6 to $12
megabaitt: folds
Uncalled bet ($6) returned to scorpio04
scorpio04 collected $29.50 from pot
scorpio04: doesn't show hand
*** SUMMARY ***
Total pot $30 | Rake $0.50
Board [Qh Kh 5d 4s Jd]
Seat 2: scorpio04 (button) (small blind) collected ($29.50)
Seat 6: megabaitt (big blind) folded on the River


PokerStars Hand #145516589027:  Hold'em Limit ($3/$6 USD) - 2015/12/18 0:34:43 ET
Table 'Amicitia' 6-max Seat #6 is the button
Seat 2: scorpio04 ($72 in chips)
Seat 6: megabaitt ($293.03 in chips)
megabaitt: posts small blind $1
scorpio04: posts big blind $3
*** HOLE CARDS ***
megabaitt: calls $2
scorpio04: checks
*** FLOP *** [Qh 2h 6c]
scorpio04: checks
megabaitt: bets $3
scorpio04: folds
Uncalled bet ($3) returned to megabaitt
megabaitt collected $5.88 from pot
megabaitt: doesn't show hand
*** SUMMARY ***
Total pot $6 | Rake $0.12
Board [Qh 2h 6c]
Seat 2: scorpio04 (big blind) folded on the Flop
Seat 6: megabaitt (button) (small blind) collected ($5.88)


PokerStars Hand #145516617364:  Hold'em Limit ($3/$6 USD) - 2015/12/18 0:36:31 ET
Table 'Amicitia' 6-max Seat #2 is the button
Seat 2: scorpio04 ($98 in chips)
Seat 6: megabaitt ($268.55 in chips)
scorpio04: posts small blind $1
megabaitt: posts big blind $3
*** HOLE CARDS ***
scorpio04: folds
Uncalled bet ($2) returned to megabaitt
megabaitt collected $2 from pot
megabaitt: doesn't show hand
*** SUMMARY ***
Total pot $2 | Rake $0
Seat 2: scorpio04 (button) (small blind) folded before Flop
Seat 6: megabaitt (big blind) collected ($2)


PokerStars Hand #145516614557:  Hold'em Limit ($3/$6 USD) - 2015/12/18 0:36:20 ET
Table 'Amicitia' 6-max Seat #6 is the button
Seat 2: scorpio04 ($104 in chips)
Seat 6: megabaitt ($262.79 in chips)
megabaitt: posts small blind $1
scorpio04: posts big blind $3
*** HOLE CARDS ***
megabaitt: calls $2
scorpio04: checks
*** FLOP *** [9c Jc 8d]
scorpio04: bets $3
megabaitt: raises $3 to $6
scorpio04: folds
Uncalled bet ($3) returned to megabaitt
megabaitt collected $11.76 from pot
megabaitt: doesn't show hand
*** SUMMARY ***
Total pot $12 | Rake $0.24
Board [9c Jc 8d]
Seat 2: scorpio04 (big blind) folded on the Flop
Seat 6: megabaitt (button) (small blind) collected ($11.76)


PokerStars Hand #145516605903:  Hold'em Limit ($3/$6 USD) - 2015/12/18 0:35:47 ET
Table 'Amicitia' 6-max Seat #2 is the button
Seat 2: scorpio04 ($83.50 in chips)
Seat 6: megabaitt ($283.79 in chips)
scorpio04: posts small blind $1
megabaitt: posts big blind $3
*** HOLE CARDS ***
scorpio04: raises $3 to $6
megabaitt: calls $3
*** FLOP *** [4d Qd 7h]
megabaitt: checks
scorpio04: bets $3
megabaitt: calls $3
*** TURN *** [4d Qd 7h] [Ad]
megabaitt: checks
scorpio04: bets $6
megabaitt: calls $6
*** RIVER *** [4d Qd 7h Ad] [5s]
megabaitt: checks
scorpio04: bets $6
megabaitt: calls $6
*** SHOW DOWN ***
scorpio04: shows [Ac Ks] (a pair of Aces)
megabaitt: mucks hand
scorpio04 collected $41.50 from pot
*** SUMMARY ***
Total pot $42 | Rake $0.50
Board [4d Qd 7h Ad 5s]
Seat 2: scorpio04 (button) (small blind) showed [Ac Ks] and won ($41.50) with a pair of Aces
Seat 6: megabaitt (big blind) mucked


PokerStars Hand #145516623493:  Hold'em Limit ($3/$6 USD) - 2015/12/18 0:36:54 ET
Table 'Amicitia' 6-max Seat #2 is the button
Seat 2: scorpio04 ($105.64 in chips)
Seat 6: megabaitt ($260.55 in chips)
scorpio04: posts small blind $1
megabaitt: posts big blind $3
*** HOLE CARDS ***
scorpio04: folds
Uncalled bet ($2) returned to megabaitt
megabaitt collected $2 from pot
megabaitt: doesn't show hand
*** SUMMARY ***
Total pot $2 | Rake $0
Seat 2: scorpio04 (button) (small blind) folded before Flop
Seat 6: megabaitt (big blind) collected ($2)


PokerStars Hand #145516618748:  Hold'em Limit ($3/$6 USD) - 2015/12/18 0:36:36 ET
Table 'Amicitia' 6-max Seat #6 is the button
Seat 2: scorpio04 ($97 in chips)
Seat 6: megabaitt ($269.55 in chips)
megabaitt: posts small blind $1
scorpio04: posts big blind $3
*** HOLE CARDS ***
megabaitt: calls $2
scorpio04: raises $3 to $6
megabaitt: calls $3
*** FLOP *** [Kh Jd Jh]
scorpio04: checks
megabaitt: bets $3
scorpio04: raises $3 to $6
megabaitt: folds
Uncalled bet ($3) returned to scorpio04
scorpio04 collected $17.64 from pot
scorpio04: doesn't show hand
*** SUMMARY ***
Total pot $18 | Rake $0.36
Board [Kh Jd Jh]
Seat 2: scorpio04 (big blind) collected ($17.64)
Seat 6: megabaitt (button) (small blind) folded on the Flop


PokerStars Hand #145516632481:  Hold'em Limit ($3/$6 USD) - 2015/12/18 0:37:28 ET
Table 'Amicitia' 6-max Seat #2 is the button
Seat 2: scorpio04 ($86.64 in chips)
Seat 6: megabaitt ($279.05 in chips)
scorpio04: posts small blind $1
megabaitt: posts big blind $3
*** HOLE CARDS ***
scorpio04: folds
Uncalled bet ($2) returned to megabaitt
megabaitt collected $2 from pot
megabaitt: doesn't show hand
*** SUMMARY ***
Total pot $2 | Rake $0
Seat 2: scorpio04 (button) (small blind) folded before Flop
Seat 6: megabaitt (big blind) collected ($2)


PokerStars Hand #145516624629:  Hold'em Limit ($3/$6 USD) - 2015/12/18 0:36:58 ET
Table 'Amicitia' 6-max Seat #6 is the button
Seat 2: scorpio04 ($104.64 in chips)
Seat 6: megabaitt ($261.55 in chips)
megabaitt: posts small blind $1
scorpio04: posts big blind $3
*** HOLE CARDS ***
megabaitt: calls $2
scorpio04: checks
*** FLOP *** [2s 8h Jc]
scorpio04: bets $3
megabaitt: calls $3
*** TURN *** [2s 8h Jc] [7h]
scorpio04: bets $6
megabaitt: calls $6
*** RIVER *** [2s 8h Jc 7h] [5d]
scorpio04: bets $6
megabaitt: raises $6 to $12
scorpio04: folds
Uncalled bet ($6) returned to megabaitt
megabaitt collected $35.50 from pot
megabaitt: doesn't show hand
*** SUMMARY ***
Total pot $36 | Rake $0.50
Board [2s 8h Jc 7h 5d]
Seat 2: scorpio04 (big blind) folded on the River
Seat 6: megabaitt (button) (small blind) collected ($35.50)


PokerStars Hand #145516634492:  Hold'em Limit ($3/$6 USD) - 2015/12/18 0:37:36 ET
Table 'Amicitia' 6-max Seat #6 is the button
Seat 2: scorpio04 ($85.64 in chips)
Seat 6: megabaitt ($280.05 in chips)
megabaitt: posts small blind $1
scorpio04: posts big blind $3
*** HOLE CARDS ***
megabaitt: calls $2
scorpio04: checks
*** FLOP *** [Qd 8d 5d]
scorpio04: checks
megabaitt: bets $3
scorpio04: calls $3
*** TURN *** [Qd 8d 5d] [8s]
scorpio04: checks
megabaitt: checks
*** RIVER *** [Qd 8d 5d 8s] [Kh]
scorpio04: bets $6
parnishka11 joins the table at seat #1
megabaitt: folds
Uncalled bet ($6) returned to scorpio04
scorpio04 collected $11.76 from pot
scorpio04: doesn't show hand
*** SUMMARY ***
Total pot $12 | Rake $0.24
Board [Qd 8d 5d 8s Kh]
Seat 2: scorpio04 (big blind) collected ($11.76)
Seat 6: megabaitt (button) (small blind) folded on the River


PokerStars Hand #145516642146:  Hold'em Limit ($3/$6 USD) - 2015/12/18 0:38:05 ET
Table 'Amicitia' 6-max Seat #2 is the button
Seat 2: scorpio04 ($91.40 in chips)
Seat 6: megabaitt ($274.05 in chips)
scorpio04: posts small blind $1
megabaitt: posts big blind $3
*** HOLE CARDS ***
scorpio04: raises $3 to $6
megabaitt: calls $3
*** FLOP *** [7c 4h Js]
megabaitt: checks
scorpio04: bets $3
megabaitt: calls $3
*** TURN *** [7c 4h Js] [6h]
megabaitt: checks
scorpio04: bets $6
megabaitt: calls $6
*** RIVER *** [7c 4h Js 6h] [5d]
megabaitt: bets $6
scorpio04: folds
Uncalled bet ($6) returned to megabaitt
megabaitt collected $29.50 from pot
megabaitt: doesn't show hand
*** SUMMARY ***
Total pot $30 | Rake $0.50
Board [7c 4h Js 6h 5d]
Seat 2: scorpio04 (button) (small blind) folded on the River
Seat 6: megabaitt (big blind) collected ($29.50)


PokerStars Hand #145517142133:  Hold'em Limit ($3/$6 USD) - 2015/12/18 1:09:31 ET
Table 'Amicitia' 6-max Seat #3 is the button
Seat 3: krytalex ($121.72 in chips)
Seat 6: megabaitt ($212.21 in chips)
Masqb will be allowed to play after the button
krytalex: posts small blind $1
Evgen_591: is sitting out
megabaitt: posts big blind $3
*** HOLE CARDS ***
icebookman joins the table at seat #1
Evgen_591 leaves the table
krytalex: folds
Uncalled bet ($2) returned to megabaitt
megabaitt collected $2 from pot
megabaitt: doesn't show hand
*** SUMMARY ***
Total pot $2 | Rake $0
Seat 3: krytalex (button) (small blind) folded before Flop
Seat 6: megabaitt (big blind) collected ($2)


PokerStars Hand #145518099232:  Hold'em Limit ($3/$6 USD) - 2015/12/18 2:09:26 ET
Table 'Amicitia' 6-max Seat #1 is the button
Seat 1: icebookman ($118.91 in chips)
Seat 6: stronghawk ($167.85 in chips)
icebookman: posts small blind $1
stronghawk: posts big blind $3
*** HOLE CARDS ***
icebookman: raises $3 to $6
stronghawk: calls $3
*** FLOP *** [Ts Ah 7h]
stronghawk: checks
icebookman: bets $3
stronghawk: folds
Uncalled bet ($3) returned to icebookman
icebookman collected $11.76 from pot
icebookman: doesn't show hand
*** SUMMARY ***
Total pot $12 | Rake $0.24
Board [Ts Ah 7h]
Seat 1: icebookman (button) (small blind) collected ($11.76)
Seat 6: stronghawk (big blind) folded on the Flop


PokerStars Hand #145518097854:  Hold'em Limit ($3/$6 USD) - 2015/12/18 2:09:21 ET
Table 'Amicitia' 6-max Seat #6 is the button
Seat 1: icebookman ($117.91 in chips)
Seat 6: stronghawk ($168.85 in chips)
stronghawk: posts small blind $1
icebookman: posts big blind $3
*** HOLE CARDS ***
stronghawk: folds
Uncalled bet ($2) returned to icebookman
icebookman collected $2 from pot
*** SUMMARY ***
Total pot $2 | Rake $0
Seat 1: icebookman (big blind) collected ($2)
Seat 6: stronghawk (button) (small blind) folded before Flop


PokerStars Hand #145518093203:  Hold'em Limit ($3/$6 USD) - 2015/12/18 2:09:04 ET
Table 'Amicitia' 6-max Seat #1 is the button
Seat 1: icebookman ($109.27 in chips)
Seat 6: stronghawk ($177.85 in chips)
icebookman: posts small blind $1
stronghawk: posts big blind $3
*** HOLE CARDS ***
icebookman: raises $3 to $6
stronghawk: calls $3
*** FLOP *** [4d 7d 2h]
stronghawk: checks
icebookman: bets $3
stronghawk: calls $3
*** TURN *** [4d 7d 2h] [Kc]
stronghawk: checks
icebookman: bets $6
stronghawk: folds
Uncalled bet ($6) returned to icebookman
icebookman collected $17.64 from pot
icebookman: doesn't show hand
*** SUMMARY ***
Total pot $18 | Rake $0.36
Board [4d 7d 2h Kc]
Seat 1: icebookman (button) (small blind) collected ($17.64)
Seat 6: stronghawk (big blind) folded on the Turn


PokerStars Hand #145518103146:  Hold'em Limit ($3/$6 USD) - 2015/12/18 2:09:40 ET
Table 'Amicitia' 6-max Seat #6 is the button
Seat 1: icebookman ($124.67 in chips)
Seat 6: stronghawk ($161.85 in chips)
stronghawk: posts small blind $1
icebookman: posts big blind $3
*** HOLE CARDS ***
stronghawk: raises $3 to $6
icebookman: raises $3 to $9
stronghawk: calls $3
*** FLOP *** [Jc Kd Kh]
icebookman: bets $3
stronghawk: calls $3
*** TURN *** [Jc Kd Kh] [Ah]
icebookman: bets $6
stronghawk: calls $6
*** RIVER *** [Jc Kd Kh Ah] [As]
icebookman: bets $6
alpha2777 joins the table at seat #4
stronghawk: calls $6
*** SHOW DOWN ***
icebookman: shows [3c Ac] (a full house, Aces full of Kings)
stronghawk: mucks hand
icebookman collected $47.50 from pot
*** SUMMARY ***
Total pot $48 | Rake $0.50
Board [Jc Kd Kh Ah As]
Seat 1: icebookman (big blind) showed [3c Ac] and won ($47.50) with a full house, Aces full of Kings
Seat 6: stronghawk (button) (small blind) mucked


PokerStars Hand #145518922239:  Hold'em Limit ($3/$6 USD) - 2015/12/18 2:58:10 ET
Table 'Amicitia' 6-max Seat #2 is the button
Seat 2: pecs680 ($254.95 in chips)
Seat 6: stronghawk ($90 in chips)
pecs680: posts small blind $1
bentinck113: is sitting out
stronghawk: posts big blind $3
*** HOLE CARDS ***
pecs680: raises $3 to $6
stronghawk: raises $3 to $9
pecs680: calls $3
*** FLOP *** [5s 9s 8h]
stronghawk: bets $3
pecs680: folds
Uncalled bet ($3) returned to stronghawk
stronghawk collected $17.64 from pot
stronghawk: doesn't show hand
*** SUMMARY ***
Total pot $18 | Rake $0.36
Board [5s 9s 8h]
Seat 2: pecs680 (button) (small blind) folded on the Flop
Seat 6: stronghawk (big blind) collected ($17.64)


