PokerStars Hand #175325818032:  Hold'em Limit ($3/$6 USD) - 2017/09/07 10:46:33 ET
Table 'Amicitia II' 6-max Seat #4 is the button
Seat 1: sismos404 ($104.25 in chips)
Seat 4: Agrotait ($54 in chips)
Agrotait: posts small blind $1
sismos404: posts big blind $3
*** HOLE CARDS ***
Agrotait: folds
Uncalled bet ($2) returned to sismos404
sismos404 collected $2 from pot
*** SUMMARY ***
Total pot $2 | Rake $0
Seat 1: sismos404 (big blind) collected ($2)
Seat 4: Agrotait (button) (small blind) folded before Flop


PokerStars Hand #175325788504:  Hold'em Limit ($3/$6 USD) - 2017/09/07 10:45:42 ET
Table 'Amicitia II' 6-max Seat #1 is the button
Seat 1: sismos404 ($98.49 in chips)
Seat 4: Agrotait ($60 in chips)
sismos404: posts small blind $1
Agrotait: posts big blind $3
*** HOLE CARDS ***
sismos404: raises $3 to $6
Agrotait: calls $3
*** FLOP *** [As Ah 5c]
Agrotait: checks
sismos404: bets $3
Agrotait: folds
Uncalled bet ($3) returned to sismos404
sismos404 collected $11.76 from pot
*** SUMMARY ***
Total pot $12 | Rake $0.24
Board [As Ah 5c]
Seat 1: sismos404 (button) (small blind) collected ($11.76)
Seat 4: Agrotait (big blind) folded on the Flop


PokerStars Hand #175325821160:  Hold'em Limit ($3/$6 USD) - 2017/09/07 10:46:39 ET
Table 'Amicitia II' 6-max Seat #1 is the button
Seat 1: sismos404 ($105.25 in chips)
Seat 4: Agrotait ($53 in chips)
sismos404: posts small blind $1
Agrotait: posts big blind $3
*** HOLE CARDS ***
sismos404: raises $3 to $6
Agrotait: calls $3
*** FLOP *** [7h 4s Jh]
Agrotait: checks
sismos404: bets $3
Agrotait: calls $3
*** TURN *** [7h 4s Jh] [5c]
Agrotait: checks
sismos404: checks
*** RIVER *** [7h 4s Jh 5c] [Ac]
Agrotait: checks
sismos404: bets $6
Agrotait: calls $6
*** SHOW DOWN ***
sismos404: shows [Ah 9s] (a pair of Aces)
Agrotait: mucks hand
sismos404 collected $29.50 from pot
*** SUMMARY ***
Total pot $30 | Rake $0.50
Board [7h 4s Jh 5c Ac]
Seat 1: sismos404 (button) (small blind) showed [Ah 9s] and won ($29.50) with a pair of Aces
Seat 4: Agrotait (big blind) mucked


PokerStars Hand #175325839753:  Hold'em Limit ($3/$6 USD) - 2017/09/07 10:47:11 ET
Table 'Amicitia II' 6-max Seat #4 is the button
Seat 1: sismos404 ($119.75 in chips)
Seat 4: Agrotait ($38 in chips)
Agrotait: posts small blind $1
sismos404: posts big blind $3
*** HOLE CARDS ***
Agrotait: raises $3 to $6
sismos404: calls $3
*** FLOP *** [Tc 8d 2d]
sismos404: checks
Agrotait: bets $3
sismos404: raises $3 to $6
Agrotait: calls $3
*** TURN *** [Tc 8d 2d] [6s]
sismos404: bets $6
Agrotait: calls $6
*** RIVER *** [Tc 8d 2d 6s] [4d]
sismos404: bets $6
Agrotait: calls $6
*** SHOW DOWN ***
sismos404: shows [Ks Th] (a pair of Tens)
Agrotait: mucks hand
sismos404 collected $47.50 from pot
*** SUMMARY ***
Total pot $48 | Rake $0.50
Board [Tc 8d 2d 6s 4d]
Seat 1: sismos404 (big blind) showed [Ks Th] and won ($47.50) with a pair of Tens
Seat 4: Agrotait (button) (small blind) mucked


PokerStars Hand #175325853195:  Hold'em Limit ($3/$6 USD) - 2017/09/07 10:47:35 ET
Table 'Amicitia II' 6-max Seat #1 is the button
Seat 1: sismos404 ($143.25 in chips)
Seat 4: Agrotait ($60 in chips)
sismos404: posts small blind $1
Agrotait: posts big blind $3
*** HOLE CARDS ***
orimen joins the table at seat #2
sismos404: raises $3 to $6
Agrotait: calls $3
*** FLOP *** [2d 3c 5d]
Agrotait: checks
sismos404: bets $3
Agrotait: raises $3 to $6
sismos404: folds
Uncalled bet ($3) returned to Agrotait
Agrotait collected $17.64 from pot
Agrotait: doesn't show hand
*** SUMMARY ***
Total pot $18 | Rake $0.36
Board [2d 3c 5d]
Seat 1: sismos404 (button) (small blind) folded on the Flop
Seat 4: Agrotait (big blind) collected ($17.64)


PokerStars Hand #175325860982:  Hold'em Limit ($3/$6 USD) - 2017/09/07 10:47:48 ET
Table 'Amicitia II' 6-max Seat #4 is the button
Seat 1: sismos404 ($134.25 in chips)
Seat 4: Agrotait ($68.64 in chips)
Agrotait: posts small blind $1
sismos404: posts big blind $3
*** HOLE CARDS ***
Agrotait: folds
Uncalled bet ($2) returned to sismos404
sismos404 collected $2 from pot
*** SUMMARY ***
Total pot $2 | Rake $0
Seat 1: sismos404 (big blind) collected ($2)
Seat 4: Agrotait (button) (small blind) folded before Flop


PokerStars Hand #175325961279:  Hold'em Limit ($3/$6 USD) - 2017/09/07 10:50:43 ET
Table 'Amicitia II' 6-max Seat #1 is the button
Seat 1: sismos404 ($142.35 in chips)
Seat 2: orimen ($108.95 in chips)
sismos404: posts small blind $1
orimen: posts big blind $3
*** HOLE CARDS ***
sismos404: raises $3 to $6
orimen: folds
Uncalled bet ($3) returned to sismos404
sismos404 collected $6 from pot
*** SUMMARY ***
Total pot $6 | Rake $0
Seat 1: sismos404 (button) (small blind) collected ($6)
Seat 2: orimen (big blind) folded before Flop


PokerStars Hand #175325952636:  Hold'em Limit ($3/$6 USD) - 2017/09/07 10:50:28 ET
Table 'Amicitia II' 6-max Seat #2 is the button
Seat 1: sismos404 ($148.35 in chips)
Seat 2: orimen ($103.19 in chips)
orimen: posts small blind $1
Agrotait: is sitting out
sismos404: posts big blind $3
*** HOLE CARDS ***
orimen: raises $3 to $6
sismos404: calls $3
*** FLOP *** [3s 5s 3h]
Great_Kang joins the table at seat #3
sismos404: checks
orimen: bets $3
sismos404: folds
Uncalled bet ($3) returned to orimen
orimen collected $11.76 from pot
orimen: doesn't show hand
*** SUMMARY ***
Total pot $12 | Rake $0.24
Board [3s 5s 3h]
Seat 1: sismos404 (big blind) folded on the Flop
Seat 2: orimen (button) (small blind) collected ($11.76)


