PokerStars Hand #153587929384:  Hold'em Limit ($3/$6 USD) - 2016/05/20 11:59:07 ET
Table 'Amneris II' 6-max Seat #6 is the button
Seat 5: Diogo mania ($23 in chips)
Seat 6: LolDnkaments ($76 in chips)
LolDnkaments: posts small blind $1
DismasX: is sitting out
Diogo mania: posts big blind $3
*** HOLE CARDS ***
LolDnkaments: raises $3 to $6
Diogo mania: raises $3 to $9
LolDnkaments: calls $3
*** FLOP *** [As 9s 5d]
Diogo mania: bets $3
LolDnkaments: calls $3
*** TURN *** [As 9s 5d] [3h]
Diogo mania: bets $6
LolDnkaments: calls $6
*** RIVER *** [As 9s 5d 3h] [8c]
Diogo mania: bets $5 and is all-in
LolDnkaments: calls $5
*** SHOW DOWN ***
Diogo mania: shows [Ks Ac] (a pair of Aces)
LolDnkaments: shows [Qh 9c] (a pair of Nines)
Diogo mania collected $45.50 from pot
*** SUMMARY ***
Total pot $46 | Rake $0.50
Board [As 9s 5d 3h 8c]
Seat 5: Diogo mania (big blind) showed [Ks Ac] and won ($45.50) with a pair of Aces
Seat 6: LolDnkaments (button) (small blind) showed [Qh 9c] and lost with a pair of Nines


PokerStars Hand #153587961360:  Hold'em Limit ($3/$6 USD) - 2016/05/20 12:00:03 ET
Table 'Amneris II' 6-max Seat #5 is the button
Seat 5: Diogo mania ($59 in chips)
Seat 6: LolDnkaments ($72 in chips)
Diogo mania: posts small blind $1
LolDnkaments: posts big blind $3
*** HOLE CARDS ***
Diogo mania: raises $3 to $6
LolDnkaments: folds
Uncalled bet ($3) returned to Diogo mania
Diogo mania collected $6 from pot
Diogo mania: doesn't show hand
*** SUMMARY ***
Total pot $6 | Rake $0
Seat 5: Diogo mania (button) (small blind) collected ($6)
Seat 6: LolDnkaments (big blind) folded before Flop


PokerStars Hand #153587946244:  Hold'em Limit ($3/$6 USD) - 2016/05/20 11:59:37 ET
Table 'Amneris II' 6-max Seat #6 is the button
Seat 5: Diogo mania ($44.50 in chips)
Seat 6: LolDnkaments ($73 in chips)
LolDnkaments: posts small blind $1
Diogo mania: posts big blind $3
*** HOLE CARDS ***
LolDnkaments: raises $3 to $6
Diogo mania: calls $3
*** FLOP *** [As 7d 8c]
Diogo mania: checks
LolDnkaments: bets $3
Diogo mania: calls $3
*** TURN *** [As 7d 8c] [5c]
Diogo mania: checks
LolDnkaments: checks
*** RIVER *** [As 7d 8c 5c] [2c]
Diogo mania: bets $6
LolDnkaments: calls $6
*** SHOW DOWN ***
Diogo mania: shows [6h Ad] (a pair of Aces)
LolDnkaments: mucks hand
Diogo mania collected $29.50 from pot
*** SUMMARY ***
Total pot $30 | Rake $0.50
Board [As 7d 8c 5c 2c]
Seat 5: Diogo mania (big blind) showed [6h Ad] and won ($29.50) with a pair of Aces
Seat 6: LolDnkaments (button) (small blind) mucked


PokerStars Hand #153587943321:  Hold'em Limit ($3/$6 USD) - 2016/05/20 11:59:32 ET
Table 'Amneris II' 6-max Seat #5 is the button
Seat 5: Diogo mania ($45.50 in chips)
Seat 6: LolDnkaments ($72 in chips)
Diogo mania: posts small blind $1
LolDnkaments: posts big blind $3
*** HOLE CARDS ***
Diogo mania: folds
Uncalled bet ($2) returned to LolDnkaments
LolDnkaments collected $2 from pot
LolDnkaments: doesn't show hand
*** SUMMARY ***
Total pot $2 | Rake $0
Seat 5: Diogo mania (button) (small blind) folded before Flop
Seat 6: LolDnkaments (big blind) collected ($2)


