PokerStars Hand #167855140085:  Hold'em Limit ($3/$6 USD) - 2017/03/20 11:24:16 ET
Table 'Amneris' 6-max Seat #3 is the button
Seat 3: Boxer-Carlo ($54.87 in chips)
Seat 4: MTails ($120 in chips)
Boxer-Carlo: posts small blind $1
MTails: posts big blind $3
*** HOLE CARDS ***
Boxer-Carlo: raises $3 to $6
MTails: calls $3
*** FLOP *** [8h 3d Tc]
MTails: checks
Boxer-Carlo: bets $3
MTails: calls $3
*** TURN *** [8h 3d Tc] [Jd]
MTails: checks
Boxer-Carlo: checks
*** RIVER *** [8h 3d Tc Jd] [7s]
MTails: bets $6
Boxer-Carlo: calls $6
*** SHOW DOWN ***
MTails: shows [5d 4s] (high card Jack)
Boxer-Carlo: shows [7d 7h] (three of a kind, Sevens)
Boxer-Carlo collected $29.50 from pot
*** SUMMARY ***
Total pot $30 | Rake $0.50
Board [8h 3d Tc Jd 7s]
Seat 3: Boxer-Carlo (button) (small blind) showed [7d 7h] and won ($29.50) with three of a kind, Sevens
Seat 4: MTails (big blind) showed [5d 4s] and lost with high card Jack


PokerStars Hand #167855159034:  Hold'em Limit ($3/$6 USD) - 2017/03/20 11:24:46 ET
Table 'Amneris' 6-max Seat #4 is the button
Seat 3: Boxer-Carlo ($69.37 in chips)
Seat 4: MTails ($105 in chips)
MTails: posts small blind $1
Boxer-Carlo: posts big blind $3
*** HOLE CARDS ***
MTails: raises $3 to $6
Boxer-Carlo: calls $3
*** FLOP *** [Jh 3d 9s]
Boxer-Carlo: checks
MTails: bets $3
Boxer-Carlo: raises $3 to $6
MTails: calls $3
*** TURN *** [Jh 3d 9s] [8s]
Boxer-Carlo: bets $6
MTails: raises $6 to $12
Boxer-Carlo: calls $6
*** RIVER *** [Jh 3d 9s 8s] [7d]
Boxer-Carlo: checks
MTails: checks
*** SHOW DOWN ***
Boxer-Carlo: shows [Kh 9c] (a pair of Nines)
MTails: shows [6h Js] (a pair of Jacks)
MTails collected $47.50 from pot
*** SUMMARY ***
Total pot $48 | Rake $0.50
Board [Jh 3d 9s 8s 7d]
Seat 3: Boxer-Carlo (big blind) showed [Kh 9c] and lost with a pair of Nines
Seat 4: MTails (button) (small blind) showed [6h Js] and won ($47.50) with a pair of Jacks


PokerStars Hand #167855196280:  Hold'em Limit ($3/$6 USD) - 2017/03/20 11:25:44 ET
Table 'Amneris' 6-max Seat #4 is the button
Seat 3: Boxer-Carlo ($62.87 in chips)
Seat 4: MTails ($110.50 in chips)
MTails: posts small blind $1
Boxer-Carlo: posts big blind $3
*** HOLE CARDS ***
MTails: folds
Uncalled bet ($2) returned to Boxer-Carlo
Boxer-Carlo collected $2 from pot
Boxer-Carlo: doesn't show hand
*** SUMMARY ***
Total pot $2 | Rake $0
Seat 3: Boxer-Carlo (big blind) collected ($2)
Seat 4: MTails (button) (small blind) folded before Flop


PokerStars Hand #167855181090:  Hold'em Limit ($3/$6 USD) - 2017/03/20 11:25:20 ET
Table 'Amneris' 6-max Seat #3 is the button
Seat 3: Boxer-Carlo ($45.37 in chips)
Seat 4: MTails ($128.50 in chips)
Boxer-Carlo: posts small blind $1
MTails: posts big blind $3
*** HOLE CARDS ***
Boxer-Carlo: raises $3 to $6
MTails: calls $3
*** FLOP *** [8d 9c 9h]
MTails: checks
Boxer-Carlo: checks
*** TURN *** [8d 9c 9h] [3s]
MTails: bets $6
Boxer-Carlo: calls $6
*** RIVER *** [8d 9c 9h 3s] [Qh]
MTails: bets $6
Boxer-Carlo: calls $6
*** SHOW DOWN ***
MTails: shows [4h Jd] (a pair of Nines)
Boxer-Carlo: shows [Th 3d] (two pair, Nines and Threes)
Boxer-Carlo collected $35.50 from pot
*** SUMMARY ***
Total pot $36 | Rake $0.50
Board [8d 9c 9h 3s Qh]
Seat 3: Boxer-Carlo (button) (small blind) showed [Th 3d] and won ($35.50) with two pair, Nines and Threes
Seat 4: MTails (big blind) showed [4h Jd] and lost with a pair of Nines


PokerStars Hand #167855214980:  Hold'em Limit ($3/$6 USD) - 2017/03/20 11:26:13 ET
Table 'Amneris' 6-max Seat #4 is the button
Seat 3: Boxer-Carlo ($57.87 in chips)
Seat 4: MTails ($115.26 in chips)
MTails: posts small blind $1
Boxer-Carlo: posts big blind $3
*** HOLE CARDS ***
MTails: raises $3 to $6
Boxer-Carlo: folds
Uncalled bet ($3) returned to MTails
MTails collected $6 from pot
*** SUMMARY ***
Total pot $6 | Rake $0
Seat 3: Boxer-Carlo (big blind) folded before Flop
Seat 4: MTails (button) (small blind) collected ($6)


PokerStars Hand #167855199488:  Hold'em Limit ($3/$6 USD) - 2017/03/20 11:25:49 ET
Table 'Amneris' 6-max Seat #3 is the button
Seat 3: Boxer-Carlo ($63.87 in chips)
Seat 4: MTails ($109.50 in chips)
Boxer-Carlo: posts small blind $1
MTails: posts big blind $3
*** HOLE CARDS ***
Boxer-Carlo: raises $3 to $6
MTails: calls $3
*** FLOP *** [9h 3c Kh]
MTails: checks
Boxer-Carlo: checks
*** TURN *** [9h 3c Kh] [Th]
MTails: bets $6
Boxer-Carlo: folds
Uncalled bet ($6) returned to MTails
MTails collected $11.76 from pot
*** SUMMARY ***
Total pot $12 | Rake $0.24
Board [9h 3c Kh Th]
Seat 3: Boxer-Carlo (button) (small blind) folded on the Turn
Seat 4: MTails (big blind) collected ($11.76)


PokerStars Hand #167855218828:  Hold'em Limit ($3/$6 USD) - 2017/03/20 11:26:19 ET
Table 'Amneris' 6-max Seat #3 is the button
Seat 3: Boxer-Carlo ($54.87 in chips)
Seat 4: MTails ($118.26 in chips)
Boxer-Carlo: posts small blind $1
MTails: posts big blind $3
*** HOLE CARDS ***
Boxer-Carlo: raises $3 to $6
MTails: calls $3
*** FLOP *** [4c Js 4d]
MTails: checks
Boxer-Carlo: checks
*** TURN *** [4c Js 4d] [3s]
MTails: bets $6
Boxer-Carlo: folds
Uncalled bet ($6) returned to MTails
MTails collected $11.76 from pot
*** SUMMARY ***
Total pot $12 | Rake $0.24
Board [4c Js 4d 3s]
Seat 3: Boxer-Carlo (button) (small blind) folded on the Turn
Seat 4: MTails (big blind) collected ($11.76)


PokerStars Hand #167855265060:  Hold'em Limit ($3/$6 USD) - 2017/03/20 11:27:31 ET
Table 'Amneris' 6-max Seat #4 is the button
Seat 3: Boxer-Carlo ($86.87 in chips)
Seat 4: MTails ($85.02 in chips)
MTails: posts small blind $1
Boxer-Carlo: posts big blind $3
*** HOLE CARDS ***
MTails: raises $3 to $6
Boxer-Carlo: raises $3 to $9
MTails: calls $3
*** FLOP *** [Jc Th Jh]
Boxer-Carlo: bets $3
MTails: folds
Uncalled bet ($3) returned to Boxer-Carlo
Boxer-Carlo collected $17.64 from pot
Boxer-Carlo: doesn't show hand
*** SUMMARY ***
Total pot $18 | Rake $0.36
Board [Jc Th Jh]
Seat 3: Boxer-Carlo (big blind) collected ($17.64)
Seat 4: MTails (button) (small blind) folded on the Flop


PokerStars Hand #167855245166:  Hold'em Limit ($3/$6 USD) - 2017/03/20 11:27:00 ET
Table 'Amneris' 6-max Seat #3 is the button
Seat 3: Boxer-Carlo ($72.37 in chips)
Seat 4: MTails ($100.02 in chips)
Boxer-Carlo: posts small blind $1
MTails: posts big blind $3
*** HOLE CARDS ***
Boxer-Carlo: calls $2
MTails: raises $3 to $6
Boxer-Carlo: calls $3
*** FLOP *** [4d 9d 8s]
MTails: bets $3
Boxer-Carlo: calls $3
*** TURN *** [4d 9d 8s] [2d]
MTails: bets $6
Boxer-Carlo: calls $6
*** RIVER *** [4d 9d 8s 2d] [9s]
MTails: checks
Boxer-Carlo: checks
*** SHOW DOWN ***
MTails: shows [7d 3c] (a pair of Nines)
Boxer-Carlo: shows [6s Qd] (a pair of Nines - Queen kicker)
Boxer-Carlo collected $29.50 from pot
*** SUMMARY ***
Total pot $30 | Rake $0.50
Board [4d 9d 8s 2d 9s]
Seat 3: Boxer-Carlo (button) (small blind) showed [6s Qd] and won ($29.50) with a pair of Nines
Seat 4: MTails (big blind) showed [7d 3c] and lost with a pair of Nines


PokerStars Hand #167855228002:  Hold'em Limit ($3/$6 USD) - 2017/03/20 11:26:33 ET
Table 'Amneris' 6-max Seat #4 is the button
Seat 3: Boxer-Carlo ($48.87 in chips)
Seat 4: MTails ($124.02 in chips)
MTails: posts small blind $1
Boxer-Carlo: posts big blind $3
*** HOLE CARDS ***
MTails: raises $3 to $6
Boxer-Carlo: calls $3
*** FLOP *** [Tc 2d 6h]
Boxer-Carlo: checks
MTails: bets $3
Boxer-Carlo: raises $3 to $6
MTails: calls $3
*** TURN *** [Tc 2d 6h] [5c]
Boxer-Carlo: bets $6
MTails: calls $6
*** RIVER *** [Tc 2d 6h 5c] [8d]
Boxer-Carlo: checks
MTails: bets $6
Boxer-Carlo: calls $6
*** SHOW DOWN ***
MTails: shows [6d As] (a pair of Sixes)
Boxer-Carlo: shows [4h Th] (a pair of Tens)
Boxer-Carlo collected $47.50 from pot
*** SUMMARY ***
Total pot $48 | Rake $0.50
Board [Tc 2d 6h 5c 8d]
Seat 3: Boxer-Carlo (big blind) showed [4h Th] and won ($47.50) with a pair of Tens
Seat 4: MTails (button) (small blind) showed [6d As] and lost with a pair of Sixes


PokerStars Hand #167855304739:  Hold'em Limit ($3/$6 USD) - 2017/03/20 11:28:34 ET
Table 'Amneris' 6-max Seat #3 is the button
Seat 3: Boxer-Carlo ($84.51 in chips)
Seat 4: MTails ($86.42 in chips)
Boxer-Carlo: posts small blind $1
MTails: posts big blind $3
*** HOLE CARDS ***
Boxer-Carlo: folds
Uncalled bet ($2) returned to MTails
MTails collected $2 from pot
*** SUMMARY ***
Total pot $2 | Rake $0
Seat 3: Boxer-Carlo (button) (small blind) folded before Flop
Seat 4: MTails (big blind) collected ($2)


PokerStars Hand #167855293134:  Hold'em Limit ($3/$6 USD) - 2017/03/20 11:28:15 ET
Table 'Amneris' 6-max Seat #4 is the button
Seat 3: Boxer-Carlo ($93.51 in chips)
Seat 4: MTails ($77.78 in chips)
MTails: posts small blind $1
Boxer-Carlo: posts big blind $3
*** HOLE CARDS ***
MTails: raises $3 to $6
Boxer-Carlo: calls $3
*** FLOP *** [Tc 3s 5d]
Boxer-Carlo: checks
MTails: bets $3
Boxer-Carlo: calls $3
*** TURN *** [Tc 3s 5d] [3d]
Boxer-Carlo: checks
MTails: bets $6
Boxer-Carlo: folds
Uncalled bet ($6) returned to MTails
MTails collected $17.64 from pot
*** SUMMARY ***
Total pot $18 | Rake $0.36
Board [Tc 3s 5d 3d]
Seat 3: Boxer-Carlo (big blind) folded on the Turn
Seat 4: MTails (button) (small blind) collected ($17.64)


PokerStars Hand #167855282281:  Hold'em Limit ($3/$6 USD) - 2017/03/20 11:27:58 ET
Table 'Amneris' 6-max Seat #3 is the button
Seat 3: Boxer-Carlo ($99.51 in chips)
Seat 4: MTails ($72.02 in chips)
Boxer-Carlo: posts small blind $1
MTails: posts big blind $3
*** HOLE CARDS ***
Boxer-Carlo: raises $3 to $6
MTails: calls $3
*** FLOP *** [Qh 9c Ts]
MTails: checks
Boxer-Carlo: checks
*** TURN *** [Qh 9c Ts] [Qs]
MTails: bets $6
Boxer-Carlo: folds
Uncalled bet ($6) returned to MTails
MTails collected $11.76 from pot
*** SUMMARY ***
Total pot $12 | Rake $0.24
Board [Qh 9c Ts Qs]
Seat 3: Boxer-Carlo (button) (small blind) folded on the Turn
Seat 4: MTails (big blind) collected ($11.76)


PokerStars Hand #167855278962:  Hold'em Limit ($3/$6 USD) - 2017/03/20 11:27:53 ET
Table 'Amneris' 6-max Seat #4 is the button
Seat 3: Boxer-Carlo ($98.51 in chips)
Seat 4: MTails ($73.02 in chips)
MTails: posts small blind $1
Boxer-Carlo: posts big blind $3
*** HOLE CARDS ***
MTails: folds
Uncalled bet ($2) returned to Boxer-Carlo
Boxer-Carlo collected $2 from pot
Boxer-Carlo: doesn't show hand
*** SUMMARY ***
Total pot $2 | Rake $0
Seat 3: Boxer-Carlo (big blind) collected ($2)
Seat 4: MTails (button) (small blind) folded before Flop


PokerStars Hand #167855274052:  Hold'em Limit ($3/$6 USD) - 2017/03/20 11:27:45 ET
Table 'Amneris' 6-max Seat #3 is the button
Seat 3: Boxer-Carlo ($95.51 in chips)
Seat 4: MTails ($76.02 in chips)
Boxer-Carlo: posts small blind $1
MTails: posts big blind $3
*** HOLE CARDS ***
Boxer-Carlo: raises $3 to $6
MTails: folds
Uncalled bet ($3) returned to Boxer-Carlo
Boxer-Carlo collected $6 from pot
Boxer-Carlo: doesn't show hand
*** SUMMARY ***
Total pot $6 | Rake $0
Seat 3: Boxer-Carlo (button) (small blind) collected ($6)
Seat 4: MTails (big blind) folded before Flop


PokerStars Hand #167855308059:  Hold'em Limit ($3/$6 USD) - 2017/03/20 11:28:39 ET
Table 'Amneris' 6-max Seat #4 is the button
Seat 3: Boxer-Carlo ($83.51 in chips)
Seat 4: MTails ($87.42 in chips)
MTails: posts small blind $1
Boxer-Carlo: posts big blind $3
*** HOLE CARDS ***
MTails: raises $3 to $6
Boxer-Carlo: calls $3
*** FLOP *** [Qd 5h Jh]
Boxer-Carlo: checks
MTails: bets $3
Boxer-Carlo: raises $3 to $6
MTails: folds
Uncalled bet ($3) returned to Boxer-Carlo
Boxer-Carlo collected $17.64 from pot
Boxer-Carlo: doesn't show hand
*** SUMMARY ***
Total pot $18 | Rake $0.36
Board [Qd 5h Jh]
Seat 3: Boxer-Carlo (big blind) collected ($17.64)
Seat 4: MTails (button) (small blind) folded on the Flop


PokerStars Hand #167855318523:  Hold'em Limit ($3/$6 USD) - 2017/03/20 11:28:55 ET
Table 'Amneris' 6-max Seat #3 is the button
Seat 3: Boxer-Carlo ($92.15 in chips)
Seat 4: MTails ($78.42 in chips)
Boxer-Carlo: posts small blind $1
MTails: posts big blind $3
*** HOLE CARDS ***
Boxer-Carlo: raises $3 to $6
MTails: calls $3
*** FLOP *** [Ad 7c 4c]
MTails: checks
Boxer-Carlo: bets $3
MTails: folds
Uncalled bet ($3) returned to Boxer-Carlo
Boxer-Carlo collected $11.76 from pot
Boxer-Carlo: doesn't show hand
*** SUMMARY ***
Total pot $12 | Rake $0.24
Board [Ad 7c 4c]
Seat 3: Boxer-Carlo (button) (small blind) collected ($11.76)
Seat 4: MTails (big blind) folded on the Flop


PokerStars Hand #167855326889:  Hold'em Limit ($3/$6 USD) - 2017/03/20 11:29:08 ET
Table 'Amneris' 6-max Seat #4 is the button
Seat 3: Boxer-Carlo ($97.91 in chips)
Seat 4: MTails ($72.42 in chips)
MTails: posts small blind $1
Boxer-Carlo: posts big blind $3
*** HOLE CARDS ***
MTails: raises $3 to $6
Boxer-Carlo: raises $3 to $9
MTails: calls $3
*** FLOP *** [2h 5h 5c]
Boxer-Carlo: bets $3
MTails: raises $3 to $6
Boxer-Carlo: calls $3
*** TURN *** [2h 5h 5c] [Ah]
Boxer-Carlo: checks
perten joins the table at seat #1
MTails: checks
*** RIVER *** [2h 5h 5c Ah] [Ts]
Boxer-Carlo: bets $6
MTails: folds
Uncalled bet ($6) returned to Boxer-Carlo
Boxer-Carlo collected $29.50 from pot
Boxer-Carlo: doesn't show hand
*** SUMMARY ***
Total pot $30 | Rake $0.50
Board [2h 5h 5c Ah Ts]
Seat 3: Boxer-Carlo (big blind) collected ($29.50)
Seat 4: MTails (button) (small blind) folded on the River


PokerStars Hand #167855346726:  Hold'em Limit ($3/$6 USD) - 2017/03/20 11:29:39 ET
Table 'Amneris' 6-max Seat #3 is the button
Seat 3: Boxer-Carlo ($112.41 in chips)
Seat 4: MTails ($117.42 in chips)
Boxer-Carlo: posts small blind $1
MTails: posts big blind $3
*** HOLE CARDS ***
Boxer-Carlo: raises $3 to $6
MTails: calls $3
*** FLOP *** [2h 9s Qd]
MTails: checks
Boxer-Carlo: checks
*** TURN *** [2h 9s Qd] [As]
MTails: bets $6
Boxer-Carlo: folds
Uncalled bet ($6) returned to MTails
MTails collected $11.76 from pot
*** SUMMARY ***
Total pot $12 | Rake $0.24
Board [2h 9s Qd As]
Seat 3: Boxer-Carlo (button) (small blind) folded on the Turn
Seat 4: MTails (big blind) collected ($11.76)


PokerStars Hand #167855527106:  Hold'em Limit ($3/$6 USD) - 2017/03/20 11:34:20 ET
Table 'Amneris' 6-max Seat #4 is the button
Seat 3: Boxer-Carlo ($186.02 in chips)
Seat 4: MTails ($117.96 in chips)
MTails: posts small blind $1
Boxer-Carlo: posts big blind $3
*** HOLE CARDS ***
MTails: folds
Uncalled bet ($2) returned to Boxer-Carlo
Boxer-Carlo collected $2 from pot
Boxer-Carlo: doesn't show hand
*** SUMMARY ***
Total pot $2 | Rake $0
Seat 3: Boxer-Carlo (big blind) collected ($2)
Seat 4: MTails (button) (small blind) folded before Flop


PokerStars Hand #167855521542:  Hold'em Limit ($3/$6 USD) - 2017/03/20 11:34:12 ET
Table 'Amneris' 6-max Seat #3 is the button
Seat 3: Boxer-Carlo ($187.02 in chips)
Seat 4: MTails ($116.96 in chips)
Boxer-Carlo: posts small blind $1
MTails: posts big blind $3
*** HOLE CARDS ***
Boxer-Carlo: folds
Uncalled bet ($2) returned to MTails
MTails collected $2 from pot
*** SUMMARY ***
Total pot $2 | Rake $0
Seat 3: Boxer-Carlo (button) (small blind) folded before Flop
Seat 4: MTails (big blind) collected ($2)


PokerStars Hand #167855508608:  Hold'em Limit ($3/$6 USD) - 2017/03/20 11:33:52 ET
Table 'Amneris' 6-max Seat #4 is the button
Seat 3: Boxer-Carlo ($175.50 in chips)
Seat 4: MTails ($128.96 in chips)
MTails: posts small blind $1
kolaz03: is sitting out
Boxer-Carlo: posts big blind $3
*** HOLE CARDS ***
kolaz03 leaves the table
MTails: raises $3 to $6
Boxer-Carlo: raises $3 to $9
MTails: calls $3
*** FLOP *** [Tc 3c 2d]
Boxer-Carlo: bets $3
MTails: calls $3
*** TURN *** [Tc 3c 2d] [4s]
Boxer-Carlo: bets $6
MTails: folds
Uncalled bet ($6) returned to Boxer-Carlo
Boxer-Carlo collected $23.52 from pot
Boxer-Carlo: doesn't show hand
*** SUMMARY ***
Total pot $24 | Rake $0.48
Board [Tc 3c 2d 4s]
Seat 3: Boxer-Carlo (big blind) collected ($23.52)
Seat 4: MTails (button) (small blind) folded on the Turn


PokerStars Hand #167855530244:  Hold'em Limit ($3/$6 USD) - 2017/03/20 11:34:25 ET
Table 'Amneris' 6-max Seat #3 is the button
Seat 3: Boxer-Carlo ($187.02 in chips)
Seat 4: MTails ($116.96 in chips)
Boxer-Carlo: posts small blind $1
MTails: posts big blind $3
*** HOLE CARDS ***
Boxer-Carlo: raises $3 to $6
MTails: calls $3
*** FLOP *** [7s 8s 6s]
MTails: checks
Boxer-Carlo: checks
*** TURN *** [7s 8s 6s] [5d]
MTails: bets $6
Boxer-Carlo: calls $6
*** RIVER *** [7s 8s 6s 5d] [9c]
MTails: checks
Boxer-Carlo: checks
*** SHOW DOWN ***
MTails: shows [Ks 6h] (a straight, Five to Nine)
Boxer-Carlo: shows [Jh 5c] (a straight, Five to Nine)
MTails collected $11.76 from pot
Boxer-Carlo collected $11.76 from pot
*** SUMMARY ***
Total pot $24 | Rake $0.48
Board [7s 8s 6s 5d 9c]
Seat 3: Boxer-Carlo (button) (small blind) showed [Jh 5c] and won ($11.76) with a straight, Five to Nine
Seat 4: MTails (big blind) showed [Ks 6h] and won ($11.76) with a straight, Five to Nine


