PokerStars Hand #171533286566:  Hold'em Limit ($3/$6 USD) - 2017/06/08 21:54:23 ET
Table 'Amneris' 6-max Seat #4 is the button
Seat 3: Schied1987 ($101.12 in chips)
Seat 4: B_loJkl ($139.82 in chips)
B_loJkl: posts small blind $1
Schied1987: posts big blind $3
*** HOLE CARDS ***
B_loJkl: raises $3 to $6
Schied1987: folds
Uncalled bet ($3) returned to B_loJkl
B_loJkl collected $6 from pot
B_loJkl: doesn't show hand
*** SUMMARY ***
Total pot $6 | Rake $0
Seat 3: Schied1987 (big blind) folded before Flop
Seat 4: B_loJkl (button) (small blind) collected ($6)


PokerStars Hand #171533277522:  Hold'em Limit ($3/$6 USD) - 2017/06/08 21:53:59 ET
Table 'Amneris' 6-max Seat #3 is the button
Seat 3: Schied1987 ($107.12 in chips)
Seat 4: B_loJkl ($134.06 in chips)
Schied1987: posts small blind $1
B_loJkl: posts big blind $3
*** HOLE CARDS ***
Schied1987: calls $2
B_loJkl: raises $3 to $6
Schied1987: calls $3
*** FLOP *** [4h 9d Ks]
B_loJkl: bets $3
Schied1987: folds
Uncalled bet ($3) returned to B_loJkl
B_loJkl collected $11.76 from pot
B_loJkl: doesn't show hand
*** SUMMARY ***
Total pot $12 | Rake $0.24
Board [4h 9d Ks]
Seat 3: Schied1987 (button) (small blind) folded on the Flop
Seat 4: B_loJkl (big blind) collected ($11.76)


