PokerStars Hand #155817552786:  Hold'em Limit ($3/$6 USD) - 2016/07/10 19:57:18 ET
Table 'Amor' 6-max Seat #3 is the button
Seat 1: LifeisagameX ($96.50 in chips)
Seat 3: BeerTorchok ($36.76 in chips)
BeerTorchok: posts small blind $1
LifeisagameX: posts big blind $3
*** HOLE CARDS ***
BeerTorchok: folds
Uncalled bet ($2) returned to LifeisagameX
LifeisagameX collected $2 from pot
LifeisagameX: doesn't show hand
*** SUMMARY ***
Total pot $2 | Rake $0
Seat 1: LifeisagameX (big blind) collected ($2)
Seat 3: BeerTorchok (button) (small blind) folded before Flop


PokerStars Hand #155817547881:  Hold'em Limit ($3/$6 USD) - 2016/07/10 19:57:06 ET
Table 'Amor' 6-max Seat #1 is the button
Seat 1: LifeisagameX ($102.50 in chips)
Seat 3: BeerTorchok ($31 in chips)
LifeisagameX: posts small blind $1
BeerTorchok: posts big blind $3
*** HOLE CARDS ***
LifeisagameX: raises $3 to $6
BeerTorchok: calls $3
*** FLOP *** [7h Jd 5c]
BeerTorchok: bets $3
LifeisagameX: folds
Uncalled bet ($3) returned to BeerTorchok
BeerTorchok collected $11.76 from pot
BeerTorchok: doesn't show hand
*** SUMMARY ***
Total pot $12 | Rake $0.24
Board [7h Jd 5c]
Seat 1: LifeisagameX (button) (small blind) folded on the Flop
Seat 3: BeerTorchok (big blind) collected ($11.76)


PokerStars Hand #155817545794:  Hold'em Limit ($3/$6 USD) - 2016/07/10 19:57:01 ET
Table 'Amor' 6-max Seat #3 is the button
Seat 1: LifeisagameX ($101.50 in chips)
Seat 3: BeerTorchok ($32 in chips)
BeerTorchok: posts small blind $1
LifeisagameX: posts big blind $3
*** HOLE CARDS ***
BeerTorchok: folds
Uncalled bet ($2) returned to LifeisagameX
LifeisagameX collected $2 from pot
LifeisagameX: doesn't show hand
*** SUMMARY ***
Total pot $2 | Rake $0
Seat 1: LifeisagameX (big blind) collected ($2)
Seat 3: BeerTorchok (button) (small blind) folded before Flop


PokerStars Hand #155817531681:  Hold'em Limit ($3/$6 USD) - 2016/07/10 19:56:26 ET
Table 'Amor' 6-max Seat #1 is the button
Seat 1: LifeisagameX ($84 in chips)
Seat 3: BeerTorchok ($50 in chips)
LifeisagameX: posts small blind $1
BeerTorchok: posts big blind $3
*** HOLE CARDS ***
LifeisagameX: raises $3 to $6
BeerTorchok: raises $3 to $9
LifeisagameX: calls $3
*** FLOP *** [Js 3h Ah]
BeerTorchok: bets $3
LifeisagameX: calls $3
*** TURN *** [Js 3h Ah] [4h]
BeerTorchok: bets $6
LifeisagameX: raises $6 to $12
BeerTorchok: folds
Uncalled bet ($6) returned to LifeisagameX
LifeisagameX collected $35.50 from pot
LifeisagameX: doesn't show hand
*** SUMMARY ***
Total pot $36 | Rake $0.50
Board [Js 3h Ah 4h]
Seat 1: LifeisagameX (button) (small blind) collected ($35.50)
Seat 3: BeerTorchok (big blind) folded on the Turn


PokerStars Hand #155817554742:  Hold'em Limit ($3/$6 USD) - 2016/07/10 19:57:23 ET
Table 'Amor' 6-max Seat #1 is the button
Seat 1: LifeisagameX ($97.50 in chips)
Seat 3: BeerTorchok ($35.76 in chips)
LifeisagameX: posts small blind $1
BeerTorchok: posts big blind $3
*** HOLE CARDS ***
LifeisagameX: raises $3 to $6
BeerTorchok: calls $3
*** FLOP *** [7s Ah 2h]
BeerTorchok: checks
LifeisagameX: bets $3
Great_Kang joins the table at seat #4
BeerTorchok: calls $3
*** TURN *** [7s Ah 2h] [Jh]
BeerTorchok: checks
LifeisagameX: bets $6
BeerTorchok: calls $6
*** RIVER *** [7s Ah 2h Jh] [4h]
BeerTorchok: checks
LifeisagameX: checks
*** SHOW DOWN ***
BeerTorchok: shows [3c 4s] (a pair of Fours)
LifeisagameX: shows [Ac 6c] (a pair of Aces)
LifeisagameX collected $29.50 from pot
*** SUMMARY ***
Total pot $30 | Rake $0.50
Board [7s Ah 2h Jh 4h]
Seat 1: LifeisagameX (button) (small blind) showed [Ac 6c] and won ($29.50) with a pair of Aces
Seat 3: BeerTorchok (big blind) showed [3c 4s] and lost with a pair of Fours


PokerStars Hand #155817604870:  Hold'em Limit ($3/$6 USD) - 2016/07/10 19:59:28 ET
Table 'Amor' 6-max Seat #4 is the button
Seat 3: BeerTorchok ($11.12 in chips)
Seat 4: Great_Kang ($146.50 in chips)
Great_Kang: posts small blind $1
BeerTorchok: posts big blind $3
*** HOLE CARDS ***
Great_Kang: raises $3 to $6
BeerTorchok: folds
Uncalled bet ($3) returned to Great_Kang
Great_Kang collected $6 from pot
Great_Kang: doesn't show hand
*** SUMMARY ***
Total pot $6 | Rake $0
Seat 3: BeerTorchok (big blind) folded before Flop
Seat 4: Great_Kang (button) (small blind) collected ($6)


PokerStars Hand #155817592110:  Hold'em Limit ($3/$6 USD) - 2016/07/10 19:58:56 ET
Table 'Amor' 6-max Seat #3 is the button
Seat 3: BeerTorchok ($38.12 in chips)
Seat 4: Great_Kang ($120 in chips)
BeerTorchok: posts small blind $1
Great_Kang: posts big blind $3
*** HOLE CARDS ***
LifeisagameX leaves the table
BeerTorchok: raises $3 to $6
Great_Kang: raises $3 to $9
BeerTorchok: raises $3 to $12
Betting is capped
Great_Kang: calls $3
*** FLOP *** [Ac 8h Ah]
Great_Kang: checks
BeerTorchok: bets $3
Great_Kang: calls $3
*** TURN *** [Ac 8h Ah] [3h]
Great_Kang: checks
BeerTorchok: bets $6
Great_Kang: calls $6
*** RIVER *** [Ac 8h Ah 3h] [9s]
Great_Kang: checks
BeerTorchok: bets $6
Great_Kang: calls $6
*** SHOW DOWN ***
BeerTorchok: shows [4d 4s] (two pair, Aces and Fours)
Great_Kang: shows [Jh Jc] (two pair, Aces and Jacks)
Great_Kang collected $53.50 from pot
*** SUMMARY ***
Total pot $54 | Rake $0.50
Board [Ac 8h Ah 3h 9s]
Seat 3: BeerTorchok (button) (small blind) showed [4d 4s] and lost with two pair, Aces and Fours
Seat 4: Great_Kang (big blind) showed [Jh Jc] and won ($53.50) with two pair, Aces and Jacks


