PokerStars Hand #165465553493:  Hold'em Limit ($3/$6 USD) - 2017/01/31 13:26:24 ET
Table 'Amor' 6-max Seat #3 is the button
Seat 3: sim5sim5 ($77.76 in chips)
Seat 6: conkris ($114 in chips)
sim5sim5: posts small blind $1
conkris: posts big blind $3
*** HOLE CARDS ***
sim5sim5: raises $3 to $6
conkris: folds
Uncalled bet ($3) returned to sim5sim5
sim5sim5 collected $6 from pot
sim5sim5: doesn't show hand
*** SUMMARY ***
Total pot $6 | Rake $0
Seat 3: sim5sim5 (button) (small blind) collected ($6)
Seat 6: conkris (big blind) folded before Flop


PokerStars Hand #165465529277:  Hold'em Limit ($3/$6 USD) - 2017/01/31 13:25:58 ET
Table 'Amor' 6-max Seat #6 is the button
Seat 3: sim5sim5 ($72 in chips)
Seat 6: conkris ($120 in chips)
conkris: posts small blind $1
sim5sim5: posts big blind $3
*** HOLE CARDS ***
Ale4o joins the table at seat #1
conkris: raises $3 to $6
sim5sim5: calls $3
*** FLOP *** [9s 6c 7s]
sim5sim5: checks
conkris: checks
*** TURN *** [9s 6c 7s] [Ac]
sim5sim5: checks
conkris: checks
*** RIVER *** [9s 6c 7s Ac] [5c]
sim5sim5: bets $6
conkris: folds
Uncalled bet ($6) returned to sim5sim5
sim5sim5 collected $11.76 from pot
sim5sim5: doesn't show hand
*** SUMMARY ***
Total pot $12 | Rake $0.24
Board [9s 6c 7s Ac 5c]
Seat 3: sim5sim5 (big blind) collected ($11.76)
Seat 6: conkris (button) (small blind) folded on the River


PokerStars Hand #165465630593:  Hold'em Limit ($3/$6 USD) - 2017/01/31 13:27:48 ET
Table 'Amor' 6-max Seat #1 is the button
Seat 1: Ale4o ($65 in chips)
Seat 6: conkris ($163.52 in chips)
Ale4o: posts small blind $1
conkris: posts big blind $3
*** HOLE CARDS ***
Ale4o: raises $3 to $6
conkris: calls $3
*** FLOP *** [Jd Jh 4h]
conkris: checks
Ale4o: bets $3
conkris: folds
Uncalled bet ($3) returned to Ale4o
Ale4o collected $11.76 from pot
Ale4o: doesn't show hand
*** SUMMARY ***
Total pot $12 | Rake $0.24
Board [Jd Jh 4h]
Seat 1: Ale4o (button) (small blind) collected ($11.76)
Seat 6: conkris (big blind) folded on the Flop


PokerStars Hand #165465625004:  Hold'em Limit ($3/$6 USD) - 2017/01/31 13:27:42 ET
Table 'Amor' 6-max Seat #6 is the button
Seat 1: Ale4o ($64 in chips)
Seat 6: conkris ($164.52 in chips)
conkris: posts small blind $1
Ale4o: posts big blind $3
*** HOLE CARDS ***
conkris: folds
Uncalled bet ($2) returned to Ale4o
Ale4o collected $2 from pot
Ale4o: doesn't show hand
*** SUMMARY ***
Total pot $2 | Rake $0
Seat 1: Ale4o (big blind) collected ($2)
Seat 6: conkris (button) (small blind) folded before Flop


PokerStars Hand #165465603024:  Hold'em Limit ($3/$6 USD) - 2017/01/31 13:27:18 ET
Table 'Amor' 6-max Seat #1 is the button
Seat 1: Ale4o ($85 in chips)
Seat 6: conkris ($144.02 in chips)
Ale4o: posts small blind $1
conkris: posts big blind $3
*** HOLE CARDS ***
Ale4o: raises $3 to $6
conkris: raises $3 to $9
Ale4o: raises $3 to $12
Betting is capped
conkris: calls $3
*** FLOP *** [Ah Jd 8c]
conkris: checks
Ale4o: bets $3
conkris: calls $3
*** TURN *** [Ah Jd 8c] [Ac]
conkris: checks
Ale4o: checks
*** RIVER *** [Ah Jd 8c Ac] [Jc]
conkris: bets $6
Ale4o: calls $6
*** SHOW DOWN ***
conkris: shows [Kc Qc] (a flush, Ace high)
Ale4o: mucks hand
conkris collected $41.50 from pot
*** SUMMARY ***
Total pot $42 | Rake $0.50
Board [Ah Jd 8c Ac Jc]
Seat 1: Ale4o (button) (small blind) mucked
Seat 6: conkris (big blind) showed [Kc Qc] and won ($41.50) with a flush, Ace high


PokerStars Hand #165465599049:  Hold'em Limit ($3/$6 USD) - 2017/01/31 13:27:14 ET
Table 'Amor' 6-max Seat #6 is the button
Seat 1: Ale4o ($84 in chips)
Seat 6: conkris ($145.02 in chips)
conkris: posts small blind $1
Ale4o: posts big blind $3
*** HOLE CARDS ***
conkris: folds
Uncalled bet ($2) returned to Ale4o
Ale4o collected $2 from pot
Ale4o: doesn't show hand
*** SUMMARY ***
Total pot $2 | Rake $0
Seat 1: Ale4o (big blind) collected ($2)
Seat 6: conkris (button) (small blind) folded before Flop


PokerStars Hand #165465585702:  Hold'em Limit ($3/$6 USD) - 2017/01/31 13:26:59 ET
Table 'Amor' 6-max Seat #1 is the button
Seat 1: Ale4o ($93 in chips)
Seat 6: conkris ($136.38 in chips)
Ale4o: posts small blind $1
sim5sim5: is sitting out
conkris: posts big blind $3
*** HOLE CARDS ***
sim5sim5 leaves the table
Ale4o: raises $3 to $6
conkris: raises $3 to $9
Ale4o: calls $3
*** FLOP *** [2h 6s Qd]
conkris: bets $3
Ale4o: folds
Uncalled bet ($3) returned to conkris
conkris collected $17.64 from pot
conkris: doesn't show hand
*** SUMMARY ***
Total pot $18 | Rake $0.36
Board [2h 6s Qd]
Seat 1: Ale4o (button) (small blind) folded on the Flop
Seat 6: conkris (big blind) collected ($17.64)


PokerStars Hand #165465682784:  Hold'em Limit ($3/$6 USD) - 2017/01/31 13:28:44 ET
Table 'Amor' 6-max Seat #6 is the button
Seat 1: Ale4o ($120 in chips)
Seat 6: conkris ($173.78 in chips)
conkris: posts small blind $1
Ale4o: posts big blind $3
*** HOLE CARDS ***
conkris: folds
Uncalled bet ($2) returned to Ale4o
Ale4o collected $2 from pot
Ale4o: doesn't show hand
*** SUMMARY ***
Total pot $2 | Rake $0
Seat 1: Ale4o (big blind) collected ($2)
Seat 6: conkris (button) (small blind) folded before Flop


PokerStars Hand #165465677942:  Hold'em Limit ($3/$6 USD) - 2017/01/31 13:28:39 ET
Table 'Amor' 6-max Seat #1 is the button
Seat 1: Ale4o ($117 in chips)
Seat 6: conkris ($176.78 in chips)
Ale4o: posts small blind $1
conkris: posts big blind $3
*** HOLE CARDS ***
Ale4o: raises $3 to $6
conkris: folds
Uncalled bet ($3) returned to Ale4o
Ale4o collected $6 from pot
Ale4o: doesn't show hand
*** SUMMARY ***
Total pot $6 | Rake $0
Seat 1: Ale4o (button) (small blind) collected ($6)
Seat 6: conkris (big blind) folded before Flop


PokerStars Hand #165465670558:  Hold'em Limit ($3/$6 USD) - 2017/01/31 13:28:31 ET
Table 'Amor' 6-max Seat #6 is the button
Seat 1: Ale4o ($123 in chips)
Seat 6: conkris ($171.02 in chips)
conkris: posts small blind $1
Ale4o: posts big blind $3
*** HOLE CARDS ***
conkris: raises $3 to $6
Ale4o: calls $3
*** FLOP *** [As 5h Ac]
Ale4o: checks
conkris: bets $3
Ale4o: folds
Uncalled bet ($3) returned to conkris
conkris collected $11.76 from pot
conkris: doesn't show hand
*** SUMMARY ***
Total pot $12 | Rake $0.24
Board [As 5h Ac]
Seat 1: Ale4o (big blind) folded on the Flop
Seat 6: conkris (button) (small blind) collected ($11.76)


PokerStars Hand #165465666051:  Hold'em Limit ($3/$6 USD) - 2017/01/31 13:28:26 ET
Table 'Amor' 6-max Seat #1 is the button
Seat 1: Ale4o ($120 in chips)
Seat 6: conkris ($174.02 in chips)
Ale4o: posts small blind $1
conkris: posts big blind $3
*** HOLE CARDS ***
Ale4o: raises $3 to $6
conkris: folds
Uncalled bet ($3) returned to Ale4o
Ale4o collected $6 from pot
Ale4o: doesn't show hand
*** SUMMARY ***
Total pot $6 | Rake $0
Seat 1: Ale4o (button) (small blind) collected ($6)
Seat 6: conkris (big blind) folded before Flop


PokerStars Hand #165465651494:  Hold'em Limit ($3/$6 USD) - 2017/01/31 13:28:11 ET
Table 'Amor' 6-max Seat #6 is the button
Seat 1: Ale4o ($74.76 in chips)
Seat 6: conkris ($153.52 in chips)
conkris: posts small blind $1
Ale4o: posts big blind $3
*** HOLE CARDS ***
conkris: raises $3 to $6
Ale4o: calls $3
*** FLOP *** [7d 6c Jc]
Ale4o: checks
conkris: bets $3
Ale4o: calls $3
*** TURN *** [7d 6c Jc] [5c]
Ale4o: checks
conkris: bets $6
Ale4o: calls $6
*** RIVER *** [7d 6c Jc 5c] [Ad]
Ale4o: checks
conkris: bets $6
Ale4o: calls $6
*** SHOW DOWN ***
conkris: shows [5s 5h] (three of a kind, Fives)
Ale4o: mucks hand
conkris collected $41.50 from pot
*** SUMMARY ***
Total pot $42 | Rake $0.50
Board [7d 6c Jc 5c Ad]
Seat 1: Ale4o (big blind) mucked
Seat 6: conkris (button) (small blind) showed [5s 5h] and won ($41.50) with three of a kind, Fives


PokerStars Hand #165465646324:  Hold'em Limit ($3/$6 USD) - 2017/01/31 13:28:05 ET
Table 'Amor' 6-max Seat #1 is the button
Seat 1: Ale4o ($71.76 in chips)
Seat 6: conkris ($156.52 in chips)
Ale4o: posts small blind $1
conkris: posts big blind $3
*** HOLE CARDS ***
Ale4o: raises $3 to $6
conkris: folds
Uncalled bet ($3) returned to Ale4o
Ale4o collected $6 from pot
Ale4o: doesn't show hand
*** SUMMARY ***
Total pot $6 | Rake $0
Seat 1: Ale4o (button) (small blind) collected ($6)
Seat 6: conkris (big blind) folded before Flop


PokerStars Hand #165465642246:  Hold'em Limit ($3/$6 USD) - 2017/01/31 13:28:01 ET
Table 'Amor' 6-max Seat #6 is the button
Seat 1: Ale4o ($70.76 in chips)
Seat 6: conkris ($157.52 in chips)
conkris: posts small blind $1
Ale4o: posts big blind $3
*** HOLE CARDS ***
conkris: folds
Uncalled bet ($2) returned to Ale4o
Ale4o collected $2 from pot
Ale4o: doesn't show hand
*** SUMMARY ***
Total pot $2 | Rake $0
Seat 1: Ale4o (big blind) collected ($2)
Seat 6: conkris (button) (small blind) folded before Flop


PokerStars Hand #165465733387:  Hold'em Limit ($3/$6 USD) - 2017/01/31 13:29:39 ET
Table 'Amor' 6-max Seat #6 is the button
Seat 1: Ale4o ($88 in chips)
Seat 6: conkris ($204.92 in chips)
conkris: posts small blind $1
Ale4o: posts big blind $3
*** HOLE CARDS ***
conkris: raises $3 to $6
Ale4o: calls $3
*** FLOP *** [Qc 4h 8h]
Ale4o: checks
conkris: checks
*** TURN *** [Qc 4h 8h] [4s]
Ale4o: bets $6
conkris: folds
Uncalled bet ($6) returned to Ale4o
Ale4o collected $11.76 from pot
Ale4o: doesn't show hand
*** SUMMARY ***
Total pot $12 | Rake $0.24
Board [Qc 4h 8h 4s]
Seat 1: Ale4o (big blind) collected ($11.76)
Seat 6: conkris (button) (small blind) folded on the Turn


PokerStars Hand #165465727795:  Hold'em Limit ($3/$6 USD) - 2017/01/31 13:29:33 ET
Table 'Amor' 6-max Seat #1 is the button
Seat 1: Ale4o ($85 in chips)
Seat 6: conkris ($207.92 in chips)
Ale4o: posts small blind $1
conkris: posts big blind $3
*** HOLE CARDS ***
Ale4o: raises $3 to $6
conkris: folds
Uncalled bet ($3) returned to Ale4o
Ale4o collected $6 from pot
Ale4o: doesn't show hand
*** SUMMARY ***
Total pot $6 | Rake $0
Seat 1: Ale4o (button) (small blind) collected ($6)
Seat 6: conkris (big blind) folded before Flop


PokerStars Hand #165465703194:  Hold'em Limit ($3/$6 USD) - 2017/01/31 13:29:06 ET
Table 'Amor' 6-max Seat #6 is the button
Seat 1: Ale4o ($112 in chips)
Seat 6: conkris ($181.42 in chips)
conkris: posts small blind $1
Ale4o: posts big blind $3
*** HOLE CARDS ***
conkris: calls $2
Ale4o: raises $3 to $6
conkris: raises $3 to $9
Ale4o: calls $3
*** FLOP *** [Th 3h 9c]
Ale4o: checks
conkris: bets $3
Ale4o: raises $3 to $6
conkris: calls $3
*** TURN *** [Th 3h 9c] [Jh]
Ale4o: checks
conkris: bets $6
Ale4o: calls $6
*** RIVER *** [Th 3h 9c Jh] [9d]
Ale4o: checks
conkris: bets $6
Ale4o: calls $6
*** SHOW DOWN ***
conkris: shows [3c 3d] (a full house, Threes full of Nines)
Ale4o: mucks hand
conkris collected $53.50 from pot
*** SUMMARY ***
Total pot $54 | Rake $0.50
Board [Th 3h 9c Jh 9d]
Seat 1: Ale4o (big blind) mucked
Seat 6: conkris (button) (small blind) showed [3c 3d] and won ($53.50) with a full house, Threes full of Nines


PokerStars Hand #165465687062:  Hold'em Limit ($3/$6 USD) - 2017/01/31 13:28:49 ET
Table 'Amor' 6-max Seat #1 is the button
Seat 1: Ale4o ($121 in chips)
Seat 6: conkris ($172.78 in chips)
Ale4o: posts small blind $1
conkris: posts big blind $3
*** HOLE CARDS ***
Ale4o: raises $3 to $6
conkris: calls $3
*** FLOP *** [5d 2s 6h]
conkris: bets $3
Ale4o: calls $3
*** TURN *** [5d 2s 6h] [As]
conkris: bets $6
Ale4o: folds
Uncalled bet ($6) returned to conkris
conkris collected $17.64 from pot
conkris: doesn't show hand
*** SUMMARY ***
Total pot $18 | Rake $0.36
Board [5d 2s 6h As]
Seat 1: Ale4o (button) (small blind) folded on the Turn
Seat 6: conkris (big blind) collected ($17.64)


PokerStars Hand #165465803516:  Hold'em Limit ($3/$6 USD) - 2017/01/31 13:30:54 ET
Table 'Amor' 6-max Seat #6 is the button
Seat 1: Ale4o ($103.76 in chips)
Seat 6: conkris ($188.68 in chips)
conkris: posts small blind $1
Ale4o: posts big blind $3
*** HOLE CARDS ***
conkris: folds
Uncalled bet ($2) returned to Ale4o
Ale4o collected $2 from pot
Ale4o: doesn't show hand
*** SUMMARY ***
Total pot $2 | Rake $0
Seat 1: Ale4o (big blind) collected ($2)
Seat 6: conkris (button) (small blind) folded before Flop


PokerStars Hand #165465797131:  Hold'em Limit ($3/$6 USD) - 2017/01/31 13:30:47 ET
Table 'Amor' 6-max Seat #1 is the button
Seat 1: Ale4o ($100.76 in chips)
Seat 6: conkris ($191.68 in chips)
Ale4o: posts small blind $1
conkris: posts big blind $3
*** HOLE CARDS ***
Ale4o: raises $3 to $6
conkris: folds
Uncalled bet ($3) returned to Ale4o
Ale4o collected $6 from pot
Ale4o: doesn't show hand
*** SUMMARY ***
Total pot $6 | Rake $0
Seat 1: Ale4o (button) (small blind) collected ($6)
Seat 6: conkris (big blind) folded before Flop


PokerStars Hand #165465791977:  Hold'em Limit ($3/$6 USD) - 2017/01/31 13:30:42 ET
Table 'Amor' 6-max Seat #6 is the button
Seat 1: Ale4o ($99.76 in chips)
Seat 6: conkris ($192.68 in chips)
conkris: posts small blind $1
Ale4o: posts big blind $3
*** HOLE CARDS ***
conkris: folds
Uncalled bet ($2) returned to Ale4o
Ale4o collected $2 from pot
Ale4o: doesn't show hand
*** SUMMARY ***
Total pot $2 | Rake $0
Seat 1: Ale4o (big blind) collected ($2)
Seat 6: conkris (button) (small blind) folded before Flop


PokerStars Hand #165465780468:  Hold'em Limit ($3/$6 USD) - 2017/01/31 13:30:29 ET
Table 'Amor' 6-max Seat #1 is the button
Seat 1: Ale4o ($105.76 in chips)
Seat 6: conkris ($186.92 in chips)
Ale4o: posts small blind $1
conkris: posts big blind $3
*** HOLE CARDS ***
Ale4o: raises $3 to $6
conkris: calls $3
*** FLOP *** [Qd Qh As]
conkris: bets $3
Ale4o: folds
Uncalled bet ($3) returned to conkris
conkris collected $11.76 from pot
conkris: doesn't show hand
*** SUMMARY ***
Total pot $12 | Rake $0.24
Board [Qd Qh As]
Seat 1: Ale4o (button) (small blind) folded on the Flop
Seat 6: conkris (big blind) collected ($11.76)


PokerStars Hand #165465776571:  Hold'em Limit ($3/$6 USD) - 2017/01/31 13:30:25 ET
Table 'Amor' 6-max Seat #6 is the button
Seat 1: Ale4o ($104.76 in chips)
Seat 6: conkris ($187.92 in chips)
conkris: posts small blind $1
Ale4o: posts big blind $3
*** HOLE CARDS ***
conkris: folds
Uncalled bet ($2) returned to Ale4o
Ale4o collected $2 from pot
Ale4o: doesn't show hand
*** SUMMARY ***
Total pot $2 | Rake $0
Seat 1: Ale4o (big blind) collected ($2)
Seat 6: conkris (button) (small blind) folded before Flop


PokerStars Hand #165465771800:  Hold'em Limit ($3/$6 USD) - 2017/01/31 13:30:20 ET
Table 'Amor' 6-max Seat #1 is the button
Seat 1: Ale4o ($101.76 in chips)
Seat 6: conkris ($190.92 in chips)
Ale4o: posts small blind $1
conkris: posts big blind $3
*** HOLE CARDS ***
Ale4o: raises $3 to $6
conkris: folds
Uncalled bet ($3) returned to Ale4o
Ale4o collected $6 from pot
Ale4o: doesn't show hand
*** SUMMARY ***
Total pot $6 | Rake $0
Seat 1: Ale4o (button) (small blind) collected ($6)
Seat 6: conkris (big blind) folded before Flop


PokerStars Hand #165465767920:  Hold'em Limit ($3/$6 USD) - 2017/01/31 13:30:16 ET
Table 'Amor' 6-max Seat #6 is the button
Seat 1: Ale4o ($100.76 in chips)
Seat 6: conkris ($191.92 in chips)
conkris: posts small blind $1
Ale4o: posts big blind $3
*** HOLE CARDS ***
conkris: folds
Uncalled bet ($2) returned to Ale4o
Ale4o collected $2 from pot
Ale4o: doesn't show hand
*** SUMMARY ***
Total pot $2 | Rake $0
Seat 1: Ale4o (big blind) collected ($2)
Seat 6: conkris (button) (small blind) folded before Flop


PokerStars Hand #165465760483:  Hold'em Limit ($3/$6 USD) - 2017/01/31 13:30:08 ET
Table 'Amor' 6-max Seat #1 is the button
Seat 1: Ale4o ($97.76 in chips)
Seat 6: conkris ($194.92 in chips)
Ale4o: posts small blind $1
conkris: posts big blind $3
*** HOLE CARDS ***
Ale4o: raises $3 to $6
conkris: folds
Uncalled bet ($3) returned to Ale4o
Ale4o collected $6 from pot
Ale4o: doesn't show hand
*** SUMMARY ***
Total pot $6 | Rake $0
Seat 1: Ale4o (button) (small blind) collected ($6)
Seat 6: conkris (big blind) folded before Flop


PokerStars Hand #165465756444:  Hold'em Limit ($3/$6 USD) - 2017/01/31 13:30:04 ET
Table 'Amor' 6-max Seat #6 is the button
Seat 1: Ale4o ($96.76 in chips)
Seat 6: conkris ($195.92 in chips)
conkris: posts small blind $1
Ale4o: posts big blind $3
*** HOLE CARDS ***
conkris: folds
Uncalled bet ($2) returned to Ale4o
Ale4o collected $2 from pot
Ale4o: doesn't show hand
*** SUMMARY ***
Total pot $2 | Rake $0
Seat 1: Ale4o (big blind) collected ($2)
Seat 6: conkris (button) (small blind) folded before Flop


PokerStars Hand #165465748810:  Hold'em Limit ($3/$6 USD) - 2017/01/31 13:29:55 ET
Table 'Amor' 6-max Seat #1 is the button
Seat 1: Ale4o ($93.76 in chips)
Seat 6: conkris ($198.92 in chips)
Ale4o: posts small blind $1
conkris: posts big blind $3
*** HOLE CARDS ***
Ale4o: raises $3 to $6
conkris: folds
Uncalled bet ($3) returned to Ale4o
Ale4o collected $6 from pot
Ale4o: doesn't show hand
*** SUMMARY ***
Total pot $6 | Rake $0
Seat 1: Ale4o (button) (small blind) collected ($6)
Seat 6: conkris (big blind) folded before Flop


PokerStars Hand #165465835308:  Hold'em Limit ($3/$6 USD) - 2017/01/31 13:31:28 ET
Table 'Amor' 6-max Seat #1 is the button
Seat 1: Ale4o ($115.52 in chips)
Seat 6: conkris ($176.68 in chips)
Ale4o: posts small blind $1
conkris: posts big blind $3
*** HOLE CARDS ***
Ale4o: raises $3 to $6
conkris: calls $3
*** FLOP *** [9h Qs 8d]
conkris: checks
Ale4o: checks
*** TURN *** [9h Qs 8d] [4h]
conkris: bets $6
Ale4o: calls $6
*** RIVER *** [9h Qs 8d 4h] [Tc]
conkris: bets $6
Ale4o: raises $6 to $12
conkris: calls $6
*** SHOW DOWN ***
Ale4o: shows [Ad Jd] (a straight, Eight to Queen)
conkris: shows [9s Js] (a straight, Eight to Queen)
conkris collected $23.75 from pot
Ale4o collected $23.75 from pot
*** SUMMARY ***
Total pot $48 | Rake $0.50
Board [9h Qs 8d 4h Tc]
Seat 1: Ale4o (button) (small blind) showed [Ad Jd] and won ($23.75) with a straight, Eight to Queen
Seat 6: conkris (big blind) showed [9s Js] and won ($23.75) with a straight, Eight to Queen


PokerStars Hand #165465831060:  Hold'em Limit ($3/$6 USD) - 2017/01/31 13:31:24 ET
Table 'Amor' 6-max Seat #6 is the button
Seat 1: Ale4o ($114.52 in chips)
Seat 6: conkris ($177.68 in chips)
conkris: posts small blind $1
Ale4o: posts big blind $3
*** HOLE CARDS ***
conkris: folds
Uncalled bet ($2) returned to Ale4o
Ale4o collected $2 from pot
Ale4o: doesn't show hand
*** SUMMARY ***
Total pot $2 | Rake $0
Seat 1: Ale4o (big blind) collected ($2)
Seat 6: conkris (button) (small blind) folded before Flop


PokerStars Hand #165465820247:  Hold'em Limit ($3/$6 USD) - 2017/01/31 13:31:12 ET
Table 'Amor' 6-max Seat #1 is the button
Seat 1: Ale4o ($108.76 in chips)
Seat 6: conkris ($183.68 in chips)
Ale4o: posts small blind $1
conkris: posts big blind $3
*** HOLE CARDS ***
Ale4o: raises $3 to $6
conkris: calls $3
*** FLOP *** [9h Ks 8h]
conkris: checks
Ale4o: bets $3
conkris: folds
Uncalled bet ($3) returned to Ale4o
Ale4o collected $11.76 from pot
Ale4o: doesn't show hand
*** SUMMARY ***
Total pot $12 | Rake $0.24
Board [9h Ks 8h]
Seat 1: Ale4o (button) (small blind) collected ($11.76)
Seat 6: conkris (big blind) folded on the Flop


PokerStars Hand #165465816308:  Hold'em Limit ($3/$6 USD) - 2017/01/31 13:31:08 ET
Table 'Amor' 6-max Seat #6 is the button
Seat 1: Ale4o ($107.76 in chips)
Seat 6: conkris ($184.68 in chips)
conkris: posts small blind $1
Ale4o: posts big blind $3
*** HOLE CARDS ***
conkris: folds
Uncalled bet ($2) returned to Ale4o
Ale4o collected $2 from pot
Ale4o: doesn't show hand
*** SUMMARY ***
Total pot $2 | Rake $0
Seat 1: Ale4o (big blind) collected ($2)
Seat 6: conkris (button) (small blind) folded before Flop


PokerStars Hand #165465808841:  Hold'em Limit ($3/$6 USD) - 2017/01/31 13:31:00 ET
Table 'Amor' 6-max Seat #1 is the button
Seat 1: Ale4o ($104.76 in chips)
Seat 6: conkris ($187.68 in chips)
Ale4o: posts small blind $1
conkris: posts big blind $3
*** HOLE CARDS ***
Ale4o: raises $3 to $6
conkris: folds
Uncalled bet ($3) returned to Ale4o
Ale4o collected $6 from pot
Ale4o: doesn't show hand
*** SUMMARY ***
Total pot $6 | Rake $0
Seat 1: Ale4o (button) (small blind) collected ($6)
Seat 6: conkris (big blind) folded before Flop


PokerStars Hand #165465905587:  Hold'em Limit ($3/$6 USD) - 2017/01/31 13:32:44 ET
Table 'Amor' 6-max Seat #6 is the button
Seat 1: Ale4o ($102.67 in chips)
Seat 6: conkris ($187.81 in chips)
conkris: posts small blind $1
Ale4o: posts big blind $3
*** HOLE CARDS ***
conkris: calls $2
Ale4o: checks
*** FLOP *** [2c Td Js]
Ale4o: checks
conkris: checks
*** TURN *** [2c Td Js] [8s]
Ale4o: bets $6
conkris: calls $6
*** RIVER *** [2c Td Js 8s] [6s]
Ale4o: bets $6
conkris: raises $6 to $12
Ale4o: folds
Uncalled bet ($6) returned to conkris
conkris collected $29.50 from pot
conkris: doesn't show hand
*** SUMMARY ***
Total pot $30 | Rake $0.50
Board [2c Td Js 8s 6s]
Seat 1: Ale4o (big blind) folded on the River
Seat 6: conkris (button) (small blind) collected ($29.50)


PokerStars Hand #165465887526:  Hold'em Limit ($3/$6 USD) - 2017/01/31 13:32:25 ET
Table 'Amor' 6-max Seat #1 is the button
Seat 1: Ale4o ($126.67 in chips)
Seat 6: conkris ($164.31 in chips)
Ale4o: posts small blind $1
conkris: posts big blind $3
*** HOLE CARDS ***
Ale4o: raises $3 to $6
conkris: raises $3 to $9
Ale4o: calls $3
*** FLOP *** [Qd 9d 4c]
conkris: bets $3
Ale4o: calls $3
*** TURN *** [Qd 9d 4c] [2d]
conkris: bets $6
Ale4o: calls $6
*** RIVER *** [Qd 9d 4c 2d] [Kh]
conkris: bets $6
Ale4o: calls $6
*** SHOW DOWN ***
conkris: shows [Td Th] (a pair of Tens)
Ale4o: mucks hand
conkris collected $47.50 from pot
*** SUMMARY ***
Total pot $48 | Rake $0.50
Board [Qd 9d 4c 2d Kh]
Seat 1: Ale4o (button) (small blind) mucked
Seat 6: conkris (big blind) showed [Td Th] and won ($47.50) with a pair of Tens


PokerStars Hand #165465877976:  Hold'em Limit ($3/$6 USD) - 2017/01/31 13:32:15 ET
Table 'Amor' 6-max Seat #6 is the button
Seat 1: Ale4o ($129.67 in chips)
Seat 6: conkris ($161.43 in chips)
conkris: posts small blind $1
Ale4o: posts big blind $3
*** HOLE CARDS ***
conkris: calls $2
Ale4o: checks
*** FLOP *** [7h Kd Kh]
Ale4o: checks
conkris: bets $3
Ale4o: folds
Uncalled bet ($3) returned to conkris
conkris collected $5.88 from pot
conkris: doesn't show hand
*** SUMMARY ***
Total pot $6 | Rake $0.12
Board [7h Kd Kh]
Seat 1: Ale4o (big blind) folded on the Flop
Seat 6: conkris (button) (small blind) collected ($5.88)


PokerStars Hand #165465869546:  Hold'em Limit ($3/$6 USD) - 2017/01/31 13:32:05 ET
Table 'Amor' 6-max Seat #1 is the button
Seat 1: Ale4o ($123.91 in chips)
Seat 6: conkris ($167.43 in chips)
Ale4o: posts small blind $1
conkris: posts big blind $3
*** HOLE CARDS ***
Ale4o: raises $3 to $6
conkris: calls $3
*** FLOP *** [Ac 3s Jc]
conkris: checks
Ale4o: bets $3
conkris: folds
Uncalled bet ($3) returned to Ale4o
Ale4o collected $11.76 from pot
Ale4o: doesn't show hand
*** SUMMARY ***
Total pot $12 | Rake $0.24
Board [Ac 3s Jc]
Seat 1: Ale4o (button) (small blind) collected ($11.76)
Seat 6: conkris (big blind) folded on the Flop


PokerStars Hand #165465855034:  Hold'em Limit ($3/$6 USD) - 2017/01/31 13:31:50 ET
Table 'Amor' 6-max Seat #6 is the button
Seat 1: Ale4o ($115.27 in chips)
Seat 6: conkris ($176.43 in chips)
conkris: posts small blind $1
Ale4o: posts big blind $3
*** HOLE CARDS ***
conkris: calls $2
Ale4o: checks
*** FLOP *** [5d 3h Qd]
Ale4o: checks
conkris: bets $3
Ale4o: raises $3 to $6
conkris: calls $3
*** TURN *** [5d 3h Qd] [2d]
Ale4o: bets $6
conkris: folds
Uncalled bet ($6) returned to Ale4o
Ale4o collected $17.64 from pot
Ale4o: doesn't show hand
*** SUMMARY ***
Total pot $18 | Rake $0.36
Board [5d 3h Qd 2d]
Seat 1: Ale4o (big blind) collected ($17.64)
Seat 6: conkris (button) (small blind) folded on the Turn


PokerStars Hand #165465973630:  Hold'em Limit ($3/$6 USD) - 2017/01/31 13:33:57 ET
Table 'Amor' 6-max Seat #6 is the button
Seat 1: Ale4o ($107.31 in chips)
Seat 6: conkris ($182.31 in chips)
conkris: posts small blind $1
Ale4o: posts big blind $3
*** HOLE CARDS ***
conkris: folds
Uncalled bet ($2) returned to Ale4o
Ale4o collected $2 from pot
Ale4o: doesn't show hand
*** SUMMARY ***
Total pot $2 | Rake $0
Seat 1: Ale4o (big blind) collected ($2)
Seat 6: conkris (button) (small blind) folded before Flop


PokerStars Hand #165465969080:  Hold'em Limit ($3/$6 USD) - 2017/01/31 13:33:52 ET
Table 'Amor' 6-max Seat #1 is the button
Seat 1: Ale4o ($104.31 in chips)
Seat 6: conkris ($185.31 in chips)
Ale4o: posts small blind $1
conkris: posts big blind $3
*** HOLE CARDS ***
Ale4o: raises $3 to $6
conkris: folds
Uncalled bet ($3) returned to Ale4o
Ale4o collected $6 from pot
Ale4o: doesn't show hand
*** SUMMARY ***
Total pot $6 | Rake $0
Seat 1: Ale4o (button) (small blind) collected ($6)
Seat 6: conkris (big blind) folded before Flop


PokerStars Hand #165465956512:  Hold'em Limit ($3/$6 USD) - 2017/01/31 13:33:39 ET
Table 'Amor' 6-max Seat #6 is the button
Seat 1: Ale4o ($101.43 in chips)
Seat 6: conkris ($188.31 in chips)
conkris: posts small blind $1
Ale4o: posts big blind $3
*** HOLE CARDS ***
conkris: calls $2
Ale4o: checks
*** FLOP *** [Ac 6c 6s]
Ale4o: checks
conkris: checks
*** TURN *** [Ac 6c 6s] [Th]
Ale4o: checks
conkris: checks
*** RIVER *** [Ac 6c 6s Th] [4c]
Ale4o: bets $6
conkris: folds
Uncalled bet ($6) returned to Ale4o
Ale4o collected $5.88 from pot
Ale4o: doesn't show hand
*** SUMMARY ***
Total pot $6 | Rake $0.12
Board [Ac 6c 6s Th 4c]
Seat 1: Ale4o (big blind) collected ($5.88)
Seat 6: conkris (button) (small blind) folded on the River


PokerStars Hand #165465949513:  Hold'em Limit ($3/$6 USD) - 2017/01/31 13:33:31 ET
Table 'Amor' 6-max Seat #1 is the button
Seat 1: Ale4o ($98.43 in chips)
Seat 6: conkris ($191.31 in chips)
Ale4o: posts small blind $1
conkris: posts big blind $3
*** HOLE CARDS ***
Ale4o: raises $3 to $6
conkris: folds
Uncalled bet ($3) returned to Ale4o
Ale4o collected $6 from pot
Ale4o: doesn't show hand
*** SUMMARY ***
Total pot $6 | Rake $0
Seat 1: Ale4o (button) (small blind) collected ($6)
Seat 6: conkris (big blind) folded before Flop


PokerStars Hand #165465945242:  Hold'em Limit ($3/$6 USD) - 2017/01/31 13:33:27 ET
Table 'Amor' 6-max Seat #6 is the button
Seat 1: Ale4o ($97.43 in chips)
Seat 6: conkris ($192.31 in chips)
conkris: posts small blind $1
Ale4o: posts big blind $3
*** HOLE CARDS ***
conkris: folds
Uncalled bet ($2) returned to Ale4o
Ale4o collected $2 from pot
Ale4o: doesn't show hand
*** SUMMARY ***
Total pot $2 | Rake $0
Seat 1: Ale4o (big blind) collected ($2)
Seat 6: conkris (button) (small blind) folded before Flop


PokerStars Hand #165465936812:  Hold'em Limit ($3/$6 USD) - 2017/01/31 13:33:18 ET
Table 'Amor' 6-max Seat #1 is the button
Seat 1: Ale4o ($91.67 in chips)
Seat 6: conkris ($198.31 in chips)
Ale4o: posts small blind $1
conkris: posts big blind $3
*** HOLE CARDS ***
Ale4o: raises $3 to $6
conkris: calls $3
*** FLOP *** [Kd Ts Ah]
conkris: checks
Ale4o: bets $3
conkris: folds
Uncalled bet ($3) returned to Ale4o
Ale4o collected $11.76 from pot
Ale4o: doesn't show hand
*** SUMMARY ***
Total pot $12 | Rake $0.24
Board [Kd Ts Ah]
Seat 1: Ale4o (button) (small blind) collected ($11.76)
Seat 6: conkris (big blind) folded on the Flop


PokerStars Hand #165465932719:  Hold'em Limit ($3/$6 USD) - 2017/01/31 13:33:13 ET
Table 'Amor' 6-max Seat #6 is the button
Seat 1: Ale4o ($90.67 in chips)
Seat 6: conkris ($199.31 in chips)
conkris: posts small blind $1
Ale4o: posts big blind $3
*** HOLE CARDS ***
conkris: folds
Uncalled bet ($2) returned to Ale4o
Ale4o collected $2 from pot
Ale4o: doesn't show hand
*** SUMMARY ***
Total pot $2 | Rake $0
Seat 1: Ale4o (big blind) collected ($2)
Seat 6: conkris (button) (small blind) folded before Flop


PokerStars Hand #165465928480:  Hold'em Limit ($3/$6 USD) - 2017/01/31 13:33:09 ET
Table 'Amor' 6-max Seat #1 is the button
Seat 1: Ale4o ($87.67 in chips)
Seat 6: conkris ($202.31 in chips)
Ale4o: posts small blind $1
conkris: posts big blind $3
*** HOLE CARDS ***
Ale4o: raises $3 to $6
conkris: folds
Uncalled bet ($3) returned to Ale4o
Ale4o collected $6 from pot
Ale4o: doesn't show hand
*** SUMMARY ***
Total pot $6 | Rake $0
Seat 1: Ale4o (button) (small blind) collected ($6)
Seat 6: conkris (big blind) folded before Flop


PokerStars Hand #165465924552:  Hold'em Limit ($3/$6 USD) - 2017/01/31 13:33:04 ET
Table 'Amor' 6-max Seat #6 is the button
Seat 1: Ale4o ($86.67 in chips)
Seat 6: conkris ($203.31 in chips)
conkris: posts small blind $1
Ale4o: posts big blind $3
*** HOLE CARDS ***
conkris: folds
Uncalled bet ($2) returned to Ale4o
Ale4o collected $2 from pot
Ale4o: doesn't show hand
*** SUMMARY ***
Total pot $2 | Rake $0
Seat 1: Ale4o (big blind) collected ($2)
Seat 6: conkris (button) (small blind) folded before Flop


PokerStars Hand #165465920887:  Hold'em Limit ($3/$6 USD) - 2017/01/31 13:33:01 ET
Table 'Amor' 6-max Seat #1 is the button
Seat 1: Ale4o ($87.67 in chips)
Seat 6: conkris ($202.31 in chips)
Ale4o: posts small blind $1
conkris: posts big blind $3
*** HOLE CARDS ***
Ale4o: folds
Uncalled bet ($2) returned to conkris
conkris collected $2 from pot
conkris: doesn't show hand
*** SUMMARY ***
Total pot $2 | Rake $0
Seat 1: Ale4o (button) (small blind) folded before Flop
Seat 6: conkris (big blind) collected ($2)


PokerStars Hand #165466021665:  Hold'em Limit ($3/$6 USD) - 2017/01/31 13:34:49 ET
Table 'Amor' 6-max Seat #1 is the button
Seat 1: Ale4o ($60.31 in chips)
Seat 6: conkris ($227.97 in chips)
Ale4o: posts small blind $1
conkris: posts big blind $3
*** HOLE CARDS ***
Ale4o: raises $3 to $6
conkris: folds
Uncalled bet ($3) returned to Ale4o
Ale4o collected $6 from pot
Ale4o: doesn't show hand
*** SUMMARY ***
Total pot $6 | Rake $0
Seat 1: Ale4o (button) (small blind) collected ($6)
Seat 6: conkris (big blind) folded before Flop


PokerStars Hand #165466002025:  Hold'em Limit ($3/$6 USD) - 2017/01/31 13:34:27 ET
Table 'Amor' 6-max Seat #6 is the button
Seat 1: Ale4o ($90.31 in chips)
Seat 6: conkris ($198.47 in chips)
conkris: posts small blind $1
Ale4o: posts big blind $3
*** HOLE CARDS ***
conkris: calls $2
Ale4o: raises $3 to $6
conkris: calls $3
*** FLOP *** [Tc 8c Th]
Ale4o: bets $3
conkris: raises $3 to $6
Ale4o: raises $3 to $9
conkris: raises $3 to $12
Betting is capped
Ale4o: calls $3
*** TURN *** [Tc 8c Th] [Qh]
Ale4o: checks
conkris: bets $6
Ale4o: calls $6
*** RIVER *** [Tc 8c Th Qh] [7s]
Ale4o: checks
conkris: bets $6
Ale4o: calls $6
*** SHOW DOWN ***
conkris: shows [9h Jd] (a straight, Eight to Queen)
Ale4o: mucks hand
conkris collected $59.50 from pot
*** SUMMARY ***
Total pot $60 | Rake $0.50
Board [Tc 8c Th Qh 7s]
Seat 1: Ale4o (big blind) mucked
Seat 6: conkris (button) (small blind) showed [9h Jd] and won ($59.50) with a straight, Eight to Queen


PokerStars Hand #165465997854:  Hold'em Limit ($3/$6 USD) - 2017/01/31 13:34:23 ET
Table 'Amor' 6-max Seat #1 is the button
Seat 1: Ale4o ($87.31 in chips)
Seat 6: conkris ($201.47 in chips)
Ale4o: posts small blind $1
conkris: posts big blind $3
*** HOLE CARDS ***
Ale4o: raises $3 to $6
conkris: folds
Uncalled bet ($3) returned to Ale4o
Ale4o collected $6 from pot
Ale4o: doesn't show hand
*** SUMMARY ***
Total pot $6 | Rake $0
Seat 1: Ale4o (button) (small blind) collected ($6)
Seat 6: conkris (big blind) folded before Flop


PokerStars Hand #165465985035:  Hold'em Limit ($3/$6 USD) - 2017/01/31 13:34:09 ET
Table 'Amor' 6-max Seat #6 is the button
Seat 1: Ale4o ($99.31 in chips)
Seat 6: conkris ($189.95 in chips)
conkris: posts small blind $1
Ale4o: posts big blind $3
*** HOLE CARDS ***
conkris: raises $3 to $6
Ale4o: calls $3
*** FLOP *** [Qh 7c 3h]
Ale4o: checks
conkris: checks
*** TURN *** [Qh 7c 3h] [5d]
Ale4o: bets $6
conkris: calls $6
*** RIVER *** [Qh 7c 3h 5d] [Ah]
Ale4o: checks
conkris: bets $6
Ale4o: folds
Uncalled bet ($6) returned to conkris
conkris collected $23.52 from pot
conkris: doesn't show hand
*** SUMMARY ***
Total pot $24 | Rake $0.48
Board [Qh 7c 3h 5d Ah]
Seat 1: Ale4o (big blind) folded on the River
Seat 6: conkris (button) (small blind) collected ($23.52)


PokerStars Hand #165465977896:  Hold'em Limit ($3/$6 USD) - 2017/01/31 13:34:02 ET
Table 'Amor' 6-max Seat #1 is the button
Seat 1: Ale4o ($108.31 in chips)
Seat 6: conkris ($181.31 in chips)
Ale4o: posts small blind $1
conkris: posts big blind $3
*** HOLE CARDS ***
Ale4o: raises $3 to $6
conkris: raises $3 to $9
Ale4o: calls $3
*** FLOP *** [4h 8s Ah]
conkris: bets $3
Ale4o: folds
Uncalled bet ($3) returned to conkris
conkris collected $17.64 from pot
conkris: doesn't show hand
*** SUMMARY ***
Total pot $18 | Rake $0.36
Board [4h 8s Ah]
Seat 1: Ale4o (button) (small blind) folded on the Flop
Seat 6: conkris (big blind) collected ($17.64)


PokerStars Hand #165466027242:  Hold'em Limit ($3/$6 USD) - 2017/01/31 13:34:55 ET
Table 'Amor' 6-max Seat #6 is the button
Seat 1: Ale4o ($63.31 in chips)
Seat 6: conkris ($224.97 in chips)
conkris: posts small blind $1
Ale4o: posts big blind $3
*** HOLE CARDS ***
conkris: raises $3 to $6
Ale4o: calls $3
*** FLOP *** [Kh 8d 7d]
Ale4o: checks
conkris: checks
*** TURN *** [Kh 8d 7d] [8s]
Ale4o: checks
conkris: checks
*** RIVER *** [Kh 8d 7d 8s] [5s]
Ale4o: checks
conkris: checks
*** SHOW DOWN ***
Ale4o: shows [2s As] (a pair of Eights)
conkris: mucks hand
Ale4o collected $11.76 from pot
*** SUMMARY ***
Total pot $12 | Rake $0.24
Board [Kh 8d 7d 8s 5s]
Seat 1: Ale4o (big blind) showed [2s As] and won ($11.76) with a pair of Eights
Seat 6: conkris (button) (small blind) mucked


PokerStars Hand #165466042743:  Hold'em Limit ($3/$6 USD) - 2017/01/31 13:35:11 ET
Table 'Amor' 6-max Seat #1 is the button
Seat 1: Ale4o ($69.07 in chips)
Seat 6: conkris ($218.97 in chips)
Ale4o: posts small blind $1
conkris: posts big blind $3
*** HOLE CARDS ***
Ale4o: raises $3 to $6
conkris: calls $3
*** FLOP *** [As Tc Kc]
conkris: bets $3
Ale4o: raises $3 to $6
conkris: calls $3
*** TURN *** [As Tc Kc] [Qs]
conkris: bets $6
Ale4o: calls $6
*** RIVER *** [As Tc Kc Qs] [4d]
conkris: bets $6
Ale4o: calls $6
*** SHOW DOWN ***
conkris: shows [Jc 8h] (a straight, Ten to Ace)
Ale4o: mucks hand
conkris collected $47.50 from pot
*** SUMMARY ***
Total pot $48 | Rake $0.50
Board [As Tc Kc Qs 4d]
Seat 1: Ale4o (button) (small blind) mucked
Seat 6: conkris (big blind) showed [Jc 8h] and won ($47.50) with a straight, Ten to Ace


PokerStars Hand #165466069448:  Hold'em Limit ($3/$6 USD) - 2017/01/31 13:35:40 ET
Table 'Amor' 6-max Seat #6 is the button
Seat 1: Ale4o ($120 in chips)
Seat 6: conkris ($242.47 in chips)
conkris: posts small blind $1
Ale4o: posts big blind $3
*** HOLE CARDS ***
conkris: raises $3 to $6
Ale4o: raises $3 to $9
conkris: raises $3 to $12
Betting is capped
Ale4o: calls $3
*** FLOP *** [9d Ks 9s]
Ale4o: checks
conkris: bets $3
Ale4o: raises $3 to $6
conkris: calls $3
*** TURN *** [9d Ks 9s] [6s]
Ale4o: bets $6
conkris: calls $6
*** RIVER *** [9d Ks 9s 6s] [Qc]
Ale4o: bets $6
conkris: calls $6
*** SHOW DOWN ***
Ale4o: shows [Kc As] (two pair, Kings and Nines)
conkris: mucks hand
Ale4o collected $59.50 from pot
*** SUMMARY ***
Total pot $60 | Rake $0.50
Board [9d Ks 9s 6s Qc]
Seat 1: Ale4o (big blind) showed [Kc As] and won ($59.50) with two pair, Kings and Nines
Seat 6: conkris (button) (small blind) mucked


PokerStars Hand #165466103430:  Hold'em Limit ($3/$6 USD) - 2017/01/31 13:36:16 ET
Table 'Amor' 6-max Seat #1 is the button
Seat 1: Ale4o ($149.50 in chips)
Seat 6: conkris ($212.47 in chips)
Ale4o: posts small blind $1
conkris: posts big blind $3
*** HOLE CARDS ***
Ale4o: raises $3 to $6
conkris: folds
Uncalled bet ($3) returned to Ale4o
Ale4o collected $6 from pot
Ale4o: doesn't show hand
*** SUMMARY ***
Total pot $6 | Rake $0
Seat 1: Ale4o (button) (small blind) collected ($6)
Seat 6: conkris (big blind) folded before Flop


