PokerStars Hand #151959792428:  Hold'em Limit ($3/$6 USD) - 2016/04/15 14:47:17 ET
Table 'Ampella II' 6-max Seat #4 is the button
Seat 4: MTails ($131.52 in chips)
Seat 6: BADEXTASY ($108 in chips)
MTails: posts small blind $1
BADEXTASY: posts big blind $3
*** HOLE CARDS ***
MTails: raises $3 to $6
BADEXTASY: calls $3
*** FLOP *** [As 9d 4c]
BADEXTASY: checks
MTails: bets $3
BADEXTASY: raises $3 to $6
MTails: folds
Uncalled bet ($3) returned to BADEXTASY
BADEXTASY collected $17.64 from pot
BADEXTASY: doesn't show hand
*** SUMMARY ***
Total pot $18 | Rake $0.36
Board [As 9d 4c]
Seat 4: MTails (button) (small blind) folded on the Flop
Seat 6: BADEXTASY (big blind) collected ($17.64)


PokerStars Hand #151973867712:  Hold'em Limit ($3/$6 USD) - 2016/04/15 19:37:50 ET
Table 'Ampella II' 6-max Seat #3 is the button
Seat 3: bentinck113 ($63.80 in chips)
Seat 5: MissEKAmouse ($262.91 in chips)
bentinck113: posts small blind $1
MissEKAmouse: posts big blind $3
*** HOLE CARDS ***
bentinck113: raises $3 to $6
MissEKAmouse: folds
Uncalled bet ($3) returned to bentinck113
bentinck113 collected $6 from pot
bentinck113: doesn't show hand
*** SUMMARY ***
Total pot $6 | Rake $0
Seat 3: bentinck113 (button) (small blind) collected ($6)
Seat 5: MissEKAmouse (big blind) folded before Flop


PokerStars Hand #151973863430:  Hold'em Limit ($3/$6 USD) - 2016/04/15 19:37:43 ET
Table 'Ampella II' 6-max Seat #5 is the button
Seat 3: bentinck113 ($62.80 in chips)
Seat 5: MissEKAmouse ($263.91 in chips)
MissEKAmouse: posts small blind $1
Chessnok: is sitting out
bentinck113: posts big blind $3
*** HOLE CARDS ***
MissEKAmouse: folds
Uncalled bet ($2) returned to bentinck113
bentinck113 collected $2 from pot
bentinck113: doesn't show hand
*** SUMMARY ***
Total pot $2 | Rake $0
Seat 3: bentinck113 (big blind) collected ($2)
Seat 5: MissEKAmouse (button) (small blind) folded before Flop


