PokerStars Hand #163623548439:  Hold'em Limit ($3/$6 USD) - 2016/12/27 15:52:39 ET
Table 'Ampella II' 6-max Seat #3 is the button
Seat 3: ragz2riche5 ($133.97 in chips)
Seat 5: Zubasa07 ($514.50 in chips)
ragz2riche5: posts small blind $1
Zubasa07: posts big blind $3
*** HOLE CARDS ***
ragz2riche5: folds
Uncalled bet ($2) returned to Zubasa07
Zubasa07 collected $2 from pot
Zubasa07: doesn't show hand
*** SUMMARY ***
Total pot $2 | Rake $0
Seat 3: ragz2riche5 (button) (small blind) folded before Flop
Seat 5: Zubasa07 (big blind) collected ($2)


PokerStars Hand #163623522516:  Hold'em Limit ($3/$6 USD) - 2016/12/27 15:52:14 ET
Table 'Ampella II' 6-max Seat #5 is the button
Seat 3: ragz2riche5 ($125.33 in chips)
Seat 5: Zubasa07 ($523.50 in chips)
Zubasa07: posts small blind $1
ragz2riche5: posts big blind $3
*** HOLE CARDS ***
Zubasa07: raises $3 to $6
ragz2riche5: raises $3 to $9
Zubasa07: calls $3
*** FLOP *** [Tc Ah 8s]
ragz2riche5: bets $3
Zubasa07: folds
Uncalled bet ($3) returned to ragz2riche5
ragz2riche5 collected $17.64 from pot
ragz2riche5: doesn't show hand
*** SUMMARY ***
Total pot $18 | Rake $0.36
Board [Tc Ah 8s]
Seat 3: ragz2riche5 (big blind) collected ($17.64)
Seat 5: Zubasa07 (button) (small blind) folded on the Flop


PokerStars Hand #163623465434:  Hold'em Limit ($3/$6 USD) - 2016/12/27 15:51:20 ET
Table 'Ampella II' 6-max Seat #3 is the button
Seat 3: ragz2riche5 ($146.33 in chips)
Seat 5: Zubasa07 ($503 in chips)
ragz2riche5: posts small blind $1
Zubasa07: posts big blind $3
*** HOLE CARDS ***
ragz2riche5: calls $2
Zubasa07: checks
*** FLOP *** [4s 5h 2d]
Zubasa07: bets $3
ragz2riche5: raises $3 to $6
Zubasa07: calls $3
*** TURN *** [4s 5h 2d] [6c]
Zubasa07: checks
ragz2riche5: bets $6
Zubasa07: raises $6 to $12
ragz2riche5: calls $6
*** RIVER *** [4s 5h 2d 6c] [9s]
Zubasa07: bets $6
ragz2riche5: folds
Uncalled bet ($6) returned to Zubasa07
Zubasa07 collected $41.50 from pot
Zubasa07: doesn't show hand
*** SUMMARY ***
Total pot $42 | Rake $0.50
Board [4s 5h 2d 6c 9s]
Seat 3: ragz2riche5 (button) (small blind) folded on the River
Seat 5: Zubasa07 (big blind) collected ($41.50)


PokerStars Hand #163623576550:  Hold'em Limit ($3/$6 USD) - 2016/12/27 15:53:06 ET
Table 'Ampella II' 6-max Seat #3 is the button
Seat 3: ragz2riche5 ($126.97 in chips)
Seat 5: Zubasa07 ($521.26 in chips)
ragz2riche5: posts small blind $1
Zubasa07: posts big blind $3
*** HOLE CARDS ***
ragz2riche5: raises $3 to $6
chosenfish joins the table at seat #6
Zubasa07: raises $3 to $9
ragz2riche5: calls $3
*** FLOP *** [Jc 7s 4s]
Zubasa07: bets $3
ragz2riche5: calls $3
*** TURN *** [Jc 7s 4s] [9d]
Zubasa07: bets $6
ragz2riche5: calls $6
*** RIVER *** [Jc 7s 4s 9d] [6h]
Zubasa07: bets $6
ragz2riche5: calls $6
*** SHOW DOWN ***
Zubasa07: shows [9s Qs] (a pair of Nines)
ragz2riche5: mucks hand
Zubasa07 collected $47.50 from pot
*** SUMMARY ***
Total pot $48 | Rake $0.50
Board [Jc 7s 4s 9d 6h]
Seat 3: ragz2riche5 (button) (small blind) mucked
Seat 5: Zubasa07 (big blind) showed [9s Qs] and won ($47.50) with a pair of Nines


PokerStars Hand #163623554515:  Hold'em Limit ($3/$6 USD) - 2016/12/27 15:52:45 ET
Table 'Ampella II' 6-max Seat #5 is the button
Seat 3: ragz2riche5 ($132.97 in chips)
Seat 5: Zubasa07 ($515.50 in chips)
Zubasa07: posts small blind $1
ragz2riche5: posts big blind $3
*** HOLE CARDS ***
Zubasa07: raises $3 to $6
ragz2riche5: calls $3
*** FLOP *** [Ks Kh 2s]
ragz2riche5: checks
Zubasa07: bets $3
ragz2riche5: folds
Uncalled bet ($3) returned to Zubasa07
Zubasa07 collected $11.76 from pot
Zubasa07: doesn't show hand
*** SUMMARY ***
Total pot $12 | Rake $0.24
Board [Ks Kh 2s]
Seat 3: ragz2riche5 (big blind) folded on the Flop
Seat 5: Zubasa07 (button) (small blind) collected ($11.76)


PokerStars Hand #163626719971:  Hold'em Limit ($3/$6 USD) - 2016/12/27 16:44:39 ET
Table 'Ampella II' 6-max Seat #2 is the button
Seat 2: Actionni13 ($206.74 in chips)
Seat 6: GRAILKO ($200 in chips)
ragz2riche5 leaves the table
Actionni13: posts small blind $1
GRAILKO: posts big blind $3
*** HOLE CARDS ***
Actionni13: raises $3 to $6
KiravW leaves the table
GRAILKO: calls $3
*** FLOP *** [6c 5c Qc]
GRAILKO: checks
Actionni13: bets $3
GRAILKO: calls $3
*** TURN *** [6c 5c Qc] [4d]
GRAILKO: checks
Actionni13: bets $6
GRAILKO: calls $6
*** RIVER *** [6c 5c Qc 4d] [8h]
GRAILKO: bets $6
Actionni13: calls $6
*** SHOW DOWN ***
GRAILKO: shows [7d Kc] (a straight, Four to Eight)
Actionni13: mucks hand
GRAILKO collected $41.50 from pot
*** SUMMARY ***
Total pot $42 | Rake $0.50
Board [6c 5c Qc 4d 8h]
Seat 2: Actionni13 (button) (small blind) mucked
Seat 6: GRAILKO (big blind) showed [7d Kc] and won ($41.50) with a straight, Four to Eight


