PokerStars Hand #155050602373:  Hold'em Limit ($3/$6 USD) - 2016/06/22 4:40:23 ET
Table 'Ampella' 6-max Seat #1 is the button
Seat 1: Ag3r0n ($72 in chips)
Seat 6: Profitables ($65.50 in chips)
Ag3r0n: posts small blind $1
Profitables: posts big blind $3
*** HOLE CARDS ***
Ag3r0n: raises $3 to $6
Profitables: calls $3
*** FLOP *** [9c 6s 7d]
Profitables: checks
Ag3r0n: bets $3
Profitables: folds
Uncalled bet ($3) returned to Ag3r0n
Ag3r0n collected $11.76 from pot
*** SUMMARY ***
Total pot $12 | Rake $0.24
Board [9c 6s 7d]
Seat 1: Ag3r0n (button) (small blind) collected ($11.76)
Seat 6: Profitables (big blind) folded on the Flop


PokerStars Hand #155050605768:  Hold'em Limit ($3/$6 USD) - 2016/06/22 4:40:34 ET
Table 'Ampella' 6-max Seat #6 is the button
Seat 1: Ag3r0n ($77.76 in chips)
Seat 6: Profitables ($59.50 in chips)
Profitables: posts small blind $1
Ag3r0n: posts big blind $3
*** HOLE CARDS ***
Profitables: raises $3 to $6
Ag3r0n: calls $3
*** FLOP *** [8s 7s Jh]
Ag3r0n: checks
Profitables: bets $3
Ag3r0n: calls $3
*** TURN *** [8s 7s Jh] [Jc]
B_loJkl joins the table at seat #2
Ag3r0n: checks
Profitables: bets $6
Ag3r0n: folds
Uncalled bet ($6) returned to Profitables
Profitables collected $17.64 from pot
Profitables: doesn't show hand
*** SUMMARY ***
Total pot $18 | Rake $0.36
Board [8s 7s Jh Jc]
Seat 1: Ag3r0n (big blind) folded on the Turn
Seat 6: Profitables (button) (small blind) collected ($17.64)


