PokerStars Hand #173299186590:  Hold'em Limit ($3/$6 USD) - 2017/07/20 20:11:28 ET
Table 'Ampella' 6-max Seat #3 is the button
Seat 2: Vitalisek ($152.97 in chips)
Seat 3: AzureCaper ($113.04 in chips)
AzureCaper: posts small blind $1
Vitalisek: posts big blind $3
*** HOLE CARDS ***
AzureCaper: folds
Uncalled bet ($2) returned to Vitalisek
Vitalisek collected $2 from pot
Vitalisek: doesn't show hand
*** SUMMARY ***
Total pot $2 | Rake $0
Seat 2: Vitalisek (big blind) collected ($2)
Seat 3: AzureCaper (button) (small blind) folded before Flop


PokerStars Hand #173299179434:  Hold'em Limit ($3/$6 USD) - 2017/07/20 20:11:14 ET
Table 'Ampella' 6-max Seat #2 is the button
Seat 2: Vitalisek ($147.21 in chips)
Seat 3: AzureCaper ($119.04 in chips)
Vitalisek: posts small blind $1
AzureCaper: posts big blind $3
*** HOLE CARDS ***
birmancat44 leaves the table
Vitalisek: raises $3 to $6
AzureCaper: calls $3
*** FLOP *** [9h 5s Td]
AzureCaper: checks
Vitalisek: bets $3
AzureCaper: folds
Uncalled bet ($3) returned to Vitalisek
Vitalisek collected $11.76 from pot
Vitalisek: doesn't show hand
*** SUMMARY ***
Total pot $12 | Rake $0.24
Board [9h 5s Td]
Seat 2: Vitalisek (button) (small blind) collected ($11.76)
Seat 3: AzureCaper (big blind) folded on the Flop


PokerStars Hand #173299194550:  Hold'em Limit ($3/$6 USD) - 2017/07/20 20:11:45 ET
Table 'Ampella' 6-max Seat #3 is the button
Seat 2: Vitalisek ($150.97 in chips)
Seat 3: AzureCaper ($114.92 in chips)
AzureCaper: posts small blind $1
simper11 was removed from the table for failing to post
Vitalisek: posts big blind $3
*** HOLE CARDS ***
AzureCaper: raises $3 to $6
Vitalisek: folds
Uncalled bet ($3) returned to AzureCaper
AzureCaper collected $6 from pot
AzureCaper: doesn't show hand
*** SUMMARY ***
Total pot $6 | Rake $0
Seat 2: Vitalisek (big blind) folded before Flop
Seat 3: AzureCaper (button) (small blind) collected ($6)


PokerStars Hand #173299188753:  Hold'em Limit ($3/$6 USD) - 2017/07/20 20:11:33 ET
Table 'Ampella' 6-max Seat #2 is the button
Seat 2: Vitalisek ($153.97 in chips)
Seat 3: AzureCaper ($112.04 in chips)
Vitalisek: posts small blind $1
AzureCaper: posts big blind $3
*** HOLE CARDS ***
Vitalisek: calls $2
AzureCaper: checks
*** FLOP *** [7d 5c 6s]
AzureCaper: bets $3
Vitalisek: folds
Uncalled bet ($3) returned to AzureCaper
AzureCaper collected $5.88 from pot
AzureCaper: doesn't show hand
*** SUMMARY ***
Total pot $6 | Rake $0.12
Board [7d 5c 6s]
Seat 2: Vitalisek (button) (small blind) folded on the Flop
Seat 3: AzureCaper (big blind) collected ($5.88)


PokerStars Hand #173299211564:  Hold'em Limit ($3/$6 USD) - 2017/07/20 20:12:19 ET
Table 'Ampella' 6-max Seat #2 is the button
Seat 2: Vitalisek ($139.97 in chips)
Seat 3: AzureCaper ($125.56 in chips)
Vitalisek: posts small blind $1
AzureCaper: posts big blind $3
*** HOLE CARDS ***
Vitalisek: raises $3 to $6
AzureCaper: calls $3
*** FLOP *** [8c Td Ah]
AzureCaper: checks
Vitalisek: checks
*** TURN *** [8c Td Ah] [9h]
AzureCaper: bets $6
Vitalisek: raises $6 to $12
AzureCaper: calls $6
*** RIVER *** [8c Td Ah 9h] [5s]
AzureCaper: checks
Vitalisek: bets $6
AzureCaper: folds
Uncalled bet ($6) returned to Vitalisek
Vitalisek collected $35.50 from pot
Vitalisek: doesn't show hand
*** SUMMARY ***
Total pot $36 | Rake $0.50
Board [8c Td Ah 9h 5s]
Seat 2: Vitalisek (button) (small blind) collected ($35.50)
Seat 3: AzureCaper (big blind) folded on the River


PokerStars Hand #173299207953:  Hold'em Limit ($3/$6 USD) - 2017/07/20 20:12:12 ET
Table 'Ampella' 6-max Seat #3 is the button
Seat 2: Vitalisek ($138.97 in chips)
Seat 3: AzureCaper ($126.56 in chips)
AzureCaper: posts small blind $1
Vitalisek: posts big blind $3
*** HOLE CARDS ***
AzureCaper: folds
Uncalled bet ($2) returned to Vitalisek
Vitalisek collected $2 from pot
Vitalisek: doesn't show hand
*** SUMMARY ***
Total pot $2 | Rake $0
Seat 2: Vitalisek (big blind) collected ($2)
Seat 3: AzureCaper (button) (small blind) folded before Flop


PokerStars Hand #173299197470:  Hold'em Limit ($3/$6 USD) - 2017/07/20 20:11:50 ET
Table 'Ampella' 6-max Seat #2 is the button
Seat 2: Vitalisek ($147.97 in chips)
Seat 3: AzureCaper ($117.92 in chips)
Vitalisek: posts small blind $1
AzureCaper: posts big blind $3
*** HOLE CARDS ***
Vitalisek: raises $3 to $6
AzureCaper: calls $3
*** FLOP *** [7c 2c Tc]
AzureCaper: bets $3
Vitalisek: calls $3
*** TURN *** [7c 2c Tc] [3h]
AzureCaper: bets $6
Vitalisek: folds
Uncalled bet ($6) returned to AzureCaper
AzureCaper collected $17.64 from pot
AzureCaper: doesn't show hand
*** SUMMARY ***
Total pot $18 | Rake $0.36
Board [7c 2c Tc 3h]
Seat 2: Vitalisek (button) (small blind) folded on the Turn
Seat 3: AzureCaper (big blind) collected ($17.64)


PokerStars Hand #173299243891:  Hold'em Limit ($3/$6 USD) - 2017/07/20 20:13:25 ET
Table 'Ampella' 6-max Seat #3 is the button
Seat 2: Vitalisek ($136.35 in chips)
Seat 3: AzureCaper ($128.06 in chips)
AzureCaper: posts small blind $1
Vitalisek: posts big blind $3
*** HOLE CARDS ***
AzureCaper: folds
Uncalled bet ($2) returned to Vitalisek
Vitalisek collected $2 from pot
Vitalisek: doesn't show hand
*** SUMMARY ***
Total pot $2 | Rake $0
Seat 2: Vitalisek (big blind) collected ($2)
Seat 3: AzureCaper (button) (small blind) folded before Flop


PokerStars Hand #173299238126:  Hold'em Limit ($3/$6 USD) - 2017/07/20 20:13:14 ET
Table 'Ampella' 6-max Seat #2 is the button
Seat 2: Vitalisek ($133.47 in chips)
Seat 3: AzureCaper ($131.06 in chips)
Vitalisek: posts small blind $1
AzureCaper: posts big blind $3
*** HOLE CARDS ***
Vitalisek: calls $2
AzureCaper: checks
*** FLOP *** [Jd 4h 9s]
AzureCaper: checks
Vitalisek: bets $3
AzureCaper: folds
Uncalled bet ($3) returned to Vitalisek
Vitalisek collected $5.88 from pot
Vitalisek: doesn't show hand
*** SUMMARY ***
Total pot $6 | Rake $0.12
Board [Jd 4h 9s]
Seat 2: Vitalisek (button) (small blind) collected ($5.88)
Seat 3: AzureCaper (big blind) folded on the Flop


PokerStars Hand #173299222478:  Hold'em Limit ($3/$6 USD) - 2017/07/20 20:12:42 ET
Table 'Ampella' 6-max Seat #3 is the button
Seat 2: Vitalisek ($157.47 in chips)
Seat 3: AzureCaper ($107.56 in chips)
AzureCaper: posts small blind $1
Vitalisek: posts big blind $3
*** HOLE CARDS ***
AzureCaper: raises $3 to $6
Vitalisek: calls $3
*** FLOP *** [6h 9d 5c]
Vitalisek: checks
AzureCaper: bets $3
Vitalisek: raises $3 to $6
AzureCaper: calls $3
*** TURN *** [6h 9d 5c] [Ts]
Vitalisek: bets $6
AzureCaper: calls $6
*** RIVER *** [6h 9d 5c Ts] [7d]
Vitalisek: bets $6
AzureCaper: raises $6 to $12
Vitalisek: folds
Uncalled bet ($6) returned to AzureCaper
AzureCaper collected $47.50 from pot
AzureCaper: doesn't show hand
*** SUMMARY ***
Total pot $48 | Rake $0.50
Board [6h 9d 5c Ts 7d]
Seat 2: Vitalisek (big blind) folded on the River
Seat 3: AzureCaper (button) (small blind) collected ($47.50)


PokerStars Hand #173299246162:  Hold'em Limit ($3/$6 USD) - 2017/07/20 20:13:30 ET
Table 'Ampella' 6-max Seat #2 is the button
Seat 2: Vitalisek ($137.35 in chips)
Seat 3: AzureCaper ($127.06 in chips)
Vitalisek: posts small blind $1
AzureCaper: posts big blind $3
*** HOLE CARDS ***
Vitalisek: calls $2
AzureCaper: checks
*** FLOP *** [6d 7h 7d]
AzureCaper: checks
Vitalisek: bets $3
AzureCaper: folds
Uncalled bet ($3) returned to Vitalisek
Vitalisek collected $5.88 from pot
Vitalisek: doesn't show hand
*** SUMMARY ***
Total pot $6 | Rake $0.12
Board [6d 7h 7d]
Seat 2: Vitalisek (button) (small blind) collected ($5.88)
Seat 3: AzureCaper (big blind) folded on the Flop


PokerStars Hand #173299274073:  Hold'em Limit ($3/$6 USD) - 2017/07/20 20:14:27 ET
Table 'Ampella' 6-max Seat #2 is the button
Seat 2: Vitalisek ($127.23 in chips)
Seat 3: AzureCaper ($136.58 in chips)
Vitalisek: posts small blind $1
AzureCaper: posts big blind $3
*** HOLE CARDS ***
Vitalisek: folds
Uncalled bet ($2) returned to AzureCaper
AzureCaper collected $2 from pot
AzureCaper: doesn't show hand
*** SUMMARY ***
Total pot $2 | Rake $0
Seat 2: Vitalisek (button) (small blind) folded before Flop
Seat 3: AzureCaper (big blind) collected ($2)


PokerStars Hand #173299264029:  Hold'em Limit ($3/$6 USD) - 2017/07/20 20:14:07 ET
Table 'Ampella' 6-max Seat #2 is the button
Seat 2: Vitalisek ($134.23 in chips)
Seat 3: AzureCaper ($129.82 in chips)
Vitalisek: posts small blind $1
AzureCaper: posts big blind $3
*** HOLE CARDS ***
Vitalisek: folds
Uncalled bet ($2) returned to AzureCaper
AzureCaper collected $2 from pot
AzureCaper: doesn't show hand
*** SUMMARY ***
Total pot $2 | Rake $0
Seat 2: Vitalisek (button) (small blind) folded before Flop
Seat 3: AzureCaper (big blind) collected ($2)


PokerStars Hand #173299260657:  Hold'em Limit ($3/$6 USD) - 2017/07/20 20:14:00 ET
Table 'Ampella' 6-max Seat #3 is the button
Seat 2: Vitalisek ($133.23 in chips)
Seat 3: AzureCaper ($130.82 in chips)
AzureCaper: posts small blind $1
Vitalisek: posts big blind $3
*** HOLE CARDS ***
AzureCaper: folds
Uncalled bet ($2) returned to Vitalisek
Vitalisek collected $2 from pot
Vitalisek: doesn't show hand
*** SUMMARY ***
Total pot $2 | Rake $0
Seat 2: Vitalisek (big blind) collected ($2)
Seat 3: AzureCaper (button) (small blind) folded before Flop


PokerStars Hand #173299258293:  Hold'em Limit ($3/$6 USD) - 2017/07/20 20:13:55 ET
Table 'Ampella' 6-max Seat #2 is the button
Seat 2: Vitalisek ($134.23 in chips)
Seat 3: AzureCaper ($129.82 in chips)
Vitalisek: posts small blind $1
AzureCaper: posts big blind $3
*** HOLE CARDS ***
Vitalisek: folds
Uncalled bet ($2) returned to AzureCaper
AzureCaper collected $2 from pot
AzureCaper: doesn't show hand
*** SUMMARY ***
Total pot $2 | Rake $0
Seat 2: Vitalisek (button) (small blind) folded before Flop
Seat 3: AzureCaper (big blind) collected ($2)


PokerStars Hand #173299251129:  Hold'em Limit ($3/$6 USD) - 2017/07/20 20:13:40 ET
Table 'Ampella' 6-max Seat #3 is the button
Seat 2: Vitalisek ($140.23 in chips)
Seat 3: AzureCaper ($124.06 in chips)
AzureCaper: posts small blind $1
Vitalisek: posts big blind $3
*** HOLE CARDS ***
AzureCaper: raises $3 to $6
Vitalisek: calls $3
*** FLOP *** [9h 5d 2h]
Vitalisek: checks
AzureCaper: checks
*** TURN *** [9h 5d 2h] [As]
Vitalisek: checks
AzureCaper: bets $6
Vitalisek: folds
Uncalled bet ($6) returned to AzureCaper
AzureCaper collected $11.76 from pot
AzureCaper: doesn't show hand
*** SUMMARY ***
Total pot $12 | Rake $0.24
Board [9h 5d 2h As]
Seat 2: Vitalisek (big blind) folded on the Turn
Seat 3: AzureCaper (button) (small blind) collected ($11.76)


PokerStars Hand #173299286725:  Hold'em Limit ($3/$6 USD) - 2017/07/20 20:14:53 ET
Table 'Ampella' 6-max Seat #3 is the button
Seat 2: Vitalisek ($126.23 in chips)
Seat 3: AzureCaper ($137.58 in chips)
AzureCaper: posts small blind $1
Vitalisek: posts big blind $3
*** HOLE CARDS ***
AzureCaper: raises $3 to $6
Vitalisek: calls $3
*** FLOP *** [5d 7c 8s]
Vitalisek: checks
AzureCaper: bets $3
Vitalisek: raises $3 to $6
AzureCaper: calls $3
*** TURN *** [5d 7c 8s] [9h]
Vitalisek: bets $6
AzureCaper: raises $6 to $12
Vitalisek: raises $6 to $18
AzureCaper: calls $6
*** RIVER *** [5d 7c 8s 9h] [9s]
Vitalisek: bets $6
AzureCaper: calls $6
*** SHOW DOWN ***
Vitalisek: shows [9d 6h] (a straight, Five to Nine)
AzureCaper: shows [6d 6c] (a straight, Five to Nine)
Vitalisek collected $35.75 from pot
AzureCaper collected $35.75 from pot
*** SUMMARY ***
Total pot $72 | Rake $0.50
Board [5d 7c 8s 9h 9s]
Seat 2: Vitalisek (big blind) showed [9d 6h] and won ($35.75) with a straight, Five to Nine
Seat 3: AzureCaper (button) (small blind) showed [6d 6c] and won ($35.75) with a straight, Five to Nine


PokerStars Hand #173299340489:  Hold'em Limit ($3/$6 USD) - 2017/07/20 20:16:45 ET
Table 'Ampella' 6-max Seat #2 is the button
Seat 2: Vitalisek ($80.98 in chips)
Seat 3: AzureCaper ($181.33 in chips)
Vitalisek: posts small blind $1
AzureCaper: posts big blind $3
*** HOLE CARDS ***
Vitalisek: folds
Uncalled bet ($2) returned to AzureCaper
AzureCaper collected $2 from pot
*** SUMMARY ***
Total pot $2 | Rake $0
Seat 2: Vitalisek (button) (small blind) folded before Flop
Seat 3: AzureCaper (big blind) collected ($2)


PokerStars Hand #173299330107:  Hold'em Limit ($3/$6 USD) - 2017/07/20 20:16:23 ET
Table 'Ampella' 6-max Seat #3 is the button
Seat 2: Vitalisek ($107.98 in chips)
Seat 3: AzureCaper ($154.83 in chips)
AzureCaper: posts small blind $1
Vitalisek: posts big blind $3
*** HOLE CARDS ***
AzureCaper: raises $3 to $6
Vitalisek: calls $3
*** FLOP *** [3h 3s 5d]
Vitalisek: checks
AzureCaper: bets $3
Vitalisek: calls $3
*** TURN *** [3h 3s 5d] [Qs]
Vitalisek: checks
AzureCaper: bets $6
Vitalisek: raises $6 to $12
AzureCaper: calls $6
*** RIVER *** [3h 3s 5d Qs] [5s]
Vitalisek: bets $6
AzureCaper: calls $6
*** SHOW DOWN ***
Vitalisek: shows [8c Qd] (two pair, Queens and Fives)
AzureCaper: shows [Js Qc] (two pair, Queens and Fives - Jack kicker)
AzureCaper collected $53.50 from pot
*** SUMMARY ***
Total pot $54 | Rake $0.50
Board [3h 3s 5d Qs 5s]
Seat 2: Vitalisek (big blind) showed [8c Qd] and lost with two pair, Queens and Fives
Seat 3: AzureCaper (button) (small blind) showed [Js Qc] and won ($53.50) with two pair, Queens and Fives


PokerStars Hand #173299311925:  Hold'em Limit ($3/$6 USD) - 2017/07/20 20:15:45 ET
Table 'Ampella' 6-max Seat #2 is the button
Seat 2: Vitalisek ($125.98 in chips)
Seat 3: AzureCaper ($137.33 in chips)
Vitalisek: posts small blind $1
AzureCaper: posts big blind $3
*** HOLE CARDS ***
Vitalisek: raises $3 to $6
AzureCaper: calls $3
*** FLOP *** [5s 2c 3s]
AzureCaper: checks
Vitalisek: bets $3
AzureCaper: raises $3 to $6
Vitalisek: calls $3
*** TURN *** [5s 2c 3s] [2d]
AzureCaper: bets $6
Vitalisek: calls $6
*** RIVER *** [5s 2c 3s 2d] [Qd]
AzureCaper: bets $6
Vitalisek: folds
Uncalled bet ($6) returned to AzureCaper
AzureCaper collected $35.50 from pot
AzureCaper: doesn't show hand
*** SUMMARY ***
Total pot $36 | Rake $0.50
Board [5s 2c 3s 2d Qd]
Seat 2: Vitalisek (button) (small blind) folded on the River
Seat 3: AzureCaper (big blind) collected ($35.50)


PokerStars Hand #173299342894:  Hold'em Limit ($3/$6 USD) - 2017/07/20 20:16:49 ET
Table 'Ampella' 6-max Seat #3 is the button
Seat 2: Vitalisek ($79.98 in chips)
Seat 3: AzureCaper ($182.33 in chips)
AzureCaper: posts small blind $1
Vitalisek: posts big blind $3
*** HOLE CARDS ***
AzureCaper: folds
Uncalled bet ($2) returned to Vitalisek
Vitalisek collected $2 from pot
Vitalisek: doesn't show hand
*** SUMMARY ***
Total pot $2 | Rake $0
Seat 2: Vitalisek (big blind) collected ($2)
Seat 3: AzureCaper (button) (small blind) folded before Flop


PokerStars Hand #173299364517:  Hold'em Limit ($3/$6 USD) - 2017/07/20 20:17:34 ET
Table 'Ampella' 6-max Seat #2 is the button
Seat 2: Vitalisek ($80.74 in chips)
Seat 3: AzureCaper ($181.09 in chips)
Vitalisek: posts small blind $1
AzureCaper: posts big blind $3
*** HOLE CARDS ***
Vitalisek: folds
Uncalled bet ($2) returned to AzureCaper
AzureCaper collected $2 from pot
AzureCaper: doesn't show hand
*** SUMMARY ***
Total pot $2 | Rake $0
Seat 2: Vitalisek (button) (small blind) folded before Flop
Seat 3: AzureCaper (big blind) collected ($2)


PokerStars Hand #173299362151:  Hold'em Limit ($3/$6 USD) - 2017/07/20 20:17:30 ET
Table 'Ampella' 6-max Seat #3 is the button
Seat 2: Vitalisek ($79.74 in chips)
Seat 3: AzureCaper ($182.09 in chips)
AzureCaper: posts small blind $1
Vitalisek: posts big blind $3
*** HOLE CARDS ***
AzureCaper: folds
Uncalled bet ($2) returned to Vitalisek
Vitalisek collected $2 from pot
Vitalisek: doesn't show hand
*** SUMMARY ***
Total pot $2 | Rake $0
Seat 2: Vitalisek (big blind) collected ($2)
Seat 3: AzureCaper (button) (small blind) folded before Flop


PokerStars Hand #173299359606:  Hold'em Limit ($3/$6 USD) - 2017/07/20 20:17:24 ET
Table 'Ampella' 6-max Seat #2 is the button
Seat 2: Vitalisek ($80.74 in chips)
Seat 3: AzureCaper ($181.09 in chips)
Vitalisek: posts small blind $1
AzureCaper: posts big blind $3
*** HOLE CARDS ***
Vitalisek: folds
Uncalled bet ($2) returned to AzureCaper
AzureCaper collected $2 from pot
AzureCaper: doesn't show hand
*** SUMMARY ***
Total pot $2 | Rake $0
Seat 2: Vitalisek (button) (small blind) folded before Flop
Seat 3: AzureCaper (big blind) collected ($2)


PokerStars Hand #173299354915:  Hold'em Limit ($3/$6 USD) - 2017/07/20 20:17:15 ET
Table 'Ampella' 6-max Seat #3 is the button
Seat 2: Vitalisek ($86.74 in chips)
Seat 3: AzureCaper ($175.33 in chips)
AzureCaper: posts small blind $1
Vitalisek: posts big blind $3
*** HOLE CARDS ***
AzureCaper: raises $3 to $6
Vitalisek: calls $3
*** FLOP *** [5h Qd Jc]
Vitalisek: checks
AzureCaper: bets $3
Vitalisek: folds
Uncalled bet ($3) returned to AzureCaper
AzureCaper collected $11.76 from pot
AzureCaper: doesn't show hand
*** SUMMARY ***
Total pot $12 | Rake $0.24
Board [5h Qd Jc]
Seat 2: Vitalisek (big blind) folded on the Flop
Seat 3: AzureCaper (button) (small blind) collected ($11.76)


PokerStars Hand #173299399235:  Hold'em Limit ($3/$6 USD) - 2017/07/20 20:18:46 ET
Table 'Ampella' 6-max Seat #2 is the button
Seat 2: Vitalisek ($50.74 in chips)
Seat 3: AzureCaper ($210.23 in chips)
Vitalisek: posts small blind $1
AzureCaper: posts big blind $3
*** HOLE CARDS ***
Vitalisek: folds
Uncalled bet ($2) returned to AzureCaper
AzureCaper collected $2 from pot
AzureCaper: doesn't show hand
*** SUMMARY ***
Total pot $2 | Rake $0
Seat 2: Vitalisek (button) (small blind) folded before Flop
Seat 3: AzureCaper (big blind) collected ($2)


PokerStars Hand #173299397005:  Hold'em Limit ($3/$6 USD) - 2017/07/20 20:18:42 ET
Table 'Ampella' 6-max Seat #3 is the button
Seat 2: Vitalisek ($49.74 in chips)
Seat 3: AzureCaper ($211.23 in chips)
AzureCaper: posts small blind $1
Vitalisek: posts big blind $3
*** HOLE CARDS ***
AzureCaper: folds
Uncalled bet ($2) returned to Vitalisek
Vitalisek collected $2 from pot
Vitalisek: doesn't show hand
*** SUMMARY ***
Total pot $2 | Rake $0
Seat 2: Vitalisek (big blind) collected ($2)
Seat 3: AzureCaper (button) (small blind) folded before Flop


PokerStars Hand #173299394828:  Hold'em Limit ($3/$6 USD) - 2017/07/20 20:18:37 ET
Table 'Ampella' 6-max Seat #2 is the button
Seat 2: Vitalisek ($50.74 in chips)
Seat 3: AzureCaper ($210.23 in chips)
Vitalisek: posts small blind $1
AzureCaper: posts big blind $3
*** HOLE CARDS ***
Vitalisek: folds
Uncalled bet ($2) returned to AzureCaper
AzureCaper collected $2 from pot
AzureCaper: doesn't show hand
*** SUMMARY ***
Total pot $2 | Rake $0
Seat 2: Vitalisek (button) (small blind) folded before Flop
Seat 3: AzureCaper (big blind) collected ($2)


PokerStars Hand #173299390481:  Hold'em Limit ($3/$6 USD) - 2017/07/20 20:18:28 ET
Table 'Ampella' 6-max Seat #3 is the button
Seat 2: Vitalisek ($56.74 in chips)
Seat 3: AzureCaper ($204.47 in chips)
AzureCaper: posts small blind $1
Vitalisek: posts big blind $3
*** HOLE CARDS ***
AzureCaper: raises $3 to $6
Vitalisek: calls $3
*** FLOP *** [Jh 5c Kh]
Vitalisek: checks
AzureCaper: bets $3
Vitalisek: folds
Uncalled bet ($3) returned to AzureCaper
AzureCaper collected $11.76 from pot
AzureCaper: doesn't show hand
*** SUMMARY ***
Total pot $12 | Rake $0.24
Board [Jh 5c Kh]
Seat 2: Vitalisek (big blind) folded on the Flop
Seat 3: AzureCaper (button) (small blind) collected ($11.76)


PokerStars Hand #173299387737:  Hold'em Limit ($3/$6 USD) - 2017/07/20 20:18:23 ET
Table 'Ampella' 6-max Seat #2 is the button
Seat 2: Vitalisek ($53.74 in chips)
Seat 3: AzureCaper ($207.47 in chips)
Vitalisek: posts small blind $1
AzureCaper: posts big blind $3
*** HOLE CARDS ***
Vitalisek: raises $3 to $6
AzureCaper: folds
Uncalled bet ($3) returned to Vitalisek
Vitalisek collected $6 from pot
Vitalisek: doesn't show hand
*** SUMMARY ***
Total pot $6 | Rake $0
Seat 2: Vitalisek (button) (small blind) collected ($6)
Seat 3: AzureCaper (big blind) folded before Flop


PokerStars Hand #173299384312:  Hold'em Limit ($3/$6 USD) - 2017/07/20 20:18:15 ET
Table 'Ampella' 6-max Seat #3 is the button
Seat 2: Vitalisek ($52.74 in chips)
Seat 3: AzureCaper ($208.47 in chips)
AzureCaper: posts small blind $1
Vitalisek: posts big blind $3
*** HOLE CARDS ***
AzureCaper: folds
Uncalled bet ($2) returned to Vitalisek
Vitalisek collected $2 from pot
Vitalisek: doesn't show hand
*** SUMMARY ***
Total pot $2 | Rake $0
Seat 2: Vitalisek (big blind) collected ($2)
Seat 3: AzureCaper (button) (small blind) folded before Flop


PokerStars Hand #173299376638:  Hold'em Limit ($3/$6 USD) - 2017/07/20 20:18:00 ET
Table 'Ampella' 6-max Seat #2 is the button
Seat 2: Vitalisek ($55.74 in chips)
Seat 3: AzureCaper ($205.59 in chips)
Vitalisek: posts small blind $1
AzureCaper: posts big blind $3
*** HOLE CARDS ***
Vitalisek: calls $2
AzureCaper: checks
*** FLOP *** [Ts 6c 9h]
AzureCaper: bets $3
Vitalisek: folds
Uncalled bet ($3) returned to AzureCaper
AzureCaper collected $5.88 from pot
AzureCaper: doesn't show hand
*** SUMMARY ***
Total pot $6 | Rake $0.12
Board [Ts 6c 9h]
Seat 2: Vitalisek (button) (small blind) folded on the Flop
Seat 3: AzureCaper (big blind) collected ($5.88)


PokerStars Hand #173299367017:  Hold'em Limit ($3/$6 USD) - 2017/07/20 20:17:40 ET
Table 'Ampella' 6-max Seat #3 is the button
Seat 2: Vitalisek ($79.74 in chips)
Seat 3: AzureCaper ($182.09 in chips)
AzureCaper: posts small blind $1
Vitalisek: posts big blind $3
*** HOLE CARDS ***
AzureCaper: raises $3 to $6
Vitalisek: calls $3
*** FLOP *** [Kd 4s 4h]
Vitalisek: checks
AzureCaper: bets $3
Vitalisek: raises $3 to $6
AzureCaper: calls $3
*** TURN *** [Kd 4s 4h] [Jh]
Vitalisek: bets $6
AzureCaper: calls $6
*** RIVER *** [Kd 4s 4h Jh] [8s]
Vitalisek: bets $6
AzureCaper: calls $6
*** SHOW DOWN ***
Vitalisek: shows [Td Qs] (a pair of Fours)
AzureCaper: shows [2c 2s] (two pair, Fours and Deuces)
AzureCaper collected $47.50 from pot
*** SUMMARY ***
Total pot $48 | Rake $0.50
Board [Kd 4s 4h Jh 8s]
Seat 2: Vitalisek (big blind) showed [Td Qs] and lost with a pair of Fours
Seat 3: AzureCaper (button) (small blind) showed [2c 2s] and won ($47.50) with two pair, Fours and Deuces


PokerStars Hand #173299420698:  Hold'em Limit ($3/$6 USD) - 2017/07/20 20:19:31 ET
Table 'Ampella' 6-max Seat #2 is the button
Seat 2: Vitalisek ($22.74 in chips)
Seat 3: AzureCaper ($237.73 in chips)
Vitalisek: posts small blind $1
AzureCaper: posts big blind $3
*** HOLE CARDS ***
Vitalisek: folds
Uncalled bet ($2) returned to AzureCaper
AzureCaper collected $2 from pot
AzureCaper: doesn't show hand
*** SUMMARY ***
Total pot $2 | Rake $0
Seat 2: Vitalisek (button) (small blind) folded before Flop
Seat 3: AzureCaper (big blind) collected ($2)


PokerStars Hand #173299418525:  Hold'em Limit ($3/$6 USD) - 2017/07/20 20:19:27 ET
Table 'Ampella' 6-max Seat #3 is the button
Seat 2: Vitalisek ($21.74 in chips)
Seat 3: AzureCaper ($238.73 in chips)
AzureCaper: posts small blind $1
Vitalisek: posts big blind $3
*** HOLE CARDS ***
AzureCaper: folds
Uncalled bet ($2) returned to Vitalisek
Vitalisek collected $2 from pot
Vitalisek: doesn't show hand
*** SUMMARY ***
Total pot $2 | Rake $0
Seat 2: Vitalisek (big blind) collected ($2)
Seat 3: AzureCaper (button) (small blind) folded before Flop


PokerStars Hand #173299415992:  Hold'em Limit ($3/$6 USD) - 2017/07/20 20:19:21 ET
Table 'Ampella' 6-max Seat #2 is the button
Seat 2: Vitalisek ($22.74 in chips)
Seat 3: AzureCaper ($237.73 in chips)
Vitalisek: posts small blind $1
AzureCaper: posts big blind $3
*** HOLE CARDS ***
Vitalisek: folds
Uncalled bet ($2) returned to AzureCaper
AzureCaper collected $2 from pot
AzureCaper: doesn't show hand
*** SUMMARY ***
Total pot $2 | Rake $0
Seat 2: Vitalisek (button) (small blind) folded before Flop
Seat 3: AzureCaper (big blind) collected ($2)


PokerStars Hand #173299403568:  Hold'em Limit ($3/$6 USD) - 2017/07/20 20:18:55 ET
Table 'Ampella' 6-max Seat #2 is the button
Seat 2: Vitalisek ($50.74 in chips)
Seat 3: AzureCaper ($210.23 in chips)
Vitalisek: posts small blind $1
AzureCaper: posts big blind $3
*** HOLE CARDS ***
Vitalisek: folds
Uncalled bet ($2) returned to AzureCaper
AzureCaper collected $2 from pot
AzureCaper: doesn't show hand
*** SUMMARY ***
Total pot $2 | Rake $0
Seat 2: Vitalisek (button) (small blind) folded before Flop
Seat 3: AzureCaper (big blind) collected ($2)


PokerStars Hand #173299401408:  Hold'em Limit ($3/$6 USD) - 2017/07/20 20:18:51 ET
Table 'Ampella' 6-max Seat #3 is the button
Seat 2: Vitalisek ($49.74 in chips)
Seat 3: AzureCaper ($211.23 in chips)
AzureCaper: posts small blind $1
Vitalisek: posts big blind $3
*** HOLE CARDS ***
AzureCaper: folds
Uncalled bet ($2) returned to Vitalisek
Vitalisek collected $2 from pot
Vitalisek: doesn't show hand
*** SUMMARY ***
Total pot $2 | Rake $0
Seat 2: Vitalisek (big blind) collected ($2)
Seat 3: AzureCaper (button) (small blind) folded before Flop


PokerStars Hand #173299450928:  Hold'em Limit ($3/$6 USD) - 2017/07/20 20:20:34 ET
Table 'Ampella' 6-max Seat #3 is the button
Seat 2: Vitalisek ($15.74 in chips)
Seat 3: AzureCaper ($244.37 in chips)
AzureCaper: posts small blind $1
Vitalisek: posts big blind $3
*** HOLE CARDS ***
AzureCaper: folds
Uncalled bet ($2) returned to Vitalisek
AzureCaper leaves the table
Vitalisek collected $2 from pot
Vitalisek: doesn't show hand
*** SUMMARY ***
Total pot $2 | Rake $0
Seat 2: Vitalisek (big blind) collected ($2)
Seat 3: AzureCaper (button) (small blind) folded before Flop


PokerStars Hand #173299448172:  Hold'em Limit ($3/$6 USD) - 2017/07/20 20:20:29 ET
Table 'Ampella' 6-max Seat #2 is the button
Seat 2: Vitalisek ($12.74 in chips)
Seat 3: AzureCaper ($247.37 in chips)
Vitalisek: posts small blind $1
AzureCaper: posts big blind $3
*** HOLE CARDS ***
Vitalisek: raises $3 to $6
AzureCaper: folds
Uncalled bet ($3) returned to Vitalisek
Vitalisek collected $6 from pot
Vitalisek: doesn't show hand
*** SUMMARY ***
Total pot $6 | Rake $0
Seat 2: Vitalisek (button) (small blind) collected ($6)
Seat 3: AzureCaper (big blind) folded before Flop


PokerStars Hand #173299423023:  Hold'em Limit ($3/$6 USD) - 2017/07/20 20:19:36 ET
Table 'Ampella' 6-max Seat #3 is the button
Seat 2: Vitalisek ($21.74 in chips)
Seat 3: AzureCaper ($238.73 in chips)
AzureCaper: posts small blind $1
Vitalisek: posts big blind $3
*** HOLE CARDS ***
AzureCaper: raises $3 to $6
Vitalisek: calls $3
*** FLOP *** [7d 9c 5d]
Vitalisek: checks
AzureCaper: bets $3
Vitalisek: calls $3
*** TURN *** [7d 9c 5d] [5s]
Vitalisek: checks
AzureCaper: bets $6
Vitalisek: folds
Uncalled bet ($6) returned to AzureCaper
AzureCaper collected $17.64 from pot
AzureCaper: doesn't show hand
*** SUMMARY ***
Total pot $18 | Rake $0.36
Board [7d 9c 5d 5s]
Seat 2: Vitalisek (big blind) folded on the Turn
Seat 3: AzureCaper (button) (small blind) collected ($17.64)


