PokerStars Hand #155030568243:  Hold'em Limit ($3/$6 USD) - 2016/06/21 15:38:11 ET
Table 'Ampella II' 6-max Seat #2 is the button
Seat 1: Siwy56 ($117.54 in chips)
Seat 2: Luanto 14 ($98.28 in chips)
Luanto 14: posts small blind $1
Siwy56: posts big blind $3
*** HOLE CARDS ***
Luanto 14: raises $3 to $6
Siwy56: calls $3
*** FLOP *** [2c As 4d]
Siwy56: checks
Luanto 14: bets $3
Siwy56: calls $3
*** TURN *** [2c As 4d] [Ah]
Siwy56: checks
Luanto 14: bets $6
Siwy56: calls $6
*** RIVER *** [2c As 4d Ah] [Jh]
Siwy56: checks
Luanto 14: checks
*** SHOW DOWN ***
Siwy56: shows [Ad 3h] (three of a kind, Aces)
Luanto 14: mucks hand
Siwy56 collected $29.50 from pot
*** SUMMARY ***
Total pot $30 | Rake $0.50
Board [2c As 4d Ah Jh]
Seat 1: Siwy56 (big blind) showed [Ad 3h] and won ($29.50) with three of a kind, Aces
Seat 2: Luanto 14 (button) (small blind) mucked


PokerStars Hand #155030555298:  Hold'em Limit ($3/$6 USD) - 2016/06/21 15:37:54 ET
Table 'Ampella II' 6-max Seat #1 is the button
Seat 1: Siwy56 ($132.54 in chips)
Seat 2: Luanto 14 ($83.78 in chips)
Siwy56: posts small blind $1
Luanto 14: posts big blind $3
*** HOLE CARDS ***
Siwy56: calls $2
Luanto 14: checks
*** FLOP *** [3s Kc 6h]
Luanto 14: checks
Siwy56: checks
*** TURN *** [3s Kc 6h] [Th]
Luanto 14: bets $6
Siwy56: calls $6
*** RIVER *** [3s Kc 6h Th] [Jc]
Luanto 14: bets $6
Siwy56: calls $6
*** SHOW DOWN ***
Luanto 14: shows [Ks 3d] (two pair, Kings and Threes)
Siwy56: mucks hand
Luanto 14 collected $29.50 from pot
*** SUMMARY ***
Total pot $30 | Rake $0.50
Board [3s Kc 6h Th Jc]
Seat 1: Siwy56 (button) (small blind) mucked
Seat 2: Luanto 14 (big blind) showed [Ks 3d] and won ($29.50) with two pair, Kings and Threes


PokerStars Hand #155030536573:  Hold'em Limit ($3/$6 USD) - 2016/06/21 15:37:30 ET
Table 'Ampella II' 6-max Seat #2 is the button
Seat 1: Siwy56 ($123.90 in chips)
Seat 2: Luanto 14 ($92.78 in chips)
Luanto 14: posts small blind $1
Siwy56: posts big blind $3
*** HOLE CARDS ***
Luanto 14: raises $3 to $6
Siwy56: calls $3
*** FLOP *** [2s Kc 2h]
Siwy56: checks
Luanto 14: bets $3
Siwy56: calls $3
*** TURN *** [2s Kc 2h] [9c]
Siwy56: checks
Luanto 14: checks
*** RIVER *** [2s Kc 2h 9c] [Td]
Siwy56: checks
Luanto 14: checks
*** SHOW DOWN ***
Siwy56: shows [As 4s] (a pair of Deuces)
Luanto 14: mucks hand
Siwy56 collected $17.64 from pot
*** SUMMARY ***
Total pot $18 | Rake $0.36
Board [2s Kc 2h 9c Td]
Seat 1: Siwy56 (big blind) showed [As 4s] and won ($17.64) with a pair of Deuces
Seat 2: Luanto 14 (button) (small blind) mucked


PokerStars Hand #155030634500:  Hold'em Limit ($3/$6 USD) - 2016/06/21 15:39:36 ET
Table 'Ampella II' 6-max Seat #2 is the button
Seat 1: Siwy56 ($116.80 in chips)
Seat 2: Luanto 14 ($97.44 in chips)
Luanto 14: posts small blind $1
Siwy56: posts big blind $3
*** HOLE CARDS ***
Luanto 14: folds
Uncalled bet ($2) returned to Siwy56
Siwy56 collected $2 from pot
Siwy56: doesn't show hand
*** SUMMARY ***
Total pot $2 | Rake $0
Seat 1: Siwy56 (big blind) collected ($2)
Seat 2: Luanto 14 (button) (small blind) folded before Flop


PokerStars Hand #155030620727:  Hold'em Limit ($3/$6 USD) - 2016/06/21 15:39:18 ET
Table 'Ampella II' 6-max Seat #1 is the button
Seat 1: Siwy56 ($128.80 in chips)
Seat 2: Luanto 14 ($85.92 in chips)
Siwy56: posts small blind $1
Luanto 14: posts big blind $3
*** HOLE CARDS ***
Siwy56: calls $2
Luanto 14: checks
*** FLOP *** [As 4d 6h]
Luanto 14: bets $3
Siwy56: calls $3
*** TURN *** [As 4d 6h] [3c]
Luanto 14: bets $6
Siwy56: calls $6
*** RIVER *** [As 4d 6h 3c] [Kc]
Luanto 14: checks
Siwy56: checks
*** SHOW DOWN ***
Luanto 14: shows [Td 4h] (a pair of Fours)
Siwy56: mucks hand
Luanto 14 collected $23.52 from pot
*** SUMMARY ***
Total pot $24 | Rake $0.48
Board [As 4d 6h 3c Kc]
Seat 1: Siwy56 (button) (small blind) mucked
Seat 2: Luanto 14 (big blind) showed [Td 4h] and won ($23.52) with a pair of Fours


PokerStars Hand #155030602331:  Hold'em Limit ($3/$6 USD) - 2016/06/21 15:38:55 ET
Table 'Ampella II' 6-max Seat #2 is the button
Seat 1: Siwy56 ($137.80 in chips)
Seat 2: Luanto 14 ($77.28 in chips)
Luanto 14: posts small blind $1
Siwy56: posts big blind $3
*** HOLE CARDS ***
Luanto 14: raises $3 to $6
Siwy56: calls $3
*** FLOP *** [4h 2d 3h]
Siwy56: bets $3
Luanto 14: calls $3
*** TURN *** [4h 2d 3h] [Kh]
Siwy56: checks
Luanto 14: checks
*** RIVER *** [4h 2d 3h Kh] [8h]
Siwy56: checks
Luanto 14: bets $6
Siwy56: folds
Uncalled bet ($6) returned to Luanto 14
Luanto 14 collected $17.64 from pot
*** SUMMARY ***
Total pot $18 | Rake $0.36
Board [4h 2d 3h Kh 8h]
Seat 1: Siwy56 (big blind) folded on the River
Seat 2: Luanto 14 (button) (small blind) collected ($17.64)


PokerStars Hand #155030587350:  Hold'em Limit ($3/$6 USD) - 2016/06/21 15:38:35 ET
Table 'Ampella II' 6-max Seat #1 is the button
Seat 1: Siwy56 ($132.04 in chips)
Seat 2: Luanto 14 ($83.28 in chips)
Siwy56: posts small blind $1
Luanto 14: posts big blind $3
*** HOLE CARDS ***
Siwy56: calls $2
Luanto 14: checks
*** FLOP *** [As 4h 5c]
Luanto 14: checks
Siwy56: bets $3
Luanto 14: calls $3
*** TURN *** [As 4h 5c] [2d]
Luanto 14: checks
Siwy56: bets $6
Luanto 14: folds
Uncalled bet ($6) returned to Siwy56
Siwy56 collected $11.76 from pot
Siwy56: doesn't show hand
*** SUMMARY ***
Total pot $12 | Rake $0.24
Board [As 4h 5c 2d]
Seat 1: Siwy56 (button) (small blind) collected ($11.76)
Seat 2: Luanto 14 (big blind) folded on the Turn


PokerStars Hand #155030669149:  Hold'em Limit ($3/$6 USD) - 2016/06/21 15:40:21 ET
Table 'Ampella II' 6-max Seat #2 is the button
Seat 1: Siwy56 ($96.80 in chips)
Seat 2: Luanto 14 ($116.60 in chips)
Luanto 14: posts small blind $1
Siwy56: posts big blind $3
*** HOLE CARDS ***
Luanto 14: raises $3 to $6
Siwy56: raises $3 to $9
Luanto 14: calls $3
*** FLOP *** [4s 9s 2d]
Chessnok joins the table at seat #3
foksas111 joins the table at seat #4
Siwy56: bets $3
Luanto 14: folds
Uncalled bet ($3) returned to Siwy56
Siwy56 collected $17.64 from pot
Siwy56: doesn't show hand
*** SUMMARY ***
Total pot $18 | Rake $0.36
Board [4s 9s 2d]
Seat 1: Siwy56 (big blind) collected ($17.64)
Seat 2: Luanto 14 (button) (small blind) folded on the Flop


PokerStars Hand #155030661208:  Hold'em Limit ($3/$6 USD) - 2016/06/21 15:40:10 ET
Table 'Ampella II' 6-max Seat #1 is the button
Seat 1: Siwy56 ($99.80 in chips)
Seat 2: Luanto 14 ($113.72 in chips)
Siwy56: posts small blind $1
Luanto 14: posts big blind $3
*** HOLE CARDS ***
Siwy56: calls $2
Luanto 14: checks
*** FLOP *** [2c Ac Jc]
Luanto 14: bets $3
Siwy56: folds
Uncalled bet ($3) returned to Luanto 14
Luanto 14 collected $5.88 from pot
Luanto 14: doesn't show hand
*** SUMMARY ***
Total pot $6 | Rake $0.12
Board [2c Ac Jc]
Seat 1: Siwy56 (button) (small blind) folded on the Flop
Seat 2: Luanto 14 (big blind) collected ($5.88)


PokerStars Hand #155030651774:  Hold'em Limit ($3/$6 USD) - 2016/06/21 15:39:58 ET
Table 'Ampella II' 6-max Seat #2 is the button
Seat 1: Siwy56 ($105.80 in chips)
Seat 2: Luanto 14 ($107.96 in chips)
Luanto 14: posts small blind $1
Siwy56: posts big blind $3
*** HOLE CARDS ***
Luanto 14: raises $3 to $6
Siwy56: calls $3
*** FLOP *** [9c 3d Ts]
Siwy56: checks
Luanto 14: bets $3
Siwy56: folds
Uncalled bet ($3) returned to Luanto 14
Luanto 14 collected $11.76 from pot
Luanto 14: doesn't show hand
*** SUMMARY ***
Total pot $12 | Rake $0.24
Board [9c 3d Ts]
Seat 1: Siwy56 (big blind) folded on the Flop
Seat 2: Luanto 14 (button) (small blind) collected ($11.76)


PokerStars Hand #155030637992:  Hold'em Limit ($3/$6 USD) - 2016/06/21 15:39:41 ET
Table 'Ampella II' 6-max Seat #1 is the button
Seat 1: Siwy56 ($117.80 in chips)
Seat 2: Luanto 14 ($96.44 in chips)
Siwy56: posts small blind $1
Luanto 14: posts big blind $3
*** HOLE CARDS ***
Siwy56: calls $2
Luanto 14: checks
*** FLOP *** [Kc 4d 6c]
Luanto 14: bets $3
Siwy56: calls $3
*** TURN *** [Kc 4d 6c] [Ad]
Luanto 14: bets $6
Siwy56: calls $6
*** RIVER *** [Kc 4d 6c Ad] [Ts]
Luanto 14: checks
Siwy56: checks
*** SHOW DOWN ***
Luanto 14: shows [Jc 6h] (a pair of Sixes)
Siwy56: mucks hand
Luanto 14 collected $23.52 from pot
*** SUMMARY ***
Total pot $24 | Rake $0.48
Board [Kc 4d 6c Ad Ts]
Seat 1: Siwy56 (button) (small blind) mucked
Seat 2: Luanto 14 (big blind) showed [Jc 6h] and won ($23.52) with a pair of Sixes


PokerStars Hand #155030685272:  Hold'em Limit ($3/$6 USD) - 2016/06/21 15:40:41 ET
Table 'Ampella II' 6-max Seat #1 is the button
Seat 1: Siwy56 ($105.44 in chips)
Seat 2: Luanto 14 ($107.60 in chips)
Siwy56: posts small blind $1
Luanto 14: posts big blind $3
*** HOLE CARDS ***
Siwy56: calls $2
Luanto 14: checks
*** FLOP *** [Qs 5s Ac]
Luanto 14: checks
Siwy56: checks
*** TURN *** [Qs 5s Ac] [7s]
Luanto 14: checks
Siwy56: checks
*** RIVER *** [Qs 5s Ac 7s] [Qd]
Luanto 14: checks
Siwy56: checks
*** SHOW DOWN ***
Luanto 14: shows [Ts 8d] (a pair of Queens)
Siwy56: mucks hand
Luanto 14 collected $5.88 from pot
*** SUMMARY ***
Total pot $6 | Rake $0.12
Board [Qs 5s Ac 7s Qd]
Seat 1: Siwy56 (button) (small blind) mucked
Seat 2: Luanto 14 (big blind) showed [Ts 8d] and won ($5.88) with a pair of Queens


PokerStars Hand #155032680494:  Hold'em Limit ($3/$6 USD) - 2016/06/21 16:23:46 ET
Table 'Ampella II' 6-max Seat #5 is the button
Seat 2: GRAILKO ($227.65 in chips)
Seat 5: LEXA425 ($137 in chips)
LEXA425: posts small blind $1
Big_M: is sitting out
GRAILKO: posts big blind $3
*** HOLE CARDS ***
LEXA425: folds
Uncalled bet ($2) returned to GRAILKO
GRAILKO collected $2 from pot
GRAILKO: doesn't show hand
*** SUMMARY ***
Total pot $2 | Rake $0
Seat 2: GRAILKO (big blind) collected ($2)
Seat 5: LEXA425 (button) (small blind) folded before Flop


