PokerStars Hand #173285116478:  Hold'em Limit ($3/$6 USD) - 2017/07/20 14:41:33 ET
Table 'Ampella' 6-max Seat #4 is the button
Seat 1: SEQUOIA2012 ($203 in chips)
Seat 4: Actionni13 ($150 in chips)
Actionni13: posts small blind $1
SEQUOIA2012: posts big blind $3
*** HOLE CARDS ***
Actionni13: raises $3 to $6
SEQUOIA2012: folds
Uncalled bet ($3) returned to Actionni13
Actionni13 collected $6 from pot
Actionni13: doesn't show hand
*** SUMMARY ***
Total pot $6 | Rake $0
Seat 1: SEQUOIA2012 (big blind) folded before Flop
Seat 4: Actionni13 (button) (small blind) collected ($6)


PokerStars Hand #173285110423:  Hold'em Limit ($3/$6 USD) - 2017/07/20 14:41:25 ET
Table 'Ampella' 6-max Seat #1 is the button
Seat 1: SEQUOIA2012 ($200 in chips)
Seat 4: Actionni13 ($150 in chips)
SEQUOIA2012: posts small blind $1
Actionni13: posts big blind $3
*** HOLE CARDS ***
SEQUOIA2012: raises $3 to $6
Actionni13: folds
Uncalled bet ($3) returned to SEQUOIA2012
SEQUOIA2012 collected $6 from pot
*** SUMMARY ***
Total pot $6 | Rake $0
Seat 1: SEQUOIA2012 (button) (small blind) collected ($6)
Seat 4: Actionni13 (big blind) folded before Flop


PokerStars Hand #173285125511:  Hold'em Limit ($3/$6 USD) - 2017/07/20 14:41:45 ET
Table 'Ampella' 6-max Seat #1 is the button
Seat 1: SEQUOIA2012 ($200 in chips)
Seat 4: Actionni13 ($153 in chips)
SEQUOIA2012: posts small blind $1
Actionni13: posts big blind $3
*** HOLE CARDS ***
SEQUOIA2012: raises $3 to $6
Actionni13: calls $3
*** FLOP *** [Ad 9h As]
Actionni13: checks
SEQUOIA2012: bets $3
Actionni13: calls $3
*** TURN *** [Ad 9h As] [2s]
Actionni13: checks
SEQUOIA2012: bets $6
Actionni13: folds
Uncalled bet ($6) returned to SEQUOIA2012
SEQUOIA2012 collected $17.64 from pot
SEQUOIA2012: doesn't show hand
*** SUMMARY ***
Total pot $18 | Rake $0.36
Board [Ad 9h As 2s]
Seat 1: SEQUOIA2012 (button) (small blind) collected ($17.64)
Seat 4: Actionni13 (big blind) folded on the Turn


PokerStars Hand #173285141607:  Hold'em Limit ($3/$6 USD) - 2017/07/20 14:42:05 ET
Table 'Ampella' 6-max Seat #4 is the button
Seat 1: SEQUOIA2012 ($208.64 in chips)
Seat 4: Actionni13 ($150 in chips)
Actionni13: posts small blind $1
SEQUOIA2012: posts big blind $3
*** HOLE CARDS ***
Actionni13: raises $3 to $6
SEQUOIA2012: calls $3
*** FLOP *** [Ah 5s Tc]
SEQUOIA2012: checks
Actionni13: bets $3
SEQUOIA2012: calls $3
*** TURN *** [Ah 5s Tc] [8h]
SEQUOIA2012: checks
Actionni13: bets $6
SEQUOIA2012: calls $6
*** RIVER *** [Ah 5s Tc 8h] [6c]
SEQUOIA2012: checks
Actionni13: bets $6
SEQUOIA2012: folds
Uncalled bet ($6) returned to Actionni13
Actionni13 collected $29.50 from pot
Actionni13: doesn't show hand
*** SUMMARY ***
Total pot $30 | Rake $0.50
Board [Ah 5s Tc 8h 6c]
Seat 1: SEQUOIA2012 (big blind) folded on the River
Seat 4: Actionni13 (button) (small blind) collected ($29.50)


PokerStars Hand #173285168847:  Hold'em Limit ($3/$6 USD) - 2017/07/20 14:42:40 ET
Table 'Ampella' 6-max Seat #1 is the button
Seat 1: SEQUOIA2012 ($193.64 in chips)
Seat 4: Actionni13 ($164.50 in chips)
SEQUOIA2012: posts small blind $1
Actionni13: posts big blind $3
*** HOLE CARDS ***
SEQUOIA2012: raises $3 to $6
Actionni13: raises $3 to $9
SEQUOIA2012: calls $3
*** FLOP *** [Qd Kc 3s]
Actionni13: bets $3
SEQUOIA2012: calls $3
*** TURN *** [Qd Kc 3s] [As]
Actionni13: checks
SEQUOIA2012: bets $6
Actionni13: folds
Uncalled bet ($6) returned to SEQUOIA2012
SEQUOIA2012 collected $23.52 from pot
SEQUOIA2012: doesn't show hand
*** SUMMARY ***
Total pot $24 | Rake $0.48
Board [Qd Kc 3s As]
Seat 1: SEQUOIA2012 (button) (small blind) collected ($23.52)
Seat 4: Actionni13 (big blind) folded on the Turn


PokerStars Hand #173285197131:  Hold'em Limit ($3/$6 USD) - 2017/07/20 14:43:17 ET
Table 'Ampella' 6-max Seat #4 is the button
Seat 1: SEQUOIA2012 ($205.16 in chips)
Seat 4: Actionni13 ($152.50 in chips)
Actionni13: posts small blind $1
SEQUOIA2012: posts big blind $3
*** HOLE CARDS ***
Actionni13: raises $3 to $6
SEQUOIA2012: calls $3
*** FLOP *** [5d Jc Th]
SEQUOIA2012: checks
Actionni13: bets $3
SEQUOIA2012: calls $3
*** TURN *** [5d Jc Th] [5s]
SEQUOIA2012: checks
Actionni13: checks
*** RIVER *** [5d Jc Th 5s] [7d]
SEQUOIA2012: bets $6
Actionni13: calls $6
*** SHOW DOWN ***
SEQUOIA2012: shows [9h 7h] (two pair, Sevens and Fives)
Actionni13: shows [Qd 7s] (two pair, Sevens and Fives - Queen kicker)
Actionni13 collected $29.50 from pot
*** SUMMARY ***
Total pot $30 | Rake $0.50
Board [5d Jc Th 5s 7d]
Seat 1: SEQUOIA2012 (big blind) showed [9h 7h] and lost with two pair, Sevens and Fives
Seat 4: Actionni13 (button) (small blind) showed [Qd 7s] and won ($29.50) with two pair, Sevens and Fives


PokerStars Hand #173285226270:  Hold'em Limit ($3/$6 USD) - 2017/07/20 14:43:55 ET
Table 'Ampella' 6-max Seat #1 is the button
Seat 1: SEQUOIA2012 ($190.16 in chips)
Seat 4: Actionni13 ($167 in chips)
SEQUOIA2012: posts small blind $1
Actionni13: posts big blind $3
*** HOLE CARDS ***
SEQUOIA2012: raises $3 to $6
Actionni13: raises $3 to $9
SEQUOIA2012: calls $3
*** FLOP *** [Kc 6h 4d]
Actionni13: bets $3
SEQUOIA2012: raises $3 to $6
Actionni13: calls $3
*** TURN *** [Kc 6h 4d] [Ac]
Actionni13: checks
SEQUOIA2012: bets $6
Actionni13: folds
Uncalled bet ($6) returned to SEQUOIA2012
SEQUOIA2012 collected $29.50 from pot
SEQUOIA2012: doesn't show hand
*** SUMMARY ***
Total pot $30 | Rake $0.50
Board [Kc 6h 4d Ac]
Seat 1: SEQUOIA2012 (button) (small blind) collected ($29.50)
Seat 4: Actionni13 (big blind) folded on the Turn


PokerStars Hand #173285288524:  Hold'em Limit ($3/$6 USD) - 2017/07/20 14:45:15 ET
Table 'Ampella' 6-max Seat #4 is the button
Seat 1: SEQUOIA2012 ($186.66 in chips)
Seat 4: Actionni13 ($169.50 in chips)
Actionni13: posts small blind $1
SEQUOIA2012: posts big blind $3
*** HOLE CARDS ***
Actionni13: raises $3 to $6
SEQUOIA2012: calls $3
*** FLOP *** [Qd 8h 9d]
SEQUOIA2012: checks
iskambil joins the table at seat #2
Actionni13: checks
*** TURN *** [Qd 8h 9d] [6h]
SEQUOIA2012: bets $6
Actionni13: folds
Uncalled bet ($6) returned to SEQUOIA2012
SEQUOIA2012 collected $11.76 from pot
SEQUOIA2012: doesn't show hand
*** SUMMARY ***
Total pot $12 | Rake $0.24
Board [Qd 8h 9d 6h]
Seat 1: SEQUOIA2012 (big blind) collected ($11.76)
Seat 4: Actionni13 (button) (small blind) folded on the Turn


PokerStars Hand #173285281348:  Hold'em Limit ($3/$6 USD) - 2017/07/20 14:45:06 ET
Table 'Ampella' 6-max Seat #1 is the button
Seat 1: SEQUOIA2012 ($183.66 in chips)
Seat 4: Actionni13 ($172.50 in chips)
SEQUOIA2012: posts small blind $1
Actionni13: posts big blind $3
*** HOLE CARDS ***
SEQUOIA2012: raises $3 to $6
Actionni13: folds
Uncalled bet ($3) returned to SEQUOIA2012
SEQUOIA2012 collected $6 from pot
SEQUOIA2012: doesn't show hand
*** SUMMARY ***
Total pot $6 | Rake $0
Seat 1: SEQUOIA2012 (button) (small blind) collected ($6)
Seat 4: Actionni13 (big blind) folded before Flop


PokerStars Hand #173285250796:  Hold'em Limit ($3/$6 USD) - 2017/07/20 14:44:27 ET
Table 'Ampella' 6-max Seat #4 is the button
Seat 1: SEQUOIA2012 ($204.66 in chips)
Seat 4: Actionni13 ($152 in chips)
Actionni13: posts small blind $1
SEQUOIA2012: posts big blind $3
*** HOLE CARDS ***
Actionni13: raises $3 to $6
SEQUOIA2012: calls $3
*** FLOP *** [Qc Jh 4c]
SEQUOIA2012: bets $3
Actionni13: calls $3
*** TURN *** [Qc Jh 4c] [3d]
SEQUOIA2012: bets $6
Actionni13: calls $6
*** RIVER *** [Qc Jh 4c 3d] [Ah]
SEQUOIA2012: bets $6
Actionni13: raises $6 to $12
SEQUOIA2012: folds
Uncalled bet ($6) returned to Actionni13
Actionni13 collected $41.50 from pot
Actionni13: doesn't show hand
*** SUMMARY ***
Total pot $42 | Rake $0.50
Board [Qc Jh 4c 3d Ah]
Seat 1: SEQUOIA2012 (big blind) folded on the River
Seat 4: Actionni13 (button) (small blind) collected ($41.50)


PokerStars Hand #173285448865:  Hold'em Limit ($3/$6 USD) - 2017/07/20 14:48:42 ET
Table 'Ampella' 6-max Seat #1 is the button
Seat 1: SEQUOIA2012 ($165.41 in chips)
Seat 2: iskambil ($26.71 in chips)
SEQUOIA2012: posts small blind $1
iskambil: posts big blind $3
*** HOLE CARDS ***
SEQUOIA2012: folds
Uncalled bet ($2) returned to iskambil
iskambil collected $2 from pot
iskambil: doesn't show hand
*** SUMMARY ***
Total pot $2 | Rake $0
Seat 1: SEQUOIA2012 (button) (small blind) folded before Flop
Seat 2: iskambil (big blind) collected ($2)


PokerStars Hand #173285445020:  Hold'em Limit ($3/$6 USD) - 2017/07/20 14:48:37 ET
Table 'Ampella' 6-max Seat #2 is the button
Seat 1: SEQUOIA2012 ($164.41 in chips)
Seat 2: iskambil ($27.71 in chips)
iskambil: posts small blind $1
SEQUOIA2012: posts big blind $3
*** HOLE CARDS ***
iskambil: folds
Uncalled bet ($2) returned to SEQUOIA2012
SEQUOIA2012 collected $2 from pot
SEQUOIA2012: doesn't show hand
*** SUMMARY ***
Total pot $2 | Rake $0
Seat 1: SEQUOIA2012 (big blind) collected ($2)
Seat 2: iskambil (button) (small blind) folded before Flop


PokerStars Hand #173285440948:  Hold'em Limit ($3/$6 USD) - 2017/07/20 14:48:32 ET
Table 'Ampella' 6-max Seat #1 is the button
Seat 1: SEQUOIA2012 ($165.41 in chips)
Seat 2: iskambil ($26.71 in chips)
SEQUOIA2012: posts small blind $1
iskambil: posts big blind $3
*** HOLE CARDS ***
SEQUOIA2012: folds
Uncalled bet ($2) returned to iskambil
iskambil collected $2 from pot
iskambil: doesn't show hand
*** SUMMARY ***
Total pot $2 | Rake $0
Seat 1: SEQUOIA2012 (button) (small blind) folded before Flop
Seat 2: iskambil (big blind) collected ($2)


PokerStars Hand #173285434784:  Hold'em Limit ($3/$6 USD) - 2017/07/20 14:48:24 ET
Table 'Ampella' 6-max Seat #2 is the button
Seat 1: SEQUOIA2012 ($168.41 in chips)
Seat 2: iskambil ($23.71 in chips)
iskambil: posts small blind $1
Actionni13: is sitting out
SEQUOIA2012: posts big blind $3
*** HOLE CARDS ***
iskambil: raises $3 to $6
Actionni13 leaves the table
SEQUOIA2012: folds
Uncalled bet ($3) returned to iskambil
iskambil collected $6 from pot
iskambil: doesn't show hand
*** SUMMARY ***
Total pot $6 | Rake $0
Seat 1: SEQUOIA2012 (big blind) folded before Flop
Seat 2: iskambil (button) (small blind) collected ($6)


PokerStars Hand #173285477280:  Hold'em Limit ($3/$6 USD) - 2017/07/20 14:49:18 ET
Table 'Ampella' 6-max Seat #2 is the button
Seat 1: SEQUOIA2012 ($154.41 in chips)
Seat 2: iskambil ($37.35 in chips)
iskambil: posts small blind $1
SEQUOIA2012: posts big blind $3
*** HOLE CARDS ***
iskambil: folds
Uncalled bet ($2) returned to SEQUOIA2012
SEQUOIA2012 collected $2 from pot
SEQUOIA2012: doesn't show hand
*** SUMMARY ***
Total pot $2 | Rake $0
Seat 1: SEQUOIA2012 (big blind) collected ($2)
Seat 2: iskambil (button) (small blind) folded before Flop


PokerStars Hand #173285473783:  Hold'em Limit ($3/$6 USD) - 2017/07/20 14:49:14 ET
Table 'Ampella' 6-max Seat #1 is the button
Seat 1: SEQUOIA2012 ($155.41 in chips)
Seat 2: iskambil ($36.35 in chips)
SEQUOIA2012: posts small blind $1
iskambil: posts big blind $3
*** HOLE CARDS ***
SEQUOIA2012: folds
Uncalled bet ($2) returned to iskambil
iskambil collected $2 from pot
iskambil: doesn't show hand
*** SUMMARY ***
Total pot $2 | Rake $0
Seat 1: SEQUOIA2012 (button) (small blind) folded before Flop
Seat 2: iskambil (big blind) collected ($2)


PokerStars Hand #173285452406:  Hold'em Limit ($3/$6 USD) - 2017/07/20 14:48:47 ET
Table 'Ampella' 6-max Seat #2 is the button
Seat 1: SEQUOIA2012 ($164.41 in chips)
Seat 2: iskambil ($27.71 in chips)
iskambil: posts small blind $1
SEQUOIA2012: posts big blind $3
*** HOLE CARDS ***
iskambil: raises $3 to $6
SEQUOIA2012: calls $3
*** FLOP *** [Kc 3s 9d]
SEQUOIA2012: checks
iskambil: bets $3
SEQUOIA2012: calls $3
*** TURN *** [Kc 3s 9d] [Ts]
SEQUOIA2012: checks
iskambil: bets $6
SEQUOIA2012: folds
Uncalled bet ($6) returned to iskambil
iskambil collected $17.64 from pot
iskambil: doesn't show hand
*** SUMMARY ***
Total pot $18 | Rake $0.36
Board [Kc 3s 9d Ts]
Seat 1: SEQUOIA2012 (big blind) folded on the Turn
Seat 2: iskambil (button) (small blind) collected ($17.64)


PokerStars Hand #173285533709:  Hold'em Limit ($3/$6 USD) - 2017/07/20 14:50:30 ET
Table 'Ampella' 6-max Seat #1 is the button
Seat 1: SEQUOIA2012 ($144.91 in chips)
Seat 2: iskambil ($45.85 in chips)
SEQUOIA2012: posts small blind $1
iskambil: posts big blind $3
*** HOLE CARDS ***
SEQUOIA2012: raises $3 to $6
iskambil: calls $3
*** FLOP *** [Jh 4h 6d]
iskambil: checks
SEQUOIA2012: bets $3
iskambil: folds
Uncalled bet ($3) returned to SEQUOIA2012
SEQUOIA2012 collected $11.76 from pot
SEQUOIA2012: doesn't show hand
*** SUMMARY ***
Total pot $12 | Rake $0.24
Board [Jh 4h 6d]
Seat 1: SEQUOIA2012 (button) (small blind) collected ($11.76)
Seat 2: iskambil (big blind) folded on the Flop


PokerStars Hand #173285527986:  Hold'em Limit ($3/$6 USD) - 2017/07/20 14:50:23 ET
Table 'Ampella' 6-max Seat #2 is the button
Seat 1: SEQUOIA2012 ($147.91 in chips)
Seat 2: iskambil ($42.85 in chips)
iskambil: posts small blind $1
SEQUOIA2012: posts big blind $3
*** HOLE CARDS ***
iskambil: raises $3 to $6
SEQUOIA2012: folds
Uncalled bet ($3) returned to iskambil
iskambil collected $6 from pot
iskambil: doesn't show hand
*** SUMMARY ***
Total pot $6 | Rake $0
Seat 1: SEQUOIA2012 (big blind) folded before Flop
Seat 2: iskambil (button) (small blind) collected ($6)


PokerStars Hand #173285480958:  Hold'em Limit ($3/$6 USD) - 2017/07/20 14:49:23 ET
Table 'Ampella' 6-max Seat #1 is the button
Seat 1: SEQUOIA2012 ($155.41 in chips)
Seat 2: iskambil ($36.35 in chips)
SEQUOIA2012: posts small blind $1
iskambil: posts big blind $3
*** HOLE CARDS ***
SEQUOIA2012: raises $3 to $6
iskambil: calls $3
*** FLOP *** [2h 9s 6d]
iskambil: checks
SEQUOIA2012: bets $3
iskambil: calls $3
*** TURN *** [2h 9s 6d] [Jd]
iskambil: checks
SEQUOIA2012: bets $6
iskambil: calls $6
*** RIVER *** [2h 9s 6d Jd] [2s]
iskambil: checks
SEQUOIA2012: bets $6
iskambil: calls $6
*** SHOW DOWN ***
SEQUOIA2012: shows [5h Qd] (a pair of Deuces)
iskambil: shows [4c 4d] (two pair, Fours and Deuces)
iskambil collected $41.50 from pot
*** SUMMARY ***
Total pot $42 | Rake $0.50
Board [2h 9s 6d Jd 2s]
Seat 1: SEQUOIA2012 (button) (small blind) showed [5h Qd] and lost with a pair of Deuces
Seat 2: iskambil (big blind) showed [4c 4d] and won ($41.50) with two pair, Fours and Deuces


PokerStars Hand #173285523209:  Hold'em Limit ($3/$6 USD) - 2017/07/20 14:50:17 ET
Table 'Ampella' 6-max Seat #1 is the button
Seat 1: SEQUOIA2012 ($148.91 in chips)
Seat 2: iskambil ($41.85 in chips)
SEQUOIA2012: posts small blind $1
iskambil: posts big blind $3
*** HOLE CARDS ***
SEQUOIA2012: folds
Uncalled bet ($2) returned to iskambil
iskambil collected $2 from pot
iskambil: doesn't show hand
*** SUMMARY ***
Total pot $2 | Rake $0
Seat 1: SEQUOIA2012 (button) (small blind) folded before Flop
Seat 2: iskambil (big blind) collected ($2)


PokerStars Hand #173285504762:  Hold'em Limit ($3/$6 USD) - 2017/07/20 14:49:53 ET
Table 'Ampella' 6-max Seat #2 is the button
Seat 1: SEQUOIA2012 ($134.41 in chips)
Seat 2: iskambil ($56.85 in chips)
iskambil: posts small blind $1
SEQUOIA2012: posts big blind $3
*** HOLE CARDS ***
iskambil: raises $3 to $6
SEQUOIA2012: raises $3 to $9
iskambil: calls $3
*** FLOP *** [4s 9s 2d]
SEQUOIA2012: checks
iskambil: checks
*** TURN *** [4s 9s 2d] [5d]
SEQUOIA2012: bets $6
iskambil: calls $6
*** RIVER *** [4s 9s 2d 5d] [6c]
SEQUOIA2012: bets $6
iskambil: folds
Uncalled bet ($6) returned to SEQUOIA2012
SEQUOIA2012 collected $29.50 from pot
SEQUOIA2012: doesn't show hand
*** SUMMARY ***
Total pot $30 | Rake $0.50
Board [4s 9s 2d 5d 6c]
Seat 1: SEQUOIA2012 (big blind) collected ($29.50)
Seat 2: iskambil (button) (small blind) folded on the River


PokerStars Hand #173285547635:  Hold'em Limit ($3/$6 USD) - 2017/07/20 14:50:48 ET
Table 'Ampella' 6-max Seat #2 is the button
Seat 1: SEQUOIA2012 ($150.67 in chips)
Seat 2: iskambil ($39.85 in chips)
iskambil: posts small blind $1
SEQUOIA2012: posts big blind $3
*** HOLE CARDS ***
iskambil: raises $3 to $6
SEQUOIA2012: folds
Uncalled bet ($3) returned to iskambil
iskambil collected $6 from pot
iskambil: doesn't show hand
*** SUMMARY ***
Total pot $6 | Rake $0
Seat 1: SEQUOIA2012 (big blind) folded before Flop
Seat 2: iskambil (button) (small blind) collected ($6)


PokerStars Hand #173285561821:  Hold'em Limit ($3/$6 USD) - 2017/07/20 14:51:07 ET
Table 'Ampella' 6-max Seat #1 is the button
Seat 1: SEQUOIA2012 ($147.67 in chips)
Seat 2: iskambil ($42.85 in chips)
SEQUOIA2012: posts small blind $1
iskambil: posts big blind $3
*** HOLE CARDS ***
SEQUOIA2012: raises $3 to $6
iskambil: raises $3 to $9
SEQUOIA2012: calls $3
*** FLOP *** [4d 7h 5c]
iskambil: bets $3
SEQUOIA2012: calls $3
*** TURN *** [4d 7h 5c] [5s]
iskambil: bets $6
SEQUOIA2012: calls $6
*** RIVER *** [4d 7h 5c 5s] [5d]
iskambil: bets $6
SEQUOIA2012: calls $6
*** SHOW DOWN ***
iskambil: shows [Jh Js] (a full house, Fives full of Jacks)
SEQUOIA2012: mucks hand
iskambil collected $47.50 from pot
*** SUMMARY ***
Total pot $48 | Rake $0.50
Board [4d 7h 5c 5s 5d]
Seat 1: SEQUOIA2012 (button) (small blind) mucked
Seat 2: iskambil (big blind) showed [Jh Js] and won ($47.50) with a full house, Fives full of Jacks


PokerStars Hand #173285557840:  Hold'em Limit ($3/$6 USD) - 2017/07/20 14:51:02 ET
Table 'Ampella' 6-max Seat #2 is the button
Seat 1: SEQUOIA2012 ($146.67 in chips)
Seat 2: iskambil ($43.85 in chips)
iskambil: posts small blind $1
SEQUOIA2012: posts big blind $3
*** HOLE CARDS ***
iskambil: folds
Uncalled bet ($2) returned to SEQUOIA2012
SEQUOIA2012 collected $2 from pot
SEQUOIA2012: doesn't show hand
*** SUMMARY ***
Total pot $2 | Rake $0
Seat 1: SEQUOIA2012 (big blind) collected ($2)
Seat 2: iskambil (button) (small blind) folded before Flop


PokerStars Hand #173285553190:  Hold'em Limit ($3/$6 USD) - 2017/07/20 14:50:56 ET
Table 'Ampella' 6-max Seat #1 is the button
Seat 1: SEQUOIA2012 ($147.67 in chips)
Seat 2: iskambil ($42.85 in chips)
SEQUOIA2012: posts small blind $1
iskambil: posts big blind $3
*** HOLE CARDS ***
SEQUOIA2012: folds
Uncalled bet ($2) returned to iskambil
iskambil collected $2 from pot
iskambil: doesn't show hand
*** SUMMARY ***
Total pot $2 | Rake $0
Seat 1: SEQUOIA2012 (button) (small blind) folded before Flop
Seat 2: iskambil (big blind) collected ($2)


PokerStars Hand #173285586611:  Hold'em Limit ($3/$6 USD) - 2017/07/20 14:51:39 ET
Table 'Ampella' 6-max Seat #2 is the button
Seat 1: SEQUOIA2012 ($123.67 in chips)
Seat 2: iskambil ($66.35 in chips)
iskambil: posts small blind $1
SEQUOIA2012: posts big blind $3
*** HOLE CARDS ***
iskambil: raises $3 to $6
SEQUOIA2012: calls $3
*** FLOP *** [8d 2s 8s]
SEQUOIA2012: checks
iskambil: bets $3
SEQUOIA2012: folds
Uncalled bet ($3) returned to iskambil
iskambil collected $11.76 from pot
iskambil: doesn't show hand
*** SUMMARY ***
Total pot $12 | Rake $0.24
Board [8d 2s 8s]
Seat 1: SEQUOIA2012 (big blind) folded on the Flop
Seat 2: iskambil (button) (small blind) collected ($11.76)


PokerStars Hand #173286864650:  Hold'em Limit ($3/$6 USD) - 2017/07/20 15:19:39 ET
Table 'Ampella' 6-max Seat #6 is the button
Seat 1: Hadart ($59.28 in chips)
Seat 6: SEQUOIA2012 ($234.90 in chips)
SEQUOIA2012: posts small blind $1
Hadart: posts big blind $3
*** HOLE CARDS ***
SEQUOIA2012: raises $3 to $6
Hadart: calls $3
*** FLOP *** [7h Ad Qd]
Hadart: checks
SEQUOIA2012: bets $3
Hadart: raises $3 to $6
SEQUOIA2012: calls $3
*** TURN *** [7h Ad Qd] [7d]
Hadart: bets $6
SEQUOIA2012: calls $6
*** RIVER *** [7h Ad Qd 7d] [4s]
Hadart: bets $6
SEQUOIA2012: folds
Uncalled bet ($6) returned to Hadart
Hadart collected $35.50 from pot
Hadart: doesn't show hand
*** SUMMARY ***
Total pot $36 | Rake $0.50
Board [7h Ad Qd 7d 4s]
Seat 1: Hadart (big blind) collected ($35.50)
Seat 6: SEQUOIA2012 (button) (small blind) folded on the River


PokerStars Hand #173286859202:  Hold'em Limit ($3/$6 USD) - 2017/07/20 15:19:32 ET
Table 'Ampella' 6-max Seat #1 is the button
Seat 1: Hadart ($56.28 in chips)
Seat 6: SEQUOIA2012 ($237.90 in chips)
Hadart: posts small blind $1
SEQUOIA2012: posts big blind $3
*** HOLE CARDS ***
Hadart: raises $3 to $6
SEQUOIA2012: folds
Uncalled bet ($3) returned to Hadart
Hadart collected $6 from pot
Hadart: doesn't show hand
*** SUMMARY ***
Total pot $6 | Rake $0
Seat 1: Hadart (button) (small blind) collected ($6)
Seat 6: SEQUOIA2012 (big blind) folded before Flop


PokerStars Hand #173286830116:  Hold'em Limit ($3/$6 USD) - 2017/07/20 15:18:57 ET
Table 'Ampella' 6-max Seat #1 is the button
Seat 1: Hadart ($86.28 in chips)
Seat 6: SEQUOIA2012 ($208.64 in chips)
Hadart: posts small blind $1
SEQUOIA2012: posts big blind $3
*** HOLE CARDS ***
Hadart: raises $3 to $6
SEQUOIA2012: calls $3
*** FLOP *** [8c 5h 4s]
SEQUOIA2012: checks
Hadart: bets $3
SEQUOIA2012: raises $3 to $6
Hadart: calls $3
*** TURN *** [8c 5h 4s] [Jc]
SEQUOIA2012: bets $6
Hadart: calls $6
*** RIVER *** [8c 5h 4s Jc] [5s]
SEQUOIA2012: bets $6
Hadart: calls $6
*** SHOW DOWN ***
SEQUOIA2012: shows [6c 6h] (two pair, Sixes and Fives)
Hadart: mucks hand
SEQUOIA2012 collected $47.50 from pot
*** SUMMARY ***
Total pot $48 | Rake $0.50
Board [8c 5h 4s Jc 5s]
Seat 1: Hadart (button) (small blind) mucked
Seat 6: SEQUOIA2012 (big blind) showed [6c 6h] and won ($47.50) with two pair, Sixes and Fives


PokerStars Hand #173286848806:  Hold'em Limit ($3/$6 USD) - 2017/07/20 15:19:19 ET
Table 'Ampella' 6-max Seat #6 is the button
Seat 1: Hadart ($62.28 in chips)
Seat 6: SEQUOIA2012 ($232.14 in chips)
SEQUOIA2012: posts small blind $1
Hadart: posts big blind $3
*** HOLE CARDS ***
SEQUOIA2012: raises $3 to $6
Hadart: calls $3
*** FLOP *** [4d Js 8h]
Hadart: checks
SEQUOIA2012: bets $3
Hadart: folds
Uncalled bet ($3) returned to SEQUOIA2012
SEQUOIA2012 collected $11.76 from pot
SEQUOIA2012: doesn't show hand
*** SUMMARY ***
Total pot $12 | Rake $0.24
Board [4d Js 8h]
Seat 1: Hadart (big blind) folded on the Flop
Seat 6: SEQUOIA2012 (button) (small blind) collected ($11.76)


PokerStars Hand #173286883296:  Hold'em Limit ($3/$6 USD) - 2017/07/20 15:20:01 ET
Table 'Ampella' 6-max Seat #1 is the button
Seat 1: Hadart ($76.78 in chips)
Seat 6: SEQUOIA2012 ($216.90 in chips)
Hadart: posts small blind $1
SEQUOIA2012: posts big blind $3
*** HOLE CARDS ***
Hadart: raises $3 to $6
SEQUOIA2012: calls $3
*** FLOP *** [4d As 2s]
SEQUOIA2012: checks
Hadart: bets $3
SEQUOIA2012: calls $3
*** TURN *** [4d As 2s] [8s]
SEQUOIA2012: checks
Hadart: bets $6
SEQUOIA2012: calls $6
*** RIVER *** [4d As 2s 8s] [Ad]
SEQUOIA2012: checks
Hadart: bets $6
SEQUOIA2012: calls $6
*** SHOW DOWN ***
Hadart: shows [7s 7h] (two pair, Aces and Sevens)
SEQUOIA2012: mucks hand
Hadart collected $41.50 from pot
*** SUMMARY ***
Total pot $42 | Rake $0.50
Board [4d As 2s 8s Ad]
Seat 1: Hadart (button) (small blind) showed [7s 7h] and won ($41.50) with two pair, Aces and Sevens
Seat 6: SEQUOIA2012 (big blind) mucked


PokerStars Hand #173286901334:  Hold'em Limit ($3/$6 USD) - 2017/07/20 15:20:23 ET
Table 'Ampella' 6-max Seat #6 is the button
Seat 1: Hadart ($97.28 in chips)
Seat 6: SEQUOIA2012 ($195.90 in chips)
SEQUOIA2012: posts small blind $1
Hadart: posts big blind $3
*** HOLE CARDS ***
SEQUOIA2012: raises $3 to $6
Hadart: calls $3
*** FLOP *** [2s 6c Qc]
Hadart: checks
SEQUOIA2012: bets $3
Hadart: calls $3
*** TURN *** [2s 6c Qc] [Kh]
Hadart: checks
SEQUOIA2012: bets $6
Hadart: raises $6 to $12
SEQUOIA2012: calls $6
*** RIVER *** [2s 6c Qc Kh] [Qh]
Hadart: bets $6
SEQUOIA2012: raises $6 to $12
Hadart: calls $6
*** SHOW DOWN ***
SEQUOIA2012: shows [5d Qd] (three of a kind, Queens)
Hadart: mucks hand
SEQUOIA2012 collected $65.50 from pot
*** SUMMARY ***
Total pot $66 | Rake $0.50
Board [2s 6c Qc Kh Qh]
Seat 1: Hadart (big blind) mucked
Seat 6: SEQUOIA2012 (button) (small blind) showed [5d Qd] and won ($65.50) with three of a kind, Queens


PokerStars Hand #173286922921:  Hold'em Limit ($3/$6 USD) - 2017/07/20 15:20:50 ET
Table 'Ampella' 6-max Seat #1 is the button
Seat 1: Hadart ($64.28 in chips)
Seat 6: SEQUOIA2012 ($228.40 in chips)
Hadart: posts small blind $1
SEQUOIA2012: posts big blind $3
*** HOLE CARDS ***
Hadart: raises $3 to $6
SEQUOIA2012: calls $3
*** FLOP *** [7s 9d Qc]
SEQUOIA2012: checks
Hadart: bets $3
SEQUOIA2012: calls $3
*** TURN *** [7s 9d Qc] [4c]
SEQUOIA2012: checks
Hadart: bets $6
SEQUOIA2012: calls $6
*** RIVER *** [7s 9d Qc 4c] [3h]
SEQUOIA2012: checks
Hadart: bets $6
SEQUOIA2012: folds
Uncalled bet ($6) returned to Hadart
Hadart collected $29.50 from pot
Hadart: doesn't show hand
*** SUMMARY ***
Total pot $30 | Rake $0.50
Board [7s 9d Qc 4c 3h]
Seat 1: Hadart (button) (small blind) collected ($29.50)
Seat 6: SEQUOIA2012 (big blind) folded on the River


PokerStars Hand #173286944154:  Hold'em Limit ($3/$6 USD) - 2017/07/20 15:21:16 ET
Table 'Ampella' 6-max Seat #6 is the button
Seat 1: Hadart ($78.78 in chips)
Seat 6: SEQUOIA2012 ($213.40 in chips)
SEQUOIA2012: posts small blind $1
Hadart: posts big blind $3
*** HOLE CARDS ***
SEQUOIA2012: raises $3 to $6
Hadart: calls $3
*** FLOP *** [Kh 5s Qd]
Hadart: checks
SEQUOIA2012: bets $3
Hadart: folds
Uncalled bet ($3) returned to SEQUOIA2012
SEQUOIA2012 collected $11.76 from pot
SEQUOIA2012: doesn't show hand
*** SUMMARY ***
Total pot $12 | Rake $0.24
Board [Kh 5s Qd]
Seat 1: Hadart (big blind) folded on the Flop
Seat 6: SEQUOIA2012 (button) (small blind) collected ($11.76)


PokerStars Hand #173286956719:  Hold'em Limit ($3/$6 USD) - 2017/07/20 15:21:31 ET
Table 'Ampella' 6-max Seat #6 is the button
Seat 1: Hadart ($71.78 in chips)
Seat 6: SEQUOIA2012 ($220.16 in chips)
SEQUOIA2012: posts small blind $1
Hadart: posts big blind $3
*** HOLE CARDS ***
SEQUOIA2012: folds
Uncalled bet ($2) returned to Hadart
Hadart collected $2 from pot
Hadart: doesn't show hand
*** SUMMARY ***
Total pot $2 | Rake $0
Seat 1: Hadart (big blind) collected ($2)
Seat 6: SEQUOIA2012 (button) (small blind) folded before Flop


PokerStars Hand #173286952372:  Hold'em Limit ($3/$6 USD) - 2017/07/20 15:21:26 ET
Table 'Ampella' 6-max Seat #1 is the button
Seat 1: Hadart ($72.78 in chips)
Seat 6: SEQUOIA2012 ($219.16 in chips)
Hadart: posts small blind $1
SEQUOIA2012: posts big blind $3
*** HOLE CARDS ***
Hadart: folds
Uncalled bet ($2) returned to SEQUOIA2012
SEQUOIA2012 collected $2 from pot
SEQUOIA2012: doesn't show hand
*** SUMMARY ***
Total pot $2 | Rake $0
Seat 1: Hadart (button) (small blind) folded before Flop
Seat 6: SEQUOIA2012 (big blind) collected ($2)


PokerStars Hand #173286971451:  Hold'em Limit ($3/$6 USD) - 2017/07/20 15:21:49 ET
Table 'Ampella' 6-max Seat #6 is the button
Seat 1: Hadart ($66.78 in chips)
Seat 6: SEQUOIA2012 ($224.92 in chips)
SEQUOIA2012: posts small blind $1
Hadart: posts big blind $3
*** HOLE CARDS ***
SEQUOIA2012: folds
Uncalled bet ($2) returned to Hadart
Hadart collected $2 from pot
Hadart: doesn't show hand
*** SUMMARY ***
Total pot $2 | Rake $0
Seat 1: Hadart (big blind) collected ($2)
Seat 6: SEQUOIA2012 (button) (small blind) folded before Flop


PokerStars Hand #173286961195:  Hold'em Limit ($3/$6 USD) - 2017/07/20 15:21:37 ET
Table 'Ampella' 6-max Seat #1 is the button
Seat 1: Hadart ($72.78 in chips)
Seat 6: SEQUOIA2012 ($219.16 in chips)
Hadart: posts small blind $1
SEQUOIA2012: posts big blind $3
*** HOLE CARDS ***
Hadart: raises $3 to $6
SEQUOIA2012: calls $3
*** FLOP *** [9d 9s Js]
SEQUOIA2012: checks
Hadart: checks
*** TURN *** [9d 9s Js] [Qd]
SEQUOIA2012: bets $6
Hadart: folds
Uncalled bet ($6) returned to SEQUOIA2012
SEQUOIA2012 collected $11.76 from pot
SEQUOIA2012: doesn't show hand
*** SUMMARY ***
Total pot $12 | Rake $0.24
Board [9d 9s Js Qd]
Seat 1: Hadart (button) (small blind) folded on the Turn
Seat 6: SEQUOIA2012 (big blind) collected ($11.76)


PokerStars Hand #173286976027:  Hold'em Limit ($3/$6 USD) - 2017/07/20 15:21:55 ET
Table 'Ampella' 6-max Seat #1 is the button
Seat 1: Hadart ($67.78 in chips)
Seat 6: SEQUOIA2012 ($223.92 in chips)
Hadart: posts small blind $1
SEQUOIA2012: posts big blind $3
*** HOLE CARDS ***
Hadart: raises $3 to $6
SEQUOIA2012: calls $3
*** FLOP *** [Td Tc Qh]
SEQUOIA2012: checks
Hadart: bets $3
SEQUOIA2012: calls $3
*** TURN *** [Td Tc Qh] [7c]
SEQUOIA2012: checks
Hadart: checks
*** RIVER *** [Td Tc Qh 7c] [4h]
SEQUOIA2012: bets $6
Hadart: folds
Uncalled bet ($6) returned to SEQUOIA2012
SEQUOIA2012 collected $17.64 from pot
SEQUOIA2012: doesn't show hand
*** SUMMARY ***
Total pot $18 | Rake $0.36
Board [Td Tc Qh 7c 4h]
Seat 1: Hadart (button) (small blind) folded on the River
Seat 6: SEQUOIA2012 (big blind) collected ($17.64)


PokerStars Hand #173287002199:  Hold'em Limit ($3/$6 USD) - 2017/07/20 15:22:16 ET
Table 'Ampella' 6-max Seat #6 is the button
Seat 1: Hadart ($58.78 in chips)
Seat 6: SEQUOIA2012 ($232.56 in chips)
SEQUOIA2012: posts small blind $1
Hadart: posts big blind $3
*** HOLE CARDS ***
SEQUOIA2012: raises $3 to $6
Hadart: raises $3 to $9
SEQUOIA2012: calls $3
*** FLOP *** [Ad Qh Js]
Hadart: bets $3
SEQUOIA2012: calls $3
*** TURN *** [Ad Qh Js] [Kd]
Hadart: bets $6
SEQUOIA2012: calls $6
*** RIVER *** [Ad Qh Js Kd] [Th]
Hadart: checks
SEQUOIA2012: checks
*** SHOW DOWN ***
Hadart: shows [As 6h] (a straight, Ten to Ace)
SEQUOIA2012: shows [9h Qc] (a straight, Ten to Ace)
Hadart collected $17.75 from pot
SEQUOIA2012 collected $17.75 from pot
*** SUMMARY ***
Total pot $36 | Rake $0.50
Board [Ad Qh Js Kd Th]
Seat 1: Hadart (big blind) showed [As 6h] and won ($17.75) with a straight, Ten to Ace
Seat 6: SEQUOIA2012 (button) (small blind) showed [9h Qc] and won ($17.75) with a straight, Ten to Ace


PokerStars Hand #173287018993:  Hold'em Limit ($3/$6 USD) - 2017/07/20 15:22:36 ET
Table 'Ampella' 6-max Seat #1 is the button
Seat 1: Hadart ($58.53 in chips)
Seat 6: SEQUOIA2012 ($232.31 in chips)
Hadart: posts small blind $1
SEQUOIA2012: posts big blind $3
*** HOLE CARDS ***
Hadart: raises $3 to $6
SEQUOIA2012: calls $3
*** FLOP *** [5d Kd Qd]
SEQUOIA2012: checks
Hadart: bets $3
SEQUOIA2012: calls $3
*** TURN *** [5d Kd Qd] [2c]
SEQUOIA2012: checks
Hadart: checks
*** RIVER *** [5d Kd Qd 2c] [6h]
SEQUOIA2012: bets $6
Hadart: folds
Uncalled bet ($6) returned to SEQUOIA2012
SEQUOIA2012 collected $17.64 from pot
SEQUOIA2012: doesn't show hand
*** SUMMARY ***
Total pot $18 | Rake $0.36
Board [5d Kd Qd 2c 6h]
Seat 1: Hadart (button) (small blind) folded on the River
Seat 6: SEQUOIA2012 (big blind) collected ($17.64)


PokerStars Hand #173287034043:  Hold'em Limit ($3/$6 USD) - 2017/07/20 15:22:55 ET
Table 'Ampella' 6-max Seat #6 is the button
Seat 1: Hadart ($49.53 in chips)
Seat 6: SEQUOIA2012 ($240.95 in chips)
SEQUOIA2012: posts small blind $1
Hadart: posts big blind $3
*** HOLE CARDS ***
SEQUOIA2012: folds
Uncalled bet ($2) returned to Hadart
Hadart collected $2 from pot
Hadart: doesn't show hand
*** SUMMARY ***
Total pot $2 | Rake $0
Seat 1: Hadart (big blind) collected ($2)
Seat 6: SEQUOIA2012 (button) (small blind) folded before Flop


PokerStars Hand #173287064846:  Hold'em Limit ($3/$6 USD) - 2017/07/20 15:23:32 ET
Table 'Ampella' 6-max Seat #1 is the button
Seat 1: Hadart ($23.53 in chips)
Seat 6: SEQUOIA2012 ($266.33 in chips)
Hadart: posts small blind $1
SEQUOIA2012: posts big blind $3
*** HOLE CARDS ***
Hadart: raises $3 to $6
SEQUOIA2012: calls $3
*** FLOP *** [Jc 4d Ts]
SEQUOIA2012: checks
Hadart: checks
*** TURN *** [Jc 4d Ts] [7c]
SEQUOIA2012: bets $6
Hadart: folds
Uncalled bet ($6) returned to SEQUOIA2012
SEQUOIA2012 collected $11.76 from pot
SEQUOIA2012: doesn't show hand
*** SUMMARY ***
Total pot $12 | Rake $0.24
Board [Jc 4d Ts 7c]
Seat 1: Hadart (button) (small blind) folded on the Turn
Seat 6: SEQUOIA2012 (big blind) collected ($11.76)


PokerStars Hand #173287038682:  Hold'em Limit ($3/$6 USD) - 2017/07/20 15:23:00 ET
Table 'Ampella' 6-max Seat #1 is the button
Seat 1: Hadart ($50.53 in chips)
Seat 6: SEQUOIA2012 ($239.95 in chips)
Hadart: posts small blind $1
SEQUOIA2012: posts big blind $3
*** HOLE CARDS ***
Hadart: raises $3 to $6
SEQUOIA2012: raises $3 to $9
Hadart: calls $3
*** FLOP *** [Ad Td Jh]
SEQUOIA2012: bets $3
Hadart: calls $3
*** TURN *** [Ad Td Jh] [9c]
SEQUOIA2012: bets $6
Hadart: calls $6
*** RIVER *** [Ad Td Jh 9c] [Kc]
SEQUOIA2012: bets $6
Hadart: calls $6
*** SHOW DOWN ***
SEQUOIA2012: shows [Jc Kh] (two pair, Kings and Jacks)
Hadart: mucks hand
SEQUOIA2012 collected $47.50 from pot
*** SUMMARY ***
Total pot $48 | Rake $0.50
Board [Ad Td Jh 9c Kc]
Seat 1: Hadart (button) (small blind) mucked
Seat 6: SEQUOIA2012 (big blind) showed [Jc Kh] and won ($47.50) with two pair, Kings and Jacks


PokerStars Hand #173287055114:  Hold'em Limit ($3/$6 USD) - 2017/07/20 15:23:20 ET
Table 'Ampella' 6-max Seat #6 is the button
Seat 1: Hadart ($26.53 in chips)
Seat 6: SEQUOIA2012 ($263.45 in chips)
SEQUOIA2012: posts small blind $1
Hadart: posts big blind $3
*** HOLE CARDS ***
SEQUOIA2012: calls $2
Hadart: checks
*** FLOP *** [3h Ac 4s]
Hadart: checks
SEQUOIA2012: bets $3
Hadart: folds
Uncalled bet ($3) returned to SEQUOIA2012
SEQUOIA2012 collected $5.88 from pot
SEQUOIA2012: doesn't show hand
*** SUMMARY ***
Total pot $6 | Rake $0.12
Board [3h Ac 4s]
Seat 1: Hadart (big blind) folded on the Flop
Seat 6: SEQUOIA2012 (button) (small blind) collected ($5.88)


PokerStars Hand #173287091449:  Hold'em Limit ($3/$6 USD) - 2017/07/20 15:24:04 ET
Table 'Ampella' 6-max Seat #6 is the button
Seat 1: Hadart ($17.53 in chips)
Seat 6: SEQUOIA2012 ($272.09 in chips)
SEQUOIA2012: posts small blind $1
Hadart: posts big blind $3
*** HOLE CARDS ***
SEQUOIA2012: raises $3 to $6
Hadart: calls $3
*** FLOP *** [9s 4s Js]
Hadart: checks
SEQUOIA2012: bets $3
Hadart: calls $3
*** TURN *** [9s 4s Js] [Jc]
Hadart: checks
SEQUOIA2012: checks
*** RIVER *** [9s 4s Js Jc] [6d]
Hadart: bets $6
SEQUOIA2012: folds
Uncalled bet ($6) returned to Hadart
Hadart collected $17.64 from pot
Hadart: doesn't show hand
*** SUMMARY ***
Total pot $18 | Rake $0.36
Board [9s 4s Js Jc 6d]
Seat 1: Hadart (big blind) collected ($17.64)
Seat 6: SEQUOIA2012 (button) (small blind) folded on the River


PokerStars Hand #173287109368:  Hold'em Limit ($3/$6 USD) - 2017/07/20 15:24:26 ET
Table 'Ampella' 6-max Seat #1 is the button
Seat 1: Hadart ($26.17 in chips)
Seat 6: SEQUOIA2012 ($263.09 in chips)
Hadart: posts small blind $1
SEQUOIA2012: posts big blind $3
*** HOLE CARDS ***
Hadart: raises $3 to $6
SEQUOIA2012: folds
Uncalled bet ($3) returned to Hadart
Hadart collected $6 from pot
Hadart: doesn't show hand
*** SUMMARY ***
Total pot $6 | Rake $0
Seat 1: Hadart (button) (small blind) collected ($6)
Seat 6: SEQUOIA2012 (big blind) folded before Flop


PokerStars Hand #173287114826:  Hold'em Limit ($3/$6 USD) - 2017/07/20 15:24:33 ET
Table 'Ampella' 6-max Seat #6 is the button
Seat 1: Hadart ($29.17 in chips)
Seat 6: SEQUOIA2012 ($260.09 in chips)
SEQUOIA2012: posts small blind $1
B_loJkl joins the table at seat #2
Hadart: posts big blind $3
*** HOLE CARDS ***
SEQUOIA2012: raises $3 to $6
Hadart: calls $3
*** FLOP *** [Qd 2s 6c]
Hadart: checks
SEQUOIA2012: bets $3
Hadart: calls $3
*** TURN *** [Qd 2s 6c] [4c]
Hadart: checks
SEQUOIA2012: bets $6
Vitalisek joins the table at seat #3
Hadart: calls $6
*** RIVER *** [Qd 2s 6c 4c] [5d]
Hadart: checks
SEQUOIA2012: checks
*** SHOW DOWN ***
Hadart: shows [6h Kh] (a pair of Sixes)
SEQUOIA2012: mucks hand
Hadart collected $29.50 from pot
*** SUMMARY ***
Total pot $30 | Rake $0.50
Board [Qd 2s 6c 4c 5d]
Seat 1: Hadart (big blind) showed [6h Kh] and won ($29.50) with a pair of Sixes
Seat 6: SEQUOIA2012 (button) (small blind) mucked


PokerStars Hand #173292009148:  Hold'em Limit ($3/$6 USD) - 2017/07/20 17:07:07 ET
Table 'Ampella' 6-max Seat #5 is the button
Seat 3: Vitalisek ($200.50 in chips)
Seat 5: SEQUOIA2012 ($190.04 in chips)
SEQUOIA2012: posts small blind $1
vlaprok is disconnected
vlaprok has timed out while disconnected
vlaprok: is sitting out
Vitalisek: posts big blind $3
*** HOLE CARDS ***
SEQUOIA2012: folds
Uncalled bet ($2) returned to Vitalisek
Vitalisek collected $2 from pot
Vitalisek: doesn't show hand
*** SUMMARY ***
Total pot $2 | Rake $0
Seat 3: Vitalisek (big blind) collected ($2)
Seat 5: SEQUOIA2012 (button) (small blind) folded before Flop


PokerStars Hand #173292027609:  Hold'em Limit ($3/$6 USD) - 2017/07/20 17:07:30 ET
Table 'Ampella' 6-max Seat #3 is the button
Seat 3: Vitalisek ($201.50 in chips)
Seat 5: SEQUOIA2012 ($189.04 in chips)
Vitalisek: posts small blind $1
zsomz was removed from the table for failing to post
SEQUOIA2012: posts big blind $3
*** HOLE CARDS ***
Vitalisek: folds
Uncalled bet ($2) returned to SEQUOIA2012
SEQUOIA2012 collected $2 from pot
SEQUOIA2012: doesn't show hand
*** SUMMARY ***
Total pot $2 | Rake $0
Seat 3: Vitalisek (button) (small blind) folded before Flop
Seat 5: SEQUOIA2012 (big blind) collected ($2)


PokerStars Hand #173292031820:  Hold'em Limit ($3/$6 USD) - 2017/07/20 17:07:35 ET
Table 'Ampella' 6-max Seat #5 is the button
Seat 3: Vitalisek ($200.50 in chips)
Seat 5: SEQUOIA2012 ($190.04 in chips)
SEQUOIA2012: posts small blind $1
Vitalisek: posts big blind $3
*** HOLE CARDS ***
SEQUOIA2012: raises $3 to $6
Vitalisek: calls $3
*** FLOP *** [5c 7c Tc]
Vitalisek: checks
SEQUOIA2012: bets $3
Vitalisek: raises $3 to $6
SEQUOIA2012: calls $3
*** TURN *** [5c 7c Tc] [3s]
Vitalisek: bets $6
SEQUOIA2012: calls $6
*** RIVER *** [5c 7c Tc 3s] [9h]
Vitalisek: bets $6
SEQUOIA2012: raises $6 to $12
Vitalisek: calls $6
*** SHOW DOWN ***
SEQUOIA2012: shows [Td 9c] (two pair, Tens and Nines)
Vitalisek: mucks hand
SEQUOIA2012 collected $59.50 from pot
*** SUMMARY ***
Total pot $60 | Rake $0.50
Board [5c 7c Tc 3s 9h]
Seat 3: Vitalisek (big blind) mucked
Seat 5: SEQUOIA2012 (button) (small blind) showed [Td 9c] and won ($59.50) with two pair, Tens and Nines


PokerStars Hand #173292053935:  Hold'em Limit ($3/$6 USD) - 2017/07/20 17:08:02 ET
Table 'Ampella' 6-max Seat #3 is the button
Seat 3: Vitalisek ($170.50 in chips)
Seat 5: SEQUOIA2012 ($219.54 in chips)
Vitalisek: posts small blind $1
SEQUOIA2012: posts big blind $3
*** HOLE CARDS ***
Vitalisek: folds
Uncalled bet ($2) returned to SEQUOIA2012
SEQUOIA2012 collected $2 from pot
SEQUOIA2012: doesn't show hand
*** SUMMARY ***
Total pot $2 | Rake $0
Seat 3: Vitalisek (button) (small blind) folded before Flop
Seat 5: SEQUOIA2012 (big blind) collected ($2)


PokerStars Hand #173292058093:  Hold'em Limit ($3/$6 USD) - 2017/07/20 17:08:08 ET
Table 'Ampella' 6-max Seat #5 is the button
Seat 3: Vitalisek ($169.50 in chips)
Seat 5: SEQUOIA2012 ($220.54 in chips)
SEQUOIA2012: posts small blind $1
Vitalisek: posts big blind $3
*** HOLE CARDS ***
SEQUOIA2012: raises $3 to $6
Vitalisek: calls $3
*** FLOP *** [Jc Kh Qd]
Vitalisek: checks
SEQUOIA2012: bets $3
Vitalisek: calls $3
*** TURN *** [Jc Kh Qd] [4h]
Vitalisek: checks
SEQUOIA2012: bets $6
Vitalisek: calls $6
*** RIVER *** [Jc Kh Qd 4h] [3h]
Vitalisek: checks
SEQUOIA2012: checks
*** SHOW DOWN ***
Vitalisek: shows [Kd 5d] (a pair of Kings)
SEQUOIA2012: mucks hand
Vitalisek collected $29.50 from pot
*** SUMMARY ***
Total pot $30 | Rake $0.50
Board [Jc Kh Qd 4h 3h]
Seat 3: Vitalisek (big blind) showed [Kd 5d] and won ($29.50) with a pair of Kings
Seat 5: SEQUOIA2012 (button) (small blind) mucked


PokerStars Hand #173292596998:  Hold'em Limit ($3/$6 USD) - 2017/07/20 17:19:19 ET
Table 'Ampella' 6-max Seat #4 is the button
Seat 4: zsomz ($98 in chips)
Seat 5: SEQUOIA2012 ($227.04 in chips)
zsomz: posts small blind $1
SEQUOIA2012: posts big blind $3
*** HOLE CARDS ***
zsomz: raises $3 to $6
SEQUOIA2012: folds
Uncalled bet ($3) returned to zsomz
zsomz collected $6 from pot
zsomz: doesn't show hand
*** SUMMARY ***
Total pot $6 | Rake $0
Seat 4: zsomz (button) (small blind) collected ($6)
Seat 5: SEQUOIA2012 (big blind) folded before Flop


PokerStars Hand #173292582360:  Hold'em Limit ($3/$6 USD) - 2017/07/20 17:19:00 ET
Table 'Ampella' 6-max Seat #5 is the button
Seat 4: zsomz ($119 in chips)
Seat 5: SEQUOIA2012 ($206.54 in chips)
SEQUOIA2012: posts small blind $1
zsomz: posts big blind $3
*** HOLE CARDS ***
SEQUOIA2012: raises $3 to $6
zsomz: calls $3
*** FLOP *** [Jd 4d 6s]
zsomz: bets $3
SEQUOIA2012: calls $3
*** TURN *** [Jd 4d 6s] [2s]
zsomz: bets $6
SEQUOIA2012: calls $6
*** RIVER *** [Jd 4d 6s 2s] [Kc]
zsomz: bets $6
SEQUOIA2012: calls $6
*** SHOW DOWN ***
zsomz: shows [8s 5h] (high card King)
SEQUOIA2012: shows [9s As] (high card Ace)
SEQUOIA2012 collected $41.50 from pot
*** SUMMARY ***
Total pot $42 | Rake $0.50
Board [Jd 4d 6s 2s Kc]
Seat 4: zsomz (big blind) showed [8s 5h] and lost with high card King
Seat 5: SEQUOIA2012 (button) (small blind) showed [9s As] and won ($41.50) with high card Ace


PokerStars Hand #173292577705:  Hold'em Limit ($3/$6 USD) - 2017/07/20 17:18:54 ET
Table 'Ampella' 6-max Seat #4 is the button
Seat 4: zsomz ($120 in chips)
Seat 5: SEQUOIA2012 ($205.54 in chips)
zsomz: posts small blind $1
SEQUOIA2012: posts big blind $3
*** HOLE CARDS ***
zsomz: folds
Uncalled bet ($2) returned to SEQUOIA2012
SEQUOIA2012 collected $2 from pot
SEQUOIA2012: doesn't show hand
*** SUMMARY ***
Total pot $2 | Rake $0
Seat 4: zsomz (button) (small blind) folded before Flop
Seat 5: SEQUOIA2012 (big blind) collected ($2)


PokerStars Hand #173292637402:  Hold'em Limit ($3/$6 USD) - 2017/07/20 17:20:10 ET
Table 'Ampella' 6-max Seat #4 is the button
Seat 4: zsomz ($96.88 in chips)
Seat 5: SEQUOIA2012 ($227.80 in chips)
zsomz: posts small blind $1
SEQUOIA2012: posts big blind $3
*** HOLE CARDS ***
zsomz: raises $3 to $6
SEQUOIA2012: calls $3
*** FLOP *** [6c As 3h]
SEQUOIA2012: checks
zsomz: bets $3
SEQUOIA2012: calls $3
*** TURN *** [6c As 3h] [Tc]
SEQUOIA2012: checks
zsomz: bets $6
SEQUOIA2012: folds
Uncalled bet ($6) returned to zsomz
zsomz collected $17.64 from pot
zsomz: doesn't show hand
*** SUMMARY ***
Total pot $18 | Rake $0.36
Board [6c As 3h Tc]
Seat 4: zsomz (button) (small blind) collected ($17.64)
Seat 5: SEQUOIA2012 (big blind) folded on the Turn


PokerStars Hand #173292628298:  Hold'em Limit ($3/$6 USD) - 2017/07/20 17:19:58 ET
Table 'Ampella' 6-max Seat #5 is the button
Seat 4: zsomz ($102.88 in chips)
Seat 5: SEQUOIA2012 ($222.04 in chips)
SEQUOIA2012: posts small blind $1
zsomz: posts big blind $3
*** HOLE CARDS ***
SEQUOIA2012: raises $3 to $6
zsomz: calls $3
*** FLOP *** [4s 9c Jc]
zsomz: checks
SEQUOIA2012: bets $3
zsomz: folds
Uncalled bet ($3) returned to SEQUOIA2012
SEQUOIA2012 collected $11.76 from pot
SEQUOIA2012: doesn't show hand
*** SUMMARY ***
Total pot $12 | Rake $0.24
Board [4s 9c Jc]
Seat 4: zsomz (big blind) folded on the Flop
Seat 5: SEQUOIA2012 (button) (small blind) collected ($11.76)


PokerStars Hand #173292603411:  Hold'em Limit ($3/$6 USD) - 2017/07/20 17:19:27 ET
Table 'Ampella' 6-max Seat #5 is the button
Seat 4: zsomz ($101 in chips)
Seat 5: SEQUOIA2012 ($224.04 in chips)
SEQUOIA2012: posts small blind $1
zsomz: posts big blind $3
*** HOLE CARDS ***
SEQUOIA2012: calls $2
zsomz: checks
*** FLOP *** [9c Qc Jc]
zsomz: bets $3
SEQUOIA2012: folds
Uncalled bet ($3) returned to zsomz
zsomz collected $5.88 from pot
zsomz: doesn't show hand
*** SUMMARY ***
Total pot $6 | Rake $0.12
Board [9c Qc Jc]
Seat 4: zsomz (big blind) collected ($5.88)
Seat 5: SEQUOIA2012 (button) (small blind) folded on the Flop


PokerStars Hand #173292665738:  Hold'em Limit ($3/$6 USD) - 2017/07/20 17:20:46 ET
Table 'Ampella' 6-max Seat #4 is the button
Seat 4: zsomz ($123.02 in chips)
Seat 5: SEQUOIA2012 ($200.80 in chips)
zsomz: posts small blind $1
SEQUOIA2012: posts big blind $3
*** HOLE CARDS ***
zsomz: raises $3 to $6
SEQUOIA2012: calls $3
*** FLOP *** [6h 8s 7h]
SEQUOIA2012: checks
zsomz: bets $3
SEQUOIA2012: raises $3 to $6
zsomz: calls $3
*** TURN *** [6h 8s 7h] [Jh]
SEQUOIA2012: bets $6
zsomz: calls $6
*** RIVER *** [6h 8s 7h Jh] [6s]
vlaprok joins the table at seat #6
SEQUOIA2012: bets $6
zsomz: calls $6
*** SHOW DOWN ***
SEQUOIA2012: shows [4c 5d] (a straight, Four to Eight)
zsomz: mucks hand
SEQUOIA2012 collected $47.50 from pot
*** SUMMARY ***
Total pot $48 | Rake $0.50
Board [6h 8s 7h Jh 6s]
Seat 4: zsomz (button) (small blind) mucked
Seat 5: SEQUOIA2012 (big blind) showed [4c 5d] and won ($47.50) with a straight, Four to Eight


PokerStars Hand #173292651135:  Hold'em Limit ($3/$6 USD) - 2017/07/20 17:20:27 ET
Table 'Ampella' 6-max Seat #5 is the button
Seat 4: zsomz ($105.52 in chips)
Seat 5: SEQUOIA2012 ($218.80 in chips)
SEQUOIA2012: posts small blind $1
zsomz: posts big blind $3
*** HOLE CARDS ***
SEQUOIA2012: raises $3 to $6
zsomz: calls $3
*** FLOP *** [6h 5c 9h]
zsomz: checks
SEQUOIA2012: bets $3
zsomz: raises $3 to $6
SEQUOIA2012: calls $3
*** TURN *** [6h 5c 9h] [7c]
zsomz: bets $6
SEQUOIA2012: calls $6
*** RIVER *** [6h 5c 9h 7c] [Ad]
zsomz: checks
SEQUOIA2012: checks
*** SHOW DOWN ***
zsomz: shows [5d 4h] (a pair of Fives)
SEQUOIA2012: mucks hand
zsomz collected $35.50 from pot
*** SUMMARY ***
Total pot $36 | Rake $0.50
Board [6h 5c 9h 7c Ad]
Seat 4: zsomz (big blind) showed [5d 4h] and won ($35.50) with a pair of Fives
Seat 5: SEQUOIA2012 (button) (small blind) mucked


