PokerStars Hand #167286835688:  Hold'em Limit ($3/$6 USD) - 2017/03/08 7:12:31 ET
Table 'Ampella II' 6-max Seat #4 is the button
Seat 3: NAUTJE1337 ($74 in chips)
Seat 4: AzureCaper ($74.50 in chips)
AzureCaper: posts small blind $1
NAUTJE1337: posts big blind $3
*** HOLE CARDS ***
AzureCaper: raises $3 to $6
NAUTJE1337: calls $3
*** FLOP *** [3d Ah 8h]
NAUTJE1337: checks
AzureCaper: bets $3
NAUTJE1337: calls $3
*** TURN *** [3d Ah 8h] [4c]
NAUTJE1337: checks
AzureCaper: checks
*** RIVER *** [3d Ah 8h 4c] [Kh]
NAUTJE1337: bets $6
AzureCaper: calls $6
*** SHOW DOWN ***
NAUTJE1337: shows [8d 6h] (a pair of Eights)
AzureCaper: mucks hand
NAUTJE1337 collected $29.50 from pot
*** SUMMARY ***
Total pot $30 | Rake $0.50
Board [3d Ah 8h 4c Kh]
Seat 3: NAUTJE1337 (big blind) showed [8d 6h] and won ($29.50) with a pair of Eights
Seat 4: AzureCaper (button) (small blind) mucked


PokerStars Hand #167286826977:  Hold'em Limit ($3/$6 USD) - 2017/03/08 7:12:12 ET
Table 'Ampella II' 6-max Seat #3 is the button
Seat 3: NAUTJE1337 ($50.50 in chips)
Seat 4: AzureCaper ($98.50 in chips)
NAUTJE1337: posts small blind $1
AzureCaper: posts big blind $3
*** HOLE CARDS ***
NAUTJE1337: calls $2
AzureCaper: raises $3 to $6
NAUTJE1337: calls $3
*** FLOP *** [2c 7d 5d]
AzureCaper: bets $3
NAUTJE1337: raises $3 to $6
AzureCaper: calls $3
*** TURN *** [2c 7d 5d] [Qc]
AzureCaper: checks
NAUTJE1337: checks
*** RIVER *** [2c 7d 5d Qc] [Ks]
AzureCaper: bets $6
NAUTJE1337: raises $6 to $12
AzureCaper: calls $6
*** SHOW DOWN ***
NAUTJE1337: shows [Kd 3c] (a pair of Kings)
AzureCaper: mucks hand
NAUTJE1337 collected $47.50 from pot
*** SUMMARY ***
Total pot $48 | Rake $0.50
Board [2c 7d 5d Qc Ks]
Seat 3: NAUTJE1337 (button) (small blind) showed [Kd 3c] and won ($47.50) with a pair of Kings
Seat 4: AzureCaper (big blind) mucked


PokerStars Hand #167286843041:  Hold'em Limit ($3/$6 USD) - 2017/03/08 7:12:46 ET
Table 'Ampella II' 6-max Seat #3 is the button
Seat 3: NAUTJE1337 ($88.50 in chips)
Seat 4: AzureCaper ($72 in chips)
NAUTJE1337: posts small blind $1
AzureCaper: posts big blind $3
*** HOLE CARDS ***
NAUTJE1337: raises $3 to $6
AzureCaper: calls $3
*** FLOP *** [Qs 3d Ah]
AzureCaper: checks
NAUTJE1337: bets $3
AzureCaper: folds
Uncalled bet ($3) returned to NAUTJE1337
NAUTJE1337 collected $11.76 from pot
*** SUMMARY ***
Total pot $12 | Rake $0.24
Board [Qs 3d Ah]
Seat 3: NAUTJE1337 (button) (small blind) collected ($11.76)
Seat 4: AzureCaper (big blind) folded on the Flop


