PokerStars Hand #170301831699:  Hold'em Limit ($3/$6 USD) - 2017/05/12 4:02:51 ET
Table 'Amphitrite II' 6-max Seat #5 is the button
Seat 4: MTails ($102.75 in chips)
Seat 5: diRon1980 ($94.60 in chips)
diRon1980: posts small blind $1
MTails: posts big blind $3
*** HOLE CARDS ***
diRon1980: raises $3 to $6
MTails: raises $3 to $9
diRon1980: calls $3
*** FLOP *** [Qs 8d 7h]
MTails: bets $3
diRon1980: folds
Uncalled bet ($3) returned to MTails
MTails collected $17.64 from pot
*** SUMMARY ***
Total pot $18 | Rake $0.36
Board [Qs 8d 7h]
Seat 4: MTails (big blind) collected ($17.64)
Seat 5: diRon1980 (button) (small blind) folded on the Flop


PokerStars Hand #170301823619:  Hold'em Limit ($3/$6 USD) - 2017/05/12 4:02:25 ET
Table 'Amphitrite II' 6-max Seat #4 is the button
Seat 4: MTails ($103 in chips)
Seat 5: diRon1980 ($94.85 in chips)
MTails: posts small blind $1
diRon1980: posts big blind $3
*** HOLE CARDS ***
MTails: raises $3 to $6
diRon1980: calls $3
*** FLOP *** [8h 9h 8c]
diRon1980: checks
MTails: bets $3
diRon1980: calls $3
*** TURN *** [8h 9h 8c] [Kh]
diRon1980: checks
MTails: bets $6
diRon1980: calls $6
*** RIVER *** [8h 9h 8c Kh] [5s]
diRon1980: checks
MTails: bets $6
diRon1980: calls $6
*** SHOW DOWN ***
MTails: shows [Js Kd] (two pair, Kings and Eights)
diRon1980: shows [Jh Kc] (two pair, Kings and Eights)
diRon1980 collected $20.75 from pot
MTails collected $20.75 from pot
*** SUMMARY ***
Total pot $42 | Rake $0.50
Board [8h 9h 8c Kh 5s]
Seat 4: MTails (button) (small blind) showed [Js Kd] and won ($20.75) with two pair, Kings and Eights
Seat 5: diRon1980 (big blind) showed [Jh Kc] and won ($20.75) with two pair, Kings and Eights


PokerStars Hand #170301822219:  Hold'em Limit ($3/$6 USD) - 2017/05/12 4:02:20 ET
Table 'Amphitrite II' 6-max Seat #5 is the button
Seat 4: MTails ($102 in chips)
Seat 5: diRon1980 ($95.85 in chips)
diRon1980: posts small blind $1
MTails: posts big blind $3
*** HOLE CARDS ***
diRon1980: folds
Uncalled bet ($2) returned to MTails
MTails collected $2 from pot
*** SUMMARY ***
Total pot $2 | Rake $0
Seat 4: MTails (big blind) collected ($2)
Seat 5: diRon1980 (button) (small blind) folded before Flop


PokerStars Hand #170301814535:  Hold'em Limit ($3/$6 USD) - 2017/05/12 4:01:54 ET
Table 'Amphitrite II' 6-max Seat #4 is the button
Seat 4: MTails ($120 in chips)
Seat 5: diRon1980 ($78.35 in chips)
MTails: posts small blind $1
diRon1980: posts big blind $3
*** HOLE CARDS ***
MTails: raises $3 to $6
diRon1980: raises $3 to $9
MTails: calls $3
*** FLOP *** [Qd 2h 9d]
diRon1980: bets $3
MTails: calls $3
*** TURN *** [Qd 2h 9d] [6c]
diRon1980: bets $6
MTails: calls $6
*** RIVER *** [Qd 2h 9d 6c] [4s]
diRon1980: checks
MTails: checks
*** SHOW DOWN ***
diRon1980: shows [Ah Kc] (high card Ace)
MTails: mucks hand
diRon1980 collected $35.50 from pot
*** SUMMARY ***
Total pot $36 | Rake $0.50
Board [Qd 2h 9d 6c 4s]
Seat 4: MTails (button) (small blind) mucked
Seat 5: diRon1980 (big blind) showed [Ah Kc] and won ($35.50) with high card Ace


PokerStars Hand #170301844885:  Hold'em Limit ($3/$6 USD) - 2017/05/12 4:03:34 ET
Table 'Amphitrite II' 6-max Seat #5 is the button
Seat 4: MTails ($110.39 in chips)
Seat 5: diRon1980 ($86.60 in chips)
diRon1980: posts small blind $1
MTails: posts big blind $3
*** HOLE CARDS ***
diRon1980: folds
Uncalled bet ($2) returned to MTails
MTails collected $2 from pot
*** SUMMARY ***
Total pot $2 | Rake $0
Seat 4: MTails (big blind) collected ($2)
Seat 5: diRon1980 (button) (small blind) folded before Flop


PokerStars Hand #170301843393:  Hold'em Limit ($3/$6 USD) - 2017/05/12 4:03:30 ET
Table 'Amphitrite II' 6-max Seat #4 is the button
Seat 4: MTails ($111.39 in chips)
Seat 5: diRon1980 ($85.60 in chips)
MTails: posts small blind $1
diRon1980: posts big blind $3
*** HOLE CARDS ***
MTails: folds
Uncalled bet ($2) returned to diRon1980
diRon1980 collected $2 from pot
diRon1980: doesn't show hand
*** SUMMARY ***
Total pot $2 | Rake $0
Seat 4: MTails (button) (small blind) folded before Flop
Seat 5: diRon1980 (big blind) collected ($2)


PokerStars Hand #170301840494:  Hold'em Limit ($3/$6 USD) - 2017/05/12 4:03:20 ET
Table 'Amphitrite II' 6-max Seat #5 is the button
Seat 4: MTails ($110.39 in chips)
Seat 5: diRon1980 ($86.60 in chips)
diRon1980: posts small blind $1
MTails: posts big blind $3
*** HOLE CARDS ***
diRon1980: folds
Uncalled bet ($2) returned to MTails
MTails collected $2 from pot
*** SUMMARY ***
Total pot $2 | Rake $0
Seat 4: MTails (big blind) collected ($2)
Seat 5: diRon1980 (button) (small blind) folded before Flop


PokerStars Hand #170301838722:  Hold'em Limit ($3/$6 USD) - 2017/05/12 4:03:15 ET
Table 'Amphitrite II' 6-max Seat #4 is the button
Seat 4: MTails ($111.39 in chips)
Seat 5: diRon1980 ($85.60 in chips)
MTails: posts small blind $1
diRon1980: posts big blind $3
*** HOLE CARDS ***
MTails: folds
Uncalled bet ($2) returned to diRon1980
diRon1980 collected $2 from pot
diRon1980: doesn't show hand
*** SUMMARY ***
Total pot $2 | Rake $0
Seat 4: MTails (button) (small blind) folded before Flop
Seat 5: diRon1980 (big blind) collected ($2)


PokerStars Hand #170301837189:  Hold'em Limit ($3/$6 USD) - 2017/05/12 4:03:09 ET
Table 'Amphitrite II' 6-max Seat #5 is the button
Seat 4: MTails ($110.39 in chips)
Seat 5: diRon1980 ($86.60 in chips)
diRon1980: posts small blind $1
MTails: posts big blind $3
*** HOLE CARDS ***
diRon1980: folds
Uncalled bet ($2) returned to MTails
MTails collected $2 from pot
*** SUMMARY ***
Total pot $2 | Rake $0
Seat 4: MTails (big blind) collected ($2)
Seat 5: diRon1980 (button) (small blind) folded before Flop


PokerStars Hand #170301835658:  Hold'em Limit ($3/$6 USD) - 2017/05/12 4:03:04 ET
Table 'Amphitrite II' 6-max Seat #4 is the button
Seat 4: MTails ($111.39 in chips)
Seat 5: diRon1980 ($85.60 in chips)
MTails: posts small blind $1
diRon1980: posts big blind $3
*** HOLE CARDS ***
MTails: folds
Uncalled bet ($2) returned to diRon1980
diRon1980 collected $2 from pot
diRon1980: doesn't show hand
*** SUMMARY ***
Total pot $2 | Rake $0
Seat 4: MTails (button) (small blind) folded before Flop
Seat 5: diRon1980 (big blind) collected ($2)


PokerStars Hand #170301861737:  Hold'em Limit ($3/$6 USD) - 2017/05/12 4:04:30 ET
Table 'Amphitrite II' 6-max Seat #4 is the button
Seat 4: MTails ($95.39 in chips)
Seat 5: diRon1980 ($101.10 in chips)
MTails: posts small blind $1
diRon1980: posts big blind $3
*** HOLE CARDS ***
MTails: raises $3 to $6
diRon1980: calls $3
*** FLOP *** [3s Jh Qh]
diRon1980: checks
MTails: bets $3
diRon1980: calls $3
*** TURN *** [3s Jh Qh] [4d]
diRon1980: checks
MTails: bets $6
diRon1980: folds
Uncalled bet ($6) returned to MTails
MTails collected $17.64 from pot
*** SUMMARY ***
Total pot $18 | Rake $0.36
Board [3s Jh Qh 4d]
Seat 4: MTails (button) (small blind) collected ($17.64)
Seat 5: diRon1980 (big blind) folded on the Turn


PokerStars Hand #170301860160:  Hold'em Limit ($3/$6 USD) - 2017/05/12 4:04:25 ET
Table 'Amphitrite II' 6-max Seat #5 is the button
Seat 4: MTails ($94.39 in chips)
Seat 5: diRon1980 ($102.10 in chips)
diRon1980: posts small blind $1
MTails: posts big blind $3
*** HOLE CARDS ***
diRon1980: folds
Uncalled bet ($2) returned to MTails
MTails collected $2 from pot
*** SUMMARY ***
Total pot $2 | Rake $0
Seat 4: MTails (big blind) collected ($2)
Seat 5: diRon1980 (button) (small blind) folded before Flop


PokerStars Hand #170301857497:  Hold'em Limit ($3/$6 USD) - 2017/05/12 4:04:16 ET
Table 'Amphitrite II' 6-max Seat #4 is the button
Seat 4: MTails ($91.39 in chips)
Seat 5: diRon1980 ($105.10 in chips)
MTails: posts small blind $1
diRon1980: posts big blind $3
*** HOLE CARDS ***
MTails: raises $3 to $6
diRon1980: folds
Uncalled bet ($3) returned to MTails
MTails collected $6 from pot
*** SUMMARY ***
Total pot $6 | Rake $0
Seat 4: MTails (button) (small blind) collected ($6)
Seat 5: diRon1980 (big blind) folded before Flop


PokerStars Hand #170301854807:  Hold'em Limit ($3/$6 USD) - 2017/05/12 4:04:07 ET
Table 'Amphitrite II' 6-max Seat #5 is the button
Seat 4: MTails ($90.39 in chips)
Seat 5: diRon1980 ($106.10 in chips)
diRon1980: posts small blind $1
MTails: posts big blind $3
*** HOLE CARDS ***
diRon1980: folds
Uncalled bet ($2) returned to MTails
MTails collected $2 from pot
*** SUMMARY ***
Total pot $2 | Rake $0
Seat 4: MTails (big blind) collected ($2)
Seat 5: diRon1980 (button) (small blind) folded before Flop


PokerStars Hand #170301846528:  Hold'em Limit ($3/$6 USD) - 2017/05/12 4:03:40 ET
Table 'Amphitrite II' 6-max Seat #4 is the button
Seat 4: MTails ($111.39 in chips)
Seat 5: diRon1980 ($85.60 in chips)
MTails: posts small blind $1
diRon1980: posts big blind $3
*** HOLE CARDS ***
MTails: raises $3 to $6
diRon1980: calls $3
*** FLOP *** [2h 9c Jd]
diRon1980: checks
MTails: bets $3
diRon1980: calls $3
*** TURN *** [2h 9c Jd] [6c]
diRon1980: checks
MTails: bets $6
diRon1980: calls $6
*** RIVER *** [2h 9c Jd 6c] [Td]
diRon1980: checks
MTails: bets $6
diRon1980: calls $6
*** SHOW DOWN ***
MTails: shows [Ks Ts] (a pair of Tens)
diRon1980: shows [Jc 7s] (a pair of Jacks)
diRon1980 collected $41.50 from pot
*** SUMMARY ***
Total pot $42 | Rake $0.50
Board [2h 9c Jd 6c Td]
Seat 4: MTails (button) (small blind) showed [Ks Ts] and lost with a pair of Tens
Seat 5: diRon1980 (big blind) showed [Jc 7s] and won ($41.50) with a pair of Jacks


PokerStars Hand #170301882868:  Hold'em Limit ($3/$6 USD) - 2017/05/12 4:05:39 ET
Table 'Amphitrite II' 6-max Seat #4 is the button
Seat 4: MTails ($100.03 in chips)
Seat 5: diRon1980 ($95.62 in chips)
MTails: posts small blind $1
diRon1980: posts big blind $3
*** HOLE CARDS ***
MTails: raises $3 to $6
diRon1980: folds
Uncalled bet ($3) returned to MTails
MTails collected $6 from pot
*** SUMMARY ***
Total pot $6 | Rake $0
Seat 4: MTails (button) (small blind) collected ($6)
Seat 5: diRon1980 (big blind) folded before Flop


PokerStars Hand #170301881431:  Hold'em Limit ($3/$6 USD) - 2017/05/12 4:05:34 ET
Table 'Amphitrite II' 6-max Seat #5 is the button
Seat 4: MTails ($99.03 in chips)
Seat 5: diRon1980 ($96.62 in chips)
diRon1980: posts small blind $1
MTails: posts big blind $3
*** HOLE CARDS ***
diRon1980: folds
Uncalled bet ($2) returned to MTails
MTails collected $2 from pot
*** SUMMARY ***
Total pot $2 | Rake $0
Seat 4: MTails (big blind) collected ($2)
Seat 5: diRon1980 (button) (small blind) folded before Flop


PokerStars Hand #170301878277:  Hold'em Limit ($3/$6 USD) - 2017/05/12 4:05:24 ET
Table 'Amphitrite II' 6-max Seat #4 is the button
Seat 4: MTails ($96.03 in chips)
Seat 5: diRon1980 ($99.62 in chips)
MTails: posts small blind $1
diRon1980: posts big blind $3
*** HOLE CARDS ***
MTails: raises $3 to $6
diRon1980: folds
Uncalled bet ($3) returned to MTails
MTails collected $6 from pot
*** SUMMARY ***
Total pot $6 | Rake $0
Seat 4: MTails (button) (small blind) collected ($6)
Seat 5: diRon1980 (big blind) folded before Flop


PokerStars Hand #170301876593:  Hold'em Limit ($3/$6 USD) - 2017/05/12 4:05:18 ET
Table 'Amphitrite II' 6-max Seat #5 is the button
Seat 4: MTails ($95.03 in chips)
Seat 5: diRon1980 ($100.62 in chips)
diRon1980: posts small blind $1
MTails: posts big blind $3
*** HOLE CARDS ***
diRon1980: folds
Uncalled bet ($2) returned to MTails
MTails collected $2 from pot
*** SUMMARY ***
Total pot $2 | Rake $0
Seat 4: MTails (big blind) collected ($2)
Seat 5: diRon1980 (button) (small blind) folded before Flop


PokerStars Hand #170301874446:  Hold'em Limit ($3/$6 USD) - 2017/05/12 4:05:11 ET
Table 'Amphitrite II' 6-max Seat #4 is the button
Seat 4: MTails ($92.03 in chips)
Seat 5: diRon1980 ($103.62 in chips)
MTails: posts small blind $1
diRon1980: posts big blind $3
*** HOLE CARDS ***
MTails: raises $3 to $6
diRon1980: folds
Uncalled bet ($3) returned to MTails
MTails collected $6 from pot
*** SUMMARY ***
Total pot $6 | Rake $0
Seat 4: MTails (button) (small blind) collected ($6)
Seat 5: diRon1980 (big blind) folded before Flop


PokerStars Hand #170301867071:  Hold'em Limit ($3/$6 USD) - 2017/05/12 4:04:47 ET
Table 'Amphitrite II' 6-max Seat #5 is the button
Seat 4: MTails ($104.03 in chips)
Seat 5: diRon1980 ($92.10 in chips)
diRon1980: posts small blind $1
MTails: posts big blind $3
*** HOLE CARDS ***
diRon1980: raises $3 to $6
MTails: raises $3 to $9
diRon1980: calls $3
*** FLOP *** [7h 9h Qs]
MTails: bets $3
diRon1980: calls $3
*** TURN *** [7h 9h Qs] [Ah]
MTails: checks
diRon1980: bets $6
MTails: folds
Uncalled bet ($6) returned to diRon1980
diRon1980 collected $23.52 from pot
diRon1980: doesn't show hand
*** SUMMARY ***
Total pot $24 | Rake $0.48
Board [7h 9h Qs Ah]
Seat 4: MTails (big blind) folded on the Turn
Seat 5: diRon1980 (button) (small blind) collected ($23.52)


PokerStars Hand #170301901394:  Hold'em Limit ($3/$6 USD) - 2017/05/12 4:06:39 ET
Table 'Amphitrite II' 6-max Seat #4 is the button
Seat 4: MTails ($76.03 in chips)
Seat 5: diRon1980 ($118.88 in chips)
MTails: posts small blind $1
diRon1980: posts big blind $3
*** HOLE CARDS ***
MTails: raises $3 to $6
diRon1980: calls $3
*** FLOP *** [Ts 4s Qh]
diRon1980: checks
MTails: bets $3
diRon1980: calls $3
*** TURN *** [Ts 4s Qh] [Ks]
diRon1980: checks
MTails: checks
*** RIVER *** [Ts 4s Qh Ks] [3d]
diRon1980: bets $6
MTails: folds
Uncalled bet ($6) returned to diRon1980
diRon1980 collected $17.64 from pot
diRon1980: doesn't show hand
*** SUMMARY ***
Total pot $18 | Rake $0.36
Board [Ts 4s Qh Ks 3d]
Seat 4: MTails (button) (small blind) folded on the River
Seat 5: diRon1980 (big blind) collected ($17.64)


PokerStars Hand #170301896704:  Hold'em Limit ($3/$6 USD) - 2017/05/12 4:06:23 ET
Table 'Amphitrite II' 6-max Seat #5 is the button
Seat 4: MTails ($82.03 in chips)
Seat 5: diRon1980 ($113.12 in chips)
diRon1980: posts small blind $1
MTails: posts big blind $3
*** HOLE CARDS ***
diRon1980: raises $3 to $6
MTails: calls $3
*** FLOP *** [Td Jh 8c]
MTails: checks
diRon1980: bets $3
MTails: folds
Uncalled bet ($3) returned to diRon1980
diRon1980 collected $11.76 from pot
diRon1980: doesn't show hand
*** SUMMARY ***
Total pot $12 | Rake $0.24
Board [Td Jh 8c]
Seat 4: MTails (big blind) folded on the Flop
Seat 5: diRon1980 (button) (small blind) collected ($11.76)


PokerStars Hand #170301894368:  Hold'em Limit ($3/$6 USD) - 2017/05/12 4:06:16 ET
Table 'Amphitrite II' 6-max Seat #4 is the button
Seat 4: MTails ($79.03 in chips)
Seat 5: diRon1980 ($116.12 in chips)
MTails: posts small blind $1
diRon1980: posts big blind $3
*** HOLE CARDS ***
MTails: raises $3 to $6
diRon1980: folds
Uncalled bet ($3) returned to MTails
MTails collected $6 from pot
*** SUMMARY ***
Total pot $6 | Rake $0
Seat 4: MTails (button) (small blind) collected ($6)
Seat 5: diRon1980 (big blind) folded before Flop


PokerStars Hand #170301886779:  Hold'em Limit ($3/$6 USD) - 2017/05/12 4:05:51 ET
Table 'Amphitrite II' 6-max Seat #5 is the button
Seat 4: MTails ($103.03 in chips)
Seat 5: diRon1980 ($92.62 in chips)
diRon1980: posts small blind $1
MTails: posts big blind $3
*** HOLE CARDS ***
diRon1980: raises $3 to $6
MTails: raises $3 to $9
diRon1980: calls $3
*** FLOP *** [6s 5c 5d]
MTails: bets $3
diRon1980: calls $3
*** TURN *** [6s 5c 5d] [Ks]
MTails: bets $6
diRon1980: calls $6
*** RIVER *** [6s 5c 5d Ks] [Ah]
MTails: bets $6
diRon1980: calls $6
*** SHOW DOWN ***
MTails: shows [7h 3d] (a pair of Fives)
diRon1980: shows [Kd 9h] (two pair, Kings and Fives)
diRon1980 collected $47.50 from pot
*** SUMMARY ***
Total pot $48 | Rake $0.50
Board [6s 5c 5d Ks Ah]
Seat 4: MTails (big blind) showed [7h 3d] and lost with a pair of Fives
Seat 5: diRon1980 (button) (small blind) showed [Kd 9h] and won ($47.50) with two pair, Kings and Fives


PokerStars Hand #170301924868:  Hold'em Limit ($3/$6 USD) - 2017/05/12 4:07:55 ET
Table 'Amphitrite II' 6-max Seat #4 is the button
Seat 4: MTails ($114.03 in chips)
Seat 5: diRon1980 ($140.02 in chips)
MTails: posts small blind $1
diRon1980: posts big blind $3
*** HOLE CARDS ***
MTails: raises $3 to $6
diRon1980: folds
Uncalled bet ($3) returned to MTails
MTails collected $6 from pot
*** SUMMARY ***
Total pot $6 | Rake $0
Seat 4: MTails (button) (small blind) collected ($6)
Seat 5: diRon1980 (big blind) folded before Flop


PokerStars Hand #170301922610:  Hold'em Limit ($3/$6 USD) - 2017/05/12 4:07:47 ET
Table 'Amphitrite II' 6-max Seat #5 is the button
Seat 4: MTails ($113.03 in chips)
Seat 5: diRon1980 ($141.02 in chips)
diRon1980: posts small blind $1
MTails: posts big blind $3
*** HOLE CARDS ***
diRon1980: folds
Uncalled bet ($2) returned to MTails
MTails collected $2 from pot
*** SUMMARY ***
Total pot $2 | Rake $0
Seat 4: MTails (big blind) collected ($2)
Seat 5: diRon1980 (button) (small blind) folded before Flop


PokerStars Hand #170301910876:  Hold'em Limit ($3/$6 USD) - 2017/05/12 4:07:09 ET
Table 'Amphitrite II' 6-max Seat #4 is the button
Seat 4: MTails ($128.03 in chips)
Seat 5: diRon1980 ($126.52 in chips)
MTails: posts small blind $1
diRon1980: posts big blind $3
*** HOLE CARDS ***
MTails: raises $3 to $6
diRon1980: calls $3
*** FLOP *** [Qc Kc 9h]
diRon1980: checks
MTails: bets $3
diRon1980: calls $3
*** TURN *** [Qc Kc 9h] [Kd]
diRon1980: checks
MTails: bets $6
diRon1980: calls $6
*** RIVER *** [Qc Kc 9h Kd] [Js]
diRon1980: bets $6
MTails: folds
Uncalled bet ($6) returned to diRon1980
diRon1980 collected $29.50 from pot
diRon1980: doesn't show hand
*** SUMMARY ***
Total pot $30 | Rake $0.50
Board [Qc Kc 9h Kd Js]
Seat 4: MTails (button) (small blind) folded on the River
Seat 5: diRon1980 (big blind) collected ($29.50)


PokerStars Hand #170301908849:  Hold'em Limit ($3/$6 USD) - 2017/05/12 4:07:03 ET
Table 'Amphitrite II' 6-max Seat #5 is the button
Seat 4: MTails ($127.03 in chips)
Seat 5: diRon1980 ($127.52 in chips)
diRon1980: posts small blind $1
MTails: posts big blind $3
*** HOLE CARDS ***
diRon1980: folds
Uncalled bet ($2) returned to MTails
MTails collected $2 from pot
*** SUMMARY ***
Total pot $2 | Rake $0
Seat 4: MTails (big blind) collected ($2)
Seat 5: diRon1980 (button) (small blind) folded before Flop


PokerStars Hand #170301942756:  Hold'em Limit ($3/$6 USD) - 2017/05/12 4:08:53 ET
Table 'Amphitrite II' 6-max Seat #4 is the button
Seat 4: MTails ($103.03 in chips)
Seat 5: diRon1980 ($150.52 in chips)
MTails: posts small blind $1
diRon1980: posts big blind $3
*** HOLE CARDS ***
MTails: raises $3 to $6
diRon1980: folds
Uncalled bet ($3) returned to MTails
MTails collected $6 from pot
*** SUMMARY ***
Total pot $6 | Rake $0
Seat 4: MTails (button) (small blind) collected ($6)
Seat 5: diRon1980 (big blind) folded before Flop


PokerStars Hand #170301941221:  Hold'em Limit ($3/$6 USD) - 2017/05/12 4:08:48 ET
Table 'Amphitrite II' 6-max Seat #5 is the button
Seat 4: MTails ($102.03 in chips)
Seat 5: diRon1980 ($151.52 in chips)
diRon1980: posts small blind $1
MTails: posts big blind $3
*** HOLE CARDS ***
diRon1980: folds
Uncalled bet ($2) returned to MTails
MTails collected $2 from pot
*** SUMMARY ***
Total pot $2 | Rake $0
Seat 4: MTails (big blind) collected ($2)
Seat 5: diRon1980 (button) (small blind) folded before Flop


PokerStars Hand #170301936648:  Hold'em Limit ($3/$6 USD) - 2017/05/12 4:08:33 ET
Table 'Amphitrite II' 6-max Seat #4 is the button
Seat 4: MTails ($99.03 in chips)
Seat 5: diRon1980 ($154.52 in chips)
MTails: posts small blind $1
diRon1980: posts big blind $3
*** HOLE CARDS ***
MTails: raises $3 to $6
diRon1980: folds
Uncalled bet ($3) returned to MTails
MTails collected $6 from pot
*** SUMMARY ***
Total pot $6 | Rake $0
Seat 4: MTails (button) (small blind) collected ($6)
Seat 5: diRon1980 (big blind) folded before Flop


PokerStars Hand #170301926900:  Hold'em Limit ($3/$6 USD) - 2017/05/12 4:08:02 ET
Table 'Amphitrite II' 6-max Seat #5 is the button
Seat 4: MTails ($117.03 in chips)
Seat 5: diRon1980 ($137.02 in chips)
diRon1980: posts small blind $1
MTails: posts big blind $3
*** HOLE CARDS ***
diRon1980: raises $3 to $6
MTails: raises $3 to $9
diRon1980: calls $3
*** FLOP *** [Th 3s 9s]
MTails: bets $3
diRon1980: calls $3
*** TURN *** [Th 3s 9s] [Ks]
MTails: bets $6
diRon1980: calls $6
*** RIVER *** [Th 3s 9s Ks] [8d]
MTails: checks
diRon1980: bets $6
MTails: folds
Uncalled bet ($6) returned to diRon1980
diRon1980 collected $35.50 from pot
diRon1980: doesn't show hand
*** SUMMARY ***
Total pot $36 | Rake $0.50
Board [Th 3s 9s Ks 8d]
Seat 4: MTails (big blind) folded on the River
Seat 5: diRon1980 (button) (small blind) collected ($35.50)


PokerStars Hand #170301958239:  Hold'em Limit ($3/$6 USD) - 2017/05/12 4:09:43 ET
Table 'Amphitrite II' 6-max Seat #4 is the button
Seat 4: MTails ($91.03 in chips)
Seat 5: diRon1980 ($162.02 in chips)
MTails: posts small blind $1
diRon1980: posts big blind $3
*** HOLE CARDS ***
MTails: raises $3 to $6
diRon1980: folds
Uncalled bet ($3) returned to MTails
MTails collected $6 from pot
MTails: doesn't show hand
*** SUMMARY ***
Total pot $6 | Rake $0
Seat 4: MTails (button) (small blind) collected ($6)
Seat 5: diRon1980 (big blind) folded before Flop


PokerStars Hand #170301950184:  Hold'em Limit ($3/$6 USD) - 2017/05/12 4:09:17 ET
Table 'Amphitrite II' 6-max Seat #5 is the button
Seat 4: MTails ($106.03 in chips)
Seat 5: diRon1980 ($147.52 in chips)
diRon1980: posts small blind $1
MTails: posts big blind $3
*** HOLE CARDS ***
diRon1980: raises $3 to $6
MTails: calls $3
*** FLOP *** [2c Qs 5h]
MTails: checks
diRon1980: bets $3
MTails: calls $3
*** TURN *** [2c Qs 5h] [3d]
MTails: checks
diRon1980: bets $6
MTails: calls $6
*** RIVER *** [2c Qs 5h 3d] [9d]
MTails: checks
diRon1980: bets $6
MTails: folds
Uncalled bet ($6) returned to diRon1980
diRon1980 collected $29.50 from pot
diRon1980: doesn't show hand
*** SUMMARY ***
Total pot $30 | Rake $0.50
Board [2c Qs 5h 3d 9d]
Seat 4: MTails (big blind) folded on the River
Seat 5: diRon1980 (button) (small blind) collected ($29.50)


PokerStars Hand #170301945970:  Hold'em Limit ($3/$6 USD) - 2017/05/12 4:09:03 ET
Table 'Amphitrite II' 6-max Seat #5 is the button
Seat 4: MTails ($106.03 in chips)
Seat 5: diRon1980 ($147.52 in chips)
diRon1980: posts small blind $1
MTails: posts big blind $3
*** HOLE CARDS ***
diRon1980: folds
Uncalled bet ($2) returned to MTails
MTails collected $2 from pot
*** SUMMARY ***
Total pot $2 | Rake $0
Seat 4: MTails (big blind) collected ($2)
Seat 5: diRon1980 (button) (small blind) folded before Flop


PokerStars Hand #170301975394:  Hold'em Limit ($3/$6 USD) - 2017/05/12 4:10:23 ET
Table 'Amphitrite II' 6-max Seat #4 is the button
Seat 4: MTails ($117.53 in chips)
Seat 5: diRon1980 ($135.02 in chips)
MTails: posts small blind $1
diRon1980: posts big blind $3
*** HOLE CARDS ***
MTails: raises $3 to $6
diRon1980: calls $3
*** FLOP *** [8d Qs 6c]
diRon1980: bets $3
MTails: calls $3
*** TURN *** [8d Qs 6c] [Js]
diRon1980: bets $6
MTails: raises $6 to $12
diRon1980: calls $6
*** RIVER *** [8d Qs 6c Js] [6d]
diRon1980: checks
MTails: bets $6
diRon1980: folds
Uncalled bet ($6) returned to MTails
MTails collected $41.50 from pot
*** SUMMARY ***
Total pot $42 | Rake $0.50
Board [8d Qs 6c Js 6d]
Seat 4: MTails (button) (small blind) collected ($41.50)
Seat 5: diRon1980 (big blind) folded on the River


PokerStars Hand #170301960447:  Hold'em Limit ($3/$6 USD) - 2017/05/12 4:09:50 ET
Table 'Amphitrite II' 6-max Seat #5 is the button
Seat 4: MTails ($94.03 in chips)
Seat 5: diRon1980 ($159.02 in chips)
diRon1980: posts small blind $1
MTails: posts big blind $3
*** HOLE CARDS ***
diRon1980: raises $3 to $6
MTails: calls $3
*** FLOP *** [4h 8h 5d]
MTails: checks
diRon1980: bets $3
MTails: raises $3 to $6
diRon1980: calls $3
*** TURN *** [4h 8h 5d] [Qs]
MTails: bets $6
diRon1980: calls $6
*** RIVER *** [4h 8h 5d Qs] [Kd]
MTails: bets $6
diRon1980: calls $6
*** SHOW DOWN ***
MTails: shows [5c 8c] (two pair, Eights and Fives)
diRon1980: mucks hand
MTails collected $47.50 from pot
*** SUMMARY ***
Total pot $48 | Rake $0.50
Board [4h 8h 5d Qs Kd]
Seat 4: MTails (big blind) showed [5c 8c] and won ($47.50) with two pair, Eights and Fives
Seat 5: diRon1980 (button) (small blind) mucked


