PokerStars Hand #163938681688:  Hold'em Limit ($3/$6 USD) - 2017/01/02 18:04:54 ET
Table 'Amphitrite' 6-max Seat #5 is the button
Seat 3: Lucylove12 ($117.80 in chips)
Seat 5: GoliafUa ($117 in chips)
GoliafUa: posts small blind $1
Lucylove12: posts big blind $3
*** HOLE CARDS ***
GoliafUa: raises $3 to $6
Lucylove12: calls $3
*** FLOP *** [3c 4d 9c]
Lucylove12: bets $3
GoliafUa: calls $3
*** TURN *** [3c 4d 9c] [2s]
Lucylove12: bets $6
GoliafUa: calls $6
*** RIVER *** [3c 4d 9c 2s] [6s]
Lucylove12: bets $6
GoliafUa: raises $6 to $12
Lucylove12: folds
Uncalled bet ($6) returned to GoliafUa
GoliafUa collected $41.50 from pot
GoliafUa: doesn't show hand
*** SUMMARY ***
Total pot $42 | Rake $0.50
Board [3c 4d 9c 2s 6s]
Seat 3: Lucylove12 (big blind) folded on the River
Seat 5: GoliafUa (button) (small blind) collected ($41.50)


PokerStars Hand #163938753093:  Hold'em Limit ($3/$6 USD) - 2017/01/02 18:06:12 ET
Table 'Amphitrite' 6-max Seat #5 is the button
Seat 3: Lucylove12 ($75.44 in chips)
Seat 5: GoliafUa ($157.64 in chips)
GoliafUa: posts small blind $1
Lucylove12: posts big blind $3
*** HOLE CARDS ***
GoliafUa: raises $3 to $6
Lucylove12: calls $3
*** FLOP *** [Ts Ks Jc]
Lucylove12: checks
GoliafUa: bets $3
Lucylove12: calls $3
*** TURN *** [Ts Ks Jc] [Tc]
Lucylove12: checks
GoliafUa: bets $6
Lucylove12: calls $6
*** RIVER *** [Ts Ks Jc Tc] [9d]
Lucylove12: checks
GoliafUa: bets $6
Lucylove12: folds
Uncalled bet ($6) returned to GoliafUa
GoliafUa collected $29.50 from pot
GoliafUa: doesn't show hand
*** SUMMARY ***
Total pot $30 | Rake $0.50
Board [Ts Ks Jc Tc 9d]
Seat 3: Lucylove12 (big blind) folded on the River
Seat 5: GoliafUa (button) (small blind) collected ($29.50)


PokerStars Hand #163938736323:  Hold'em Limit ($3/$6 USD) - 2017/01/02 18:05:54 ET
Table 'Amphitrite' 6-max Seat #3 is the button
Seat 3: Lucylove12 ($96.44 in chips)
Seat 5: GoliafUa ($137.14 in chips)
Lucylove12: posts small blind $1
GoliafUa: posts big blind $3
*** HOLE CARDS ***
Lucylove12: raises $3 to $6
GoliafUa: calls $3
*** FLOP *** [Ad 4h 5h]
GoliafUa: checks
Lucylove12: bets $3
GoliafUa: raises $3 to $6
Lucylove12: raises $3 to $9
GoliafUa: calls $3
*** TURN *** [Ad 4h 5h] [3d]
GoliafUa: checks
Lucylove12: bets $6
GoliafUa: calls $6
*** RIVER *** [Ad 4h 5h 3d] [8h]
GoliafUa: checks
Lucylove12: checks
*** SHOW DOWN ***
GoliafUa: shows [3c 5c] (two pair, Fives and Threes)
Lucylove12: mucks hand
GoliafUa collected $41.50 from pot
*** SUMMARY ***
Total pot $42 | Rake $0.50
Board [Ad 4h 5h 3d 8h]
Seat 3: Lucylove12 (button) (small blind) mucked
Seat 5: GoliafUa (big blind) showed [3c 5c] and won ($41.50) with two pair, Fives and Threes


PokerStars Hand #163938723413:  Hold'em Limit ($3/$6 USD) - 2017/01/02 18:05:40 ET
Table 'Amphitrite' 6-max Seat #5 is the button
Seat 3: Lucylove12 ($87.80 in chips)
Seat 5: GoliafUa ($146.14 in chips)
GoliafUa: posts small blind $1
Lucylove12: posts big blind $3
*** HOLE CARDS ***
GoliafUa: raises $3 to $6
Lucylove12: raises $3 to $9
GoliafUa: calls $3
*** FLOP *** [Ac Qd 4s]
Lucylove12: bets $3
GoliafUa: folds
Uncalled bet ($3) returned to Lucylove12
Lucylove12 collected $17.64 from pot
Lucylove12: doesn't show hand
*** SUMMARY ***
Total pot $18 | Rake $0.36
Board [Ac Qd 4s]
Seat 3: Lucylove12 (big blind) collected ($17.64)
Seat 5: GoliafUa (button) (small blind) folded on the Flop


PokerStars Hand #163938708630:  Hold'em Limit ($3/$6 USD) - 2017/01/02 18:05:24 ET
Table 'Amphitrite' 6-max Seat #3 is the button
Seat 3: Lucylove12 ($96.80 in chips)
Seat 5: GoliafUa ($137.50 in chips)
Lucylove12: posts small blind $1
GoliafUa: posts big blind $3
*** HOLE CARDS ***
Lucylove12: calls $2
GoliafUa: raises $3 to $6
Lucylove12: calls $3
*** FLOP *** [5s Kd 3d]
GoliafUa: bets $3
Lucylove12: calls $3
*** TURN *** [5s Kd 3d] [9c]
GoliafUa: bets $6
Lucylove12: folds
Uncalled bet ($6) returned to GoliafUa
GoliafUa collected $17.64 from pot
GoliafUa: doesn't show hand
*** SUMMARY ***
Total pot $18 | Rake $0.36
Board [5s Kd 3d 9c]
Seat 3: Lucylove12 (button) (small blind) folded on the Turn
Seat 5: GoliafUa (big blind) collected ($17.64)


PokerStars Hand #163938804935:  Hold'em Limit ($3/$6 USD) - 2017/01/02 18:07:09 ET
Table 'Amphitrite' 6-max Seat #5 is the button
Seat 3: Lucylove12 ($65.84 in chips)
Seat 5: GoliafUa ($165.78 in chips)
GoliafUa: posts small blind $1
Lucylove12: posts big blind $3
*** HOLE CARDS ***
GoliafUa: raises $3 to $6
Lucylove12: calls $3
*** FLOP *** [Qh 9c Kh]
Lucylove12: checks
GoliafUa: bets $3
Lucylove12: folds
Uncalled bet ($3) returned to GoliafUa
GoliafUa collected $11.76 from pot
GoliafUa: doesn't show hand
*** SUMMARY ***
Total pot $12 | Rake $0.24
Board [Qh 9c Kh]
Seat 3: Lucylove12 (big blind) folded on the Flop
Seat 5: GoliafUa (button) (small blind) collected ($11.76)


PokerStars Hand #163938794416:  Hold'em Limit ($3/$6 USD) - 2017/01/02 18:06:58 ET
Table 'Amphitrite' 6-max Seat #3 is the button
Seat 3: Lucylove12 ($74.84 in chips)
Seat 5: GoliafUa ($157.14 in chips)
Lucylove12: posts small blind $1
GoliafUa: posts big blind $3
*** HOLE CARDS ***
Lucylove12: raises $3 to $6
GoliafUa: raises $3 to $9
Lucylove12: calls $3
*** FLOP *** [6h 4d Ks]
GoliafUa: bets $3
Lucylove12: folds
Uncalled bet ($3) returned to GoliafUa
GoliafUa collected $17.64 from pot
GoliafUa: doesn't show hand
*** SUMMARY ***
Total pot $18 | Rake $0.36
Board [6h 4d Ks]
Seat 3: Lucylove12 (button) (small blind) folded on the Flop
Seat 5: GoliafUa (big blind) collected ($17.64)


PokerStars Hand #163938779959:  Hold'em Limit ($3/$6 USD) - 2017/01/02 18:06:42 ET
Table 'Amphitrite' 6-max Seat #5 is the button
Seat 3: Lucylove12 ($66.20 in chips)
Seat 5: GoliafUa ($166.14 in chips)
GoliafUa: posts small blind $1
Lucylove12: posts big blind $3
*** HOLE CARDS ***
GoliafUa: raises $3 to $6
Lucylove12: calls $3
*** FLOP *** [2s Kc Js]
Lucylove12: checks
GoliafUa: bets $3
Lucylove12: calls $3
*** TURN *** [2s Kc Js] [8c]
Lucylove12: checks
GoliafUa: checks
*** RIVER *** [2s Kc Js 8c] [3s]
Lucylove12: bets $6
GoliafUa: folds
Uncalled bet ($6) returned to Lucylove12
Lucylove12 collected $17.64 from pot
Lucylove12: doesn't show hand
*** SUMMARY ***
Total pot $18 | Rake $0.36
Board [2s Kc Js 8c 3s]
Seat 3: Lucylove12 (big blind) collected ($17.64)
Seat 5: GoliafUa (button) (small blind) folded on the River


PokerStars Hand #163938770833:  Hold'em Limit ($3/$6 USD) - 2017/01/02 18:06:32 ET
Table 'Amphitrite' 6-max Seat #3 is the button
Seat 3: Lucylove12 ($60.44 in chips)
Seat 5: GoliafUa ($172.14 in chips)
Lucylove12: posts small blind $1
GoliafUa: posts big blind $3
*** HOLE CARDS ***
Lucylove12: raises $3 to $6
GoliafUa: calls $3
*** FLOP *** [3s 6d Kc]
GoliafUa: checks
Lucylove12: checks
*** TURN *** [3s 6d Kc] [Jh]
GoliafUa: checks
Lucylove12: bets $6
GoliafUa: folds
Uncalled bet ($6) returned to Lucylove12
Lucylove12 collected $11.76 from pot
Lucylove12: doesn't show hand
*** SUMMARY ***
Total pot $12 | Rake $0.24
Board [3s 6d Kc Jh]
Seat 3: Lucylove12 (button) (small blind) collected ($11.76)
Seat 5: GoliafUa (big blind) folded on the Turn


PokerStars Hand #163938868682:  Hold'em Limit ($3/$6 USD) - 2017/01/02 18:08:19 ET
Table 'Amphitrite' 6-max Seat #5 is the button
Seat 3: Lucylove12 ($94.84 in chips)
Seat 5: GoliafUa ($135.04 in chips)
GoliafUa: posts small blind $1
Lucylove12: posts big blind $3
*** HOLE CARDS ***
GoliafUa: folds
Uncalled bet ($2) returned to Lucylove12
Lucylove12 collected $2 from pot
Lucylove12: doesn't show hand
*** SUMMARY ***
Total pot $2 | Rake $0
Seat 3: Lucylove12 (big blind) collected ($2)
Seat 5: GoliafUa (button) (small blind) folded before Flop


PokerStars Hand #163938853176:  Hold'em Limit ($3/$6 USD) - 2017/01/02 18:08:02 ET
Table 'Amphitrite' 6-max Seat #3 is the button
Seat 3: Lucylove12 ($118.84 in chips)
Seat 5: GoliafUa ($111.54 in chips)
Lucylove12: posts small blind $1
GoliafUa: posts big blind $3
*** HOLE CARDS ***
Lucylove12: raises $3 to $6
GoliafUa: calls $3
*** FLOP *** [5c 7h 6h]
GoliafUa: checks
Lucylove12: bets $3
GoliafUa: raises $3 to $6
Lucylove12: calls $3
*** TURN *** [5c 7h 6h] [Ac]
GoliafUa: bets $6
Lucylove12: calls $6
*** RIVER *** [5c 7h 6h Ac] [Qd]
GoliafUa: checks
Lucylove12: bets $6
GoliafUa: calls $6
*** SHOW DOWN ***
Lucylove12: shows [2h 4d] (high card Ace)
GoliafUa: shows [5s 9d] (a pair of Fives)
GoliafUa collected $47.50 from pot
*** SUMMARY ***
Total pot $48 | Rake $0.50
Board [5c 7h 6h Ac Qd]
Seat 3: Lucylove12 (button) (small blind) showed [2h 4d] and lost with high card Ace
Seat 5: GoliafUa (big blind) showed [5s 9d] and won ($47.50) with a pair of Fives


PokerStars Hand #163938833227:  Hold'em Limit ($3/$6 USD) - 2017/01/02 18:07:40 ET
Table 'Amphitrite' 6-max Seat #5 is the button
Seat 3: Lucylove12 ($89.34 in chips)
Seat 5: GoliafUa ($141.54 in chips)
GoliafUa: posts small blind $1
Lucylove12: posts big blind $3
*** HOLE CARDS ***
GoliafUa: raises $3 to $6
Lucylove12: raises $3 to $9
GoliafUa: calls $3
*** FLOP *** [Jd 8s 6c]
Lucylove12: bets $3
GoliafUa: calls $3
*** TURN *** [Jd 8s 6c] [Tc]
Lucylove12: checks
GoliafUa: bets $6
Lucylove12: raises $6 to $12
GoliafUa: calls $6
*** RIVER *** [Jd 8s 6c Tc] [6s]
Lucylove12: bets $6
GoliafUa: calls $6
*** SHOW DOWN ***
Lucylove12: shows [9c Qs] (a straight, Eight to Queen)
GoliafUa: mucks hand
Lucylove12 collected $59.50 from pot
*** SUMMARY ***
Total pot $60 | Rake $0.50
Board [Jd 8s 6c Tc 6s]
Seat 3: Lucylove12 (big blind) showed [9c Qs] and won ($59.50) with a straight, Eight to Queen
Seat 5: GoliafUa (button) (small blind) mucked


PokerStars Hand #163938814909:  Hold'em Limit ($3/$6 USD) - 2017/01/02 18:07:20 ET
Table 'Amphitrite' 6-max Seat #3 is the button
Seat 3: Lucylove12 ($59.84 in chips)
Seat 5: GoliafUa ($171.54 in chips)
Lucylove12: posts small blind $1
GoliafUa: posts big blind $3
*** HOLE CARDS ***
Lucylove12: raises $3 to $6
GoliafUa: raises $3 to $9
Lucylove12: calls $3
*** FLOP *** [2c 4h 9h]
GoliafUa: bets $3
Lucylove12: calls $3
*** TURN *** [2c 4h 9h] [5c]
GoliafUa: bets $6
Lucylove12: raises $6 to $12
GoliafUa: calls $6
*** RIVER *** [2c 4h 9h 5c] [9c]
GoliafUa: checks
Lucylove12: bets $6
GoliafUa: calls $6
*** SHOW DOWN ***
Lucylove12: shows [9s Jc] (three of a kind, Nines)
GoliafUa: mucks hand
Lucylove12 collected $59.50 from pot
*** SUMMARY ***
Total pot $60 | Rake $0.50
Board [2c 4h 9h 5c 9c]
Seat 3: Lucylove12 (button) (small blind) showed [9s Jc] and won ($59.50) with three of a kind, Nines
Seat 5: GoliafUa (big blind) mucked


PokerStars Hand #163938926506:  Hold'em Limit ($3/$6 USD) - 2017/01/02 18:09:22 ET
Table 'Amphitrite' 6-max Seat #3 is the button
Seat 3: Lucylove12 ($93.48 in chips)
Seat 5: GoliafUa ($135.56 in chips)
Lucylove12: posts small blind $1
GoliafUa: posts big blind $3
*** HOLE CARDS ***
Lucylove12: folds
Uncalled bet ($2) returned to GoliafUa
GoliafUa collected $2 from pot
GoliafUa: doesn't show hand
*** SUMMARY ***
Total pot $2 | Rake $0
Seat 3: Lucylove12 (button) (small blind) folded before Flop
Seat 5: GoliafUa (big blind) collected ($2)


PokerStars Hand #163938920958:  Hold'em Limit ($3/$6 USD) - 2017/01/02 18:09:16 ET
Table 'Amphitrite' 6-max Seat #5 is the button
Seat 3: Lucylove12 ($92.48 in chips)
Seat 5: GoliafUa ($136.56 in chips)
GoliafUa: posts small blind $1
Lucylove12: posts big blind $3
*** HOLE CARDS ***
GoliafUa: folds
Uncalled bet ($2) returned to Lucylove12
Lucylove12 collected $2 from pot
Lucylove12: doesn't show hand
*** SUMMARY ***
Total pot $2 | Rake $0
Seat 3: Lucylove12 (big blind) collected ($2)
Seat 5: GoliafUa (button) (small blind) folded before Flop


PokerStars Hand #163938910841:  Hold'em Limit ($3/$6 USD) - 2017/01/02 18:09:05 ET
Table 'Amphitrite' 6-max Seat #3 is the button
Seat 3: Lucylove12 ($95.48 in chips)
Seat 5: GoliafUa ($133.68 in chips)
Lucylove12: posts small blind $1
GoliafUa: posts big blind $3
*** HOLE CARDS ***
Lucylove12: calls $2
GoliafUa: checks
*** FLOP *** [5h 8h Th]
GoliafUa: bets $3
Lucylove12: folds
Uncalled bet ($3) returned to GoliafUa
GoliafUa collected $5.88 from pot
GoliafUa: doesn't show hand
*** SUMMARY ***
Total pot $6 | Rake $0.12
Board [5h 8h Th]
Seat 3: Lucylove12 (button) (small blind) folded on the Flop
Seat 5: GoliafUa (big blind) collected ($5.88)


PokerStars Hand #163938887535:  Hold'em Limit ($3/$6 USD) - 2017/01/02 18:08:39 ET
Table 'Amphitrite' 6-max Seat #5 is the button
Seat 3: Lucylove12 ($104.48 in chips)
Seat 5: GoliafUa ($125.04 in chips)
GoliafUa: posts small blind $1
Lucylove12: posts big blind $3
*** HOLE CARDS ***
GoliafUa: raises $3 to $6
Lucylove12: calls $3
*** FLOP *** [5c Ts 6d]
Lucylove12: checks
GoliafUa: bets $3
Lucylove12: calls $3
*** TURN *** [5c Ts 6d] [2d]
Lucylove12: checks
GoliafUa: checks
*** RIVER *** [5c Ts 6d 2d] [7d]
Lucylove12: checks
GoliafUa: bets $6
Lucylove12: folds
Uncalled bet ($6) returned to GoliafUa
GoliafUa collected $17.64 from pot
GoliafUa: doesn't show hand
*** SUMMARY ***
Total pot $18 | Rake $0.36
Board [5c Ts 6d 2d 7d]
Seat 3: Lucylove12 (big blind) folded on the River
Seat 5: GoliafUa (button) (small blind) collected ($17.64)


PokerStars Hand #163938875668:  Hold'em Limit ($3/$6 USD) - 2017/01/02 18:08:27 ET
Table 'Amphitrite' 6-max Seat #3 is the button
Seat 3: Lucylove12 ($95.84 in chips)
Seat 5: GoliafUa ($134.04 in chips)
Lucylove12: posts small blind $1
GoliafUa: posts big blind $3
*** HOLE CARDS ***
Lucylove12: raises $3 to $6
GoliafUa: calls $3
*** FLOP *** [2d 5h 9d]
GoliafUa: checks
Lucylove12: bets $3
GoliafUa: calls $3
*** TURN *** [2d 5h 9d] [5s]
GoliafUa: checks
Lucylove12: bets $6
GoliafUa: folds
Uncalled bet ($6) returned to Lucylove12
Lucylove12 collected $17.64 from pot
*** SUMMARY ***
Total pot $18 | Rake $0.36
Board [2d 5h 9d 5s]
Seat 3: Lucylove12 (button) (small blind) collected ($17.64)
Seat 5: GoliafUa (big blind) folded on the Turn


PokerStars Hand #163938982017:  Hold'em Limit ($3/$6 USD) - 2017/01/02 18:10:24 ET
Table 'Amphitrite' 6-max Seat #3 is the button
Seat 3: Lucylove12 ($64.98 in chips)
Seat 5: GoliafUa ($162.56 in chips)
Lucylove12: posts small blind $1
GoliafUa: posts big blind $3
*** HOLE CARDS ***
Lucylove12: calls $2
GoliafUa: checks
*** FLOP *** [Qc 6s 4s]
GoliafUa: checks
Lucylove12: checks
*** TURN *** [Qc 6s 4s] [7h]
GoliafUa: checks
Lucylove12: bets $6
GoliafUa: folds
Uncalled bet ($6) returned to Lucylove12
Lucylove12 collected $5.88 from pot
Lucylove12: doesn't show hand
*** SUMMARY ***
Total pot $6 | Rake $0.12
Board [Qc 6s 4s 7h]
Seat 3: Lucylove12 (button) (small blind) collected ($5.88)
Seat 5: GoliafUa (big blind) folded on the Turn


PokerStars Hand #163938965224:  Hold'em Limit ($3/$6 USD) - 2017/01/02 18:10:05 ET
Table 'Amphitrite' 6-max Seat #5 is the button
Seat 3: Lucylove12 ($94.98 in chips)
Seat 5: GoliafUa ($133.06 in chips)
GoliafUa: posts small blind $1
Lucylove12: posts big blind $3
*** HOLE CARDS ***
GoliafUa: raises $3 to $6
Lucylove12: raises $3 to $9
GoliafUa: calls $3
*** FLOP *** [7h 5c 5h]
Lucylove12: bets $3
GoliafUa: calls $3
*** TURN *** [7h 5c 5h] [Qs]
Lucylove12: bets $6
GoliafUa: raises $6 to $12
Lucylove12: calls $6
*** RIVER *** [7h 5c 5h Qs] [Qh]
Lucylove12: checks
GoliafUa: bets $6
Lucylove12: calls $6
*** SHOW DOWN ***
GoliafUa: shows [Jd 5d] (a full house, Fives full of Queens)
Lucylove12: mucks hand
GoliafUa collected $59.50 from pot
*** SUMMARY ***
Total pot $60 | Rake $0.50
Board [7h 5c 5h Qs Qh]
Seat 3: Lucylove12 (big blind) mucked
Seat 5: GoliafUa (button) (small blind) showed [Jd 5d] and won ($59.50) with a full house, Fives full of Queens


PokerStars Hand #163938947476:  Hold'em Limit ($3/$6 USD) - 2017/01/02 18:09:45 ET
Table 'Amphitrite' 6-max Seat #3 is the button
Seat 3: Lucylove12 ($115.98 in chips)
Seat 5: GoliafUa ($112.56 in chips)
Lucylove12: posts small blind $1
GoliafUa: posts big blind $3
*** HOLE CARDS ***
Lucylove12: raises $3 to $6
GoliafUa: raises $3 to $9
Lucylove12: calls $3
*** FLOP *** [Jd 5s 7h]
GoliafUa: bets $3
Lucylove12: raises $3 to $6
GoliafUa: calls $3
*** TURN *** [Jd 5s 7h] [7d]
GoliafUa: checks
Lucylove12: bets $6
GoliafUa: calls $6
*** RIVER *** [Jd 5s 7h 7d] [5c]
GoliafUa: checks
Lucylove12: checks
*** SHOW DOWN ***
GoliafUa: shows [As 5d] (a full house, Fives full of Sevens)
Lucylove12: mucks hand
GoliafUa collected $41.50 from pot
*** SUMMARY ***
Total pot $42 | Rake $0.50
Board [Jd 5s 7h 7d 5c]
Seat 3: Lucylove12 (button) (small blind) mucked
Seat 5: GoliafUa (big blind) showed [As 5d] and won ($41.50) with a full house, Fives full of Sevens


PokerStars Hand #163938932254:  Hold'em Limit ($3/$6 USD) - 2017/01/02 18:09:29 ET
Table 'Amphitrite' 6-max Seat #5 is the button
Seat 3: Lucylove12 ($92.48 in chips)
Seat 5: GoliafUa ($136.56 in chips)
GoliafUa: posts small blind $1
Lucylove12: posts big blind $3
*** HOLE CARDS ***
GoliafUa: raises $3 to $6
Lucylove12: raises $3 to $9
GoliafUa: calls $3
*** FLOP *** [2s Jd 6c]
Lucylove12: bets $3
GoliafUa: calls $3
*** TURN *** [2s Jd 6c] [Ts]
Lucylove12: bets $6
GoliafUa: calls $6
*** RIVER *** [2s Jd 6c Ts] [Jc]
Lucylove12: bets $6
GoliafUa: calls $6
*** SHOW DOWN ***
Lucylove12: shows [2d 2h] (a full house, Deuces full of Jacks)
GoliafUa: mucks hand
Lucylove12 collected $47.50 from pot
*** SUMMARY ***
Total pot $48 | Rake $0.50
Board [2s Jd 6c Ts Jc]
Seat 3: Lucylove12 (big blind) showed [2d 2h] and won ($47.50) with a full house, Deuces full of Jacks
Seat 5: GoliafUa (button) (small blind) mucked


PokerStars Hand #163939037985:  Hold'em Limit ($3/$6 USD) - 2017/01/02 18:11:26 ET
Table 'Amphitrite' 6-max Seat #5 is the button
Seat 3: Lucylove12 ($89.24 in chips)
Seat 5: GoliafUa ($137.56 in chips)
GoliafUa: posts small blind $1
Lucylove12: posts big blind $3
*** HOLE CARDS ***
GoliafUa: raises $3 to $6
Lucylove12: folds
Uncalled bet ($3) returned to GoliafUa
GoliafUa collected $6 from pot
GoliafUa: doesn't show hand
*** SUMMARY ***
Total pot $6 | Rake $0
Seat 3: Lucylove12 (big blind) folded before Flop
Seat 5: GoliafUa (button) (small blind) collected ($6)


PokerStars Hand #163939022750:  Hold'em Limit ($3/$6 USD) - 2017/01/02 18:11:09 ET
Table 'Amphitrite' 6-max Seat #3 is the button
Seat 3: Lucylove12 ($86.36 in chips)
Seat 5: GoliafUa ($140.56 in chips)
Lucylove12: posts small blind $1
GoliafUa: posts big blind $3
*** HOLE CARDS ***
Lucylove12: calls $2
GoliafUa: checks
*** FLOP *** [Th Js Kc]
GoliafUa: checks
Lucylove12: bets $3
GoliafUa: folds
Uncalled bet ($3) returned to Lucylove12
Lucylove12 collected $5.88 from pot
Lucylove12: doesn't show hand
*** SUMMARY ***
Total pot $6 | Rake $0.12
Board [Th Js Kc]
Seat 3: Lucylove12 (button) (small blind) collected ($5.88)
Seat 5: GoliafUa (big blind) folded on the Flop


PokerStars Hand #163939007855:  Hold'em Limit ($3/$6 USD) - 2017/01/02 18:10:52 ET
Table 'Amphitrite' 6-max Seat #5 is the button
Seat 3: Lucylove12 ($71.86 in chips)
Seat 5: GoliafUa ($155.56 in chips)
GoliafUa: posts small blind $1
Lucylove12: posts big blind $3
*** HOLE CARDS ***
GoliafUa: raises $3 to $6
Lucylove12: calls $3
*** FLOP *** [7s 6h 5h]
Lucylove12: bets $3
GoliafUa: calls $3
*** TURN *** [7s 6h 5h] [Ts]
Lucylove12: checks
GoliafUa: bets $6
Lucylove12: calls $6
*** RIVER *** [7s 6h 5h Ts] [Td]
Lucylove12: checks
GoliafUa: checks
*** SHOW DOWN ***
Lucylove12: shows [6d Qh] (two pair, Tens and Sixes)
GoliafUa: mucks hand
Lucylove12 collected $29.50 from pot
*** SUMMARY ***
Total pot $30 | Rake $0.50
Board [7s 6h 5h Ts Td]
Seat 3: Lucylove12 (big blind) showed [6d Qh] and won ($29.50) with two pair, Tens and Sixes
Seat 5: GoliafUa (button) (small blind) mucked


PokerStars Hand #163939002743:  Hold'em Limit ($3/$6 USD) - 2017/01/02 18:10:47 ET
Table 'Amphitrite' 6-max Seat #3 is the button
Seat 3: Lucylove12 ($68.86 in chips)
Seat 5: GoliafUa ($158.56 in chips)
Lucylove12: posts small blind $1
GoliafUa: posts big blind $3
*** HOLE CARDS ***
Lucylove12: raises $3 to $6
GoliafUa: folds
Uncalled bet ($3) returned to Lucylove12
Lucylove12 collected $6 from pot
Lucylove12: doesn't show hand
*** SUMMARY ***
Total pot $6 | Rake $0
Seat 3: Lucylove12 (button) (small blind) collected ($6)
Seat 5: GoliafUa (big blind) folded before Flop


PokerStars Hand #163938994247:  Hold'em Limit ($3/$6 USD) - 2017/01/02 18:10:37 ET
Table 'Amphitrite' 6-max Seat #5 is the button
Seat 3: Lucylove12 ($67.86 in chips)
Seat 5: GoliafUa ($159.56 in chips)
GoliafUa: posts small blind $1
Lucylove12: posts big blind $3
*** HOLE CARDS ***
GoliafUa: folds
Uncalled bet ($2) returned to Lucylove12
Lucylove12 collected $2 from pot
Lucylove12: doesn't show hand
*** SUMMARY ***
Total pot $2 | Rake $0
Seat 3: Lucylove12 (big blind) collected ($2)
Seat 5: GoliafUa (button) (small blind) folded before Flop


PokerStars Hand #163939080294:  Hold'em Limit ($3/$6 USD) - 2017/01/02 18:12:12 ET
Table 'Amphitrite' 6-max Seat #3 is the button
Seat 3: Lucylove12 ($85.76 in chips)
Seat 5: GoliafUa ($140.08 in chips)
Lucylove12: posts small blind $1
GoliafUa: posts big blind $3
*** HOLE CARDS ***
Lucylove12: calls $2
GoliafUa: checks
*** FLOP *** [Ad 5c 8h]
GoliafUa: bets $3
Lucylove12: calls $3
*** TURN *** [Ad 5c 8h] [8c]
GoliafUa: bets $6
Lucylove12: calls $6
*** RIVER *** [Ad 5c 8h 8c] [Ts]
GoliafUa: checks
Lucylove12: bets $6
GoliafUa: calls $6
*** SHOW DOWN ***
Lucylove12: shows [8s Kh] (three of a kind, Eights)
GoliafUa: mucks hand
Lucylove12 collected $35.50 from pot
*** SUMMARY ***
Total pot $36 | Rake $0.50
Board [Ad 5c 8h 8c Ts]
Seat 3: Lucylove12 (button) (small blind) showed [8s Kh] and won ($35.50) with three of a kind, Eights
Seat 5: GoliafUa (big blind) mucked


PokerStars Hand #163939062793:  Hold'em Limit ($3/$6 USD) - 2017/01/02 18:11:53 ET
Table 'Amphitrite' 6-max Seat #5 is the button
Seat 3: Lucylove12 ($74.24 in chips)
Seat 5: GoliafUa ($152.08 in chips)
GoliafUa: posts small blind $1
Lucylove12: posts big blind $3
*** HOLE CARDS ***
GoliafUa: raises $3 to $6
Lucylove12: raises $3 to $9
GoliafUa: calls $3
*** FLOP *** [3d 5h Kh]
Lucylove12: bets $3
GoliafUa: calls $3
*** TURN *** [3d 5h Kh] [Kc]
Lucylove12: bets $6
GoliafUa: folds
Uncalled bet ($6) returned to Lucylove12
Lucylove12 collected $23.52 from pot
Lucylove12: doesn't show hand
*** SUMMARY ***
Total pot $24 | Rake $0.48
Board [3d 5h Kh Kc]
Seat 3: Lucylove12 (big blind) collected ($23.52)
Seat 5: GoliafUa (button) (small blind) folded on the Turn


PokerStars Hand #163939043500:  Hold'em Limit ($3/$6 USD) - 2017/01/02 18:11:32 ET
Table 'Amphitrite' 6-max Seat #3 is the button
Seat 3: Lucylove12 ($86.24 in chips)
Seat 5: GoliafUa ($140.56 in chips)
Lucylove12: posts small blind $1
GoliafUa: posts big blind $3
*** HOLE CARDS ***
Lucylove12: raises $3 to $6
GoliafUa: calls $3
*** FLOP *** [Qd 5d 5s]
GoliafUa: checks
Lucylove12: checks
*** TURN *** [Qd 5d 5s] [2s]
GoliafUa: checks
Lucylove12: bets $6
GoliafUa: calls $6
*** RIVER *** [Qd 5d 5s 2s] [5c]
GoliafUa: checks
Lucylove12: checks
*** SHOW DOWN ***
GoliafUa: shows [Ac 4d] (three of a kind, Fives)
Lucylove12: mucks hand
GoliafUa collected $23.52 from pot
*** SUMMARY ***
Total pot $24 | Rake $0.48
Board [Qd 5d 5s 2s 5c]
Seat 3: Lucylove12 (button) (small blind) mucked
Seat 5: GoliafUa (big blind) showed [Ac 4d] and won ($23.52) with three of a kind, Fives


PokerStars Hand #163939136328:  Hold'em Limit ($3/$6 USD) - 2017/01/02 18:13:13 ET
Table 'Amphitrite' 6-max Seat #3 is the button
Seat 3: Lucylove12 ($84.76 in chips)
Seat 5: GoliafUa ($139.22 in chips)
Lucylove12: posts small blind $1
GoliafUa: posts big blind $3
*** HOLE CARDS ***
Lucylove12: raises $3 to $6
GoliafUa: calls $3
*** FLOP *** [9d 3c 7h]
GoliafUa: checks
Lucylove12: bets $3
GoliafUa: raises $3 to $6
Lucylove12: calls $3
*** TURN *** [9d 3c 7h] [Qd]
GoliafUa: bets $6
Lucylove12: calls $6
*** RIVER *** [9d 3c 7h Qd] [Jc]
GoliafUa: bets $6
Lucylove12: raises $6 to $12
GoliafUa: folds
Uncalled bet ($6) returned to Lucylove12
Lucylove12 collected $47.50 from pot
*** SUMMARY ***
Total pot $48 | Rake $0.50
Board [9d 3c 7h Qd Jc]
Seat 3: Lucylove12 (button) (small blind) collected ($47.50)
Seat 5: GoliafUa (big blind) folded on the River


PokerStars Hand #163939123325:  Hold'em Limit ($3/$6 USD) - 2017/01/02 18:12:59 ET
Table 'Amphitrite' 6-max Seat #5 is the button
Seat 3: Lucylove12 ($108.76 in chips)
Seat 5: GoliafUa ($115.72 in chips)
GoliafUa: posts small blind $1
Lucylove12: posts big blind $3
*** HOLE CARDS ***
GoliafUa: raises $3 to $6
Lucylove12: raises $3 to $9
GoliafUa: calls $3
*** FLOP *** [Kc 8c 4d]
Lucylove12: bets $3
GoliafUa: calls $3
*** TURN *** [Kc 8c 4d] [Qs]
Lucylove12: bets $6
GoliafUa: calls $6
*** RIVER *** [Kc 8c 4d Qs] [8h]
Lucylove12: bets $6
GoliafUa: calls $6
*** SHOW DOWN ***
Lucylove12: shows [Jh Ad] (a pair of Eights)
GoliafUa: shows [4s 9c] (two pair, Eights and Fours)
GoliafUa collected $47.50 from pot
*** SUMMARY ***
Total pot $48 | Rake $0.50
Board [Kc 8c 4d Qs 8h]
Seat 3: Lucylove12 (big blind) showed [Jh Ad] and lost with a pair of Eights
Seat 5: GoliafUa (button) (small blind) showed [4s 9c] and won ($47.50) with two pair, Eights and Fours


PokerStars Hand #163939107044:  Hold'em Limit ($3/$6 USD) - 2017/01/02 18:12:41 ET
Table 'Amphitrite' 6-max Seat #3 is the button
Seat 3: Lucylove12 ($94.26 in chips)
Seat 5: GoliafUa ($130.72 in chips)
Lucylove12: posts small blind $1
GoliafUa: posts big blind $3
*** HOLE CARDS ***
Lucylove12: calls $2
GoliafUa: checks
*** FLOP *** [Ac Kd Kh]
GoliafUa: checks
Lucylove12: checks
*** TURN *** [Ac Kd Kh] [3c]
GoliafUa: checks
Lucylove12: bets $6
GoliafUa: calls $6
*** RIVER *** [Ac Kd Kh 3c] [2d]
GoliafUa: checks
Lucylove12: bets $6
GoliafUa: calls $6
*** SHOW DOWN ***
Lucylove12: shows [5c Ah] (two pair, Aces and Kings)
GoliafUa: mucks hand
Lucylove12 collected $29.50 from pot
*** SUMMARY ***
Total pot $30 | Rake $0.50
Board [Ac Kd Kh 3c 2d]
Seat 3: Lucylove12 (button) (small blind) showed [5c Ah] and won ($29.50) with two pair, Aces and Kings
Seat 5: GoliafUa (big blind) mucked


PokerStars Hand #163939093726:  Hold'em Limit ($3/$6 USD) - 2017/01/02 18:12:27 ET
Table 'Amphitrite' 6-max Seat #5 is the button
Seat 3: Lucylove12 ($103.26 in chips)
Seat 5: GoliafUa ($122.08 in chips)
GoliafUa: posts small blind $1
Lucylove12: posts big blind $3
*** HOLE CARDS ***
GoliafUa: raises $3 to $6
Lucylove12: calls $3
*** FLOP *** [Jd 3s 7d]
Lucylove12: checks
GoliafUa: bets $3
Lucylove12: calls $3
*** TURN *** [Jd 3s 7d] [As]
Lucylove12: checks
GoliafUa: bets $6
Lucylove12: folds
Uncalled bet ($6) returned to GoliafUa
GoliafUa collected $17.64 from pot
GoliafUa: doesn't show hand
*** SUMMARY ***
Total pot $18 | Rake $0.36
Board [Jd 3s 7d As]
Seat 3: Lucylove12 (big blind) folded on the Turn
Seat 5: GoliafUa (button) (small blind) collected ($17.64)


PokerStars Hand #163939200663:  Hold'em Limit ($3/$6 USD) - 2017/01/02 18:14:23 ET
Table 'Amphitrite' 6-max Seat #3 is the button
Seat 3: Lucylove12 ($125.40 in chips)
Seat 5: GoliafUa ($96.98 in chips)
Lucylove12: posts small blind $1
GoliafUa: posts big blind $3
*** HOLE CARDS ***
Lucylove12: raises $3 to $6
GoliafUa: calls $3
*** FLOP *** [5s 2h 8h]
GoliafUa: checks
Lucylove12: bets $3
GoliafUa: calls $3
*** TURN *** [5s 2h 8h] [Th]
GoliafUa: checks
Lucylove12: checks
*** RIVER *** [5s 2h 8h Th] [Td]
GoliafUa: checks
Lucylove12: bets $6
GoliafUa: calls $6
*** SHOW DOWN ***
Lucylove12: shows [Jh 2s] (two pair, Tens and Deuces)
GoliafUa: mucks hand
Lucylove12 collected $29.50 from pot
*** SUMMARY ***
Total pot $30 | Rake $0.50
Board [5s 2h 8h Th Td]
Seat 3: Lucylove12 (button) (small blind) showed [Jh 2s] and won ($29.50) with two pair, Tens and Deuces
Seat 5: GoliafUa (big blind) mucked


PokerStars Hand #163939189238:  Hold'em Limit ($3/$6 USD) - 2017/01/02 18:14:11 ET
Table 'Amphitrite' 6-max Seat #5 is the button
Seat 3: Lucylove12 ($131.40 in chips)
Seat 5: GoliafUa ($91.22 in chips)
GoliafUa: posts small blind $1
Lucylove12: posts big blind $3
*** HOLE CARDS ***
GoliafUa: raises $3 to $6
Lucylove12: calls $3
*** FLOP *** [Jd 5h Jh]
Lucylove12: checks
GoliafUa: bets $3
Lucylove12: folds
Uncalled bet ($3) returned to GoliafUa
GoliafUa collected $11.76 from pot
GoliafUa: doesn't show hand
*** SUMMARY ***
Total pot $12 | Rake $0.24
Board [Jd 5h Jh]
Seat 3: Lucylove12 (big blind) folded on the Flop
Seat 5: GoliafUa (button) (small blind) collected ($11.76)


PokerStars Hand #163939176312:  Hold'em Limit ($3/$6 USD) - 2017/01/02 18:13:57 ET
Table 'Amphitrite' 6-max Seat #3 is the button
Seat 3: Lucylove12 ($122.76 in chips)
Seat 5: GoliafUa ($100.22 in chips)
Lucylove12: posts small blind $1
GoliafUa: posts big blind $3
*** HOLE CARDS ***
Lucylove12: calls $2
GoliafUa: checks
*** FLOP *** [Tc 2c 6s]
GoliafUa: checks
Lucylove12: checks
*** TURN *** [Tc 2c 6s] [Ts]
GoliafUa: checks
Lucylove12: bets $6
GoliafUa: calls $6
*** RIVER *** [Tc 2c 6s Ts] [3s]
GoliafUa: checks
Lucylove12: checks
*** SHOW DOWN ***
GoliafUa: shows [Kh 4s] (a pair of Tens)
Lucylove12: shows [3h 5c] (two pair, Tens and Threes)
Lucylove12 collected $17.64 from pot
*** SUMMARY ***
Total pot $18 | Rake $0.36
Board [Tc 2c 6s Ts 3s]
Seat 3: Lucylove12 (button) (small blind) showed [3h 5c] and won ($17.64) with two pair, Tens and Threes
Seat 5: GoliafUa (big blind) showed [Kh 4s] and lost with a pair of Tens


PokerStars Hand #163939156223:  Hold'em Limit ($3/$6 USD) - 2017/01/02 18:13:35 ET
Table 'Amphitrite' 6-max Seat #5 is the button
Seat 3: Lucylove12 ($108.26 in chips)
Seat 5: GoliafUa ($115.22 in chips)
GoliafUa: posts small blind $1
Lucylove12: posts big blind $3
*** HOLE CARDS ***
GoliafUa: raises $3 to $6
Lucylove12: calls $3
*** FLOP *** [6d 7h 4h]
Lucylove12: checks
GoliafUa: bets $3
Lucylove12: calls $3
*** TURN *** [6d 7h 4h] [7c]
Lucylove12: checks
GoliafUa: bets $6
Lucylove12: calls $6
*** RIVER *** [6d 7h 4h 7c] [5h]
Lucylove12: checks
GoliafUa: checks
*** SHOW DOWN ***
Lucylove12: shows [Kh As] (a pair of Sevens)
GoliafUa: mucks hand
Lucylove12 collected $29.50 from pot
*** SUMMARY ***
Total pot $30 | Rake $0.50
Board [6d 7h 4h 7c 5h]
Seat 3: Lucylove12 (big blind) showed [Kh As] and won ($29.50) with a pair of Sevens
Seat 5: GoliafUa (button) (small blind) mucked


PokerStars Hand #163939252542:  Hold'em Limit ($3/$6 USD) - 2017/01/02 18:15:20 ET
Table 'Amphitrite' 6-max Seat #3 is the button
Seat 3: Lucylove12 ($152.40 in chips)
Seat 5: GoliafUa ($128.74 in chips)
Lucylove12: posts small blind $1
GoliafUa: posts big blind $3
*** HOLE CARDS ***
Lucylove12: calls $2
GoliafUa: raises $3 to $6
Lucylove12: calls $3
*** FLOP *** [4d 9d Kc]
GoliafUa: bets $3
Lucylove12: folds
Uncalled bet ($3) returned to GoliafUa
GoliafUa collected $11.76 from pot
GoliafUa: doesn't show hand
*** SUMMARY ***
Total pot $12 | Rake $0.24
Board [4d 9d Kc]
Seat 3: Lucylove12 (button) (small blind) folded on the Flop
Seat 5: GoliafUa (big blind) collected ($11.76)


PokerStars Hand #163939247782:  Hold'em Limit ($3/$6 USD) - 2017/01/02 18:15:15 ET
Table 'Amphitrite' 6-max Seat #5 is the button
Seat 3: Lucylove12 ($151.40 in chips)
Seat 5: GoliafUa ($129.74 in chips)
GoliafUa: posts small blind $1
Lucylove12: posts big blind $3
*** HOLE CARDS ***
GoliafUa: folds
Uncalled bet ($2) returned to Lucylove12
Lucylove12 collected $2 from pot
*** SUMMARY ***
Total pot $2 | Rake $0
Seat 3: Lucylove12 (big blind) collected ($2)
Seat 5: GoliafUa (button) (small blind) folded before Flop


PokerStars Hand #163939231759:  Hold'em Limit ($3/$6 USD) - 2017/01/02 18:14:57 ET
Table 'Amphitrite' 6-max Seat #3 is the button
Seat 3: Lucylove12 ($157.40 in chips)
Seat 5: GoliafUa ($123.98 in chips)
Lucylove12: posts small blind $1
GoliafUa: posts big blind $3
*** HOLE CARDS ***
Lucylove12: calls $2
GoliafUa: raises $3 to $6
Lucylove12: calls $3
*** FLOP *** [Jc 3h 4s]
GoliafUa: bets $3
Lucylove12: folds
Uncalled bet ($3) returned to GoliafUa
GoliafUa collected $11.76 from pot
GoliafUa: doesn't show hand
*** SUMMARY ***
Total pot $12 | Rake $0.24
Board [Jc 3h 4s]
Seat 3: Lucylove12 (button) (small blind) folded on the Flop
Seat 5: GoliafUa (big blind) collected ($11.76)


PokerStars Hand #163939215453:  Hold'em Limit ($3/$6 USD) - 2017/01/02 18:14:39 ET
Table 'Amphitrite' 6-max Seat #5 is the button
Seat 3: Lucylove12 ($139.90 in chips)
Seat 5: GoliafUa ($81.98 in chips)
GoliafUa: posts small blind $1
Lucylove12: posts big blind $3
*** HOLE CARDS ***
GoliafUa: raises $3 to $6
Lucylove12: raises $3 to $9
GoliafUa: calls $3
*** FLOP *** [Td 4c Jd]
Lucylove12: bets $3
GoliafUa: calls $3
*** TURN *** [Td 4c Jd] [5d]
Lucylove12: bets $6
GoliafUa: calls $6
*** RIVER *** [Td 4c Jd 5d] [As]
Lucylove12: bets $6
GoliafUa: folds
Uncalled bet ($6) returned to Lucylove12
Lucylove12 collected $35.50 from pot
Lucylove12: doesn't show hand
*** SUMMARY ***
Total pot $36 | Rake $0.50
Board [Td 4c Jd 5d As]
Seat 3: Lucylove12 (big blind) collected ($35.50)
Seat 5: GoliafUa (button) (small blind) folded on the River


PokerStars Hand #163939312825:  Hold'em Limit ($3/$6 USD) - 2017/01/02 18:16:27 ET
Table 'Amphitrite' 6-max Seat #3 is the button
Seat 3: Lucylove12 ($166.44 in chips)
Seat 5: GoliafUa ($113.26 in chips)
Lucylove12: posts small blind $1
GoliafUa: posts big blind $3
*** HOLE CARDS ***
Lucylove12: raises $3 to $6
GoliafUa: folds
Uncalled bet ($3) returned to Lucylove12
Lucylove12 collected $6 from pot
Lucylove12: doesn't show hand
*** SUMMARY ***
Total pot $6 | Rake $0
Seat 3: Lucylove12 (button) (small blind) collected ($6)
Seat 5: GoliafUa (big blind) folded before Flop


PokerStars Hand #163939260748:  Hold'em Limit ($3/$6 USD) - 2017/01/02 18:15:29 ET
Table 'Amphitrite' 6-max Seat #5 is the button
Seat 3: Lucylove12 ($146.40 in chips)
Seat 5: GoliafUa ($134.50 in chips)
GoliafUa: posts small blind $1
Lucylove12: posts big blind $3
*** HOLE CARDS ***
GoliafUa: raises $3 to $6
Lucylove12: calls $3
*** FLOP *** [Kd 7s 9h]
Lucylove12: checks
GoliafUa: bets $3
Lucylove12: folds
Uncalled bet ($3) returned to GoliafUa
GoliafUa collected $11.76 from pot
GoliafUa: doesn't show hand
*** SUMMARY ***
Total pot $12 | Rake $0.24
Board [Kd 7s 9h]
Seat 3: Lucylove12 (big blind) folded on the Flop
Seat 5: GoliafUa (button) (small blind) collected ($11.76)


PokerStars Hand #163939271677:  Hold'em Limit ($3/$6 USD) - 2017/01/02 18:15:41 ET
Table 'Amphitrite' 6-max Seat #3 is the button
Seat 3: Lucylove12 ($140.40 in chips)
Seat 5: GoliafUa ($140.26 in chips)
Lucylove12: posts small blind $1
GoliafUa: posts big blind $3
*** HOLE CARDS ***
Lucylove12: calls $2
GoliafUa: checks
*** FLOP *** [Qd 2h Ts]
GoliafUa: checks
Lucylove12: bets $3
GoliafUa: folds
Uncalled bet ($3) returned to Lucylove12
Lucylove12 collected $5.88 from pot
Lucylove12: doesn't show hand
*** SUMMARY ***
Total pot $6 | Rake $0.12
Board [Qd 2h Ts]
Seat 3: Lucylove12 (button) (small blind) collected ($5.88)
Seat 5: GoliafUa (big blind) folded on the Flop


PokerStars Hand #163939280669:  Hold'em Limit ($3/$6 USD) - 2017/01/02 18:15:51 ET
Table 'Amphitrite' 6-max Seat #5 is the button
Seat 3: Lucylove12 ($143.28 in chips)
Seat 5: GoliafUa ($137.26 in chips)
GoliafUa: posts small blind $1
Lucylove12: posts big blind $3
*** HOLE CARDS ***
GoliafUa: raises $3 to $6
Lucylove12: calls $3
*** FLOP *** [4s 8d Td]
Lucylove12: checks
GoliafUa: bets $3
Lucylove12: calls $3
*** TURN *** [4s 8d Td] [2d]
Lucylove12: checks
GoliafUa: checks
*** RIVER *** [4s 8d Td 2d] [7c]
Lucylove12: bets $6
GoliafUa: folds
Uncalled bet ($6) returned to Lucylove12
Lucylove12 collected $17.64 from pot
Lucylove12: doesn't show hand
*** SUMMARY ***
Total pot $18 | Rake $0.36
Board [4s 8d Td 2d 7c]
Seat 3: Lucylove12 (big blind) collected ($17.64)
Seat 5: GoliafUa (button) (small blind) folded on the River


PokerStars Hand #163939294461:  Hold'em Limit ($3/$6 USD) - 2017/01/02 18:16:07 ET
Table 'Amphitrite' 6-max Seat #3 is the button
Seat 3: Lucylove12 ($151.92 in chips)
Seat 5: GoliafUa ($128.26 in chips)
Lucylove12: posts small blind $1
GoliafUa: posts big blind $3
*** HOLE CARDS ***
Lucylove12: raises $3 to $6
GoliafUa: folds
Uncalled bet ($3) returned to Lucylove12
Lucylove12 collected $6 from pot
Lucylove12: doesn't show hand
*** SUMMARY ***
Total pot $6 | Rake $0
Seat 3: Lucylove12 (button) (small blind) collected ($6)
Seat 5: GoliafUa (big blind) folded before Flop


PokerStars Hand #163939300491:  Hold'em Limit ($3/$6 USD) - 2017/01/02 18:16:13 ET
Table 'Amphitrite' 6-max Seat #5 is the button
Seat 3: Lucylove12 ($154.92 in chips)
Seat 5: GoliafUa ($125.26 in chips)
GoliafUa: posts small blind $1
Lucylove12: posts big blind $3
*** HOLE CARDS ***
GoliafUa: raises $3 to $6
Lucylove12: calls $3
*** FLOP *** [2h Qd 3h]
Lucylove12: checks
GoliafUa: bets $3
Lucylove12: raises $3 to $6
GoliafUa: calls $3
*** TURN *** [2h Qd 3h] [Kd]
Lucylove12: bets $6
GoliafUa: folds
Uncalled bet ($6) returned to Lucylove12
Lucylove12 collected $23.52 from pot
Lucylove12: doesn't show hand
*** SUMMARY ***
Total pot $24 | Rake $0.48
Board [2h Qd 3h Kd]
Seat 3: Lucylove12 (big blind) collected ($23.52)
Seat 5: GoliafUa (button) (small blind) folded on the Turn


PokerStars Hand #163939318308:  Hold'em Limit ($3/$6 USD) - 2017/01/02 18:16:33 ET
Table 'Amphitrite' 6-max Seat #5 is the button
Seat 3: Lucylove12 ($169.44 in chips)
Seat 5: GoliafUa ($110.26 in chips)
GoliafUa: posts small blind $1
Lucylove12: posts big blind $3
*** HOLE CARDS ***
GoliafUa: raises $3 to $6
Lucylove12: raises $3 to $9
GoliafUa: calls $3
*** FLOP *** [5h Ac Jc]
Lucylove12: bets $3
GoliafUa: folds
Uncalled bet ($3) returned to Lucylove12
Lucylove12 collected $17.64 from pot
*** SUMMARY ***
Total pot $18 | Rake $0.36
Board [5h Ac Jc]
Seat 3: Lucylove12 (big blind) collected ($17.64)
Seat 5: GoliafUa (button) (small blind) folded on the Flop


PokerStars Hand #163939326135:  Hold'em Limit ($3/$6 USD) - 2017/01/02 18:16:41 ET
Table 'Amphitrite' 6-max Seat #3 is the button
Seat 3: Lucylove12 ($178.08 in chips)
Seat 5: GoliafUa ($101.26 in chips)
Lucylove12: posts small blind $1
GoliafUa: posts big blind $3
*** HOLE CARDS ***
Lucylove12: raises $3 to $6
GoliafUa: calls $3
*** FLOP *** [Jd 5d Kd]
GoliafUa: checks
Lucylove12: bets $3
GoliafUa: calls $3
*** TURN *** [Jd 5d Kd] [8c]
GoliafUa: checks
Lucylove12: bets $6
GoliafUa: calls $6
*** RIVER *** [Jd 5d Kd 8c] [Ks]
GoliafUa: checks
Lucylove12: bets $6
GoliafUa: calls $6
*** SHOW DOWN ***
Lucylove12: shows [Td Kc] (three of a kind, Kings)
GoliafUa: mucks hand
Lucylove12 collected $41.50 from pot
*** SUMMARY ***
Total pot $42 | Rake $0.50
Board [Jd 5d Kd 8c Ks]
Seat 3: Lucylove12 (button) (small blind) showed [Td Kc] and won ($41.50) with three of a kind, Kings
Seat 5: GoliafUa (big blind) mucked


PokerStars Hand #163939341306:  Hold'em Limit ($3/$6 USD) - 2017/01/02 18:16:58 ET
Table 'Amphitrite' 6-max Seat #5 is the button
Seat 3: Lucylove12 ($198.58 in chips)
Seat 5: GoliafUa ($140.26 in chips)
GoliafUa: posts small blind $1
Lucylove12: posts big blind $3
*** HOLE CARDS ***
GoliafUa: raises $3 to $6
Lucylove12: calls $3
*** FLOP *** [2c Qd Ad]
Lucylove12: checks
GoliafUa: bets $3
Lucylove12: folds
Uncalled bet ($3) returned to GoliafUa
GoliafUa collected $11.76 from pot
GoliafUa: doesn't show hand
*** SUMMARY ***
Total pot $12 | Rake $0.24
Board [2c Qd Ad]
Seat 3: Lucylove12 (big blind) folded on the Flop
Seat 5: GoliafUa (button) (small blind) collected ($11.76)


PokerStars Hand #163939351426:  Hold'em Limit ($3/$6 USD) - 2017/01/02 18:17:09 ET
Table 'Amphitrite' 6-max Seat #3 is the button
Seat 3: Lucylove12 ($192.58 in chips)
Seat 5: GoliafUa ($146.02 in chips)
Lucylove12: posts small blind $1
GoliafUa: posts big blind $3
*** HOLE CARDS ***
Lucylove12: raises $3 to $6
GoliafUa: calls $3
*** FLOP *** [6s 7c 3s]
GoliafUa: checks
Lucylove12: bets $3
GoliafUa: calls $3
*** TURN *** [6s 7c 3s] [Ah]
GoliafUa: checks
Lucylove12: bets $6
GoliafUa: folds
Uncalled bet ($6) returned to Lucylove12
Lucylove12 collected $17.64 from pot
Lucylove12: doesn't show hand
*** SUMMARY ***
Total pot $18 | Rake $0.36
Board [6s 7c 3s Ah]
Seat 3: Lucylove12 (button) (small blind) collected ($17.64)
Seat 5: GoliafUa (big blind) folded on the Turn


PokerStars Hand #163939363663:  Hold'em Limit ($3/$6 USD) - 2017/01/02 18:17:23 ET
Table 'Amphitrite' 6-max Seat #5 is the button
Seat 3: Lucylove12 ($201.22 in chips)
Seat 5: GoliafUa ($137.02 in chips)
GoliafUa: posts small blind $1
Lucylove12: posts big blind $3
*** HOLE CARDS ***
GoliafUa: raises $3 to $6
Lucylove12: calls $3
*** FLOP *** [3s 8c 7c]
Lucylove12: checks
GoliafUa: bets $3
Lucylove12: calls $3
*** TURN *** [3s 8c 7c] [Jh]
Lucylove12: bets $6
GoliafUa: calls $6
*** RIVER *** [3s 8c 7c Jh] [2h]
Lucylove12: bets $6
GoliafUa: calls $6
*** SHOW DOWN ***
Lucylove12: shows [Kc 9s] (high card King)
GoliafUa: shows [5c Jd] (a pair of Jacks)
GoliafUa collected $41.50 from pot
*** SUMMARY ***
Total pot $42 | Rake $0.50
Board [3s 8c 7c Jh 2h]
Seat 3: Lucylove12 (big blind) showed [Kc 9s] and lost with high card King
Seat 5: GoliafUa (button) (small blind) showed [5c Jd] and won ($41.50) with a pair of Jacks


PokerStars Hand #163939380610:  Hold'em Limit ($3/$6 USD) - 2017/01/02 18:17:42 ET
Table 'Amphitrite' 6-max Seat #3 is the button
Seat 3: Lucylove12 ($180.22 in chips)
Seat 5: GoliafUa ($157.52 in chips)
Lucylove12: posts small blind $1
GoliafUa: posts big blind $3
*** HOLE CARDS ***
Lucylove12: raises $3 to $6
GoliafUa: calls $3
*** FLOP *** [3d 4h 8s]
GoliafUa: checks
Lucylove12: bets $3
GoliafUa: raises $3 to $6
Lucylove12: calls $3
*** TURN *** [3d 4h 8s] [Ah]
GoliafUa: bets $6
Lucylove12: calls $6
*** RIVER *** [3d 4h 8s Ah] [9s]
GoliafUa: bets $6
Lucylove12: calls $6
*** SHOW DOWN ***
GoliafUa: shows [4d Qd] (a pair of Fours)
Lucylove12: shows [Kh 4c] (a pair of Fours - Ace+King kicker)
Lucylove12 collected $47.50 from pot
*** SUMMARY ***
Total pot $48 | Rake $0.50
Board [3d 4h 8s Ah 9s]
Seat 3: Lucylove12 (button) (small blind) showed [Kh 4c] and won ($47.50) with a pair of Fours
Seat 5: GoliafUa (big blind) showed [4d Qd] and lost with a pair of Fours


PokerStars Hand #163939395379:  Hold'em Limit ($3/$6 USD) - 2017/01/02 18:17:58 ET
Table 'Amphitrite' 6-max Seat #5 is the button
Seat 3: Lucylove12 ($203.72 in chips)
Seat 5: GoliafUa ($133.52 in chips)
GoliafUa: posts small blind $1
Lucylove12: posts big blind $3
*** HOLE CARDS ***
GoliafUa: raises $3 to $6
Lucylove12: calls $3
*** FLOP *** [3h 6h 5d]
Lucylove12: checks
GoliafUa: bets $3
Lucylove12: calls $3
*** TURN *** [3h 6h 5d] [Kd]
Lucylove12: checks
GoliafUa: bets $6
Lucylove12: calls $6
*** RIVER *** [3h 6h 5d Kd] [5s]
Lucylove12: checks
GoliafUa: bets $6
Lucylove12: folds
Uncalled bet ($6) returned to GoliafUa
GoliafUa collected $29.50 from pot
GoliafUa: doesn't show hand
*** SUMMARY ***
Total pot $30 | Rake $0.50
Board [3h 6h 5d Kd 5s]
Seat 3: Lucylove12 (big blind) folded on the River
Seat 5: GoliafUa (button) (small blind) collected ($29.50)


PokerStars Hand #163939415997:  Hold'em Limit ($3/$6 USD) - 2017/01/02 18:18:21 ET
Table 'Amphitrite' 6-max Seat #3 is the button
Seat 3: Lucylove12 ($188.72 in chips)
Seat 5: GoliafUa ($148.02 in chips)
Lucylove12: posts small blind $1
GoliafUa: posts big blind $3
*** HOLE CARDS ***
Lucylove12: raises $3 to $6
GoliafUa: calls $3
*** FLOP *** [Td Jd 5c]
GoliafUa: checks
Lucylove12: bets $3
GoliafUa: folds
Uncalled bet ($3) returned to Lucylove12
Lucylove12 collected $11.76 from pot
Lucylove12: doesn't show hand
*** SUMMARY ***
Total pot $12 | Rake $0.24
Board [Td Jd 5c]
Seat 3: Lucylove12 (button) (small blind) collected ($11.76)
Seat 5: GoliafUa (big blind) folded on the Flop


PokerStars Hand #163939435051:  Hold'em Limit ($3/$6 USD) - 2017/01/02 18:18:42 ET
Table 'Amphitrite' 6-max Seat #3 is the button
Seat 3: Lucylove12 ($203.12 in chips)
Seat 5: GoliafUa ($133.02 in chips)
Lucylove12: posts small blind $1
GoliafUa: posts big blind $3
*** HOLE CARDS ***
Lucylove12: raises $3 to $6
GoliafUa: folds
Uncalled bet ($3) returned to Lucylove12
Lucylove12 collected $6 from pot
Lucylove12: doesn't show hand
*** SUMMARY ***
Total pot $6 | Rake $0
Seat 3: Lucylove12 (button) (small blind) collected ($6)
Seat 5: GoliafUa (big blind) folded before Flop


PokerStars Hand #163939424990:  Hold'em Limit ($3/$6 USD) - 2017/01/02 18:18:31 ET
Table 'Amphitrite' 6-max Seat #5 is the button
Seat 3: Lucylove12 ($194.48 in chips)
Seat 5: GoliafUa ($142.02 in chips)
GoliafUa: posts small blind $1
Lucylove12: posts big blind $3
*** HOLE CARDS ***
GoliafUa: raises $3 to $6
Lucylove12: raises $3 to $9
GoliafUa: calls $3
*** FLOP *** [3d Jh Ts]
Lucylove12: bets $3
GoliafUa: folds
Uncalled bet ($3) returned to Lucylove12
Lucylove12 collected $17.64 from pot
Lucylove12: doesn't show hand
*** SUMMARY ***
Total pot $18 | Rake $0.36
Board [3d Jh Ts]
Seat 3: Lucylove12 (big blind) collected ($17.64)
Seat 5: GoliafUa (button) (small blind) folded on the Flop


PokerStars Hand #163939440856:  Hold'em Limit ($3/$6 USD) - 2017/01/02 18:18:49 ET
Table 'Amphitrite' 6-max Seat #5 is the button
Seat 3: Lucylove12 ($206.12 in chips)
Seat 5: GoliafUa ($130.02 in chips)
GoliafUa: posts small blind $1
Lucylove12: posts big blind $3
*** HOLE CARDS ***
GoliafUa: raises $3 to $6
Lucylove12: calls $3
*** FLOP *** [4d Qs Ks]
Lucylove12: checks
GoliafUa: checks
*** TURN *** [4d Qs Ks] [3h]
Lucylove12: bets $6
GoliafUa: folds
Uncalled bet ($6) returned to Lucylove12
Lucylove12 collected $11.76 from pot
Lucylove12: doesn't show hand
*** SUMMARY ***
Total pot $12 | Rake $0.24
Board [4d Qs Ks 3h]
Seat 3: Lucylove12 (big blind) collected ($11.76)
Seat 5: GoliafUa (button) (small blind) folded on the Turn


PokerStars Hand #163939462541:  Hold'em Limit ($3/$6 USD) - 2017/01/02 18:19:13 ET
Table 'Amphitrite' 6-max Seat #5 is the button
Seat 3: Lucylove12 ($202.88 in chips)
Seat 5: GoliafUa ($132.66 in chips)
GoliafUa: posts small blind $1
Lucylove12: posts big blind $3
*** HOLE CARDS ***
GoliafUa: folds
Uncalled bet ($2) returned to Lucylove12
Lucylove12 collected $2 from pot
Lucylove12: doesn't show hand
*** SUMMARY ***
Total pot $2 | Rake $0
Seat 3: Lucylove12 (big blind) collected ($2)
Seat 5: GoliafUa (button) (small blind) folded before Flop


PokerStars Hand #163939451107:  Hold'em Limit ($3/$6 USD) - 2017/01/02 18:19:00 ET
Table 'Amphitrite' 6-max Seat #3 is the button
Seat 3: Lucylove12 ($211.88 in chips)
Seat 5: GoliafUa ($124.02 in chips)
Lucylove12: posts small blind $1
GoliafUa: posts big blind $3
*** HOLE CARDS ***
Lucylove12: calls $2
GoliafUa: checks
*** FLOP *** [5s Jd Ts]
GoliafUa: checks
Lucylove12: checks
*** TURN *** [5s Jd Ts] [7h]
GoliafUa: checks
Lucylove12: checks
*** RIVER *** [5s Jd Ts 7h] [7c]
GoliafUa: checks
Lucylove12: bets $6
GoliafUa: calls $6
*** SHOW DOWN ***
Lucylove12: shows [2c 9d] (a pair of Sevens)
GoliafUa: shows [Kh 3c] (a pair of Sevens - King kicker)
GoliafUa collected $17.64 from pot
*** SUMMARY ***
Total pot $18 | Rake $0.36
Board [5s Jd Ts 7h 7c]
Seat 3: Lucylove12 (button) (small blind) showed [2c 9d] and lost with a pair of Sevens
Seat 5: GoliafUa (big blind) showed [Kh 3c] and won ($17.64) with a pair of Sevens


PokerStars Hand #163939467212:  Hold'em Limit ($3/$6 USD) - 2017/01/02 18:19:18 ET
Table 'Amphitrite' 6-max Seat #3 is the button
Seat 3: Lucylove12 ($203.88 in chips)
Seat 5: GoliafUa ($131.66 in chips)
Lucylove12: posts small blind $1
GoliafUa: posts big blind $3
*** HOLE CARDS ***
Lucylove12: raises $3 to $6
GoliafUa: calls $3
*** FLOP *** [7h 4s 9s]
GoliafUa: checks
Lucylove12: bets $3
GoliafUa: raises $3 to $6
Lucylove12: calls $3
*** TURN *** [7h 4s 9s] [3c]
GoliafUa: bets $6
Lucylove12: calls $6
*** RIVER *** [7h 4s 9s 3c] [As]
racingchanga joins the table at seat #1
GoliafUa: bets $6
Lucylove12: folds
Uncalled bet ($6) returned to GoliafUa
GoliafUa collected $35.50 from pot
GoliafUa: doesn't show hand
*** SUMMARY ***
Total pot $36 | Rake $0.50
Board [7h 4s 9s 3c As]
Seat 3: Lucylove12 (button) (small blind) folded on the River
Seat 5: GoliafUa (big blind) collected ($35.50)


