PokerStars Hand #169770445896:  Hold'em Limit ($3/$6 USD) - 2017/04/30 14:00:50 ET
Table 'Amphitrite II' 6-max Seat #3 is the button
Seat 2: sussie118 ($120 in chips)
Seat 3: Ale4o ($120 in chips)
Ale4o: posts small blind $1
GoliafUa: is sitting out
sussie118: posts big blind $3
*** HOLE CARDS ***
Ale4o: raises $3 to $6
sussie118: raises $3 to $9
Ale4o: calls $3
*** FLOP *** [6c 7d 7s]
sussie118: bets $3
Ale4o: calls $3
*** TURN *** [6c 7d 7s] [Ad]
sussie118: bets $6
Ale4o: calls $6
*** RIVER *** [6c 7d 7s Ad] [Kc]
sussie118: bets $6
Ale4o: calls $6
*** SHOW DOWN ***
sussie118: shows [Ac Kd] (two pair, Aces and Kings)
Ale4o: mucks hand
sussie118 collected $47.50 from pot
*** SUMMARY ***
Total pot $48 | Rake $0.50
Board [6c 7d 7s Ad Kc]
Seat 2: sussie118 (big blind) showed [Ac Kd] and won ($47.50) with two pair, Aces and Kings
Seat 3: Ale4o (button) (small blind) mucked


PokerStars Hand #169770479564:  Hold'em Limit ($3/$6 USD) - 2017/04/30 14:01:37 ET
Table 'Amphitrite II' 6-max Seat #3 is the button
Seat 2: sussie118 ($164 in chips)
Seat 3: Ale4o ($75 in chips)
Ale4o: posts small blind $1
sussie118: posts big blind $3
*** HOLE CARDS ***
Ale4o: raises $3 to $6
sussie118: calls $3
*** FLOP *** [5s 7s 8d]
sussie118: checks
Ale4o: bets $3
sussie118: calls $3
*** TURN *** [5s 7s 8d] [3c]
sussie118: checks
Ale4o: bets $6
sussie118: raises $6 to $12
Ale4o: raises $6 to $18
sussie118: calls $6
*** RIVER *** [5s 7s 8d 3c] [7c]
sussie118: checks
Ale4o: bets $6
sussie118: calls $6
*** SHOW DOWN ***
Ale4o: shows [6h 9c] (a straight, Five to Nine)
sussie118: mucks hand
Ale4o collected $65.50 from pot
*** SUMMARY ***
Total pot $66 | Rake $0.50
Board [5s 7s 8d 3c 7c]
Seat 2: sussie118 (big blind) mucked
Seat 3: Ale4o (button) (small blind) showed [6h 9c] and won ($65.50) with a straight, Five to Nine


PokerStars Hand #169770466808:  Hold'em Limit ($3/$6 USD) - 2017/04/30 14:01:19 ET
Table 'Amphitrite II' 6-max Seat #2 is the button
Seat 2: sussie118 ($143.50 in chips)
Seat 3: Ale4o ($96 in chips)
sussie118: posts small blind $1
Ale4o: posts big blind $3
*** HOLE CARDS ***
sussie118: raises $3 to $6
Ale4o: calls $3
*** FLOP *** [Jc 4d 8s]
Ale4o: checks
sussie118: bets $3
Ale4o: calls $3
*** TURN *** [Jc 4d 8s] [Qd]
Ale4o: checks
sussie118: bets $6
Ale4o: calls $6
*** RIVER *** [Jc 4d 8s Qd] [4h]
Ale4o: checks
sussie118: bets $6
Ale4o: calls $6
*** SHOW DOWN ***
sussie118: shows [9c Qs] (two pair, Queens and Fours)
Ale4o: mucks hand
sussie118 collected $41.50 from pot
*** SUMMARY ***
Total pot $42 | Rake $0.50
Board [Jc 4d 8s Qd 4h]
Seat 2: sussie118 (button) (small blind) showed [9c Qs] and won ($41.50) with two pair, Queens and Fours
Seat 3: Ale4o (big blind) mucked


PokerStars Hand #169770513868:  Hold'em Limit ($3/$6 USD) - 2017/04/30 14:02:18 ET
Table 'Amphitrite II' 6-max Seat #3 is the button
Seat 2: sussie118 ($151.50 in chips)
Seat 3: Ale4o ($86.50 in chips)
Ale4o: posts small blind $1
sussie118: posts big blind $3
*** HOLE CARDS ***
Ale4o: raises $3 to $6
sussie118: calls $3
*** FLOP *** [7d Ad Js]
sussie118: checks
Ale4o: checks
*** TURN *** [7d Ad Js] [5d]
sussie118: checks
Ale4o: checks
*** RIVER *** [7d Ad Js 5d] [6d]
sussie118: bets $6
Ale4o: folds
Uncalled bet ($6) returned to sussie118
sussie118 collected $11.76 from pot
sussie118: doesn't show hand
*** SUMMARY ***
Total pot $12 | Rake $0.24
Board [7d Ad Js 5d 6d]
Seat 2: sussie118 (big blind) collected ($11.76)
Seat 3: Ale4o (button) (small blind) folded on the River


PokerStars Hand #169770501030:  Hold'em Limit ($3/$6 USD) - 2017/04/30 14:02:03 ET
Table 'Amphitrite II' 6-max Seat #2 is the button
Seat 2: sussie118 ($131 in chips)
Seat 3: Ale4o ($107.50 in chips)
sussie118: posts small blind $1
Ale4o: posts big blind $3
*** HOLE CARDS ***
sussie118: calls $2
Ale4o: raises $3 to $6
sussie118: calls $3
*** FLOP *** [Ac 9d 9s]
Ale4o: bets $3
sussie118: calls $3
*** TURN *** [Ac 9d 9s] [4c]
Ale4o: checks
sussie118: bets $6
Ale4o: calls $6
*** RIVER *** [Ac 9d 9s 4c] [6d]
Ale4o: checks
sussie118: bets $6
Ale4o: calls $6
*** SHOW DOWN ***
sussie118: shows [4h Kd] (two pair, Nines and Fours)
Ale4o: mucks hand
sussie118 collected $41.50 from pot
*** SUMMARY ***
Total pot $42 | Rake $0.50
Board [Ac 9d 9s 4c 6d]
Seat 2: sussie118 (button) (small blind) showed [4h Kd] and won ($41.50) with two pair, Nines and Fours
Seat 3: Ale4o (big blind) mucked


PokerStars Hand #169770527052:  Hold'em Limit ($3/$6 USD) - 2017/04/30 14:02:35 ET
Table 'Amphitrite II' 6-max Seat #2 is the button
Seat 2: sussie118 ($157.26 in chips)
Seat 3: Ale4o ($80.50 in chips)
sussie118: posts small blind $1
Ale4o: posts big blind $3
*** HOLE CARDS ***
sussie118: calls $2
Ale4o: raises $3 to $6
sussie118: calls $3
*** FLOP *** [5c 9d Td]
Ale4o: bets $3
sussie118: calls $3
*** TURN *** [5c 9d Td] [5s]
Ale4o: bets $6
sussie118: raises $6 to $12
Ale4o: raises $6 to $18
sussie118: calls $6
*** RIVER *** [5c 9d Td 5s] [2s]
Ale4o: bets $6
Student12406 joins the table at seat #4
sussie118: calls $6
*** SHOW DOWN ***
Ale4o: shows [5h Kc] (three of a kind, Fives)
sussie118: mucks hand
Ale4o collected $65.50 from pot
*** SUMMARY ***
Total pot $66 | Rake $0.50
Board [5c 9d Td 5s 2s]
Seat 2: sussie118 (button) (small blind) mucked
Seat 3: Ale4o (big blind) showed [5h Kc] and won ($65.50) with three of a kind, Fives


PokerStars Hand #169771169382:  Hold'em Limit ($3/$6 USD) - 2017/04/30 14:14:33 ET
Table 'Amphitrite II' 6-max Seat #3 is the button
Seat 2: sussie118 ($80.48 in chips)
Seat 3: Ale4o ($208.11 in chips)
Ale4o: posts small blind $1
deluxe: is sitting out
sussie118: posts big blind $3
*** HOLE CARDS ***
Ale4o: raises $3 to $6
sussie118: calls $3
*** FLOP *** [5h 9h Ad]
sussie118: checks
Ale4o: bets $3
sussie118: folds
Uncalled bet ($3) returned to Ale4o
Ale4o collected $11.76 from pot
Ale4o: doesn't show hand
*** SUMMARY ***
Total pot $12 | Rake $0.24
Board [5h 9h Ad]
Seat 2: sussie118 (big blind) folded on the Flop
Seat 3: Ale4o (button) (small blind) collected ($11.76)


PokerStars Hand #169771196180:  Hold'em Limit ($3/$6 USD) - 2017/04/30 14:15:03 ET
Table 'Amphitrite II' 6-max Seat #3 is the button
Seat 2: sussie118 ($44.48 in chips)
Seat 3: Ale4o ($243.37 in chips)
Ale4o: posts small blind $1
sussie118: posts big blind $3
*** HOLE CARDS ***
Ale4o: raises $3 to $6
sussie118: raises $3 to $9
Ale4o: calls $3
*** FLOP *** [Ah 3h 9h]
sussie118: bets $3
Ale4o: raises $3 to $6
sussie118: folds
Uncalled bet ($3) returned to Ale4o
Ale4o collected $23.52 from pot
Ale4o: doesn't show hand
*** SUMMARY ***
Total pot $24 | Rake $0.48
Board [Ah 3h 9h]
Seat 2: sussie118 (big blind) folded on the Flop
Seat 3: Ale4o (button) (small blind) collected ($23.52)


PokerStars Hand #169771180623:  Hold'em Limit ($3/$6 USD) - 2017/04/30 14:14:46 ET
Table 'Amphitrite II' 6-max Seat #2 is the button
Seat 2: sussie118 ($74.48 in chips)
Seat 3: Ale4o ($213.87 in chips)
sussie118: posts small blind $1
Ale4o: posts big blind $3
*** HOLE CARDS ***
sussie118: raises $3 to $6
Ale4o: calls $3
*** FLOP *** [7h Qd 6s]
Ale4o: checks
sussie118: bets $3
Ale4o: raises $3 to $6
sussie118: calls $3
*** TURN *** [7h Qd 6s] [6c]
Ale4o: bets $6
sussie118: calls $6
*** RIVER *** [7h Qd 6s 6c] [5s]
Ale4o: checks
sussie118: bets $6
Ale4o: raises $6 to $12
sussie118: calls $6
*** SHOW DOWN ***
Ale4o: shows [4d 3c] (a straight, Three to Seven)
sussie118: mucks hand
Ale4o collected $59.50 from pot
*** SUMMARY ***
Total pot $60 | Rake $0.50
Board [7h Qd 6s 6c 5s]
Seat 2: sussie118 (button) (small blind) mucked
Seat 3: Ale4o (big blind) showed [4d 3c] and won ($59.50) with a straight, Three to Seven


PokerStars Hand #169771225977:  Hold'em Limit ($3/$6 USD) - 2017/04/30 14:15:35 ET
Table 'Amphitrite II' 6-max Seat #2 is the button
Seat 2: sussie118 ($42.12 in chips)
Seat 3: Ale4o ($244.89 in chips)
sussie118: posts small blind $1
Ale4o: posts big blind $3
*** HOLE CARDS ***
sussie118: raises $3 to $6
Ale4o: calls $3
*** FLOP *** [Kc 6h 3s]
Ale4o: checks
sussie118: bets $3
Ale4o: calls $3
*** TURN *** [Kc 6h 3s] [2d]
Ale4o: checks
sussie118: checks
*** RIVER *** [Kc 6h 3s 2d] [Jd]
Ale4o: bets $6
sussie118: folds
Uncalled bet ($6) returned to Ale4o
Ale4o collected $17.64 from pot
Ale4o: doesn't show hand
*** SUMMARY ***
Total pot $18 | Rake $0.36
Board [Kc 6h 3s 2d Jd]
Seat 2: sussie118 (button) (small blind) folded on the River
Seat 3: Ale4o (big blind) collected ($17.64)


PokerStars Hand #169771240528:  Hold'em Limit ($3/$6 USD) - 2017/04/30 14:15:51 ET
Table 'Amphitrite II' 6-max Seat #3 is the button
Seat 2: sussie118 ($33.12 in chips)
Seat 3: Ale4o ($253.53 in chips)
Ale4o: posts small blind $1
sussie118: posts big blind $3
*** HOLE CARDS ***
Ale4o: raises $3 to $6
sussie118: raises $3 to $9
Ale4o: calls $3
*** FLOP *** [7c 8h Kc]
RockKillerTY leaves the table
sussie118: bets $3
Ale4o: calls $3
*** TURN *** [7c 8h Kc] [9h]
sussie118: bets $6
Ale4o: raises $6 to $12
sussie118: raises $6 to $18
Ale4o: raises $6 to $24
Betting is capped
sussie118: calls $3.12 and is all-in
Uncalled bet ($2.88) returned to Ale4o
*** RIVER *** [7c 8h Kc 9h] [2s]
*** SHOW DOWN ***
sussie118: shows [Ac Kd] (a pair of Kings)
Ale4o: shows [Ks 5h] (a pair of Kings - lower kicker)
sussie118 collected $65.74 from pot
*** SUMMARY ***
Total pot $66.24 | Rake $0.50
Board [7c 8h Kc 9h 2s]
Seat 2: sussie118 (big blind) showed [Ac Kd] and won ($65.74) with a pair of Kings
Seat 3: Ale4o (button) (small blind) showed [Ks 5h] and lost with a pair of Kings


PokerStars Hand #169771222595:  Hold'em Limit ($3/$6 USD) - 2017/04/30 14:15:31 ET
Table 'Amphitrite II' 6-max Seat #3 is the button
Seat 2: sussie118 ($41.12 in chips)
Seat 3: Ale4o ($245.89 in chips)
Ale4o: posts small blind $1
sussie118: posts big blind $3
*** HOLE CARDS ***
Ale4o: folds
Uncalled bet ($2) returned to sussie118
sussie118 collected $2 from pot
sussie118: doesn't show hand
*** SUMMARY ***
Total pot $2 | Rake $0
Seat 2: sussie118 (big blind) collected ($2)
Seat 3: Ale4o (button) (small blind) folded before Flop


PokerStars Hand #169771207099:  Hold'em Limit ($3/$6 USD) - 2017/04/30 14:15:16 ET
Table 'Amphitrite II' 6-max Seat #2 is the button
Seat 2: sussie118 ($32.48 in chips)
Seat 3: Ale4o ($254.89 in chips)
sussie118: posts small blind $1
Ale4o: posts big blind $3
*** HOLE CARDS ***
sussie118: raises $3 to $6
Ale4o: calls $3
*** FLOP *** [6d 3s 7c]
Ale4o: checks
sussie118: bets $3
Ale4o: calls $3
*** TURN *** [6d 3s 7c] [8h]
Ale4o: checks
sussie118: bets $6
Ale4o: folds
Uncalled bet ($6) returned to sussie118
sussie118 collected $17.64 from pot
sussie118: doesn't show hand
*** SUMMARY ***
Total pot $18 | Rake $0.36
Board [6d 3s 7c 8h]
Seat 2: sussie118 (button) (small blind) collected ($17.64)
Seat 3: Ale4o (big blind) folded on the Turn


PokerStars Hand #169771292446:  Hold'em Limit ($3/$6 USD) - 2017/04/30 14:16:49 ET
Table 'Amphitrite II' 6-max Seat #2 is the button
Seat 2: sussie118 ($103.74 in chips)
Seat 3: Ale4o ($181.41 in chips)
sussie118: posts small blind $1
Ale4o: posts big blind $3
*** HOLE CARDS ***
sussie118: raises $3 to $6
Ale4o: calls $3
*** FLOP *** [2c 6c Qc]
Ale4o: checks
sussie118: bets $3
Ale4o: raises $3 to $6
sussie118: calls $3
*** TURN *** [2c 6c Qc] [3c]
Ale4o: checks
sussie118: bets $6
Ale4o: calls $6
*** RIVER *** [2c 6c Qc 3c] [7s]
Ale4o: checks
sussie118: checks
*** SHOW DOWN ***
Ale4o: shows [9d 9c] (a flush, Queen high)
sussie118: mucks hand
Ale4o collected $35.50 from pot
*** SUMMARY ***
Total pot $36 | Rake $0.50
Board [2c 6c Qc 3c 7s]
Seat 2: sussie118 (button) (small blind) mucked
Seat 3: Ale4o (big blind) showed [9d 9c] and won ($35.50) with a flush, Queen high


PokerStars Hand #169771306905:  Hold'em Limit ($3/$6 USD) - 2017/04/30 14:17:05 ET
Table 'Amphitrite II' 6-max Seat #3 is the button
Seat 2: sussie118 ($85.74 in chips)
Seat 3: Ale4o ($198.91 in chips)
Ale4o: posts small blind $1
sussie118: posts big blind $3
*** HOLE CARDS ***
Ale4o: raises $3 to $6
sussie118: calls $3
*** FLOP *** [8d 6d Ks]
sussie118: checks
Ale4o: bets $3
sussie118: folds
Uncalled bet ($3) returned to Ale4o
Ale4o collected $11.76 from pot
Ale4o: doesn't show hand
*** SUMMARY ***
Total pot $12 | Rake $0.24
Board [8d 6d Ks]
Seat 2: sussie118 (big blind) folded on the Flop
Seat 3: Ale4o (button) (small blind) collected ($11.76)


PokerStars Hand #169771259283:  Hold'em Limit ($3/$6 USD) - 2017/04/30 14:16:12 ET
Table 'Amphitrite II' 6-max Seat #2 is the button
Seat 2: sussie118 ($65.74 in chips)
Seat 3: Ale4o ($220.41 in chips)
sussie118: posts small blind $1
Ale4o: posts big blind $3
*** HOLE CARDS ***
sussie118: raises $3 to $6
Ale4o: calls $3
*** FLOP *** [Kc 7s 5h]
Ale4o: checks
sussie118: bets $3
Ale4o: raises $3 to $6
sussie118: raises $3 to $9
Ale4o: calls $3
*** TURN *** [Kc 7s 5h] [3d]
Ale4o: checks
sussie118: bets $6
Ale4o: calls $6
*** RIVER *** [Kc 7s 5h 3d] [Td]
Ale4o: checks
sussie118: bets $6
Ale4o: folds
Uncalled bet ($6) returned to sussie118
sussie118 collected $41.50 from pot
sussie118: doesn't show hand
*** SUMMARY ***
Total pot $42 | Rake $0.50
Board [Kc 7s 5h 3d Td]
Seat 2: sussie118 (button) (small blind) collected ($41.50)
Seat 3: Ale4o (big blind) folded on the River


PokerStars Hand #169771277447:  Hold'em Limit ($3/$6 USD) - 2017/04/30 14:16:32 ET
Table 'Amphitrite II' 6-max Seat #3 is the button
Seat 2: sussie118 ($86.24 in chips)
Seat 3: Ale4o ($199.41 in chips)
Ale4o: posts small blind $1
sussie118: posts big blind $3
*** HOLE CARDS ***
Ale4o: raises $3 to $6
sussie118: raises $3 to $9
Ale4o: calls $3
*** FLOP *** [6d 9d 5d]
sussie118: bets $3
Ale4o: raises $3 to $6
sussie118: raises $3 to $9
Ale4o: calls $3
*** TURN *** [6d 9d 5d] [Td]
sussie118: bets $6
Ale4o: folds
Uncalled bet ($6) returned to sussie118
sussie118 collected $35.50 from pot
sussie118: doesn't show hand
*** SUMMARY ***
Total pot $36 | Rake $0.50
Board [6d 9d 5d Td]
Seat 2: sussie118 (big blind) collected ($35.50)
Seat 3: Ale4o (button) (small blind) folded on the Turn


PokerStars Hand #169771333025:  Hold'em Limit ($3/$6 USD) - 2017/04/30 14:17:34 ET
Table 'Amphitrite II' 6-max Seat #3 is the button
Seat 2: sussie118 ($58.74 in chips)
Seat 3: Ale4o ($225.17 in chips)
Ale4o: posts small blind $1
sussie118: posts big blind $3
*** HOLE CARDS ***
Ale4o: raises $3 to $6
sussie118: raises $3 to $9
Ale4o: calls $3
*** FLOP *** [Qc 8c 6c]
sussie118: bets $3
Ale4o: calls $3
*** TURN *** [Qc 8c 6c] [2c]
sussie118: bets $6
Ale4o: calls $6
*** RIVER *** [Qc 8c 6c 2c] [Kd]
sussie118: bets $6
Ale4o: calls $6
*** SHOW DOWN ***
sussie118: shows [2d Tc] (a flush, Queen high)
Ale4o: mucks hand
sussie118 collected $47.50 from pot
*** SUMMARY ***
Total pot $48 | Rake $0.50
Board [Qc 8c 6c 2c Kd]
Seat 2: sussie118 (big blind) showed [2d Tc] and won ($47.50) with a flush, Queen high
Seat 3: Ale4o (button) (small blind) mucked


PokerStars Hand #169771319882:  Hold'em Limit ($3/$6 USD) - 2017/04/30 14:17:19 ET
Table 'Amphitrite II' 6-max Seat #2 is the button
Seat 2: sussie118 ($79.74 in chips)
Seat 3: Ale4o ($204.67 in chips)
sussie118: posts small blind $1
Ale4o: posts big blind $3
*** HOLE CARDS ***
sussie118: raises $3 to $6
Ale4o: calls $3
*** FLOP *** [Jd 4s 8c]
Ale4o: checks
sussie118: bets $3
Ale4o: calls $3
*** TURN *** [Jd 4s 8c] [8h]
Ale4o: checks
sussie118: bets $6
Ale4o: calls $6
*** RIVER *** [Jd 4s 8c 8h] [Kc]
Ale4o: checks
sussie118: bets $6
Ale4o: calls $6
*** SHOW DOWN ***
sussie118: shows [Td Tc] (two pair, Tens and Eights)
Ale4o: shows [9d Kh] (two pair, Kings and Eights)
Ale4o collected $41.50 from pot
*** SUMMARY ***
Total pot $42 | Rake $0.50
Board [Jd 4s 8c 8h Kc]
Seat 2: sussie118 (button) (small blind) showed [Td Tc] and lost with two pair, Tens and Eights
Seat 3: Ale4o (big blind) showed [9d Kh] and won ($41.50) with two pair, Kings and Eights


PokerStars Hand #169771344545:  Hold'em Limit ($3/$6 USD) - 2017/04/30 14:17:47 ET
Table 'Amphitrite II' 6-max Seat #2 is the button
Seat 2: sussie118 ($82.24 in chips)
Seat 3: Ale4o ($201.17 in chips)
sussie118: posts small blind $1
Ale4o: posts big blind $3
*** HOLE CARDS ***
sussie118: raises $3 to $6
Ale4o: calls $3
*** FLOP *** [4c 2d Ks]
Ale4o: checks
sussie118: checks
*** TURN *** [4c 2d Ks] [As]
Ale4o: checks
sussie118: checks
*** RIVER *** [4c 2d Ks As] [Tc]
Ale4o: bets $6
sussie118: folds
Uncalled bet ($6) returned to Ale4o
Ale4o collected $11.76 from pot
Ale4o: doesn't show hand
*** SUMMARY ***
Total pot $12 | Rake $0.24
Board [4c 2d Ks As Tc]
Seat 2: sussie118 (button) (small blind) folded on the River
Seat 3: Ale4o (big blind) collected ($11.76)


PokerStars Hand #169771396641:  Hold'em Limit ($3/$6 USD) - 2017/04/30 14:18:45 ET
Table 'Amphitrite II' 6-max Seat #3 is the button
Seat 2: sussie118 ($37.24 in chips)
Seat 3: Ale4o ($244.95 in chips)
Ale4o: posts small blind $1
sussie118: posts big blind $3
*** HOLE CARDS ***
Ale4o: raises $3 to $6
sussie118: calls $3
*** FLOP *** [5h Kc 5c]
sussie118: checks
Ale4o: bets $3
sussie118: raises $3 to $6
Ale4o: calls $3
*** TURN *** [5h Kc 5c] [2s]
sussie118: bets $6
Ale4o: calls $6
*** RIVER *** [5h Kc 5c 2s] [Th]
sussie118: bets $6
Ale4o: calls $6
*** SHOW DOWN ***
sussie118: shows [6s Ks] (two pair, Kings and Fives)
Ale4o: mucks hand
sussie118 collected $47.50 from pot
*** SUMMARY ***
Total pot $48 | Rake $0.50
Board [5h Kc 5c 2s Th]
Seat 2: sussie118 (big blind) showed [6s Ks] and won ($47.50) with two pair, Kings and Fives
Seat 3: Ale4o (button) (small blind) mucked


PokerStars Hand #169771363173:  Hold'em Limit ($3/$6 USD) - 2017/04/30 14:18:07 ET
Table 'Amphitrite II' 6-max Seat #3 is the button
Seat 2: sussie118 ($76.24 in chips)
Seat 3: Ale4o ($206.93 in chips)
Ale4o: posts small blind $1
sussie118: posts big blind $3
*** HOLE CARDS ***
Ale4o: raises $3 to $6
sussie118: raises $3 to $9
Ale4o: raises $3 to $12
Betting is capped
sussie118: calls $3
*** FLOP *** [6d Kd 9s]
sussie118: bets $3
Ale4o: calls $3
*** TURN *** [6d Kd 9s] [Ks]
sussie118: bets $6
Ale4o: calls $6
*** RIVER *** [6d Kd 9s Ks] [Jc]
sussie118: bets $6
Ale4o: calls $6
*** SHOW DOWN ***
sussie118: shows [Ad 6h] (two pair, Kings and Sixes)
Ale4o: shows [Js As] (two pair, Kings and Jacks)
Ale4o collected $53.50 from pot
*** SUMMARY ***
Total pot $54 | Rake $0.50
Board [6d Kd 9s Ks Jc]
Seat 2: sussie118 (big blind) showed [Ad 6h] and lost with two pair, Kings and Sixes
Seat 3: Ale4o (button) (small blind) showed [Js As] and won ($53.50) with two pair, Kings and Jacks


PokerStars Hand #169771414453:  Hold'em Limit ($3/$6 USD) - 2017/04/30 14:19:04 ET
Table 'Amphitrite II' 6-max Seat #2 is the button
Seat 2: sussie118 ($60.74 in chips)
Seat 3: Ale4o ($220.95 in chips)
sussie118: posts small blind $1
Ale4o: posts big blind $3
*** HOLE CARDS ***
sussie118: raises $3 to $6
Ale4o: calls $3
*** FLOP *** [Td 2d Jh]
Ale4o: checks
sussie118: bets $3
Ale4o: calls $3
*** TURN *** [Td 2d Jh] [3c]
Ale4o: checks
sussie118: bets $6
Ale4o: folds
Uncalled bet ($6) returned to sussie118
sussie118 collected $17.64 from pot
sussie118: doesn't show hand
*** SUMMARY ***
Total pot $18 | Rake $0.36
Board [Td 2d Jh 3c]
Seat 2: sussie118 (button) (small blind) collected ($17.64)
Seat 3: Ale4o (big blind) folded on the Turn


PokerStars Hand #169771383481:  Hold'em Limit ($3/$6 USD) - 2017/04/30 14:18:30 ET
Table 'Amphitrite II' 6-max Seat #2 is the button
Seat 2: sussie118 ($49.24 in chips)
Seat 3: Ale4o ($233.43 in chips)
sussie118: posts small blind $1
Ale4o: posts big blind $3
*** HOLE CARDS ***
sussie118: raises $3 to $6
Ale4o: calls $3
*** FLOP *** [9s Ad 3d]
Ale4o: checks
sussie118: bets $3
Ale4o: raises $3 to $6
sussie118: calls $3
*** TURN *** [9s Ad 3d] [Jc]
Ale4o: bets $6
sussie118: folds
Uncalled bet ($6) returned to Ale4o
Ale4o collected $23.52 from pot
Ale4o: doesn't show hand
*** SUMMARY ***
Total pot $24 | Rake $0.48
Board [9s Ad 3d Jc]
Seat 2: sussie118 (button) (small blind) folded on the Turn
Seat 3: Ale4o (big blind) collected ($23.52)


PokerStars Hand #169771452590:  Hold'em Limit ($3/$6 USD) - 2017/04/30 14:19:46 ET
Table 'Amphitrite II' 6-max Seat #3 is the button
Seat 2: sussie118 ($72.02 in chips)
Seat 3: Ale4o ($208.71 in chips)
Ale4o: posts small blind $1
sussie118: posts big blind $3
*** HOLE CARDS ***
Ale4o: folds
Uncalled bet ($2) returned to sussie118
sussie118 collected $2 from pot
sussie118: doesn't show hand
*** SUMMARY ***
Total pot $2 | Rake $0
Seat 2: sussie118 (big blind) collected ($2)
Seat 3: Ale4o (button) (small blind) folded before Flop


PokerStars Hand #169771433913:  Hold'em Limit ($3/$6 USD) - 2017/04/30 14:19:26 ET
Table 'Amphitrite II' 6-max Seat #2 is the button
Seat 2: sussie118 ($63.38 in chips)
Seat 3: Ale4o ($217.71 in chips)
sussie118: posts small blind $1
Ale4o: posts big blind $3
*** HOLE CARDS ***
sussie118: calls $2
Ale4o: raises $3 to $6
sussie118: calls $3
*** FLOP *** [Td Qc 9d]
Ale4o: bets $3
sussie118: calls $3
*** TURN *** [Td Qc 9d] [Qd]
Ale4o: checks
sussie118: checks
*** RIVER *** [Td Qc 9d Qd] [Js]
Ale4o: checks
sussie118: bets $6
Ale4o: folds
Uncalled bet ($6) returned to sussie118
sussie118 collected $17.64 from pot
sussie118: doesn't show hand
*** SUMMARY ***
Total pot $18 | Rake $0.36
Board [Td Qc 9d Qd Js]
Seat 2: sussie118 (button) (small blind) collected ($17.64)
Seat 3: Ale4o (big blind) folded on the River


PokerStars Hand #169771426204:  Hold'em Limit ($3/$6 USD) - 2017/04/30 14:19:17 ET
Table 'Amphitrite II' 6-max Seat #3 is the button
Seat 2: sussie118 ($69.38 in chips)
Seat 3: Ale4o ($211.95 in chips)
Ale4o: posts small blind $1
sussie118: posts big blind $3
*** HOLE CARDS ***
Ale4o: raises $3 to $6
sussie118: calls $3
*** FLOP *** [Qh 9c Qc]
sussie118: checks
Ale4o: bets $3
sussie118: folds
Uncalled bet ($3) returned to Ale4o
Ale4o collected $11.76 from pot
Ale4o: doesn't show hand
*** SUMMARY ***
Total pot $12 | Rake $0.24
Board [Qh 9c Qc]
Seat 2: sussie118 (big blind) folded on the Flop
Seat 3: Ale4o (button) (small blind) collected ($11.76)


PokerStars Hand #169771456543:  Hold'em Limit ($3/$6 USD) - 2017/04/30 14:19:51 ET
Table 'Amphitrite II' 6-max Seat #2 is the button
Seat 2: sussie118 ($73.02 in chips)
Seat 3: Ale4o ($207.71 in chips)
sussie118: posts small blind $1
Ale4o: posts big blind $3
*** HOLE CARDS ***
sussie118: calls $2
Ale4o: checks
*** FLOP *** [3c Qh 5h]
Ale4o: checks
sussie118: checks
*** TURN *** [3c Qh 5h] [4h]
Ale4o: bets $6
sussie118: calls $6
*** RIVER *** [3c Qh 5h 4h] [Ts]
Ale4o: checks
sussie118: checks
*** SHOW DOWN ***
Ale4o: shows [4c 8s] (a pair of Fours)
sussie118: mucks hand
Ale4o collected $17.64 from pot
*** SUMMARY ***
Total pot $18 | Rake $0.36
Board [3c Qh 5h 4h Ts]
Seat 2: sussie118 (button) (small blind) mucked
Seat 3: Ale4o (big blind) showed [4c 8s] and won ($17.64) with a pair of Fours


PokerStars Hand #169771473179:  Hold'em Limit ($3/$6 USD) - 2017/04/30 14:20:09 ET
Table 'Amphitrite II' 6-max Seat #3 is the button
Seat 2: sussie118 ($64.02 in chips)
Seat 3: Ale4o ($216.35 in chips)
Ale4o: posts small blind $1
sussie118: posts big blind $3
*** HOLE CARDS ***
Zubasa07 joins the table at seat #5
Ale4o: raises $3 to $6
sussie118: folds
Uncalled bet ($3) returned to Ale4o
Ale4o collected $6 from pot
Ale4o: doesn't show hand
*** SUMMARY ***
Total pot $6 | Rake $0
Seat 2: sussie118 (big blind) folded before Flop
Seat 3: Ale4o (button) (small blind) collected ($6)


PokerStars Hand #169771477653:  Hold'em Limit ($3/$6 USD) - 2017/04/30 14:20:14 ET
Table 'Amphitrite II' 6-max Seat #2 is the button
Seat 2: sussie118 ($61.02 in chips)
Seat 3: Ale4o ($219.35 in chips)
sussie118: posts small blind $1
Ale4o: posts big blind $3
*** HOLE CARDS ***
sussie118: raises $3 to $6
Ale4o: calls $3
*** FLOP *** [2c 6h As]
Ale4o: checks
sussie118: checks
*** TURN *** [2c 6h As] [6c]
Ale4o: checks
sussie118: checks
*** RIVER *** [2c 6h As 6c] [Ts]
Ale4o: checks
sussie118: bets $6
Ale4o: folds
Uncalled bet ($6) returned to sussie118
sussie118 collected $11.76 from pot
sussie118: doesn't show hand
*** SUMMARY ***
Total pot $12 | Rake $0.24
Board [2c 6h As 6c Ts]
Seat 2: sussie118 (button) (small blind) collected ($11.76)
Seat 3: Ale4o (big blind) folded on the River


PokerStars Hand #169772723046:  Hold'em Limit ($3/$6 USD) - 2017/04/30 14:42:59 ET
Table 'Amphitrite II' 6-max Seat #6 is the button
Seat 2: Krazy90 ($123.57 in chips)
Seat 6: Dok2920 ($179.29 in chips)
Dok2920: posts small blind $1
Krazy90: posts big blind $3
*** HOLE CARDS ***
Dok2920: raises $3 to $6
Krazy90: folds
Uncalled bet ($3) returned to Dok2920
Dok2920 collected $6 from pot
*** SUMMARY ***
Total pot $6 | Rake $0
Seat 2: Krazy90 (big blind) folded before Flop
Seat 6: Dok2920 (button) (small blind) collected ($6)


PokerStars Hand #169772728274:  Hold'em Limit ($3/$6 USD) - 2017/04/30 14:43:05 ET
Table 'Amphitrite II' 6-max Seat #2 is the button
Seat 2: Krazy90 ($120.57 in chips)
Seat 6: Dok2920 ($182.29 in chips)
Krazy90: posts small blind $1
Dok2920: posts big blind $3
*** HOLE CARDS ***
Krazy90: raises $3 to $6
Dok2920: calls $3
*** FLOP *** [7d Ts Kc]
Dok2920: checks
Krazy90: bets $3
Dok2920: calls $3
*** TURN *** [7d Ts Kc] [Qc]
Dok2920: checks
Krazy90: checks
*** RIVER *** [7d Ts Kc Qc] [5s]
Dok2920: bets $6
Krazy90: raises $6 to $12
Dok2920: raises $6 to $18
Krazy90: calls $6
*** SHOW DOWN ***
Dok2920: shows [Jd 9s] (a straight, Nine to King)
Krazy90: mucks hand
Dok2920 collected $53.50 from pot
*** SUMMARY ***
Total pot $54 | Rake $0.50
Board [7d Ts Kc Qc 5s]
Seat 2: Krazy90 (button) (small blind) mucked
Seat 6: Dok2920 (big blind) showed [Jd 9s] and won ($53.50) with a straight, Nine to King


PokerStars Hand #169772743219:  Hold'em Limit ($3/$6 USD) - 2017/04/30 14:43:21 ET
Table 'Amphitrite II' 6-max Seat #6 is the button
Seat 2: Krazy90 ($120 in chips)
Seat 6: Dok2920 ($208.79 in chips)
Dok2920: posts small blind $1
Krazy90: posts big blind $3
*** HOLE CARDS ***
Dok2920: raises $3 to $6
Krazy90: calls $3
*** FLOP *** [6d 2c 9c]
Krazy90: checks
Dok2920: checks
*** TURN *** [6d 2c 9c] [Ah]
Krazy90: checks
Dok2920: bets $6
Krazy90: calls $6
*** RIVER *** [6d 2c 9c Ah] [3h]
Krazy90: checks
Dok2920: bets $6
Krazy90: calls $6
*** SHOW DOWN ***
Dok2920: shows [Ad 5c] (a pair of Aces)
Krazy90: mucks hand
Dok2920 collected $35.50 from pot
*** SUMMARY ***
Total pot $36 | Rake $0.50
Board [6d 2c 9c Ah 3h]
Seat 2: Krazy90 (big blind) mucked
Seat 6: Dok2920 (button) (small blind) showed [Ad 5c] and won ($35.50) with a pair of Aces


PokerStars Hand #169772758655:  Hold'em Limit ($3/$6 USD) - 2017/04/30 14:43:39 ET
Table 'Amphitrite II' 6-max Seat #6 is the button
Seat 2: Krazy90 ($123 in chips)
Seat 6: Dok2920 ($223.29 in chips)
Dok2920: posts small blind $1
Krazy90: posts big blind $3
*** HOLE CARDS ***
Dok2920: folds
Uncalled bet ($2) returned to Krazy90
Dok2920 leaves the table
Krazy90 collected $2 from pot
Krazy90: doesn't show hand
*** SUMMARY ***
Total pot $2 | Rake $0
Seat 2: Krazy90 (big blind) collected ($2)
Seat 6: Dok2920 (button) (small blind) folded before Flop


PokerStars Hand #169772754397:  Hold'em Limit ($3/$6 USD) - 2017/04/30 14:43:34 ET
Table 'Amphitrite II' 6-max Seat #2 is the button
Seat 2: Krazy90 ($120 in chips)
Seat 6: Dok2920 ($226.29 in chips)
Krazy90: posts small blind $1
Dok2920: posts big blind $3
*** HOLE CARDS ***
Krazy90: raises $3 to $6
Dok2920: folds
Uncalled bet ($3) returned to Krazy90
Krazy90 collected $6 from pot
Krazy90: doesn't show hand
*** SUMMARY ***
Total pot $6 | Rake $0
Seat 2: Krazy90 (button) (small blind) collected ($6)
Seat 6: Dok2920 (big blind) folded before Flop


