PokerStars Hand #152502284025:  Hold'em Limit ($3/$6 USD) - 2016/04/26 22:31:53 ET
Table 'Anacreon' 10-max Seat #5 is the button
Seat 5: sdmxpq ($110.76 in chips)
Seat 10: belik555 ($96.69 in chips)
sdmxpq: posts small blind $1
belik555: posts big blind $3
*** HOLE CARDS ***
sdmxpq: raises $3 to $6
belik555: calls $3
*** FLOP *** [2c 4c 3c]
belik555: checks
sdmxpq: bets $3
belik555: calls $3
*** TURN *** [2c 4c 3c] [Tc]
belik555: checks
sdmxpq: bets $6
belik555: calls $6
*** RIVER *** [2c 4c 3c Tc] [Ts]
belik555: checks
sdmxpq: bets $6
belik555: calls $6
*** SHOW DOWN ***
sdmxpq: shows [Td Kc] (a flush, King high)
belik555: mucks hand
sdmxpq collected $41.50 from pot
*** SUMMARY ***
Total pot $42 | Rake $0.50
Board [2c 4c 3c Tc Ts]
Seat 5: sdmxpq (button) (small blind) showed [Td Kc] and won ($41.50) with a flush, King high
Seat 10: belik555 (big blind) mucked


PokerStars Hand #152502280863:  Hold'em Limit ($3/$6 USD) - 2016/04/26 22:31:43 ET
Table 'Anacreon' 10-max Seat #10 is the button
Seat 5: sdmxpq ($113.76 in chips)
Seat 10: belik555 ($93.69 in chips)
belik555: posts small blind $1
sdmxpq: posts big blind $3
*** HOLE CARDS ***
belik555: raises $3 to $6
sdmxpq: folds
Uncalled bet ($3) returned to belik555
belik555 collected $6 from pot
belik555: doesn't show hand
*** SUMMARY ***
Total pot $6 | Rake $0
Seat 5: sdmxpq (big blind) folded before Flop
Seat 10: belik555 (button) (small blind) collected ($6)


PokerStars Hand #152502272960:  Hold'em Limit ($3/$6 USD) - 2016/04/26 22:31:19 ET
Table 'Anacreon' 10-max Seat #5 is the button
Seat 5: sdmxpq ($108 in chips)
Seat 10: belik555 ($99.69 in chips)
sdmxpq: posts small blind $1
belik555: posts big blind $3
*** HOLE CARDS ***
sdmxpq: raises $3 to $6
belik555: calls $3
*** FLOP *** [Kc 9s Ac]
belik555: checks
sdmxpq: bets $3
belik555: folds
Uncalled bet ($3) returned to sdmxpq
sdmxpq collected $11.76 from pot
sdmxpq: doesn't show hand
*** SUMMARY ***
Total pot $12 | Rake $0.24
Board [Kc 9s Ac]
Seat 5: sdmxpq (button) (small blind) collected ($11.76)
Seat 10: belik555 (big blind) folded on the Flop


PokerStars Hand #152502309673:  Hold'em Limit ($3/$6 USD) - 2016/04/26 22:33:11 ET
Table 'Anacreon' 10-max Seat #5 is the button
Seat 5: sdmxpq ($113.02 in chips)
Seat 10: belik555 ($92.97 in chips)
sdmxpq: posts small blind $1
belik555: posts big blind $3
*** HOLE CARDS ***
sdmxpq: calls $2
belik555: checks
*** FLOP *** [3s Ah Ac]
belik555: bets $3
sdmxpq: folds
Uncalled bet ($3) returned to belik555
belik555 collected $5.88 from pot
belik555: doesn't show hand
*** SUMMARY ***
Total pot $6 | Rake $0.12
Board [3s Ah Ac]
Seat 5: sdmxpq (button) (small blind) folded on the Flop
Seat 10: belik555 (big blind) collected ($5.88)


PokerStars Hand #152502307755:  Hold'em Limit ($3/$6 USD) - 2016/04/26 22:33:05 ET
Table 'Anacreon' 10-max Seat #10 is the button
Seat 5: sdmxpq ($116.02 in chips)
Seat 10: belik555 ($89.97 in chips)
belik555: posts small blind $1
sdmxpq: posts big blind $3
*** HOLE CARDS ***
belik555: raises $3 to $6
sdmxpq: folds
Uncalled bet ($3) returned to belik555
belik555 collected $6 from pot
belik555: doesn't show hand
*** SUMMARY ***
Total pot $6 | Rake $0
Seat 5: sdmxpq (big blind) folded before Flop
Seat 10: belik555 (button) (small blind) collected ($6)


PokerStars Hand #152502291074:  Hold'em Limit ($3/$6 USD) - 2016/04/26 22:32:14 ET
Table 'Anacreon' 10-max Seat #10 is the button
Seat 5: sdmxpq ($131.26 in chips)
Seat 10: belik555 ($75.69 in chips)
belik555: posts small blind $1
sdmxpq: posts big blind $3
*** HOLE CARDS ***
belik555: raises $3 to $6
sdmxpq: calls $3
*** FLOP *** [7s 6d Ad]
sdmxpq: checks
belik555: bets $3
sdmxpq: calls $3
*** TURN *** [7s 6d Ad] [As]
sdmxpq: checks
belik555: bets $6
sdmxpq: folds
Uncalled bet ($6) returned to belik555
belik555 collected $17.64 from pot
belik555: doesn't show hand
*** SUMMARY ***
Total pot $18 | Rake $0.36
Board [7s 6d Ad As]
Seat 5: sdmxpq (big blind) folded on the Turn
Seat 10: belik555 (button) (small blind) collected ($17.64)


PokerStars Hand #152502304036:  Hold'em Limit ($3/$6 USD) - 2016/04/26 22:32:54 ET
Table 'Anacreon' 10-max Seat #5 is the button
Seat 5: sdmxpq ($125.02 in chips)
Seat 10: belik555 ($81.33 in chips)
sdmxpq: posts small blind $1
belik555: posts big blind $3
*** HOLE CARDS ***
sdmxpq: raises $3 to $6
belik555: calls $3
*** FLOP *** [Qh 8h 8c]
belik555: checks
sdmxpq: bets $3
belik555: raises $3 to $6
sdmxpq: folds
Uncalled bet ($3) returned to belik555
belik555 collected $17.64 from pot
belik555: doesn't show hand
*** SUMMARY ***
Total pot $18 | Rake $0.36
Board [Qh 8h 8c]
Seat 5: sdmxpq (button) (small blind) folded on the Flop
Seat 10: belik555 (big blind) collected ($17.64)


PokerStars Hand #152502301661:  Hold'em Limit ($3/$6 USD) - 2016/04/26 22:32:47 ET
Table 'Anacreon' 10-max Seat #10 is the button
Seat 5: sdmxpq ($128.02 in chips)
Seat 10: belik555 ($78.33 in chips)
belik555: posts small blind $1
sdmxpq: posts big blind $3
*** HOLE CARDS ***
belik555: raises $3 to $6
sdmxpq: folds
Uncalled bet ($3) returned to belik555
belik555 collected $6 from pot
belik555: doesn't show hand
*** SUMMARY ***
Total pot $6 | Rake $0
Seat 5: sdmxpq (big blind) folded before Flop
Seat 10: belik555 (button) (small blind) collected ($6)


PokerStars Hand #152502297897:  Hold'em Limit ($3/$6 USD) - 2016/04/26 22:32:35 ET
Table 'Anacreon' 10-max Seat #5 is the button
Seat 5: sdmxpq ($122.26 in chips)
Seat 10: belik555 ($84.33 in chips)
sdmxpq: posts small blind $1
belik555: posts big blind $3
*** HOLE CARDS ***
sdmxpq: raises $3 to $6
belik555: calls $3
*** FLOP *** [4h Ac Tc]
belik555: checks
sdmxpq: bets $3
belik555: folds
Uncalled bet ($3) returned to sdmxpq
sdmxpq collected $11.76 from pot
sdmxpq: doesn't show hand
*** SUMMARY ***
Total pot $12 | Rake $0.24
Board [4h Ac Tc]
Seat 5: sdmxpq (button) (small blind) collected ($11.76)
Seat 10: belik555 (big blind) folded on the Flop


PokerStars Hand #152502324163:  Hold'em Limit ($3/$6 USD) - 2016/04/26 22:33:55 ET
Table 'Anacreon' 10-max Seat #10 is the button
Seat 5: sdmxpq ($94.02 in chips)
Seat 10: belik555 ($111.35 in chips)
belik555: posts small blind $1
sdmxpq: posts big blind $3
*** HOLE CARDS ***
belik555: raises $3 to $6
sdmxpq: raises $3 to $9
belik555: calls $3
*** FLOP *** [Td 6h Qh]
sdmxpq: checks
belik555: checks
*** TURN *** [Td 6h Qh] [3d]
sdmxpq: bets $6
belik555: calls $6
*** RIVER *** [Td 6h Qh 3d] [4h]
sdmxpq: checks
belik555: checks
*** SHOW DOWN ***
sdmxpq: shows [Ac 3h] (a pair of Threes)
belik555: mucks hand
sdmxpq collected $29.50 from pot
*** SUMMARY ***
Total pot $30 | Rake $0.50
Board [Td 6h Qh 3d 4h]
Seat 5: sdmxpq (big blind) showed [Ac 3h] and won ($29.50) with a pair of Threes
Seat 10: belik555 (button) (small blind) mucked


PokerStars Hand #152502322647:  Hold'em Limit ($3/$6 USD) - 2016/04/26 22:33:50 ET
Table 'Anacreon' 10-max Seat #5 is the button
Seat 5: sdmxpq ($95.02 in chips)
Seat 10: belik555 ($110.35 in chips)
sdmxpq: posts small blind $1
belik555: posts big blind $3
*** HOLE CARDS ***
sdmxpq: folds
Uncalled bet ($2) returned to belik555
belik555 collected $2 from pot
belik555: doesn't show hand
*** SUMMARY ***
Total pot $2 | Rake $0
Seat 5: sdmxpq (button) (small blind) folded before Flop
Seat 10: belik555 (big blind) collected ($2)


PokerStars Hand #152502313299:  Hold'em Limit ($3/$6 USD) - 2016/04/26 22:33:22 ET
Table 'Anacreon' 10-max Seat #10 is the button
Seat 5: sdmxpq ($110.02 in chips)
Seat 10: belik555 ($95.85 in chips)
belik555: posts small blind $1
sdmxpq: posts big blind $3
*** HOLE CARDS ***
belik555: raises $3 to $6
sdmxpq: raises $3 to $9
belik555: calls $3
*** FLOP *** [Qc 6c Th]
sdmxpq: checks
belik555: bets $3
sdmxpq: raises $3 to $6
belik555: calls $3
*** TURN *** [Qc 6c Th] [Ts]
sdmxpq: checks
belik555: bets $6
sdmxpq: folds [Ad Ks]
Uncalled bet ($6) returned to belik555
belik555 collected $29.50 from pot
belik555: doesn't show hand
*** SUMMARY ***
Total pot $30 | Rake $0.50
Board [Qc 6c Th Ts]
Seat 5: sdmxpq (big blind) folded on the Turn
Seat 10: belik555 (button) (small blind) collected ($29.50)


PokerStars Hand #152502331780:  Hold'em Limit ($3/$6 USD) - 2016/04/26 22:34:18 ET
Table 'Anacreon' 10-max Seat #5 is the button
Seat 5: sdmxpq ($108.52 in chips)
Seat 10: belik555 ($96.35 in chips)
sdmxpq: posts small blind $1
belik555: posts big blind $3
*** HOLE CARDS ***
sdmxpq: raises $3 to $6
belik555: calls $3
*** FLOP *** [Ts Td 4h]
belik555: checks
sdmxpq: bets $3
belik555: raises $3 to $6
sdmxpq: calls $3
*** TURN *** [Ts Td 4h] [8s]
belik555: bets $6
sdmxpq: raises $6 to $12
belik555: calls $6
*** RIVER *** [Ts Td 4h 8s] [9d]
belik555: checks
sdmxpq: checks
*** SHOW DOWN ***
belik555: shows [4d 6c] (two pair, Tens and Fours)
sdmxpq: shows [4s 9s] (two pair, Tens and Nines)
sdmxpq collected $47.50 from pot
*** SUMMARY ***
Total pot $48 | Rake $0.50
Board [Ts Td 4h 8s 9d]
Seat 5: sdmxpq (button) (small blind) showed [4s 9s] and won ($47.50) with two pair, Tens and Nines
Seat 10: belik555 (big blind) showed [4d 6c] and lost with two pair, Tens and Fours


PokerStars Hand #152502348048:  Hold'em Limit ($3/$6 USD) - 2016/04/26 22:35:08 ET
Table 'Anacreon' 10-max Seat #10 is the button
Seat 5: sdmxpq ($132.02 in chips)
Seat 10: belik555 ($72.35 in chips)
belik555: posts small blind $1
sdmxpq: posts big blind $3
*** HOLE CARDS ***
belik555: raises $3 to $6
sdmxpq: calls $3
*** FLOP *** [Th 9h 3d]
sdmxpq: checks
belik555: bets $3
sdmxpq: calls $3
*** TURN *** [Th 9h 3d] [4s]
sdmxpq: checks
belik555: bets $6
sdmxpq: folds
Uncalled bet ($6) returned to belik555
belik555 collected $17.64 from pot
belik555: doesn't show hand
*** SUMMARY ***
Total pot $18 | Rake $0.36
Board [Th 9h 3d 4s]
Seat 5: sdmxpq (big blind) folded on the Turn
Seat 10: belik555 (button) (small blind) collected ($17.64)


PokerStars Hand #152502390131:  Hold'em Limit ($3/$6 USD) - 2016/04/26 22:37:16 ET
Table 'Anacreon' 10-max Seat #5 is the button
Seat 5: sdmxpq ($149.16 in chips)
Seat 10: belik555 ($74.64 in chips)
sdmxpq: posts small blind $1
belik555: posts big blind $3
*** HOLE CARDS ***
sdmxpq: folds
Uncalled bet ($2) returned to belik555
belik555 collected $2 from pot
belik555: doesn't show hand
*** SUMMARY ***
Total pot $2 | Rake $0
Seat 5: sdmxpq (button) (small blind) folded before Flop
Seat 10: belik555 (big blind) collected ($2)


PokerStars Hand #152502385216:  Hold'em Limit ($3/$6 USD) - 2016/04/26 22:37:01 ET
Table 'Anacreon' 10-max Seat #10 is the button
Seat 5: sdmxpq ($140.52 in chips)
Seat 10: belik555 ($83.64 in chips)
belik555: posts small blind $1
sdmxpq: posts big blind $3
*** HOLE CARDS ***
belik555: raises $3 to $6
sdmxpq: raises $3 to $9
belik555: calls $3
*** FLOP *** [6h Qh Qd]
sdmxpq: checks
belik555: checks
*** TURN *** [6h Qh Qd] [6d]
sdmxpq: bets $6
belik555: folds
Uncalled bet ($6) returned to sdmxpq
sdmxpq collected $17.64 from pot
sdmxpq: doesn't show hand
*** SUMMARY ***
Total pot $18 | Rake $0.36
Board [6h Qh Qd 6d]
Seat 5: sdmxpq (big blind) collected ($17.64)
Seat 10: belik555 (button) (small blind) folded on the Turn


PokerStars Hand #152502377066:  Hold'em Limit ($3/$6 USD) - 2016/04/26 22:36:37 ET
Table 'Anacreon' 10-max Seat #10 is the button
Seat 5: sdmxpq ($152.52 in chips)
Seat 10: belik555 ($72 in chips)
belik555: posts small blind $1
sdmxpq: posts big blind $3
*** HOLE CARDS ***
belik555: raises $3 to $6
sdmxpq: folds
Uncalled bet ($3) returned to belik555
belik555 collected $6 from pot
belik555: doesn't show hand
*** SUMMARY ***
Total pot $6 | Rake $0
Seat 5: sdmxpq (big blind) folded before Flop
Seat 10: belik555 (button) (small blind) collected ($6)


PokerStars Hand #152502362110:  Hold'em Limit ($3/$6 USD) - 2016/04/26 22:35:51 ET
Table 'Anacreon' 10-max Seat #5 is the button
Seat 5: sdmxpq ($123.02 in chips)
Seat 10: belik555 ($80.99 in chips)
sdmxpq: posts small blind $1
belik555: posts big blind $3
*** HOLE CARDS ***
sdmxpq: raises $3 to $6
belik555: raises $3 to $9
sdmxpq: calls $3
*** FLOP *** [Tc Qc 6c]
belik555: bets $3
sdmxpq: calls $3
*** TURN *** [Tc Qc 6c] [6s]
belik555: bets $6
sdmxpq: raises $6 to $12
belik555: calls $6
*** RIVER *** [Tc Qc 6c 6s] [2s]
belik555: checks
sdmxpq: bets $6
belik555: calls $6
*** SHOW DOWN ***
sdmxpq: shows [6d Ah] (three of a kind, Sixes)
belik555: mucks hand
sdmxpq collected $59.50 from pot
*** SUMMARY ***
Total pot $60 | Rake $0.50
Board [Tc Qc 6c 6s 2s]
Seat 5: sdmxpq (button) (small blind) showed [6d Ah] and won ($59.50) with three of a kind, Sixes
Seat 10: belik555 (big blind) mucked


PokerStars Hand #152502379396:  Hold'em Limit ($3/$6 USD) - 2016/04/26 22:36:43 ET
Table 'Anacreon' 10-max Seat #5 is the button
Seat 5: sdmxpq ($149.52 in chips)
Seat 10: belik555 ($75 in chips)
sdmxpq: posts small blind $1
belik555: posts big blind $3
*** HOLE CARDS ***
sdmxpq: raises $3 to $6
belik555: calls $3
*** FLOP *** [Tc 2s 4d]
belik555: checks
sdmxpq: bets $3
belik555: raises $3 to $6
sdmxpq: folds
Uncalled bet ($3) returned to belik555
belik555 collected $17.64 from pot
belik555: doesn't show hand
*** SUMMARY ***
Total pot $18 | Rake $0.36
Board [Tc 2s 4d]
Seat 5: sdmxpq (button) (small blind) folded on the Flop
Seat 10: belik555 (big blind) collected ($17.64)


PokerStars Hand #152502392031:  Hold'em Limit ($3/$6 USD) - 2016/04/26 22:37:22 ET
Table 'Anacreon' 10-max Seat #10 is the button
Seat 5: sdmxpq ($148.16 in chips)
Seat 10: belik555 ($75.64 in chips)
belik555: posts small blind $1
sdmxpq: posts big blind $3
*** HOLE CARDS ***
belik555: raises $3 to $6
sdmxpq: calls $3
*** FLOP *** [7s 5c Ah]
sdmxpq: checks
belik555: bets $3
sdmxpq: folds
Uncalled bet ($3) returned to belik555
belik555 collected $11.76 from pot
belik555: doesn't show hand
*** SUMMARY ***
Total pot $12 | Rake $0.24
Board [7s 5c Ah]
Seat 5: sdmxpq (big blind) folded on the Flop
Seat 10: belik555 (button) (small blind) collected ($11.76)


PokerStars Hand #152502395843:  Hold'em Limit ($3/$6 USD) - 2016/04/26 22:37:33 ET
Table 'Anacreon' 10-max Seat #5 is the button
Seat 5: sdmxpq ($142.16 in chips)
Seat 10: belik555 ($81.40 in chips)
sdmxpq: posts small blind $1
belik555: posts big blind $3
*** HOLE CARDS ***
sdmxpq: raises $3 to $6
belik555: calls $3
*** FLOP *** [7s Ad 8s]
belik555: checks
sdmxpq: bets $3
belik555: folds
Uncalled bet ($3) returned to sdmxpq
sdmxpq collected $11.76 from pot
sdmxpq: doesn't show hand
*** SUMMARY ***
Total pot $12 | Rake $0.24
Board [7s Ad 8s]
Seat 5: sdmxpq (button) (small blind) collected ($11.76)
Seat 10: belik555 (big blind) folded on the Flop


PokerStars Hand #152502399250:  Hold'em Limit ($3/$6 USD) - 2016/04/26 22:37:44 ET
Table 'Anacreon' 10-max Seat #10 is the button
Seat 5: sdmxpq ($147.92 in chips)
Seat 10: belik555 ($75.40 in chips)
belik555: posts small blind $1
sdmxpq: posts big blind $3
*** HOLE CARDS ***
belik555: raises $3 to $6
sdmxpq: folds
Uncalled bet ($3) returned to belik555
belik555 collected $6 from pot
belik555: doesn't show hand
*** SUMMARY ***
Total pot $6 | Rake $0
Seat 5: sdmxpq (big blind) folded before Flop
Seat 10: belik555 (button) (small blind) collected ($6)


PokerStars Hand #152502407234:  Hold'em Limit ($3/$6 USD) - 2016/04/26 22:38:08 ET
Table 'Anacreon' 10-max Seat #10 is the button
Seat 5: sdmxpq ($165.42 in chips)
Seat 10: belik555 ($72 in chips)
belik555: posts small blind $1
sdmxpq: posts big blind $3
*** HOLE CARDS ***
belik555: folds
Uncalled bet ($2) returned to sdmxpq
sdmxpq collected $2 from pot
sdmxpq: doesn't show hand
*** SUMMARY ***
Total pot $2 | Rake $0
Seat 5: sdmxpq (big blind) collected ($2)
Seat 10: belik555 (button) (small blind) folded before Flop


PokerStars Hand #152502401511:  Hold'em Limit ($3/$6 USD) - 2016/04/26 22:37:51 ET
Table 'Anacreon' 10-max Seat #5 is the button
Seat 5: sdmxpq ($144.92 in chips)
Seat 10: belik555 ($78.40 in chips)
sdmxpq: posts small blind $1
belik555: posts big blind $3
*** HOLE CARDS ***
sdmxpq: raises $3 to $6
belik555: calls $3
*** FLOP *** [9s 6h Kd]
belik555: checks
sdmxpq: bets $3
belik555: raises $3 to $6
sdmxpq: raises $3 to $9
belik555: calls $3
*** TURN *** [9s 6h Kd] [4h]
belik555: checks
sdmxpq: bets $6
belik555: calls $6
*** RIVER *** [9s 6h Kd 4h] [As]
belik555: checks
sdmxpq: checks
*** SHOW DOWN ***
belik555: shows [5d 7d] (high card Ace)
sdmxpq: shows [Kh 5h] (a pair of Kings)
sdmxpq collected $41.50 from pot
*** SUMMARY ***
Total pot $42 | Rake $0.50
Board [9s 6h Kd 4h As]
Seat 5: sdmxpq (button) (small blind) showed [Kh 5h] and won ($41.50) with a pair of Kings
Seat 10: belik555 (big blind) showed [5d 7d] and lost with high card Ace


PokerStars Hand #152502408804:  Hold'em Limit ($3/$6 USD) - 2016/04/26 22:38:13 ET
Table 'Anacreon' 10-max Seat #5 is the button
Seat 5: sdmxpq ($166.42 in chips)
Seat 10: belik555 ($72 in chips)
sdmxpq: posts small blind $1
belik555: posts big blind $3
*** HOLE CARDS ***
sdmxpq: folds
Uncalled bet ($2) returned to belik555
belik555 collected $2 from pot
belik555: doesn't show hand
*** SUMMARY ***
Total pot $2 | Rake $0
Seat 5: sdmxpq (button) (small blind) folded before Flop
Seat 10: belik555 (big blind) collected ($2)


PokerStars Hand #152502428897:  Hold'em Limit ($3/$6 USD) - 2016/04/26 22:39:14 ET
Table 'Anacreon' 10-max Seat #10 is the button
Seat 5: sdmxpq ($179.67 in chips)
Seat 10: belik555 ($72 in chips)
belik555: posts small blind $1
sdmxpq: posts big blind $3
*** HOLE CARDS ***
belik555: raises $3 to $6
sdmxpq: folds
Uncalled bet ($3) returned to belik555
belik555 collected $6 from pot
belik555: doesn't show hand
*** SUMMARY ***
Total pot $6 | Rake $0
Seat 5: sdmxpq (big blind) folded before Flop
Seat 10: belik555 (button) (small blind) collected ($6)


PokerStars Hand #152502410522:  Hold'em Limit ($3/$6 USD) - 2016/04/26 22:38:18 ET
Table 'Anacreon' 10-max Seat #10 is the button
Seat 5: sdmxpq ($165.42 in chips)
Seat 10: belik555 ($73 in chips)
belik555: posts small blind $1
sdmxpq: posts big blind $3
*** HOLE CARDS ***
belik555: raises $3 to $6
sdmxpq: calls $3
*** FLOP *** [9c 3c Td]
sdmxpq: checks
belik555: bets $3
sdmxpq: raises $3 to $6
belik555: calls $3
*** TURN *** [9c 3c Td] [5c]
sdmxpq: checks
belik555: bets $6
sdmxpq: raises $6 to $12
belik555: calls $6
*** RIVER *** [9c 3c Td 5c] [7s]
sdmxpq: checks
belik555: bets $6
sdmxpq: calls $6
*** SHOW DOWN ***
belik555: shows [Ts 5s] (two pair, Tens and Fives)
sdmxpq: shows [Th 5d] (two pair, Tens and Fives)
sdmxpq collected $29.75 from pot
belik555 collected $29.75 from pot
*** SUMMARY ***
Total pot $60 | Rake $0.50
Board [9c 3c Td 5c 7s]
Seat 5: sdmxpq (big blind) showed [Th 5d] and won ($29.75) with two pair, Tens and Fives
Seat 10: belik555 (button) (small blind) showed [Ts 5s] and won ($29.75) with two pair, Tens and Fives


PokerStars Hand #152502422584:  Hold'em Limit ($3/$6 USD) - 2016/04/26 22:38:55 ET
Table 'Anacreon' 10-max Seat #5 is the button
Seat 5: sdmxpq ($165.17 in chips)
Seat 10: belik555 ($72.75 in chips)
sdmxpq: posts small blind $1
belik555: posts big blind $3
*** HOLE CARDS ***
sdmxpq: raises $3 to $6
belik555: calls $3
*** FLOP *** [4h Kh 2c]
belik555: checks
sdmxpq: bets $3
belik555: calls $3
*** TURN *** [4h Kh 2c] [5c]
belik555: checks
sdmxpq: bets $6
belik555: calls $6
*** RIVER *** [4h Kh 2c 5c] [3c]
belik555: checks
sdmxpq: bets $6
belik555: folds
Uncalled bet ($6) returned to sdmxpq
sdmxpq collected $29.50 from pot
sdmxpq: doesn't show hand
*** SUMMARY ***
Total pot $30 | Rake $0.50
Board [4h Kh 2c 5c 3c]
Seat 5: sdmxpq (button) (small blind) collected ($29.50)
Seat 10: belik555 (big blind) folded on the River


PokerStars Hand #152502441972:  Hold'em Limit ($3/$6 USD) - 2016/04/26 22:39:53 ET
Table 'Anacreon' 10-max Seat #5 is the button
Seat 5: sdmxpq ($164.67 in chips)
Seat 10: belik555 ($86.64 in chips)
sdmxpq: posts small blind $1
belik555: posts big blind $3
*** HOLE CARDS ***
sdmxpq: calls $2
belik555: raises $3 to $6
sdmxpq: calls $3
*** FLOP *** [6s Qc Kd]
belik555: bets $3
sdmxpq: calls $3
*** TURN *** [6s Qc Kd] [Ad]
belik555: checks
sdmxpq: bets $6
belik555: folds
Uncalled bet ($6) returned to sdmxpq
sdmxpq collected $17.64 from pot
sdmxpq: doesn't show hand
*** SUMMARY ***
Total pot $18 | Rake $0.36
Board [6s Qc Kd Ad]
Seat 5: sdmxpq (button) (small blind) collected ($17.64)
Seat 10: belik555 (big blind) folded on the Turn


PokerStars Hand #152502431435:  Hold'em Limit ($3/$6 USD) - 2016/04/26 22:39:21 ET
Table 'Anacreon' 10-max Seat #5 is the button
Seat 5: sdmxpq ($176.67 in chips)
Seat 10: belik555 ($75 in chips)
sdmxpq: posts small blind $1
belik555: posts big blind $3
*** HOLE CARDS ***
sdmxpq: raises $3 to $6
belik555: calls $3
*** FLOP *** [Ah 6d 7c]
belik555: checks
sdmxpq: bets $3
belik555: calls $3
*** TURN *** [Ah 6d 7c] [4d]
belik555: checks
sdmxpq: checks
*** RIVER *** [Ah 6d 7c 4d] [8s]
belik555: bets $6
sdmxpq: folds
Uncalled bet ($6) returned to belik555
belik555 collected $17.64 from pot
belik555: doesn't show hand
*** SUMMARY ***
Total pot $18 | Rake $0.36
Board [Ah 6d 7c 4d 8s]
Seat 5: sdmxpq (button) (small blind) folded on the River
Seat 10: belik555 (big blind) collected ($17.64)


PokerStars Hand #152502439239:  Hold'em Limit ($3/$6 USD) - 2016/04/26 22:39:45 ET
Table 'Anacreon' 10-max Seat #10 is the button
Seat 5: sdmxpq ($167.67 in chips)
Seat 10: belik555 ($83.64 in chips)
belik555: posts small blind $1
sdmxpq: posts big blind $3
*** HOLE CARDS ***
belik555: raises $3 to $6
sdmxpq: folds
Uncalled bet ($3) returned to belik555
belik555 collected $6 from pot
belik555: doesn't show hand
*** SUMMARY ***
Total pot $6 | Rake $0
Seat 5: sdmxpq (big blind) folded before Flop
Seat 10: belik555 (button) (small blind) collected ($6)


PokerStars Hand #152502451760:  Hold'em Limit ($3/$6 USD) - 2016/04/26 22:40:23 ET
Table 'Anacreon' 10-max Seat #10 is the button
Seat 5: sdmxpq ($173.31 in chips)
Seat 10: belik555 ($77.64 in chips)
belik555: posts small blind $1
sdmxpq: posts big blind $3
*** HOLE CARDS ***
belik555: raises $3 to $6
sdmxpq: calls $3
*** FLOP *** [9s Ad Ks]
sdmxpq: checks
belik555: bets $3
sdmxpq: folds
Uncalled bet ($3) returned to belik555
belik555 collected $11.76 from pot
belik555: doesn't show hand
*** SUMMARY ***
Total pot $12 | Rake $0.24
Board [9s Ad Ks]
Seat 5: sdmxpq (big blind) folded on the Flop
Seat 10: belik555 (button) (small blind) collected ($11.76)


PokerStars Hand #152502455780:  Hold'em Limit ($3/$6 USD) - 2016/04/26 22:40:35 ET
Table 'Anacreon' 10-max Seat #5 is the button
Seat 5: sdmxpq ($167.31 in chips)
Seat 10: belik555 ($83.40 in chips)
sdmxpq: posts small blind $1
belik555: posts big blind $3
*** HOLE CARDS ***
sdmxpq: raises $3 to $6
belik555: calls $3
*** FLOP *** [Td 9h Jd]
belik555: checks
sdmxpq: bets $3
belik555: folds
Uncalled bet ($3) returned to sdmxpq
sdmxpq collected $11.76 from pot
sdmxpq: doesn't show hand
*** SUMMARY ***
Total pot $12 | Rake $0.24
Board [Td 9h Jd]
Seat 5: sdmxpq (button) (small blind) collected ($11.76)
Seat 10: belik555 (big blind) folded on the Flop


PokerStars Hand #152502459818:  Hold'em Limit ($3/$6 USD) - 2016/04/26 22:40:47 ET
Table 'Anacreon' 10-max Seat #10 is the button
Seat 5: sdmxpq ($173.07 in chips)
Seat 10: belik555 ($77.40 in chips)
belik555: posts small blind $1
sdmxpq: posts big blind $3
*** HOLE CARDS ***
belik555: raises $3 to $6
sdmxpq: raises $3 to $9
belik555: calls $3
*** FLOP *** [6c 4d 8h]
sdmxpq: bets $3
belik555: calls $3
*** TURN *** [6c 4d 8h] [5c]
sdmxpq: bets $6
manostsao joins the table at seat #6
belik555: calls $6
*** RIVER *** [6c 4d 8h 5c] [Qd]
sdmxpq: bets $6
MissEKAmouse joins the table at seat #7
belik555: calls $6
*** SHOW DOWN ***
sdmxpq: shows [8s Ad] (a pair of Eights)
belik555: mucks hand
sdmxpq collected $47.50 from pot
*** SUMMARY ***
Total pot $48 | Rake $0.50
Board [6c 4d 8h 5c Qd]
Seat 5: sdmxpq (big blind) showed [8s Ad] and won ($47.50) with a pair of Eights
Seat 10: belik555 (button) (small blind) mucked


PokerStars Hand #152502590883:  Hold'em Limit ($3/$6 USD) - 2016/04/26 22:47:06 ET
Table 'Anacreon' 10-max Seat #7 is the button
Seat 5: sdmxpq ($246.51 in chips)
Seat 7: MissEKAmouse ($121 in chips)
MissEKAmouse: posts small blind $1
sdmxpq: posts big blind $3
*** HOLE CARDS ***
MissEKAmouse: raises $3 to $6
sdmxpq: folds
Uncalled bet ($3) returned to MissEKAmouse
MissEKAmouse collected $6 from pot
MissEKAmouse: doesn't show hand
*** SUMMARY ***
Total pot $6 | Rake $0
Seat 5: sdmxpq (big blind) folded before Flop
Seat 7: MissEKAmouse (button) (small blind) collected ($6)


PokerStars Hand #152502570899:  Hold'em Limit ($3/$6 USD) - 2016/04/26 22:46:04 ET
Table 'Anacreon' 10-max Seat #5 is the button
Seat 5: sdmxpq ($209.51 in chips)
Seat 7: MissEKAmouse ($137.38 in chips)
sdmxpq: posts small blind $1
MissEKAmouse: posts big blind $3
*** HOLE CARDS ***
sdmxpq: raises $3 to $6
MissEKAmouse: calls $3
*** FLOP *** [2d 4d Qs]
MissEKAmouse: checks
sdmxpq: bets $3
MissEKAmouse: calls $3
*** TURN *** [2d 4d Qs] [6s]
MissEKAmouse: checks
sdmxpq: checks
*** RIVER *** [2d 4d Qs 6s] [Td]
MissEKAmouse: bets $6
sdmxpq: calls $6
*** SHOW DOWN ***
MissEKAmouse: shows [3d 2h] (a pair of Deuces)
sdmxpq: shows [9h Ts] (a pair of Tens)
sdmxpq collected $29.50 from pot
*** SUMMARY ***
Total pot $30 | Rake $0.50
Board [2d 4d Qs 6s Td]
Seat 5: sdmxpq (button) (small blind) showed [9h Ts] and won ($29.50) with a pair of Tens
Seat 7: MissEKAmouse (big blind) showed [3d 2h] and lost with a pair of Deuces


PokerStars Hand #152502589200:  Hold'em Limit ($3/$6 USD) - 2016/04/26 22:47:01 ET
Table 'Anacreon' 10-max Seat #5 is the button
Seat 5: sdmxpq ($247.51 in chips)
Seat 7: MissEKAmouse ($120 in chips)
sdmxpq: posts small blind $1
MissEKAmouse: posts big blind $3
*** HOLE CARDS ***
sdmxpq: folds
Uncalled bet ($2) returned to MissEKAmouse
MissEKAmouse collected $2 from pot
MissEKAmouse: doesn't show hand
*** SUMMARY ***
Total pot $2 | Rake $0
Seat 5: sdmxpq (button) (small blind) folded before Flop
Seat 7: MissEKAmouse (big blind) collected ($2)


PokerStars Hand #152502578075:  Hold'em Limit ($3/$6 USD) - 2016/04/26 22:46:27 ET
Table 'Anacreon' 10-max Seat #7 is the button
Seat 5: sdmxpq ($224.01 in chips)
Seat 7: MissEKAmouse ($122.38 in chips)
MissEKAmouse: posts small blind $1
sdmxpq: posts big blind $3
*** HOLE CARDS ***
MissEKAmouse: raises $3 to $6
sdmxpq: calls $3
*** FLOP *** [2h 7c 7h]
sdmxpq: checks
MissEKAmouse: bets $3
sdmxpq: raises $3 to $6
MissEKAmouse: calls $3
*** TURN *** [2h 7c 7h] [Jd]
sdmxpq: checks
MissEKAmouse: bets $6
sdmxpq: calls $6
*** RIVER *** [2h 7c 7h Jd] [Ks]
sdmxpq: checks
MissEKAmouse: bets $6
sdmxpq: calls $6
*** SHOW DOWN ***
MissEKAmouse: shows [Ts Tc] (two pair, Tens and Sevens)
sdmxpq: shows [9d Jc] (two pair, Jacks and Sevens)
sdmxpq collected $47.50 from pot
*** SUMMARY ***
Total pot $48 | Rake $0.50
Board [2h 7c 7h Jd Ks]
Seat 5: sdmxpq (big blind) showed [9d Jc] and won ($47.50) with two pair, Jacks and Sevens
Seat 7: MissEKAmouse (button) (small blind) showed [Ts Tc] and lost with two pair, Tens and Sevens


PokerStars Hand #152502594978:  Hold'em Limit ($3/$6 USD) - 2016/04/26 22:47:19 ET
Table 'Anacreon' 10-max Seat #5 is the button
Seat 5: sdmxpq ($243.51 in chips)
Seat 7: MissEKAmouse ($124 in chips)
sdmxpq: posts small blind $1
MissEKAmouse: posts big blind $3
*** HOLE CARDS ***
sdmxpq: raises $3 to $6
MissEKAmouse: folds
Uncalled bet ($3) returned to sdmxpq
sdmxpq collected $6 from pot
sdmxpq: doesn't show hand
*** SUMMARY ***
Total pot $6 | Rake $0
Seat 5: sdmxpq (button) (small blind) collected ($6)
Seat 7: MissEKAmouse (big blind) folded before Flop


PokerStars Hand #152502597610:  Hold'em Limit ($3/$6 USD) - 2016/04/26 22:47:27 ET
Table 'Anacreon' 10-max Seat #7 is the button
Seat 5: sdmxpq ($246.51 in chips)
Seat 7: MissEKAmouse ($121 in chips)
MissEKAmouse: posts small blind $1
sdmxpq: posts big blind $3
*** HOLE CARDS ***
MissEKAmouse: raises $3 to $6
sdmxpq: calls $3
*** FLOP *** [Kh 7d 2h]
sdmxpq: checks
MissEKAmouse: bets $3
sdmxpq: folds
Uncalled bet ($3) returned to MissEKAmouse
MissEKAmouse collected $11.76 from pot
MissEKAmouse: doesn't show hand
*** SUMMARY ***
Total pot $12 | Rake $0.24
Board [Kh 7d 2h]
Seat 5: sdmxpq (big blind) folded on the Flop
Seat 7: MissEKAmouse (button) (small blind) collected ($11.76)


PokerStars Hand #152502601993:  Hold'em Limit ($3/$6 USD) - 2016/04/26 22:47:41 ET
Table 'Anacreon' 10-max Seat #5 is the button
Seat 5: sdmxpq ($240.51 in chips)
Seat 7: MissEKAmouse ($126.76 in chips)
sdmxpq: posts small blind $1
MissEKAmouse: posts big blind $3
*** HOLE CARDS ***
sdmxpq: calls $2
MissEKAmouse: raises $3 to $6
sdmxpq: calls $3
*** FLOP *** [4d 8s 3h]
MissEKAmouse: checks
sdmxpq: bets $3
MissEKAmouse: calls $3
*** TURN *** [4d 8s 3h] [Jh]
MissEKAmouse: checks
sdmxpq: bets $6
MissEKAmouse: calls $6
*** RIVER *** [4d 8s 3h Jh] [Kh]
MissEKAmouse: bets $6
sdmxpq: calls $6
*** SHOW DOWN ***
MissEKAmouse: shows [Kc 3s] (two pair, Kings and Threes)
sdmxpq: mucks hand
MissEKAmouse collected $41.50 from pot
*** SUMMARY ***
Total pot $42 | Rake $0.50
Board [4d 8s 3h Jh Kh]
Seat 5: sdmxpq (button) (small blind) mucked
Seat 7: MissEKAmouse (big blind) showed [Kc 3s] and won ($41.50) with two pair, Kings and Threes


PokerStars Hand #152502626481:  Hold'em Limit ($3/$6 USD) - 2016/04/26 22:48:58 ET
Table 'Anacreon' 10-max Seat #5 is the button
Seat 5: sdmxpq ($246.01 in chips)
Seat 7: MissEKAmouse ($120.26 in chips)
sdmxpq: posts small blind $1
MissEKAmouse: posts big blind $3
*** HOLE CARDS ***
sdmxpq: raises $3 to $6
MissEKAmouse: folds
Uncalled bet ($3) returned to sdmxpq
sdmxpq collected $6 from pot
sdmxpq: doesn't show hand
*** SUMMARY ***
Total pot $6 | Rake $0
Seat 5: sdmxpq (button) (small blind) collected ($6)
Seat 7: MissEKAmouse (big blind) folded before Flop


PokerStars Hand #152502611139:  Hold'em Limit ($3/$6 USD) - 2016/04/26 22:48:09 ET
Table 'Anacreon' 10-max Seat #7 is the button
Seat 5: sdmxpq ($219.51 in chips)
Seat 7: MissEKAmouse ($147.26 in chips)
MissEKAmouse: posts small blind $1
sdmxpq: posts big blind $3
*** HOLE CARDS ***
MissEKAmouse: raises $3 to $6
sdmxpq: raises $3 to $9
MissEKAmouse: calls $3
*** FLOP *** [9d 6h 2h]
sdmxpq: bets $3
MissEKAmouse: raises $3 to $6
sdmxpq: calls $3
*** TURN *** [9d 6h 2h] [8d]
sdmxpq: checks
MissEKAmouse: bets $6
sdmxpq: calls $6
*** RIVER *** [9d 6h 2h 8d] [Jh]
sdmxpq: bets $6
MissEKAmouse: calls $6
*** SHOW DOWN ***
sdmxpq: shows [Jc Qh] (a pair of Jacks)
MissEKAmouse: mucks hand
sdmxpq collected $53.50 from pot
*** SUMMARY ***
Total pot $54 | Rake $0.50
Board [9d 6h 2h 8d Jh]
Seat 5: sdmxpq (big blind) showed [Jc Qh] and won ($53.50) with a pair of Jacks
Seat 7: MissEKAmouse (button) (small blind) mucked


PokerStars Hand #152502639088:  Hold'em Limit ($3/$6 USD) - 2016/04/26 22:49:37 ET
Table 'Anacreon' 10-max Seat #5 is the button
Seat 5: sdmxpq ($225.01 in chips)
Seat 7: MissEKAmouse ($143.50 in chips)
sdmxpq: posts small blind $1
MissEKAmouse: posts big blind $3
*** HOLE CARDS ***
sdmxpq: calls $2
MissEKAmouse: raises $3 to $6
sdmxpq: calls $3
*** FLOP *** [9h Jh Js]
MissEKAmouse: bets $3
sdmxpq: folds
Uncalled bet ($3) returned to MissEKAmouse
MissEKAmouse collected $11.76 from pot
MissEKAmouse: doesn't show hand
*** SUMMARY ***
Total pot $12 | Rake $0.24
Board [9h Jh Js]
Seat 5: sdmxpq (button) (small blind) folded on the Flop
Seat 7: MissEKAmouse (big blind) collected ($11.76)


PokerStars Hand #152502628837:  Hold'em Limit ($3/$6 USD) - 2016/04/26 22:49:05 ET
Table 'Anacreon' 10-max Seat #7 is the button
Seat 5: sdmxpq ($249.01 in chips)
Seat 7: MissEKAmouse ($120 in chips)
MissEKAmouse: posts small blind $1
sdmxpq: posts big blind $3
*** HOLE CARDS ***
MissEKAmouse: raises $3 to $6
sdmxpq: raises $3 to $9
MissEKAmouse: calls $3
*** FLOP *** [7s Qc 3s]
sdmxpq: bets $3
MissEKAmouse: calls $3
*** TURN *** [7s Qc 3s] [6h]
sdmxpq: bets $6
MissEKAmouse: raises $6 to $12
sdmxpq: calls $6
*** RIVER *** [7s Qc 3s 6h] [Kc]
sdmxpq: checks
MissEKAmouse: bets $6
sdmxpq: folds
Uncalled bet ($6) returned to MissEKAmouse
MissEKAmouse collected $47.50 from pot
MissEKAmouse: doesn't show hand
*** SUMMARY ***
Total pot $48 | Rake $0.50
Board [7s Qc 3s 6h Kc]
Seat 5: sdmxpq (big blind) folded on the River
Seat 7: MissEKAmouse (button) (small blind) collected ($47.50)


PokerStars Hand #152502660251:  Hold'em Limit ($3/$6 USD) - 2016/04/26 22:50:42 ET
Table 'Anacreon' 10-max Seat #7 is the button
Seat 5: sdmxpq ($215.77 in chips)
Seat 7: MissEKAmouse ($151.90 in chips)
MissEKAmouse: posts small blind $1
sdmxpq: posts big blind $3
*** HOLE CARDS ***
MissEKAmouse: folds
Uncalled bet ($2) returned to sdmxpq
sdmxpq collected $2 from pot
sdmxpq: doesn't show hand
*** SUMMARY ***
Total pot $2 | Rake $0
Seat 5: sdmxpq (big blind) collected ($2)
Seat 7: MissEKAmouse (button) (small blind) folded before Flop


PokerStars Hand #152502655631:  Hold'em Limit ($3/$6 USD) - 2016/04/26 22:50:28 ET
Table 'Anacreon' 10-max Seat #5 is the button
Seat 5: sdmxpq ($210.01 in chips)
Seat 7: MissEKAmouse ($157.90 in chips)
sdmxpq: posts small blind $1
MissEKAmouse: posts big blind $3
*** HOLE CARDS ***
sdmxpq: raises $3 to $6
MissEKAmouse: calls $3
*** FLOP *** [3c Qc Jh]
MissEKAmouse: checks
sdmxpq: bets $3
MissEKAmouse: folds
Uncalled bet ($3) returned to sdmxpq
sdmxpq collected $11.76 from pot
sdmxpq: doesn't show hand
*** SUMMARY ***
Total pot $12 | Rake $0.24
Board [3c Qc Jh]
Seat 5: sdmxpq (button) (small blind) collected ($11.76)
Seat 7: MissEKAmouse (big blind) folded on the Flop


PokerStars Hand #152502645853:  Hold'em Limit ($3/$6 USD) - 2016/04/26 22:49:58 ET
Table 'Anacreon' 10-max Seat #7 is the button
Seat 5: sdmxpq ($219.01 in chips)
Seat 7: MissEKAmouse ($149.26 in chips)
MissEKAmouse: posts small blind $1
sdmxpq: posts big blind $3
*** HOLE CARDS ***
MissEKAmouse: raises $3 to $6
sdmxpq: calls $3
*** FLOP *** [Qd Ks 7h]
sdmxpq: checks
MissEKAmouse: bets $3
sdmxpq: calls $3
*** TURN *** [Qd Ks 7h] [Kc]
sdmxpq: checks
MissEKAmouse: bets $6
sdmxpq: folds
Uncalled bet ($6) returned to MissEKAmouse
MissEKAmouse collected $17.64 from pot
MissEKAmouse: doesn't show hand
*** SUMMARY ***
Total pot $18 | Rake $0.36
Board [Qd Ks 7h Kc]
Seat 5: sdmxpq (big blind) folded on the Turn
Seat 7: MissEKAmouse (button) (small blind) collected ($17.64)


PokerStars Hand #152502661979:  Hold'em Limit ($3/$6 USD) - 2016/04/26 22:50:48 ET
Table 'Anacreon' 10-max Seat #5 is the button
Seat 5: sdmxpq ($216.77 in chips)
Seat 7: MissEKAmouse ($150.90 in chips)
sdmxpq: posts small blind $1
MissEKAmouse: posts big blind $3
*** HOLE CARDS ***
sdmxpq: raises $3 to $6
MissEKAmouse: calls $3
*** FLOP *** [6s As Qh]
MissEKAmouse: bets $3
sdmxpq: calls $3
*** TURN *** [6s As Qh] [9h]
MissEKAmouse: checks
sdmxpq: checks
*** RIVER *** [6s As Qh 9h] [7h]
MissEKAmouse: checks
sdmxpq: checks
*** SHOW DOWN ***
MissEKAmouse: shows [Ks 3c] (high card Ace)
sdmxpq: shows [Jh Jc] (a pair of Jacks)
sdmxpq collected $17.64 from pot
*** SUMMARY ***
Total pot $18 | Rake $0.36
Board [6s As Qh 9h 7h]
Seat 5: sdmxpq (button) (small blind) showed [Jh Jc] and won ($17.64) with a pair of Jacks
Seat 7: MissEKAmouse (big blind) showed [Ks 3c] and lost with high card Ace


