PokerStars Hand #167434314338:  Hold'em Limit ($3/$6 USD) - 2017/03/11 11:16:28 ET
Table 'Anacreon II' 6-max Seat #3 is the button
Seat 3: apertens ($60 in chips)
Seat 5: dragon1893 ($150 in chips)
apertens: posts small blind $1
dragon1893: posts big blind $3
*** HOLE CARDS ***
apertens: raises $3 to $6
dragon1893: calls $3
*** FLOP *** [Tc 8d 4s]
dragon1893: checks
apertens: checks
*** TURN *** [Tc 8d 4s] [Qd]
dragon1893: checks
apertens: bets $6
dragon1893: calls $6
*** RIVER *** [Tc 8d 4s Qd] [5d]
dragon1893: checks
apertens: checks
*** SHOW DOWN ***
dragon1893: shows [2s 8s] (a pair of Eights)
apertens: mucks hand
dragon1893 collected $23.52 from pot
*** SUMMARY ***
Total pot $24 | Rake $0.48
Board [Tc 8d 4s Qd 5d]
Seat 3: apertens (button) (small blind) mucked
Seat 5: dragon1893 (big blind) showed [2s 8s] and won ($23.52) with a pair of Eights


PokerStars Hand #167437382685:  Hold'em Limit ($3/$6 USD) - 2017/03/11 12:24:28 ET
Table 'Anacreon II' 6-max Seat #3 is the button
Seat 3: vitamin168 ($133.87 in chips)
Seat 5: Agniosius ($150.60 in chips)
vitamin168: posts small blind $1
Pelurile: is sitting out
Agniosius: posts big blind $3
*** HOLE CARDS ***
vitamin168: folds
Uncalled bet ($2) returned to Agniosius
Agniosius collected $2 from pot
*** SUMMARY ***
Total pot $2 | Rake $0
Seat 3: vitamin168 (button) (small blind) folded before Flop
Seat 5: Agniosius (big blind) collected ($2)


PokerStars Hand #167437438279:  Hold'em Limit ($3/$6 USD) - 2017/03/11 12:25:26 ET
Table 'Anacreon II' 6-max Seat #3 is the button
Seat 3: vitamin168 ($129.51 in chips)
Seat 5: Agniosius ($154.24 in chips)
vitamin168: posts small blind $1
Agniosius: posts big blind $3
*** HOLE CARDS ***
vitamin168: folds
Uncalled bet ($2) returned to Agniosius
Agniosius collected $2 from pot
*** SUMMARY ***
Total pot $2 | Rake $0
Seat 3: vitamin168 (button) (small blind) folded before Flop
Seat 5: Agniosius (big blind) collected ($2)


PokerStars Hand #167437422243:  Hold'em Limit ($3/$6 USD) - 2017/03/11 12:25:06 ET
Table 'Anacreon II' 6-max Seat #5 is the button
Seat 3: vitamin168 ($138.51 in chips)
Seat 5: Agniosius ($145.60 in chips)
Agniosius: posts small blind $1
vestimokrec joins the table at seat #6
vitamin168: posts big blind $3
*** HOLE CARDS ***
Agniosius: raises $3 to $6
vitamin168: calls $3
*** FLOP *** [9c 9d Kh]
vitamin168: bets $3
Agniosius: calls $3
*** TURN *** [9c 9d Kh] [Th]
vitamin168: checks
Agniosius: checks
*** RIVER *** [9c 9d Kh Th] [7c]
vitamin168: checks
Agniosius: bets $6
vitamin168: folds
Uncalled bet ($6) returned to Agniosius
Agniosius collected $17.64 from pot
*** SUMMARY ***
Total pot $18 | Rake $0.36
Board [9c 9d Kh Th 7c]
Seat 3: vitamin168 (big blind) folded on the River
Seat 5: Agniosius (button) (small blind) collected ($17.64)


PokerStars Hand #167437408282:  Hold'em Limit ($3/$6 USD) - 2017/03/11 12:25:00 ET
Table 'Anacreon II' 6-max Seat #3 is the button
Seat 3: vitamin168 ($135.51 in chips)
Seat 5: Agniosius ($148.60 in chips)
vitamin168: posts small blind $1
Agniosius: posts big blind $3
*** HOLE CARDS ***
vitamin168: raises $3 to $6
Agniosius: folds
Uncalled bet ($3) returned to vitamin168
vitamin168 collected $6 from pot
vitamin168: doesn't show hand
*** SUMMARY ***
Total pot $6 | Rake $0
Seat 3: vitamin168 (button) (small blind) collected ($6)
Seat 5: Agniosius (big blind) folded before Flop


PokerStars Hand #167437403480:  Hold'em Limit ($3/$6 USD) - 2017/03/11 12:24:54 ET
Table 'Anacreon II' 6-max Seat #5 is the button
Seat 3: vitamin168 ($138.51 in chips)
Seat 5: Agniosius ($145.60 in chips)
Agniosius: posts small blind $1
humlefar was removed from the table for failing to post
vitamin168: posts big blind $3
*** HOLE CARDS ***
Agniosius: raises $3 to $6
vitamin168: folds
Uncalled bet ($3) returned to Agniosius
Agniosius collected $6 from pot
*** SUMMARY ***
Total pot $6 | Rake $0
Seat 3: vitamin168 (big blind) folded before Flop
Seat 5: Agniosius (button) (small blind) collected ($6)


PokerStars Hand #167437391398:  Hold'em Limit ($3/$6 USD) - 2017/03/11 12:24:39 ET
Table 'Anacreon II' 6-max Seat #3 is the button
Seat 3: vitamin168 ($129.87 in chips)
Seat 5: Agniosius ($154.60 in chips)
vitamin168: posts small blind $1
Agniosius: posts big blind $3
*** HOLE CARDS ***
vitamin168: raises $3 to $6
Agniosius: calls $3
*** FLOP *** [3s 3c Qd]
Agniosius: checks
vitamin168: bets $3
Agniosius: calls $3
*** TURN *** [3s 3c Qd] [Jc]
Agniosius: checks
vitamin168: bets $6
Agniosius: folds
Uncalled bet ($6) returned to vitamin168
vitamin168 collected $17.64 from pot
vitamin168: doesn't show hand
*** SUMMARY ***
Total pot $18 | Rake $0.36
Board [3s 3c Qd Jc]
Seat 3: vitamin168 (button) (small blind) collected ($17.64)
Seat 5: Agniosius (big blind) folded on the Turn


PokerStars Hand #167437386702:  Hold'em Limit ($3/$6 USD) - 2017/03/11 12:24:33 ET
Table 'Anacreon II' 6-max Seat #5 is the button
Seat 3: vitamin168 ($132.87 in chips)
Seat 5: Agniosius ($151.60 in chips)
Agniosius: posts small blind $1
vitamin168: posts big blind $3
*** HOLE CARDS ***
Agniosius: raises $3 to $6
vitamin168: folds
Uncalled bet ($3) returned to Agniosius
Agniosius collected $6 from pot
*** SUMMARY ***
Total pot $6 | Rake $0
Seat 3: vitamin168 (big blind) folded before Flop
Seat 5: Agniosius (button) (small blind) collected ($6)


PokerStars Hand #167439328372:  Hold'em Limit ($3/$6 USD) - 2017/03/11 13:04:25 ET
Table 'Anacreon II' 6-max Seat #5 is the button
Seat 5: Agniosius ($148.78 in chips)
Seat 6: vestimokrec ($96.40 in chips)
Agniosius: posts small blind $1
vestimokrec: posts big blind $3
*** HOLE CARDS ***
Agniosius: folds
Uncalled bet ($2) returned to vestimokrec
vestimokrec collected $2 from pot
vestimokrec: doesn't show hand
*** SUMMARY ***
Total pot $2 | Rake $0
Seat 5: Agniosius (button) (small blind) folded before Flop
Seat 6: vestimokrec (big blind) collected ($2)


PokerStars Hand #167439296082:  Hold'em Limit ($3/$6 USD) - 2017/03/11 13:03:47 ET
Table 'Anacreon II' 6-max Seat #6 is the button
Seat 5: Agniosius ($163.78 in chips)
Seat 6: vestimokrec ($81.90 in chips)
vestimokrec: posts small blind $1
Agniosius: posts big blind $3
*** HOLE CARDS ***
huracan mdp joins the table at seat #2
vestimokrec: raises $3 to $6
Agniosius: calls $3
*** FLOP *** [4h 6d 3h]
Agniosius: checks
vestimokrec: bets $3
Agniosius: calls $3
*** TURN *** [4h 6d 3h] [Js]
Agniosius: checks
vestimokrec: bets $6
Agniosius: calls $6
*** RIVER *** [4h 6d 3h Js] [8d]
Agniosius: checks
vestimokrec: bets $6
Agniosius: folds
Uncalled bet ($6) returned to vestimokrec
vestimokrec collected $29.50 from pot
vestimokrec: doesn't show hand
*** SUMMARY ***
Total pot $30 | Rake $0.50
Board [4h 6d 3h Js 8d]
Seat 5: Agniosius (big blind) folded on the River
Seat 6: vestimokrec (button) (small blind) collected ($29.50)


PokerStars Hand #167444040272:  Hold'em Limit ($3/$6 USD) - 2017/03/11 14:35:58 ET
Table 'Anacreon II' 6-max Seat #5 is the button
Seat 3: Bedard ($168.64 in chips)
Seat 5: RowntreWilly ($54.69 in chips)
RowntreWilly: posts small blind $1
Bedard: posts big blind $3
*** HOLE CARDS ***
RowntreWilly: calls $2
xxPSRxx leaves the table
Bedard: raises $3 to $6
RowntreWilly: calls $3
*** FLOP *** [Ts Kc 8c]
Bedard: bets $3
RowntreWilly: calls $3
*** TURN *** [Ts Kc 8c] [4c]
Bedard: bets $6
RowntreWilly: calls $6
*** RIVER *** [Ts Kc 8c 4c] [Qh]
Bedard: bets $6
RowntreWilly: raises $6 to $12
Bedard: calls $6
*** SHOW DOWN ***
RowntreWilly: shows [As Js] (a straight, Ten to Ace)
Bedard: mucks hand
RowntreWilly collected $53.50 from pot
*** SUMMARY ***
Total pot $54 | Rake $0.50
Board [Ts Kc 8c 4c Qh]
Seat 3: Bedard (big blind) mucked
Seat 5: RowntreWilly (button) (small blind) showed [As Js] and won ($53.50) with a straight, Ten to Ace


