PokerStars Hand #152315543424:  Hold'em Limit ($3/$6 USD) - 2016/04/23 4:07:36 ET
Table 'Anacreon' 10-max Seat #5 is the button
Seat 5: Mizt3r X ($24.81 in chips)
Seat 6: Agrotait ($88.47 in chips)
Mizt3r X: posts small blind $1
Agrotait: posts big blind $3
*** HOLE CARDS ***
Mizt3r X: folds
Uncalled bet ($2) returned to Agrotait
Agrotait collected $2 from pot
Agrotait: doesn't show hand
*** SUMMARY ***
Total pot $2 | Rake $0
Seat 5: Mizt3r X (button) (small blind) folded before Flop
Seat 6: Agrotait (big blind) collected ($2)


PokerStars Hand #152315545136:  Hold'em Limit ($3/$6 USD) - 2016/04/23 4:07:41 ET
Table 'Anacreon' 10-max Seat #6 is the button
Seat 5: Mizt3r X ($23.81 in chips)
Seat 6: Agrotait ($89.47 in chips)
Agrotait: posts small blind $1
Mizt3r X: posts big blind $3
*** HOLE CARDS ***
Agrotait: raises $3 to $6
Mizt3r X: folds
Uncalled bet ($3) returned to Agrotait
Agrotait collected $6 from pot
Agrotait: doesn't show hand
*** SUMMARY ***
Total pot $6 | Rake $0
Seat 5: Mizt3r X (big blind) folded before Flop
Seat 6: Agrotait (button) (small blind) collected ($6)


PokerStars Hand #152315559117:  Hold'em Limit ($3/$6 USD) - 2016/04/23 4:08:21 ET
Table 'Anacreon' 10-max Seat #6 is the button
Seat 5: Mizt3r X ($41.12 in chips)
Seat 6: Agrotait ($71.66 in chips)
Agrotait: posts small blind $1
Mizt3r X: posts big blind $3
*** HOLE CARDS ***
Agrotait: folds
Uncalled bet ($2) returned to Mizt3r X
Mizt3r X collected $2 from pot
*** SUMMARY ***
Total pot $2 | Rake $0
Seat 5: Mizt3r X (big blind) collected ($2)
Seat 6: Agrotait (button) (small blind) folded before Flop


PokerStars Hand #152315547107:  Hold'em Limit ($3/$6 USD) - 2016/04/23 4:07:47 ET
Table 'Anacreon' 10-max Seat #5 is the button
Seat 5: Mizt3r X ($20.81 in chips)
Seat 6: Agrotait ($92.47 in chips)
Mizt3r X: posts small blind $1
Agrotait: posts big blind $3
*** HOLE CARDS ***
Mizt3r X: raises $3 to $6
Agrotait: calls $3
*** FLOP *** [5d 6d 9c]
Agrotait: checks
Mizt3r X: bets $3
Agrotait: calls $3
*** TURN *** [5d 6d 9c] [3d]
Agrotait: checks
Mizt3r X: bets $6
Agrotait: calls $6
*** RIVER *** [5d 6d 9c 3d] [4c]
Agrotait: bets $6
Mizt3r X: calls $5.81 and is all-in
Uncalled bet ($0.19) returned to Agrotait
*** SHOW DOWN ***
Agrotait: shows [8d Ts] (high card Ten)
Mizt3r X: shows [8h 6c] (a pair of Sixes)
Mizt3r X collected $41.12 from pot
*** SUMMARY ***
Total pot $41.62 | Rake $0.50
Board [5d 6d 9c 3d 4c]
Seat 5: Mizt3r X (button) (small blind) showed [8h 6c] and won ($41.12) with a pair of Sixes
Seat 6: Agrotait (big blind) showed [8d Ts] and lost with high card Ten


PokerStars Hand #152315560882:  Hold'em Limit ($3/$6 USD) - 2016/04/23 4:08:26 ET
Table 'Anacreon' 10-max Seat #5 is the button
Seat 5: Mizt3r X ($42.12 in chips)
Seat 6: Agrotait ($70.66 in chips)
Mizt3r X: posts small blind $1
Agrotait: posts big blind $3
*** HOLE CARDS ***
Mizt3r X: raises $3 to $6
Agrotait: calls $3
*** FLOP *** [7h Js 2d]
Agrotait: checks
Mizt3r X: checks
*** TURN *** [7h Js 2d] [5c]
Agrotait: bets $6
Mizt3r X: calls $6
*** RIVER *** [7h Js 2d 5c] [Th]
Agrotait: bets $6
Mizt3r X: calls $6
*** SHOW DOWN ***
Agrotait: shows [5h Ad] (a pair of Fives)
Mizt3r X: mucks hand
Agrotait collected $35.50 from pot
*** SUMMARY ***
Total pot $36 | Rake $0.50
Board [7h Js 2d 5c Th]
Seat 5: Mizt3r X (button) (small blind) mucked
Seat 6: Agrotait (big blind) showed [5h Ad] and won ($35.50) with a pair of Fives


PokerStars Hand #152315567304:  Hold'em Limit ($3/$6 USD) - 2016/04/23 4:08:43 ET
Table 'Anacreon' 10-max Seat #6 is the button
Seat 5: Mizt3r X ($24.12 in chips)
Seat 6: Agrotait ($88.16 in chips)
Agrotait: posts small blind $1
Mizt3r X: posts big blind $3
*** HOLE CARDS ***
Agrotait: raises $3 to $6
Mizt3r X: calls $3
*** FLOP *** [3s 5s Kh]
Mizt3r X: checks
Agrotait: bets $3
Mizt3r X: raises $3 to $6
Agrotait: folds
Uncalled bet ($3) returned to Mizt3r X
Mizt3r X collected $17.64 from pot
*** SUMMARY ***
Total pot $18 | Rake $0.36
Board [3s 5s Kh]
Seat 5: Mizt3r X (big blind) collected ($17.64)
Seat 6: Agrotait (button) (small blind) folded on the Flop


PokerStars Hand #152315582267:  Hold'em Limit ($3/$6 USD) - 2016/04/23 4:09:25 ET
Table 'Anacreon' 10-max Seat #5 is the button
Seat 5: Mizt3r X ($32.76 in chips)
Seat 6: Agrotait ($79.16 in chips)
Mizt3r X: posts small blind $1
Agrotait: posts big blind $3
*** HOLE CARDS ***
Mizt3r X: raises $3 to $6
Agrotait: calls $3
*** FLOP *** [Qs 2h 4h]
Agrotait: checks
Mizt3r X: bets $3
Agrotait: raises $3 to $6
Mizt3r X: calls $3
*** TURN *** [Qs 2h 4h] [3h]
Agrotait: bets $6
Mizt3r X: calls $6
*** RIVER *** [Qs 2h 4h 3h] [7c]
Agrotait: bets $6
Mizt3r X: calls $6
*** SHOW DOWN ***
Agrotait: shows [Qc 6s] (a pair of Queens)
Mizt3r X: mucks hand
Agrotait collected $47.50 from pot
*** SUMMARY ***
Total pot $48 | Rake $0.50
Board [Qs 2h 4h 3h 7c]
Seat 5: Mizt3r X (button) (small blind) mucked
Seat 6: Agrotait (big blind) showed [Qc 6s] and won ($47.50) with a pair of Queens


PokerStars Hand #152315592032:  Hold'em Limit ($3/$6 USD) - 2016/04/23 4:09:52 ET
Table 'Anacreon' 10-max Seat #6 is the button
Seat 5: Mizt3r X ($8.76 in chips)
Seat 6: Agrotait ($102.66 in chips)
Agrotait: posts small blind $1
Mizt3r X: posts big blind $3
*** HOLE CARDS ***
Agrotait: raises $3 to $6
Mizt3r X: raises $2.76 to $8.76 and is all-in
Agrotait: calls $2.76
*** FLOP *** [As Qs 6s]
*** TURN *** [As Qs 6s] [3c]
*** RIVER *** [As Qs 6s 3c] [2s]
*** SHOW DOWN ***
Mizt3r X: shows [8d Td] (high card Ace)
Agrotait: shows [8s Ad] (a flush, Ace high)
Agrotait collected $17.17 from pot
*** SUMMARY ***
Total pot $17.52 | Rake $0.35
Board [As Qs 6s 3c 2s]
Seat 5: Mizt3r X (big blind) showed [8d Td] and lost with high card Ace
Seat 6: Agrotait (button) (small blind) showed [8s Ad] and won ($17.17) with a flush, Ace high


