PokerStars Hand #152390824341:  Hold'em Limit ($3/$6 USD) - 2016/04/24 15:20:46 ET
Table 'Anacreon' 10-max Seat #10 is the button
Seat 5: mylifeluvsol ($6 in chips)
Seat 10: Airbag999 ($211.14 in chips)
Airbag999: posts small blind $1
mylifeluvsol: posts big blind $3
*** HOLE CARDS ***
Airbag999: raises $3 to $6
mylifeluvsol: calls $3 and is all-in
*** FLOP *** [8c 3d Kc]
*** TURN *** [8c 3d Kc] [Jc]
*** RIVER *** [8c 3d Kc Jc] [9c]
*** SHOW DOWN ***
mylifeluvsol: shows [Jh 8s] (two pair, Jacks and Eights)
Airbag999: shows [8d 6c] (a flush, King high)
Airbag999 collected $11.76 from pot
*** SUMMARY ***
Total pot $12 | Rake $0.24
Board [8c 3d Kc Jc 9c]
Seat 5: mylifeluvsol (big blind) showed [Jh 8s] and lost with two pair, Jacks and Eights
Seat 10: Airbag999 (button) (small blind) showed [8d 6c] and won ($11.76) with a flush, King high


PokerStars Hand #152390864211:  Hold'em Limit ($3/$6 USD) - 2016/04/24 15:21:23 ET
Table 'Anacreon' 10-max Seat #5 is the button
Seat 5: mylifeluvsol ($39 in chips)
Seat 10: Airbag999 ($216.90 in chips)
mylifeluvsol: posts small blind $1
Airbag999: posts big blind $3
*** HOLE CARDS ***
mylifeluvsol: folds
Uncalled bet ($2) returned to Airbag999
Airbag999 collected $2 from pot
Airbag999: doesn't show hand
*** SUMMARY ***
Total pot $2 | Rake $0
Seat 5: mylifeluvsol (button) (small blind) folded before Flop
Seat 10: Airbag999 (big blind) collected ($2)


PokerStars Hand #152390869876:  Hold'em Limit ($3/$6 USD) - 2016/04/24 15:21:29 ET
Table 'Anacreon' 10-max Seat #10 is the button
Seat 5: mylifeluvsol ($38 in chips)
Seat 10: Airbag999 ($217.90 in chips)
Airbag999: posts small blind $1
mylifeluvsol: posts big blind $3
*** HOLE CARDS ***
Airbag999: raises $3 to $6
mylifeluvsol: folds
Uncalled bet ($3) returned to Airbag999
Airbag999 collected $6 from pot
Airbag999: doesn't show hand
*** SUMMARY ***
Total pot $6 | Rake $0
Seat 5: mylifeluvsol (big blind) folded before Flop
Seat 10: Airbag999 (button) (small blind) collected ($6)


PokerStars Hand #152390901357:  Hold'em Limit ($3/$6 USD) - 2016/04/24 15:21:58 ET
Table 'Anacreon' 10-max Seat #10 is the button
Seat 5: mylifeluvsol ($64.50 in chips)
Seat 10: Airbag999 ($190.90 in chips)
Airbag999: posts small blind $1
mylifeluvsol: posts big blind $3
*** HOLE CARDS ***
Airbag999: raises $3 to $6
mylifeluvsol: folds
Uncalled bet ($3) returned to Airbag999
Airbag999 collected $6 from pot
Airbag999: doesn't show hand
*** SUMMARY ***
Total pot $6 | Rake $0
Seat 5: mylifeluvsol (big blind) folded before Flop
Seat 10: Airbag999 (button) (small blind) collected ($6)


PokerStars Hand #152390876385:  Hold'em Limit ($3/$6 USD) - 2016/04/24 15:21:35 ET
Table 'Anacreon' 10-max Seat #5 is the button
Seat 5: mylifeluvsol ($35 in chips)
Seat 10: Airbag999 ($220.90 in chips)
mylifeluvsol: posts small blind $1
Airbag999: posts big blind $3
*** HOLE CARDS ***
mylifeluvsol: raises $3 to $6
Airbag999: raises $3 to $9
mylifeluvsol: calls $3
*** FLOP *** [6d 2s 7s]
Airbag999: bets $3
mylifeluvsol: calls $3
*** TURN *** [6d 2s 7s] [4s]
Airbag999: bets $6
mylifeluvsol: raises $6 to $12
Airbag999: calls $6
*** RIVER *** [6d 2s 7s 4s] [Tc]
Airbag999: checks
mylifeluvsol: bets $6
Airbag999: calls $6
*** SHOW DOWN ***
mylifeluvsol: shows [5d 8d] (a straight, Four to Eight)
Airbag999: mucks hand
mylifeluvsol collected $59.50 from pot
*** SUMMARY ***
Total pot $60 | Rake $0.50
Board [6d 2s 7s 4s Tc]
Seat 5: mylifeluvsol (button) (small blind) showed [5d 8d] and won ($59.50) with a straight, Four to Eight
Seat 10: Airbag999 (big blind) mucked


PokerStars Hand #152390930943:  Hold'em Limit ($3/$6 USD) - 2016/04/24 15:22:26 ET
Table 'Anacreon' 10-max Seat #10 is the button
Seat 5: mylifeluvsol ($46.50 in chips)
Seat 10: Airbag999 ($208.40 in chips)
Airbag999: posts small blind $1
mylifeluvsol: posts big blind $3
*** HOLE CARDS ***
Airbag999: folds
Uncalled bet ($2) returned to mylifeluvsol
mylifeluvsol collected $2 from pot
mylifeluvsol: doesn't show hand
*** SUMMARY ***
Total pot $2 | Rake $0
Seat 5: mylifeluvsol (big blind) collected ($2)
Seat 10: Airbag999 (button) (small blind) folded before Flop


PokerStars Hand #152390907584:  Hold'em Limit ($3/$6 USD) - 2016/04/24 15:22:04 ET
Table 'Anacreon' 10-max Seat #5 is the button
Seat 5: mylifeluvsol ($61.50 in chips)
Seat 10: Airbag999 ($193.90 in chips)
mylifeluvsol: posts small blind $1
Airbag999: posts big blind $3
*** HOLE CARDS ***
mylifeluvsol: raises $3 to $6
Airbag999: calls $3
*** FLOP *** [Jc Ts 3c]
Airbag999: checks
mylifeluvsol: bets $3
Airbag999: calls $3
*** TURN *** [Jc Ts 3c] [Jd]
Airbag999: checks
mylifeluvsol: checks
*** RIVER *** [Jc Ts 3c Jd] [2d]
Airbag999: bets $6
mylifeluvsol: calls $6
*** SHOW DOWN ***
Airbag999: shows [Jh 2h] (a full house, Jacks full of Deuces)
mylifeluvsol: mucks hand
Airbag999 collected $29.50 from pot
*** SUMMARY ***
Total pot $30 | Rake $0.50
Board [Jc Ts 3c Jd 2d]
Seat 5: mylifeluvsol (button) (small blind) mucked
Seat 10: Airbag999 (big blind) showed [Jh 2h] and won ($29.50) with a full house, Jacks full of Deuces


PokerStars Hand #152390940180:  Hold'em Limit ($3/$6 USD) - 2016/04/24 15:22:35 ET
Table 'Anacreon' 10-max Seat #5 is the button
Seat 5: mylifeluvsol ($47.50 in chips)
Seat 10: Airbag999 ($207.40 in chips)
mylifeluvsol: posts small blind $1
Airbag999: posts big blind $3
*** HOLE CARDS ***
mylifeluvsol: raises $3 to $6
Airbag999: folds
Uncalled bet ($3) returned to mylifeluvsol
mylifeluvsol collected $6 from pot
mylifeluvsol: doesn't show hand
*** SUMMARY ***
Total pot $6 | Rake $0
Seat 5: mylifeluvsol (button) (small blind) collected ($6)
Seat 10: Airbag999 (big blind) folded before Flop


PokerStars Hand #152390946758:  Hold'em Limit ($3/$6 USD) - 2016/04/24 15:22:41 ET
Table 'Anacreon' 10-max Seat #10 is the button
Seat 5: mylifeluvsol ($50.50 in chips)
Seat 10: Airbag999 ($204.40 in chips)
Airbag999: posts small blind $1
mylifeluvsol: posts big blind $3
*** HOLE CARDS ***
Airbag999: raises $3 to $6
mylifeluvsol: folds
Uncalled bet ($3) returned to Airbag999
Airbag999 collected $6 from pot
Airbag999: doesn't show hand
*** SUMMARY ***
Total pot $6 | Rake $0
Seat 5: mylifeluvsol (big blind) folded before Flop
Seat 10: Airbag999 (button) (small blind) collected ($6)


PokerStars Hand #152390953997:  Hold'em Limit ($3/$6 USD) - 2016/04/24 15:22:48 ET
Table 'Anacreon' 10-max Seat #5 is the button
Seat 5: mylifeluvsol ($47.50 in chips)
Seat 10: Airbag999 ($207.40 in chips)
mylifeluvsol: posts small blind $1
Airbag999: posts big blind $3
*** HOLE CARDS ***
mylifeluvsol: raises $3 to $6
Airbag999: calls $3
*** FLOP *** [Kc 7d 2d]
Airbag999: checks
mylifeluvsol: checks
*** TURN *** [Kc 7d 2d] [9d]
Airbag999: bets $6
mylifeluvsol: folds
Uncalled bet ($6) returned to Airbag999
Airbag999 collected $11.76 from pot
Airbag999: doesn't show hand
*** SUMMARY ***
Total pot $12 | Rake $0.24
Board [Kc 7d 2d 9d]
Seat 5: mylifeluvsol (button) (small blind) folded on the Turn
Seat 10: Airbag999 (big blind) collected ($11.76)


PokerStars Hand #152390996322:  Hold'em Limit ($3/$6 USD) - 2016/04/24 15:23:29 ET
Table 'Anacreon' 10-max Seat #10 is the button
Seat 5: mylifeluvsol ($61 in chips)
Seat 10: Airbag999 ($193.16 in chips)
Airbag999: posts small blind $1
mylifeluvsol: posts big blind $3
*** HOLE CARDS ***
Airbag999: raises $3 to $6
mylifeluvsol: calls $3
*** FLOP *** [Qh 8c 5d]
mylifeluvsol: checks
Airbag999: bets $3
mylifeluvsol: calls $3
*** TURN *** [Qh 8c 5d] [Js]
mylifeluvsol: checks
Airbag999: bets $6
mylifeluvsol: calls $6
*** RIVER *** [Qh 8c 5d Js] [3c]
mylifeluvsol: checks
Airbag999: bets $6
mylifeluvsol: calls $6
*** SHOW DOWN ***
Airbag999: shows [Qs 3h] (two pair, Queens and Threes)
mylifeluvsol: mucks hand
Airbag999 collected $41.50 from pot
*** SUMMARY ***
Total pot $42 | Rake $0.50
Board [Qh 8c 5d Js 3c]
Seat 5: mylifeluvsol (big blind) mucked
Seat 10: Airbag999 (button) (small blind) showed [Qs 3h] and won ($41.50) with two pair, Queens and Threes


PokerStars Hand #152390990763:  Hold'em Limit ($3/$6 USD) - 2016/04/24 15:23:23 ET
Table 'Anacreon' 10-max Seat #5 is the button
Seat 5: mylifeluvsol ($62 in chips)
Seat 10: Airbag999 ($192.16 in chips)
mylifeluvsol: posts small blind $1
Airbag999: posts big blind $3
*** HOLE CARDS ***
mylifeluvsol: folds
Uncalled bet ($2) returned to Airbag999
Airbag999 collected $2 from pot
Airbag999: doesn't show hand
*** SUMMARY ***
Total pot $2 | Rake $0
Seat 5: mylifeluvsol (button) (small blind) folded before Flop
Seat 10: Airbag999 (big blind) collected ($2)


PokerStars Hand #152390968904:  Hold'em Limit ($3/$6 USD) - 2016/04/24 15:23:02 ET
Table 'Anacreon' 10-max Seat #10 is the button
Seat 5: mylifeluvsol ($41.50 in chips)
Seat 10: Airbag999 ($213.16 in chips)
Airbag999: posts small blind $1
mylifeluvsol: posts big blind $3
*** HOLE CARDS ***
Airbag999: raises $3 to $6
mylifeluvsol: calls $3
*** FLOP *** [6h Ks Td]
mylifeluvsol: checks
Airbag999: bets $3
mylifeluvsol: calls $3
*** TURN *** [6h Ks Td] [Ac]
mylifeluvsol: bets $6
Airbag999: calls $6
*** RIVER *** [6h Ks Td Ac] [8s]
mylifeluvsol: bets $6
Airbag999: calls $6
*** SHOW DOWN ***
mylifeluvsol: shows [Tc 4c] (a pair of Tens)
Airbag999: mucks hand
mylifeluvsol collected $41.50 from pot
*** SUMMARY ***
Total pot $42 | Rake $0.50
Board [6h Ks Td Ac 8s]
Seat 5: mylifeluvsol (big blind) showed [Tc 4c] and won ($41.50) with a pair of Tens
Seat 10: Airbag999 (button) (small blind) mucked


PokerStars Hand #152391048940:  Hold'em Limit ($3/$6 USD) - 2016/04/24 15:24:18 ET
Table 'Anacreon' 10-max Seat #5 is the button
Seat 5: mylifeluvsol ($36 in chips)
Seat 10: Airbag999 ($217.66 in chips)
mylifeluvsol: posts small blind $1
Airbag999: posts big blind $3
*** HOLE CARDS ***
mylifeluvsol: raises $3 to $6
Airbag999: calls $3
*** FLOP *** [7c 3s 4s]
Airbag999: checks
mylifeluvsol: bets $3
Airbag999: calls $3
*** TURN *** [7c 3s 4s] [As]
Airbag999: checks
mylifeluvsol: bets $6
Airbag999: folds
Uncalled bet ($6) returned to mylifeluvsol
mylifeluvsol collected $17.64 from pot
mylifeluvsol: doesn't show hand
*** SUMMARY ***
Total pot $18 | Rake $0.36
Board [7c 3s 4s As]
Seat 5: mylifeluvsol (button) (small blind) collected ($17.64)
Seat 10: Airbag999 (big blind) folded on the Turn


PokerStars Hand #152391067961:  Hold'em Limit ($3/$6 USD) - 2016/04/24 15:24:36 ET
Table 'Anacreon' 10-max Seat #10 is the button
Seat 5: mylifeluvsol ($44.64 in chips)
Seat 10: Airbag999 ($208.66 in chips)
Airbag999: posts small blind $1
mylifeluvsol: posts big blind $3
*** HOLE CARDS ***
Airbag999: raises $3 to $6
mylifeluvsol: calls $3
*** FLOP *** [3c 7h 8d]
mylifeluvsol: checks
Airbag999: bets $3
mylifeluvsol: calls $3
*** TURN *** [3c 7h 8d] [Jd]
mylifeluvsol: checks
Airbag999: checks
*** RIVER *** [3c 7h 8d Jd] [Th]
mylifeluvsol: bets $6
Airbag999: folds
Uncalled bet ($6) returned to mylifeluvsol
mylifeluvsol collected $17.64 from pot
mylifeluvsol: doesn't show hand
*** SUMMARY ***
Total pot $18 | Rake $0.36
Board [3c 7h 8d Jd Th]
Seat 5: mylifeluvsol (big blind) collected ($17.64)
Seat 10: Airbag999 (button) (small blind) folded on the River


PokerStars Hand #152391041884:  Hold'em Limit ($3/$6 USD) - 2016/04/24 15:24:12 ET
Table 'Anacreon' 10-max Seat #10 is the button
Seat 5: mylifeluvsol ($39 in chips)
Seat 10: Airbag999 ($214.66 in chips)
Airbag999: posts small blind $1
mylifeluvsol: posts big blind $3
*** HOLE CARDS ***
Airbag999: raises $3 to $6
mylifeluvsol: folds
Uncalled bet ($3) returned to Airbag999
Airbag999 collected $6 from pot
Airbag999: doesn't show hand
*** SUMMARY ***
Total pot $6 | Rake $0
Seat 5: mylifeluvsol (big blind) folded before Flop
Seat 10: Airbag999 (button) (small blind) collected ($6)


PokerStars Hand #152391036275:  Hold'em Limit ($3/$6 USD) - 2016/04/24 15:24:06 ET
Table 'Anacreon' 10-max Seat #5 is the button
Seat 5: mylifeluvsol ($40 in chips)
Seat 10: Airbag999 ($213.66 in chips)
mylifeluvsol: posts small blind $1
Airbag999: posts big blind $3
*** HOLE CARDS ***
mylifeluvsol: folds
Uncalled bet ($2) returned to Airbag999
Airbag999 collected $2 from pot
Airbag999: doesn't show hand
*** SUMMARY ***
Total pot $2 | Rake $0
Seat 5: mylifeluvsol (button) (small blind) folded before Flop
Seat 10: Airbag999 (big blind) collected ($2)


PokerStars Hand #152391085343:  Hold'em Limit ($3/$6 USD) - 2016/04/24 15:24:53 ET
Table 'Anacreon' 10-max Seat #5 is the button
Seat 5: mylifeluvsol ($53.28 in chips)
Seat 10: Airbag999 ($199.66 in chips)
mylifeluvsol: posts small blind $1
Airbag999: posts big blind $3
*** HOLE CARDS ***
mylifeluvsol: raises $3 to $6
Airbag999: calls $3
*** FLOP *** [2s 8c 7h]
Airbag999: checks
mylifeluvsol: checks
*** TURN *** [2s 8c 7h] [9d]
Airbag999: bets $6
mylifeluvsol: raises $6 to $12
Airbag999: calls $6
*** RIVER *** [2s 8c 7h 9d] [Th]
Airbag999: checks
mylifeluvsol: bets $6
Airbag999: folds
Uncalled bet ($6) returned to mylifeluvsol
mylifeluvsol collected $35.50 from pot
*** SUMMARY ***
Total pot $36 | Rake $0.50
Board [2s 8c 7h 9d Th]
Seat 5: mylifeluvsol (button) (small blind) collected ($35.50)
Seat 10: Airbag999 (big blind) folded on the River


PokerStars Hand #152391122516:  Hold'em Limit ($3/$6 USD) - 2016/04/24 15:25:28 ET
Table 'Anacreon' 10-max Seat #10 is the button
Seat 5: mylifeluvsol ($66.78 in chips)
Seat 10: Airbag999 ($185.66 in chips)
Airbag999: posts small blind $1
mylifeluvsol: posts big blind $3
*** HOLE CARDS ***
Airbag999: raises $3 to $6
mylifeluvsol: raises $3 to $9
Airbag999: calls $3
*** FLOP *** [6d 4d Tc]
mylifeluvsol: checks
Airbag999: bets $3
mylifeluvsol: raises $3 to $6
Airbag999: calls $3
*** TURN *** [6d 4d Tc] [Ad]
mylifeluvsol: bets $6
Airbag999: calls $6
*** RIVER *** [6d 4d Tc Ad] [Kc]
mylifeluvsol: checks
Airbag999: bets $6
mylifeluvsol: calls $6
*** SHOW DOWN ***
Airbag999: shows [Kh Ac] (two pair, Aces and Kings)
mylifeluvsol: mucks hand
Airbag999 collected $53.50 from pot
*** SUMMARY ***
Total pot $54 | Rake $0.50
Board [6d 4d Tc Ad Kc]
Seat 5: mylifeluvsol (big blind) mucked
Seat 10: Airbag999 (button) (small blind) showed [Kh Ac] and won ($53.50) with two pair, Aces and Kings


PokerStars Hand #152391154217:  Hold'em Limit ($3/$6 USD) - 2016/04/24 15:25:59 ET
Table 'Anacreon' 10-max Seat #5 is the button
Seat 5: mylifeluvsol ($39.78 in chips)
Seat 10: Airbag999 ($212.16 in chips)
mylifeluvsol: posts small blind $1
Airbag999: posts big blind $3
*** HOLE CARDS ***
mylifeluvsol: raises $3 to $6
Airbag999: calls $3
*** FLOP *** [7d As Ah]
Airbag999: checks
mylifeluvsol: bets $3
Airbag999: raises $3 to $6
mylifeluvsol: folds
Uncalled bet ($3) returned to Airbag999
Airbag999 collected $17.64 from pot
Airbag999: doesn't show hand
*** SUMMARY ***
Total pot $18 | Rake $0.36
Board [7d As Ah]
Seat 5: mylifeluvsol (button) (small blind) folded on the Flop
Seat 10: Airbag999 (big blind) collected ($17.64)


PokerStars Hand #152391175594:  Hold'em Limit ($3/$6 USD) - 2016/04/24 15:26:19 ET
Table 'Anacreon' 10-max Seat #5 is the button
Seat 5: mylifeluvsol ($27.78 in chips)
Seat 10: Airbag999 ($223.80 in chips)
mylifeluvsol: posts small blind $1
Airbag999: posts big blind $3
*** HOLE CARDS ***
mylifeluvsol: folds
Uncalled bet ($2) returned to Airbag999
Airbag999 collected $2 from pot
Airbag999: doesn't show hand
*** SUMMARY ***
Total pot $2 | Rake $0
Seat 5: mylifeluvsol (button) (small blind) folded before Flop
Seat 10: Airbag999 (big blind) collected ($2)


PokerStars Hand #152391169152:  Hold'em Limit ($3/$6 USD) - 2016/04/24 15:26:13 ET
Table 'Anacreon' 10-max Seat #10 is the button
Seat 5: mylifeluvsol ($30.78 in chips)
Seat 10: Airbag999 ($220.80 in chips)
Airbag999: posts small blind $1
mylifeluvsol: posts big blind $3
*** HOLE CARDS ***
Airbag999: raises $3 to $6
mylifeluvsol: folds
Uncalled bet ($3) returned to Airbag999
Airbag999 collected $6 from pot
Airbag999: doesn't show hand
*** SUMMARY ***
Total pot $6 | Rake $0
Seat 5: mylifeluvsol (big blind) folded before Flop
Seat 10: Airbag999 (button) (small blind) collected ($6)


PokerStars Hand #152391116814:  Hold'em Limit ($3/$6 USD) - 2016/04/24 15:25:23 ET
Table 'Anacreon' 10-max Seat #5 is the button
Seat 5: mylifeluvsol ($67.78 in chips)
Seat 10: Airbag999 ($184.66 in chips)
mylifeluvsol: posts small blind $1
Airbag999: posts big blind $3
*** HOLE CARDS ***
mylifeluvsol: folds
Uncalled bet ($2) returned to Airbag999
Airbag999 collected $2 from pot
Airbag999: doesn't show hand
*** SUMMARY ***
Total pot $2 | Rake $0
Seat 5: mylifeluvsol (button) (small blind) folded before Flop
Seat 10: Airbag999 (big blind) collected ($2)


PokerStars Hand #152391110588:  Hold'em Limit ($3/$6 USD) - 2016/04/24 15:25:17 ET
Table 'Anacreon' 10-max Seat #10 is the button
Seat 5: mylifeluvsol ($70.78 in chips)
Seat 10: Airbag999 ($181.66 in chips)
Airbag999: posts small blind $1
mylifeluvsol: posts big blind $3
*** HOLE CARDS ***
Airbag999: raises $3 to $6
mylifeluvsol: folds
Uncalled bet ($3) returned to Airbag999
Airbag999 collected $6 from pot
Airbag999: doesn't show hand
*** SUMMARY ***
Total pot $6 | Rake $0
Seat 5: mylifeluvsol (big blind) folded before Flop
Seat 10: Airbag999 (button) (small blind) collected ($6)


PokerStars Hand #152391276889:  Hold'em Limit ($3/$6 USD) - 2016/04/24 15:27:56 ET
Table 'Anacreon' 10-max Seat #5 is the button
Seat 5: mylifeluvsol ($180.97 in chips)
Seat 10: Airbag999 ($169.56 in chips)
mylifeluvsol: posts small blind $1
Airbag999: posts big blind $3
*** HOLE CARDS ***
mylifeluvsol: calls $2
Airbag999: checks
*** FLOP *** [Jh As Ah]
Airbag999: bets $3
mylifeluvsol: folds
Uncalled bet ($3) returned to Airbag999
Airbag999 collected $5.88 from pot
Airbag999: doesn't show hand
*** SUMMARY ***
Total pot $6 | Rake $0.12
Board [Jh As Ah]
Seat 5: mylifeluvsol (button) (small blind) folded on the Flop
Seat 10: Airbag999 (big blind) collected ($5.88)


PokerStars Hand #152391267624:  Hold'em Limit ($3/$6 USD) - 2016/04/24 15:27:47 ET
Table 'Anacreon' 10-max Seat #10 is the button
Seat 5: mylifeluvsol ($179.97 in chips)
Seat 10: Airbag999 ($170.56 in chips)
Airbag999: posts small blind $1
mylifeluvsol: posts big blind $3
*** HOLE CARDS ***
Airbag999: folds
Uncalled bet ($2) returned to mylifeluvsol
mylifeluvsol collected $2 from pot
mylifeluvsol: doesn't show hand
*** SUMMARY ***
Total pot $2 | Rake $0
Seat 5: mylifeluvsol (big blind) collected ($2)
Seat 10: Airbag999 (button) (small blind) folded before Flop


PokerStars Hand #152391240354:  Hold'em Limit ($3/$6 USD) - 2016/04/24 15:27:21 ET
Table 'Anacreon' 10-max Seat #5 is the button
Seat 5: mylifeluvsol ($156.47 in chips)
Seat 10: Airbag999 ($194.56 in chips)
mylifeluvsol: posts small blind $1
Airbag999: posts big blind $3
*** HOLE CARDS ***
mylifeluvsol: raises $3 to $6
Airbag999: calls $3
*** FLOP *** [6d 8s Qh]
Airbag999: checks
mylifeluvsol: bets $3
Airbag999: raises $3 to $6
mylifeluvsol: calls $3
*** TURN *** [6d 8s Qh] [Kh]
Airbag999: bets $6
mylifeluvsol: calls $6
*** RIVER *** [6d 8s Qh Kh] [6c]
Airbag999: bets $6
mylifeluvsol: calls $6
*** SHOW DOWN ***
Airbag999: shows [9h 5s] (a pair of Sixes)
mylifeluvsol: shows [Tc Th] (two pair, Tens and Sixes)
mylifeluvsol collected $47.50 from pot
*** SUMMARY ***
Total pot $48 | Rake $0.50
Board [6d 8s Qh Kh 6c]
Seat 5: mylifeluvsol (button) (small blind) showed [Tc Th] and won ($47.50) with two pair, Tens and Sixes
Seat 10: Airbag999 (big blind) showed [9h 5s] and lost with a pair of Sixes


PokerStars Hand #152391289650:  Hold'em Limit ($3/$6 USD) - 2016/04/24 15:28:08 ET
Table 'Anacreon' 10-max Seat #10 is the button
Seat 5: mylifeluvsol ($177.97 in chips)
Seat 10: Airbag999 ($172.44 in chips)
Airbag999: posts small blind $1
mylifeluvsol: posts big blind $3
*** HOLE CARDS ***
Airbag999: raises $3 to $6
mylifeluvsol: calls $3
*** FLOP *** [Td 6c 2h]
mylifeluvsol: checks
Airbag999: checks
*** TURN *** [Td 6c 2h] [8s]
mylifeluvsol: bets $6
Airbag999: calls $6
*** RIVER *** [Td 6c 2h 8s] [2c]
mylifeluvsol: bets $6
Airbag999: raises $6 to $12
mylifeluvsol: calls $6
*** SHOW DOWN ***
Airbag999: shows [3s 7s] (a pair of Deuces)
mylifeluvsol: shows [6h 9h] (two pair, Sixes and Deuces)
mylifeluvsol collected $47.50 from pot
*** SUMMARY ***
Total pot $48 | Rake $0.50
Board [Td 6c 2h 8s 2c]
Seat 5: mylifeluvsol (big blind) showed [6h 9h] and won ($47.50) with two pair, Sixes and Deuces
Seat 10: Airbag999 (button) (small blind) showed [3s 7s] and lost with a pair of Deuces


PokerStars Hand #152391352902:  Hold'em Limit ($3/$6 USD) - 2016/04/24 15:29:09 ET
Table 'Anacreon' 10-max Seat #5 is the button
Seat 5: mylifeluvsol ($205.11 in chips)
Seat 10: Airbag999 ($144.44 in chips)
mylifeluvsol: posts small blind $1
Airbag999: posts big blind $3
*** HOLE CARDS ***
mylifeluvsol: raises $3 to $6
Airbag999: raises $3 to $9
mylifeluvsol: calls $3
*** FLOP *** [3h As 5d]
Airbag999: bets $3
mylifeluvsol: calls $3
*** TURN *** [3h As 5d] [2c]
Airbag999: checks
mylifeluvsol: checks
*** RIVER *** [3h As 5d 2c] [Kh]
Airbag999: checks
mylifeluvsol: checks
*** SHOW DOWN ***
Airbag999: shows [Ac Qc] (a pair of Aces)
mylifeluvsol: mucks hand
Airbag999 collected $23.52 from pot
*** SUMMARY ***
Total pot $24 | Rake $0.48
Board [3h As 5d 2c Kh]
Seat 5: mylifeluvsol (button) (small blind) mucked
Seat 10: Airbag999 (big blind) showed [Ac Qc] and won ($23.52) with a pair of Aces


PokerStars Hand #152391334547:  Hold'em Limit ($3/$6 USD) - 2016/04/24 15:28:51 ET
Table 'Anacreon' 10-max Seat #10 is the button
Seat 5: mylifeluvsol ($196.47 in chips)
Seat 10: Airbag999 ($153.44 in chips)
Airbag999: posts small blind $1
mylifeluvsol: posts big blind $3
*** HOLE CARDS ***
Airbag999: raises $3 to $6
mylifeluvsol: calls $3
*** FLOP *** [5h 4c 5d]
mylifeluvsol: checks
Airbag999: bets $3
mylifeluvsol: calls $3
*** TURN *** [5h 4c 5d] [8d]
mylifeluvsol: checks
Airbag999: checks
*** RIVER *** [5h 4c 5d 8d] [6d]
mylifeluvsol: checks
Airbag999: checks
*** SHOW DOWN ***
mylifeluvsol: shows [3h 7h] (a straight, Four to Eight)
Airbag999: mucks hand
mylifeluvsol collected $17.64 from pot
*** SUMMARY ***
Total pot $18 | Rake $0.36
Board [5h 4c 5d 8d 6d]
Seat 5: mylifeluvsol (big blind) showed [3h 7h] and won ($17.64) with a straight, Four to Eight
Seat 10: Airbag999 (button) (small blind) mucked


PokerStars Hand #152391328337:  Hold'em Limit ($3/$6 USD) - 2016/04/24 15:28:45 ET
Table 'Anacreon' 10-max Seat #5 is the button
Seat 5: mylifeluvsol ($197.47 in chips)
Seat 10: Airbag999 ($152.44 in chips)
mylifeluvsol: posts small blind $1
Airbag999: posts big blind $3
*** HOLE CARDS ***
mylifeluvsol: folds
Uncalled bet ($2) returned to Airbag999
Airbag999 collected $2 from pot
Airbag999: doesn't show hand
*** SUMMARY ***
Total pot $2 | Rake $0
Seat 5: mylifeluvsol (button) (small blind) folded before Flop
Seat 10: Airbag999 (big blind) collected ($2)


PokerStars Hand #152391322315:  Hold'em Limit ($3/$6 USD) - 2016/04/24 15:28:40 ET
Table 'Anacreon' 10-max Seat #10 is the button
Seat 5: mylifeluvsol ($200.47 in chips)
Seat 10: Airbag999 ($149.44 in chips)
Airbag999: posts small blind $1
mylifeluvsol: posts big blind $3
*** HOLE CARDS ***
Airbag999: raises $3 to $6
mylifeluvsol: folds
Uncalled bet ($3) returned to Airbag999
Airbag999 collected $6 from pot
Airbag999: doesn't show hand
*** SUMMARY ***
Total pot $6 | Rake $0
Seat 5: mylifeluvsol (big blind) folded before Flop
Seat 10: Airbag999 (button) (small blind) collected ($6)


PokerStars Hand #152391316129:  Hold'em Limit ($3/$6 USD) - 2016/04/24 15:28:34 ET
Table 'Anacreon' 10-max Seat #5 is the button
Seat 5: mylifeluvsol ($201.47 in chips)
Seat 10: Airbag999 ($148.44 in chips)
mylifeluvsol: posts small blind $1
Airbag999: posts big blind $3
*** HOLE CARDS ***
mylifeluvsol: folds
Uncalled bet ($2) returned to Airbag999
Airbag999 collected $2 from pot
Airbag999: doesn't show hand
*** SUMMARY ***
Total pot $2 | Rake $0
Seat 5: mylifeluvsol (button) (small blind) folded before Flop
Seat 10: Airbag999 (big blind) collected ($2)


PokerStars Hand #152391436350:  Hold'em Limit ($3/$6 USD) - 2016/04/24 15:30:28 ET
Table 'Anacreon' 10-max Seat #10 is the button
Seat 5: mylifeluvsol ($190.63 in chips)
Seat 10: Airbag999 ($157.60 in chips)
Airbag999: posts small blind $1
mylifeluvsol: posts big blind $3
*** HOLE CARDS ***
Airbag999: raises $3 to $6
mylifeluvsol: folds
Uncalled bet ($3) returned to Airbag999
Airbag999 collected $6 from pot
Airbag999: doesn't show hand
*** SUMMARY ***
Total pot $6 | Rake $0
Seat 5: mylifeluvsol (big blind) folded before Flop
Seat 10: Airbag999 (button) (small blind) collected ($6)


PokerStars Hand #152391431055:  Hold'em Limit ($3/$6 USD) - 2016/04/24 15:30:23 ET
Table 'Anacreon' 10-max Seat #5 is the button
Seat 5: mylifeluvsol ($191.63 in chips)
Seat 10: Airbag999 ($156.60 in chips)
mylifeluvsol: posts small blind $1
Airbag999: posts big blind $3
*** HOLE CARDS ***
mylifeluvsol: folds
Uncalled bet ($2) returned to Airbag999
Airbag999 collected $2 from pot
Airbag999: doesn't show hand
*** SUMMARY ***
Total pot $2 | Rake $0
Seat 5: mylifeluvsol (button) (small blind) folded before Flop
Seat 10: Airbag999 (big blind) collected ($2)


PokerStars Hand #152391424834:  Hold'em Limit ($3/$6 USD) - 2016/04/24 15:30:17 ET
Table 'Anacreon' 10-max Seat #10 is the button
Seat 5: mylifeluvsol ($194.63 in chips)
Seat 10: Airbag999 ($153.60 in chips)
Airbag999: posts small blind $1
mylifeluvsol: posts big blind $3
*** HOLE CARDS ***
Airbag999: raises $3 to $6
mylifeluvsol: folds
Uncalled bet ($3) returned to Airbag999
Airbag999 collected $6 from pot
Airbag999: doesn't show hand
*** SUMMARY ***
Total pot $6 | Rake $0
Seat 5: mylifeluvsol (big blind) folded before Flop
Seat 10: Airbag999 (button) (small blind) collected ($6)


PokerStars Hand #152391406329:  Hold'em Limit ($3/$6 USD) - 2016/04/24 15:30:00 ET
Table 'Anacreon' 10-max Seat #5 is the button
Seat 5: mylifeluvsol ($197.63 in chips)
Seat 10: Airbag999 ($150.72 in chips)
mylifeluvsol: posts small blind $1
Airbag999: posts big blind $3
*** HOLE CARDS ***
mylifeluvsol: calls $2
Airbag999: checks
*** FLOP *** [5h 4c Kc]
Airbag999: bets $3
mylifeluvsol: folds
Uncalled bet ($3) returned to Airbag999
Airbag999 collected $5.88 from pot
Airbag999: doesn't show hand
*** SUMMARY ***
Total pot $6 | Rake $0.12
Board [5h 4c Kc]
Seat 5: mylifeluvsol (button) (small blind) folded on the Flop
Seat 10: Airbag999 (big blind) collected ($5.88)


PokerStars Hand #152391386413:  Hold'em Limit ($3/$6 USD) - 2016/04/24 15:29:41 ET
Table 'Anacreon' 10-max Seat #5 is the button
Seat 5: mylifeluvsol ($187.11 in chips)
Seat 10: Airbag999 ($161.72 in chips)
mylifeluvsol: posts small blind $1
Airbag999: posts big blind $3
*** HOLE CARDS ***
mylifeluvsol: folds
Uncalled bet ($2) returned to Airbag999
Airbag999 collected $2 from pot
Airbag999: doesn't show hand
*** SUMMARY ***
Total pot $2 | Rake $0
Seat 5: mylifeluvsol (button) (small blind) folded before Flop
Seat 10: Airbag999 (big blind) collected ($2)


PokerStars Hand #152391391793:  Hold'em Limit ($3/$6 USD) - 2016/04/24 15:29:46 ET
Table 'Anacreon' 10-max Seat #10 is the button
Seat 5: mylifeluvsol ($186.11 in chips)
Seat 10: Airbag999 ($162.72 in chips)
Airbag999: posts small blind $1
mylifeluvsol: posts big blind $3
*** HOLE CARDS ***
Airbag999: raises $3 to $6
mylifeluvsol: raises $3 to $9
Airbag999: calls $3
*** FLOP *** [Qd Jh Qh]
mylifeluvsol: bets $3
Airbag999: calls $3
*** TURN *** [Qd Jh Qh] [2c]
mylifeluvsol: bets $6
Airbag999: folds
Uncalled bet ($6) returned to mylifeluvsol
mylifeluvsol collected $23.52 from pot
mylifeluvsol: doesn't show hand
*** SUMMARY ***
Total pot $24 | Rake $0.48
Board [Qd Jh Qh 2c]
Seat 5: mylifeluvsol (big blind) collected ($23.52)
Seat 10: Airbag999 (button) (small blind) folded on the Turn


PokerStars Hand #152391375551:  Hold'em Limit ($3/$6 USD) - 2016/04/24 15:29:30 ET
Table 'Anacreon' 10-max Seat #10 is the button
Seat 5: mylifeluvsol ($193.11 in chips)
Seat 10: Airbag999 ($155.96 in chips)
Airbag999: posts small blind $1
mylifeluvsol: posts big blind $3
*** HOLE CARDS ***
Airbag999: raises $3 to $6
mylifeluvsol: calls $3
*** FLOP *** [Jc 6c 2c]
mylifeluvsol: folds
Airbag999 collected $11.76 from pot
Airbag999: doesn't show hand
*** SUMMARY ***
Total pot $12 | Rake $0.24
Board [Jc 6c 2c]
Seat 5: mylifeluvsol (big blind) folded on the Flop
Seat 10: Airbag999 (button) (small blind) collected ($11.76)


PokerStars Hand #152391443487:  Hold'em Limit ($3/$6 USD) - 2016/04/24 15:30:35 ET
Table 'Anacreon' 10-max Seat #5 is the button
Seat 5: mylifeluvsol ($187.63 in chips)
Seat 10: Airbag999 ($160.60 in chips)
mylifeluvsol: posts small blind $1
Airbag999: posts big blind $3
*** HOLE CARDS ***
mylifeluvsol: raises $3 to $6
Airbag999: folds
Uncalled bet ($3) returned to mylifeluvsol
mylifeluvsol collected $6 from pot
mylifeluvsol: doesn't show hand
*** SUMMARY ***
Total pot $6 | Rake $0
Seat 5: mylifeluvsol (button) (small blind) collected ($6)
Seat 10: Airbag999 (big blind) folded before Flop


PokerStars Hand #152391451550:  Hold'em Limit ($3/$6 USD) - 2016/04/24 15:30:43 ET
Table 'Anacreon' 10-max Seat #10 is the button
Seat 5: mylifeluvsol ($190.63 in chips)
Seat 10: Airbag999 ($157.60 in chips)
Airbag999: posts small blind $1
mylifeluvsol: posts big blind $3
*** HOLE CARDS ***
Airbag999: raises $3 to $6
mylifeluvsol: folds
Uncalled bet ($3) returned to Airbag999
Airbag999 collected $6 from pot
Airbag999: doesn't show hand
*** SUMMARY ***
Total pot $6 | Rake $0
Seat 5: mylifeluvsol (big blind) folded before Flop
Seat 10: Airbag999 (button) (small blind) collected ($6)


PokerStars Hand #152391458847:  Hold'em Limit ($3/$6 USD) - 2016/04/24 15:30:50 ET
Table 'Anacreon' 10-max Seat #5 is the button
Seat 5: mylifeluvsol ($187.63 in chips)
Seat 10: Airbag999 ($160.60 in chips)
mylifeluvsol: posts small blind $1
Airbag999: posts big blind $3
*** HOLE CARDS ***
mylifeluvsol: calls $2
Airbag999: raises $3 to $6
mylifeluvsol: calls $3
*** FLOP *** [Qs 5c 4s]
Airbag999: bets $3
mylifeluvsol: calls $3
*** TURN *** [Qs 5c 4s] [Ad]
Airbag999: bets $6
mylifeluvsol: raises $6 to $12
Airbag999: folds
Uncalled bet ($6) returned to mylifeluvsol
mylifeluvsol collected $29.50 from pot
mylifeluvsol: doesn't show hand
*** SUMMARY ***
Total pot $30 | Rake $0.50
Board [Qs 5c 4s Ad]
Seat 5: mylifeluvsol (button) (small blind) collected ($29.50)
Seat 10: Airbag999 (big blind) folded on the Turn


PokerStars Hand #152391490116:  Hold'em Limit ($3/$6 USD) - 2016/04/24 15:31:19 ET
Table 'Anacreon' 10-max Seat #5 is the button
Seat 5: mylifeluvsol ($196.13 in chips)
Seat 10: Airbag999 ($151.36 in chips)
mylifeluvsol: posts small blind $1
Airbag999: posts big blind $3
*** HOLE CARDS ***
mylifeluvsol: folds
Uncalled bet ($2) returned to Airbag999
Airbag999 collected $2 from pot
Airbag999: doesn't show hand
*** SUMMARY ***
Total pot $2 | Rake $0
Seat 5: mylifeluvsol (button) (small blind) folded before Flop
Seat 10: Airbag999 (big blind) collected ($2)


PokerStars Hand #152391479250:  Hold'em Limit ($3/$6 USD) - 2016/04/24 15:31:09 ET
Table 'Anacreon' 10-max Seat #10 is the button
Seat 5: mylifeluvsol ($202.13 in chips)
Seat 10: Airbag999 ($145.60 in chips)
Airbag999: posts small blind $1
mylifeluvsol: posts big blind $3
*** HOLE CARDS ***
Airbag999: raises $3 to $6
mylifeluvsol: calls $3
*** FLOP *** [8d 3d Js]
mylifeluvsol: folds
Airbag999 collected $11.76 from pot
Airbag999: doesn't show hand
*** SUMMARY ***
Total pot $12 | Rake $0.24
Board [8d 3d Js]
Seat 5: mylifeluvsol (big blind) folded on the Flop
Seat 10: Airbag999 (button) (small blind) collected ($11.76)


PokerStars Hand #152391509683:  Hold'em Limit ($3/$6 USD) - 2016/04/24 15:31:38 ET
Table 'Anacreon' 10-max Seat #5 is the button
Seat 5: mylifeluvsol ($200.89 in chips)
Seat 10: Airbag999 ($146.36 in chips)
mylifeluvsol: posts small blind $1
Airbag999: posts big blind $3
*** HOLE CARDS ***
mylifeluvsol: folds
Uncalled bet ($2) returned to Airbag999
Airbag999 collected $2 from pot
Airbag999: doesn't show hand
*** SUMMARY ***
Total pot $2 | Rake $0
Seat 5: mylifeluvsol (button) (small blind) folded before Flop
Seat 10: Airbag999 (big blind) collected ($2)


PokerStars Hand #152391495528:  Hold'em Limit ($3/$6 USD) - 2016/04/24 15:31:25 ET
Table 'Anacreon' 10-max Seat #10 is the button
Seat 5: mylifeluvsol ($195.13 in chips)
Seat 10: Airbag999 ($152.36 in chips)
Airbag999: posts small blind $1
mylifeluvsol: posts big blind $3
*** HOLE CARDS ***
Airbag999: raises $3 to $6
mylifeluvsol: calls $3
*** FLOP *** [9h Jh 3d]
mylifeluvsol: checks
Airbag999: checks
*** TURN *** [9h Jh 3d] [7s]
mylifeluvsol: bets $6
Airbag999: folds
Uncalled bet ($6) returned to mylifeluvsol
mylifeluvsol collected $11.76 from pot
mylifeluvsol: doesn't show hand
*** SUMMARY ***
Total pot $12 | Rake $0.24
Board [9h Jh 3d 7s]
Seat 5: mylifeluvsol (big blind) collected ($11.76)
Seat 10: Airbag999 (button) (small blind) folded on the Turn


PokerStars Hand #152391515057:  Hold'em Limit ($3/$6 USD) - 2016/04/24 15:31:43 ET
Table 'Anacreon' 10-max Seat #10 is the button
Seat 5: mylifeluvsol ($199.89 in chips)
Seat 10: Airbag999 ($147.36 in chips)
Airbag999: posts small blind $1
mylifeluvsol: posts big blind $3
*** HOLE CARDS ***
Airbag999: raises $3 to $6
mylifeluvsol: folds
Uncalled bet ($3) returned to Airbag999
Airbag999 collected $6 from pot
Airbag999: doesn't show hand
*** SUMMARY ***
Total pot $6 | Rake $0
Seat 5: mylifeluvsol (big blind) folded before Flop
Seat 10: Airbag999 (button) (small blind) collected ($6)


PokerStars Hand #152391537973:  Hold'em Limit ($3/$6 USD) - 2016/04/24 15:32:05 ET
Table 'Anacreon' 10-max Seat #10 is the button
Seat 5: mylifeluvsol ($205.53 in chips)
Seat 10: Airbag999 ($141.36 in chips)
Airbag999: posts small blind $1
mylifeluvsol: posts big blind $3
*** HOLE CARDS ***
Airbag999: raises $3 to $6
mylifeluvsol: calls $3
*** FLOP *** [6d 4c Js]
mylifeluvsol: checks
Airbag999: checks
*** TURN *** [6d 4c Js] [9h]
mylifeluvsol: checks
Airbag999: checks
*** RIVER *** [6d 4c Js 9h] [6c]
mylifeluvsol: bets $6
Airbag999: calls $6
*** SHOW DOWN ***
mylifeluvsol: shows [5s 4s] (two pair, Sixes and Fours)
Airbag999: mucks hand
mylifeluvsol collected $23.52 from pot
*** SUMMARY ***
Total pot $24 | Rake $0.48
Board [6d 4c Js 9h 6c]
Seat 5: mylifeluvsol (big blind) showed [5s 4s] and won ($23.52) with two pair, Sixes and Fours
Seat 10: Airbag999 (button) (small blind) mucked


PokerStars Hand #152391520976:  Hold'em Limit ($3/$6 USD) - 2016/04/24 15:31:49 ET
Table 'Anacreon' 10-max Seat #5 is the button
Seat 5: mylifeluvsol ($196.89 in chips)
Seat 10: Airbag999 ($150.36 in chips)
mylifeluvsol: posts small blind $1
Airbag999: posts big blind $3
*** HOLE CARDS ***
mylifeluvsol: calls $2
Airbag999: checks
*** FLOP *** [Tc 7c 2s]
Airbag999: checks
mylifeluvsol: checks
*** TURN *** [Tc 7c 2s] [9s]
Airbag999: bets $6
mylifeluvsol: raises $6 to $12
Airbag999: folds
Uncalled bet ($6) returned to mylifeluvsol
mylifeluvsol collected $17.64 from pot
mylifeluvsol: doesn't show hand
*** SUMMARY ***
Total pot $18 | Rake $0.36
Board [Tc 7c 2s 9s]
Seat 5: mylifeluvsol (button) (small blind) collected ($17.64)
Seat 10: Airbag999 (big blind) folded on the Turn


PokerStars Hand #152391570080:  Hold'em Limit ($3/$6 USD) - 2016/04/24 15:32:36 ET
Table 'Anacreon' 10-max Seat #10 is the button
Seat 5: mylifeluvsol ($222.81 in chips)
Seat 10: Airbag999 ($123.36 in chips)
Airbag999: posts small blind $1
mylifeluvsol: posts big blind $3
*** HOLE CARDS ***
Airbag999: raises $3 to $6
mylifeluvsol: folds
Uncalled bet ($3) returned to Airbag999
Airbag999 collected $6 from pot
Airbag999: doesn't show hand
*** SUMMARY ***
Total pot $6 | Rake $0
Seat 5: mylifeluvsol (big blind) folded before Flop
Seat 10: Airbag999 (button) (small blind) collected ($6)


PokerStars Hand #152391554871:  Hold'em Limit ($3/$6 USD) - 2016/04/24 15:32:21 ET
Table 'Anacreon' 10-max Seat #5 is the button
Seat 5: mylifeluvsol ($217.05 in chips)
Seat 10: Airbag999 ($129.36 in chips)
mylifeluvsol: posts small blind $1
Airbag999: posts big blind $3
*** HOLE CARDS ***
mylifeluvsol: calls $2
Airbag999: checks
*** FLOP *** [Kd Ah Qs]
Airbag999: bets $3
mylifeluvsol: calls $3
*** TURN *** [Kd Ah Qs] [9d]
Airbag999: checks
mylifeluvsol: bets $6
Airbag999: folds
Uncalled bet ($6) returned to mylifeluvsol
mylifeluvsol collected $11.76 from pot
mylifeluvsol: doesn't show hand
*** SUMMARY ***
Total pot $12 | Rake $0.24
Board [Kd Ah Qs 9d]
Seat 5: mylifeluvsol (button) (small blind) collected ($11.76)
Seat 10: Airbag999 (big blind) folded on the Turn


PokerStars Hand #152391581944:  Hold'em Limit ($3/$6 USD) - 2016/04/24 15:32:42 ET
Table 'Anacreon' 10-max Seat #5 is the button
Seat 5: mylifeluvsol ($219.81 in chips)
Seat 10: Airbag999 ($126.36 in chips)
mylifeluvsol: posts small blind $1
Airbag999: posts big blind $3
*** HOLE CARDS ***
mylifeluvsol: raises $3 to $6
Airbag999: raises $3 to $9
mylifeluvsol: calls $3
*** FLOP *** [6s 9h 3h]
Airbag999: bets $3
mylifeluvsol: calls $3
*** TURN *** [6s 9h 3h] [9c]
Airbag999: bets $6
mylifeluvsol: calls $6
*** RIVER *** [6s 9h 3h 9c] [As]
Airbag999: bets $6
mylifeluvsol: calls $6
*** SHOW DOWN ***
Airbag999: shows [Ah 8h] (two pair, Aces and Nines)
mylifeluvsol: mucks hand
Airbag999 collected $47.50 from pot
*** SUMMARY ***
Total pot $48 | Rake $0.50
Board [6s 9h 3h 9c As]
Seat 5: mylifeluvsol (button) (small blind) mucked
Seat 10: Airbag999 (big blind) showed [Ah 8h] and won ($47.50) with two pair, Aces and Nines


PokerStars Hand #152391601789:  Hold'em Limit ($3/$6 USD) - 2016/04/24 15:33:01 ET
Table 'Anacreon' 10-max Seat #10 is the button
Seat 5: mylifeluvsol ($195.81 in chips)
Seat 10: Airbag999 ($149.86 in chips)
Airbag999: posts small blind $1
mylifeluvsol: posts big blind $3
*** HOLE CARDS ***
Airbag999: raises $3 to $6
mylifeluvsol: calls $3
*** FLOP *** [8c 7d As]
mylifeluvsol: folds
Airbag999 collected $11.76 from pot
Airbag999: doesn't show hand
*** SUMMARY ***
Total pot $12 | Rake $0.24
Board [8c 7d As]
Seat 5: mylifeluvsol (big blind) folded on the Flop
Seat 10: Airbag999 (button) (small blind) collected ($11.76)


PokerStars Hand #152391612928:  Hold'em Limit ($3/$6 USD) - 2016/04/24 15:33:12 ET
Table 'Anacreon' 10-max Seat #5 is the button
Seat 5: mylifeluvsol ($189.81 in chips)
Seat 10: Airbag999 ($155.62 in chips)
mylifeluvsol: posts small blind $1
Airbag999: posts big blind $3
*** HOLE CARDS ***
mylifeluvsol: raises $3 to $6
Airbag999: raises $3 to $9
mylifeluvsol: calls $3
*** FLOP *** [Ah 5s 3h]
Airbag999: bets $3
mylifeluvsol: folds
Uncalled bet ($3) returned to Airbag999
Airbag999 collected $17.64 from pot
Airbag999: doesn't show hand
*** SUMMARY ***
Total pot $18 | Rake $0.36
Board [Ah 5s 3h]
Seat 5: mylifeluvsol (button) (small blind) folded on the Flop
Seat 10: Airbag999 (big blind) collected ($17.64)


PokerStars Hand #152391623542:  Hold'em Limit ($3/$6 USD) - 2016/04/24 15:33:22 ET
Table 'Anacreon' 10-max Seat #10 is the button
Seat 5: mylifeluvsol ($180.81 in chips)
Seat 10: Airbag999 ($164.26 in chips)
Airbag999: posts small blind $1
mylifeluvsol: posts big blind $3
*** HOLE CARDS ***
Airbag999: raises $3 to $6
mylifeluvsol: folds
Uncalled bet ($3) returned to Airbag999
Airbag999 collected $6 from pot
Airbag999: doesn't show hand
*** SUMMARY ***
Total pot $6 | Rake $0
Seat 5: mylifeluvsol (big blind) folded before Flop
Seat 10: Airbag999 (button) (small blind) collected ($6)


PokerStars Hand #152391631806:  Hold'em Limit ($3/$6 USD) - 2016/04/24 15:33:30 ET
Table 'Anacreon' 10-max Seat #5 is the button
Seat 5: mylifeluvsol ($177.81 in chips)
Seat 10: Airbag999 ($167.26 in chips)
mylifeluvsol: posts small blind $1
Airbag999: posts big blind $3
*** HOLE CARDS ***
mylifeluvsol: raises $3 to $6
Airbag999: calls $3
*** FLOP *** [5d Ts Jh]
Airbag999: checks
mylifeluvsol: bets $3
Airbag999: calls $3
*** TURN *** [5d Ts Jh] [Qs]
Airbag999: checks
mylifeluvsol: bets $6
Airbag999: calls $6
*** RIVER *** [5d Ts Jh Qs] [2d]
Airbag999: checks
mylifeluvsol: bets $6
Airbag999: calls $6
*** SHOW DOWN ***
mylifeluvsol: shows [Jd Qh] (two pair, Queens and Jacks)
Airbag999: mucks hand
mylifeluvsol collected $41.50 from pot
*** SUMMARY ***
Total pot $42 | Rake $0.50
Board [5d Ts Jh Qs 2d]
Seat 5: mylifeluvsol (button) (small blind) showed [Jd Qh] and won ($41.50) with two pair, Queens and Jacks
Seat 10: Airbag999 (big blind) mucked


PokerStars Hand #152391654951:  Hold'em Limit ($3/$6 USD) - 2016/04/24 15:33:52 ET
Table 'Anacreon' 10-max Seat #10 is the button
Seat 5: mylifeluvsol ($198.31 in chips)
Seat 10: Airbag999 ($146.26 in chips)
Airbag999: posts small blind $1
mylifeluvsol: posts big blind $3
*** HOLE CARDS ***
Airbag999: raises $3 to $6
mylifeluvsol: raises $3 to $9
Airbag999: calls $3
*** FLOP *** [3s 9c Ts]
mylifeluvsol: checks
Airbag999: bets $3
mylifeluvsol: calls $3
*** TURN *** [3s 9c Ts] [9h]
mylifeluvsol: bets $6
Airbag999: raises $6 to $12
mylifeluvsol: calls $6
*** RIVER *** [3s 9c Ts 9h] [4c]
mylifeluvsol: checks
Airbag999: bets $6
mylifeluvsol: calls $6
*** SHOW DOWN ***
Airbag999: shows [Jc Js] (two pair, Jacks and Nines)
mylifeluvsol: mucks hand
Airbag999 collected $59.50 from pot
*** SUMMARY ***
Total pot $60 | Rake $0.50
Board [3s 9c Ts 9h 4c]
Seat 5: mylifeluvsol (big blind) mucked
Seat 10: Airbag999 (button) (small blind) showed [Jc Js] and won ($59.50) with two pair, Jacks and Nines


PokerStars Hand #152391691778:  Hold'em Limit ($3/$6 USD) - 2016/04/24 15:34:27 ET
Table 'Anacreon' 10-max Seat #10 is the button
Seat 5: mylifeluvsol ($162.31 in chips)
Seat 10: Airbag999 ($181.52 in chips)
Airbag999: posts small blind $1
mylifeluvsol: posts big blind $3
*** HOLE CARDS ***
Airbag999: raises $3 to $6
mylifeluvsol: calls $3
*** FLOP *** [3d 3h Ah]
GoliafUa joins the table at seat #6
mylifeluvsol: folds
Airbag999 collected $11.76 from pot
Airbag999: doesn't show hand
*** SUMMARY ***
Total pot $12 | Rake $0.24
Board [3d 3h Ah]
Seat 5: mylifeluvsol (big blind) folded on the Flop
Seat 10: Airbag999 (button) (small blind) collected ($11.76)


PokerStars Hand #152391679641:  Hold'em Limit ($3/$6 USD) - 2016/04/24 15:34:15 ET
Table 'Anacreon' 10-max Seat #5 is the button
Seat 5: mylifeluvsol ($168.31 in chips)
Seat 10: Airbag999 ($175.76 in chips)
mylifeluvsol: posts small blind $1
Airbag999: posts big blind $3
*** HOLE CARDS ***
mylifeluvsol: calls $2
Airbag999: raises $3 to $6
mylifeluvsol: calls $3
*** FLOP *** [9d Jh 2d]
Airbag999: bets $3
mylifeluvsol: folds
Uncalled bet ($3) returned to Airbag999
Airbag999 collected $11.76 from pot
Airbag999: doesn't show hand
*** SUMMARY ***
Total pot $12 | Rake $0.24
Board [9d Jh 2d]
Seat 5: mylifeluvsol (button) (small blind) folded on the Flop
Seat 10: Airbag999 (big blind) collected ($11.76)


PokerStars Hand #152391720130:  Hold'em Limit ($3/$6 USD) - 2016/04/24 15:34:54 ET
Table 'Anacreon' 10-max Seat #10 is the button
Seat 5: mylifeluvsol ($170.81 in chips)
Seat 10: Airbag999 ($172.28 in chips)
Airbag999: posts small blind $1
mylifeluvsol: posts big blind $3
*** HOLE CARDS ***
Airbag999: raises $3 to $6
mylifeluvsol: calls $3
*** FLOP *** [Jh Ah 8h]
mylifeluvsol: checks
Airbag999: bets $3
mylifeluvsol: calls $3
*** TURN *** [Jh Ah 8h] [7c]
mylifeluvsol: checks
Airbag999: checks
*** RIVER *** [Jh Ah 8h 7c] [8d]
mylifeluvsol: bets $6
Airbag999: raises $6 to $12
mylifeluvsol: raises $6 to $18
Airbag999: folds
Uncalled bet ($6) returned to mylifeluvsol
mylifeluvsol collected $41.50 from pot
mylifeluvsol: doesn't show hand
*** SUMMARY ***
Total pot $42 | Rake $0.50
Board [Jh Ah 8h 7c 8d]
Seat 5: mylifeluvsol (big blind) collected ($41.50)
Seat 10: Airbag999 (button) (small blind) folded on the River


PokerStars Hand #152391791706:  Hold'em Limit ($3/$6 USD) - 2016/04/24 15:36:01 ET
Table 'Anacreon' 10-max Seat #5 is the button
Seat 5: mylifeluvsol ($184.31 in chips)
Seat 10: Airbag999 ($158.04 in chips)
mylifeluvsol: posts small blind $1
Airbag999: posts big blind $3
*** HOLE CARDS ***
mylifeluvsol: folds
Uncalled bet ($2) returned to Airbag999
Airbag999 collected $2 from pot
Airbag999: doesn't show hand
*** SUMMARY ***
Total pot $2 | Rake $0
Seat 5: mylifeluvsol (button) (small blind) folded before Flop
Seat 10: Airbag999 (big blind) collected ($2)


PokerStars Hand #152391768151:  Hold'em Limit ($3/$6 USD) - 2016/04/24 15:35:39 ET
Table 'Anacreon' 10-max Seat #10 is the button
Seat 5: mylifeluvsol ($190.31 in chips)
Seat 10: Airbag999 ($152.28 in chips)
Airbag999: posts small blind $1
mylifeluvsol: posts big blind $3
*** HOLE CARDS ***
Airbag999: raises $3 to $6
mylifeluvsol: calls $3
*** FLOP *** [6c 3h 3d]
mylifeluvsol: checks
Airbag999: bets $3
mylifeluvsol: folds
Uncalled bet ($3) returned to Airbag999
Airbag999 collected $11.76 from pot
Airbag999: doesn't show hand
*** SUMMARY ***
Total pot $12 | Rake $0.24
Board [6c 3h 3d]
Seat 5: mylifeluvsol (big blind) folded on the Flop
Seat 10: Airbag999 (button) (small blind) collected ($11.76)


PokerStars Hand #152391797023:  Hold'em Limit ($3/$6 USD) - 2016/04/24 15:36:06 ET
Table 'Anacreon' 10-max Seat #10 is the button
Seat 5: mylifeluvsol ($183.31 in chips)
Seat 10: Airbag999 ($159.04 in chips)
Airbag999: posts small blind $1
mylifeluvsol: posts big blind $3
*** HOLE CARDS ***
Airbag999: folds
Uncalled bet ($2) returned to mylifeluvsol
mylifeluvsol collected $2 from pot
mylifeluvsol: doesn't show hand
*** SUMMARY ***
Total pot $2 | Rake $0
Seat 5: mylifeluvsol (big blind) collected ($2)
Seat 10: Airbag999 (button) (small blind) folded before Flop


PokerStars Hand #152391802701:  Hold'em Limit ($3/$6 USD) - 2016/04/24 15:36:11 ET
Table 'Anacreon' 10-max Seat #5 is the button
Seat 5: mylifeluvsol ($184.31 in chips)
Seat 10: Airbag999 ($158.04 in chips)
mylifeluvsol: posts small blind $1
Airbag999: posts big blind $3
*** HOLE CARDS ***
mylifeluvsol: raises $3 to $6
Airbag999: raises $3 to $9
mylifeluvsol: calls $3
*** FLOP *** [7h Th 3s]
Airbag999: bets $3
mylifeluvsol: calls $3
*** TURN *** [7h Th 3s] [9s]
Airbag999: checks
mylifeluvsol: bets $6
Airbag999: calls $6
*** RIVER *** [7h Th 3s 9s] [2c]
Airbag999: checks
mylifeluvsol: bets $6
Airbag999: calls $6
*** SHOW DOWN ***
mylifeluvsol: shows [Tc Jd] (a pair of Tens)
Airbag999: mucks hand
mylifeluvsol collected $47.50 from pot
*** SUMMARY ***
Total pot $48 | Rake $0.50
Board [7h Th 3s 9s 2c]
Seat 5: mylifeluvsol (button) (small blind) showed [Tc Jd] and won ($47.50) with a pair of Tens
Seat 10: Airbag999 (big blind) mucked


PokerStars Hand #152391753798:  Hold'em Limit ($3/$6 USD) - 2016/04/24 15:35:25 ET
Table 'Anacreon' 10-max Seat #5 is the button
Seat 5: mylifeluvsol ($191.31 in chips)
Seat 10: Airbag999 ($151.28 in chips)
mylifeluvsol: posts small blind $1
Airbag999: posts big blind $3
*** HOLE CARDS ***
mylifeluvsol: folds
Uncalled bet ($2) returned to Airbag999
Airbag999 collected $2 from pot
Airbag999: doesn't show hand
*** SUMMARY ***
Total pot $2 | Rake $0
Seat 5: mylifeluvsol (button) (small blind) folded before Flop
Seat 10: Airbag999 (big blind) collected ($2)


PokerStars Hand #152391182753:  Hold'em Limit ($3/$6 USD) - 2016/04/24 15:26:26 ET
Table 'Anacreon' 10-max Seat #10 is the button
Seat 5: mylifeluvsol ($26.78 in chips)
Seat 10: Airbag999 ($224.80 in chips)
Airbag999: posts small blind $1
mylifeluvsol: posts big blind $3
*** HOLE CARDS ***
Airbag999: raises $3 to $6
mylifeluvsol: calls $3
*** FLOP *** [3s Kd 4s]
mylifeluvsol: folds
Airbag999 collected $11.76 from pot
Airbag999: doesn't show hand
*** SUMMARY ***
Total pot $12 | Rake $0.24
Board [3s Kd 4s]
Seat 5: mylifeluvsol (big blind) folded on the Flop
Seat 10: Airbag999 (button) (small blind) collected ($11.76)


PokerStars Hand #152391193201:  Hold'em Limit ($3/$6 USD) - 2016/04/24 15:26:35 ET
Table 'Anacreon' 10-max Seat #5 is the button
Seat 5: mylifeluvsol ($20.78 in chips)
Seat 10: Airbag999 ($230.56 in chips)
mylifeluvsol: posts small blind $1
Airbag999: posts big blind $3
*** HOLE CARDS ***
mylifeluvsol: raises $3 to $6
Airbag999: calls $3
*** FLOP *** [2c 7s 9s]
Airbag999: checks
mylifeluvsol: bets $3
Airbag999: folds
Uncalled bet ($3) returned to mylifeluvsol
mylifeluvsol collected $11.76 from pot
mylifeluvsol: doesn't show hand
*** SUMMARY ***
Total pot $12 | Rake $0.24
Board [2c 7s 9s]
Seat 5: mylifeluvsol (button) (small blind) collected ($11.76)
Seat 10: Airbag999 (big blind) folded on the Flop


PokerStars Hand #152391845827:  Hold'em Limit ($3/$6 USD) - 2016/04/24 15:36:53 ET
Table 'Anacreon' 10-max Seat #5 is the button
Seat 5: mylifeluvsol ($222.31 in chips)
Seat 10: Airbag999 ($119.04 in chips)
mylifeluvsol: posts small blind $1
Airbag999: posts big blind $3
*** HOLE CARDS ***
mylifeluvsol: calls $2
Airbag999: raises $3 to $6
mylifeluvsol: calls $3
*** FLOP *** [3s Kc Tc]
Airbag999: bets $3
mylifeluvsol: calls $3
*** TURN *** [3s Kc Tc] [6c]
Airbag999: bets $6
mylifeluvsol: raises $6 to $12
Airbag999: raises $6 to $18
mylifeluvsol: calls $6
*** RIVER *** [3s Kc Tc 6c] [2h]
Airbag999: bets $6
mylifeluvsol: calls $6
*** SHOW DOWN ***
Airbag999: shows [Ts Th] (three of a kind, Tens)
mylifeluvsol: mucks hand
Airbag999 collected $65.50 from pot
*** SUMMARY ***
Total pot $66 | Rake $0.50
Board [3s Kc Tc 6c 2h]
Seat 5: mylifeluvsol (button) (small blind) mucked
Seat 10: Airbag999 (big blind) showed [Ts Th] and won ($65.50) with three of a kind, Tens


PokerStars Hand #152391874807:  Hold'em Limit ($3/$6 USD) - 2016/04/24 15:37:20 ET
Table 'Anacreon' 10-max Seat #5 is the button
Seat 5: mylifeluvsol ($186.31 in chips)
Seat 10: Airbag999 ($154.54 in chips)
mylifeluvsol: posts small blind $1
Airbag999: posts big blind $3
*** HOLE CARDS ***
mylifeluvsol: folds
Uncalled bet ($2) returned to Airbag999
Airbag999 collected $2 from pot
Airbag999: doesn't show hand
*** SUMMARY ***
Total pot $2 | Rake $0
Seat 5: mylifeluvsol (button) (small blind) folded before Flop
Seat 10: Airbag999 (big blind) collected ($2)


PokerStars Hand #152391868323:  Hold'em Limit ($3/$6 USD) - 2016/04/24 15:37:14 ET
Table 'Anacreon' 10-max Seat #10 is the button
Seat 5: mylifeluvsol ($189.31 in chips)
Seat 10: Airbag999 ($151.54 in chips)
Airbag999: posts small blind $1
mylifeluvsol: posts big blind $3
*** HOLE CARDS ***
Airbag999: raises $3 to $6
mylifeluvsol: folds
Uncalled bet ($3) returned to Airbag999
Airbag999 collected $6 from pot
Airbag999: doesn't show hand
*** SUMMARY ***
Total pot $6 | Rake $0
Seat 5: mylifeluvsol (big blind) folded before Flop
Seat 10: Airbag999 (button) (small blind) collected ($6)


PokerStars Hand #152391828584:  Hold'em Limit ($3/$6 USD) - 2016/04/24 15:36:37 ET
Table 'Anacreon' 10-max Seat #10 is the button
Seat 5: mylifeluvsol ($207.81 in chips)
Seat 10: Airbag999 ($134.04 in chips)
Airbag999: posts small blind $1
mylifeluvsol: posts big blind $3
*** HOLE CARDS ***
Airbag999: raises $3 to $6
mylifeluvsol: calls $3
*** FLOP *** [4s 7c Kd]
mylifeluvsol: checks
Airbag999: bets $3
mylifeluvsol: calls $3
*** TURN *** [4s 7c Kd] [Qh]
mylifeluvsol: checks
Airbag999: checks
*** RIVER *** [4s 7c Kd Qh] [2d]
mylifeluvsol: bets $6
Airbag999: calls $6
*** SHOW DOWN ***
mylifeluvsol: shows [4c 8c] (a pair of Fours)
Airbag999: mucks hand
mylifeluvsol collected $29.50 from pot
*** SUMMARY ***
Total pot $30 | Rake $0.50
Board [4s 7c Kd Qh 2d]
Seat 5: mylifeluvsol (big blind) showed [4c 8c] and won ($29.50) with a pair of Fours
Seat 10: Airbag999 (button) (small blind) mucked


PokerStars Hand #152391926766:  Hold'em Limit ($3/$6 USD) - 2016/04/24 15:38:09 ET
Table 'Anacreon' 10-max Seat #10 is the button
Seat 5: mylifeluvsol ($171.19 in chips)
Seat 10: Airbag999 ($169.04 in chips)
Airbag999: posts small blind $1
mylifeluvsol: posts big blind $3
*** HOLE CARDS ***
Airbag999: raises $3 to $6
mylifeluvsol: calls $3
*** FLOP *** [Jh 6c Ad]
mylifeluvsol: checks
Airbag999: checks
*** TURN *** [Jh 6c Ad] [5h]
mylifeluvsol: checks
Airbag999: checks
*** RIVER *** [Jh 6c Ad 5h] [Qh]
mylifeluvsol: bets $6
Airbag999: raises $6 to $12
mylifeluvsol: calls $6
*** SHOW DOWN ***
Airbag999: shows [Th 9h] (a flush, Queen high)
mylifeluvsol: mucks hand
Airbag999 collected $35.50 from pot
*** SUMMARY ***
Total pot $36 | Rake $0.50
Board [Jh 6c Ad 5h Qh]
Seat 5: mylifeluvsol (big blind) mucked
Seat 10: Airbag999 (button) (small blind) showed [Th 9h] and won ($35.50) with a flush, Queen high


PokerStars Hand #152391880545:  Hold'em Limit ($3/$6 USD) - 2016/04/24 15:37:25 ET
Table 'Anacreon' 10-max Seat #10 is the button
Seat 5: mylifeluvsol ($185.31 in chips)
Seat 10: Airbag999 ($155.54 in chips)
Airbag999: posts small blind $1
mylifeluvsol: posts big blind $3
*** HOLE CARDS ***
Airbag999: raises $3 to $6
mylifeluvsol: raises $3 to $9
Airbag999: calls $3
*** FLOP *** [9s 4d 8h]
mylifeluvsol: checks
Airbag999: bets $3
mylifeluvsol: raises $3 to $6
Airbag999: calls $3
*** TURN *** [9s 4d 8h] [2c]
mylifeluvsol: checks
Airbag999: checks
*** RIVER *** [9s 4d 8h 2c] [9h]
mylifeluvsol: bets $6
Airbag999: calls $6
*** SHOW DOWN ***
mylifeluvsol: shows [Ac 7s] (a pair of Nines)
Airbag999: shows [4s Qd] (two pair, Nines and Fours)
Airbag999 collected $41.50 from pot
*** SUMMARY ***
Total pot $42 | Rake $0.50
Board [9s 4d 8h 2c 9h]
Seat 5: mylifeluvsol (big blind) showed [Ac 7s] and lost with a pair of Nines
Seat 10: Airbag999 (button) (small blind) showed [4s Qd] and won ($41.50) with two pair, Nines and Fours


PokerStars Hand #152391900028:  Hold'em Limit ($3/$6 USD) - 2016/04/24 15:37:44 ET
Table 'Anacreon' 10-max Seat #5 is the button
Seat 5: mylifeluvsol ($164.31 in chips)
Seat 10: Airbag999 ($176.04 in chips)
mylifeluvsol: posts small blind $1
Airbag999: posts big blind $3
*** HOLE CARDS ***
mylifeluvsol: calls $2
Airbag999: checks
*** FLOP *** [8s Kh 7h]
Airbag999: checks
mylifeluvsol: bets $3
Airbag999: folds
Uncalled bet ($3) returned to mylifeluvsol
mylifeluvsol collected $5.88 from pot
mylifeluvsol: doesn't show hand
*** SUMMARY ***
Total pot $6 | Rake $0.12
Board [8s Kh 7h]
Seat 5: mylifeluvsol (button) (small blind) collected ($5.88)
Seat 10: Airbag999 (big blind) folded on the Flop


PokerStars Hand #152391913297:  Hold'em Limit ($3/$6 USD) - 2016/04/24 15:37:56 ET
Table 'Anacreon' 10-max Seat #10 is the button
Seat 5: mylifeluvsol ($167.19 in chips)
Seat 10: Airbag999 ($173.04 in chips)
Airbag999: posts small blind $1
mylifeluvsol: posts big blind $3
*** HOLE CARDS ***
Airbag999: folds
Uncalled bet ($2) returned to mylifeluvsol
mylifeluvsol collected $2 from pot
mylifeluvsol: doesn't show hand
*** SUMMARY ***
Total pot $2 | Rake $0
Seat 5: mylifeluvsol (big blind) collected ($2)
Seat 10: Airbag999 (button) (small blind) folded before Flop


PokerStars Hand #152391919607:  Hold'em Limit ($3/$6 USD) - 2016/04/24 15:38:02 ET
Table 'Anacreon' 10-max Seat #5 is the button
Seat 5: mylifeluvsol ($168.19 in chips)
Seat 10: Airbag999 ($172.04 in chips)
mylifeluvsol: posts small blind $1
Airbag999: posts big blind $3
*** HOLE CARDS ***
mylifeluvsol: raises $3 to $6
Airbag999: folds
Uncalled bet ($3) returned to mylifeluvsol
mylifeluvsol collected $6 from pot
mylifeluvsol: doesn't show hand
*** SUMMARY ***
Total pot $6 | Rake $0
Seat 5: mylifeluvsol (button) (small blind) collected ($6)
Seat 10: Airbag999 (big blind) folded before Flop


PokerStars Hand #152391948187:  Hold'em Limit ($3/$6 USD) - 2016/04/24 15:38:30 ET
Table 'Anacreon' 10-max Seat #5 is the button
Seat 5: mylifeluvsol ($153.19 in chips)
Seat 10: Airbag999 ($186.54 in chips)
mylifeluvsol: posts small blind $1
Airbag999: posts big blind $3
*** HOLE CARDS ***
mylifeluvsol: raises $3 to $6
Airbag999: calls $3
*** FLOP *** [Ts 8d Ah]
Airbag999: checks
mylifeluvsol: checks
*** TURN *** [Ts 8d Ah] [2s]
Airbag999: bets $6
mylifeluvsol: raises $6 to $12
Airbag999: folds
Uncalled bet ($6) returned to mylifeluvsol
mylifeluvsol collected $23.52 from pot
mylifeluvsol: doesn't show hand
*** SUMMARY ***
Total pot $24 | Rake $0.48
Board [Ts 8d Ah 2s]
Seat 5: mylifeluvsol (button) (small blind) collected ($23.52)
Seat 10: Airbag999 (big blind) folded on the Turn


PokerStars Hand #152391964338:  Hold'em Limit ($3/$6 USD) - 2016/04/24 15:38:45 ET
Table 'Anacreon' 10-max Seat #10 is the button
Seat 5: mylifeluvsol ($164.71 in chips)
Seat 10: Airbag999 ($174.54 in chips)
Airbag999: posts small blind $1
mylifeluvsol: posts big blind $3
*** HOLE CARDS ***
Airbag999: raises $3 to $6
mylifeluvsol: raises $3 to $9
Airbag999: calls $3
*** FLOP *** [8h Ad Js]
mylifeluvsol: bets $3
Airbag999: calls $3
*** TURN *** [8h Ad Js] [2s]
mylifeluvsol: bets $6
Airbag999: calls $6
*** RIVER *** [8h Ad Js 2s] [3h]
mylifeluvsol: bets $6
Airbag999: calls $6
*** SHOW DOWN ***
mylifeluvsol: shows [Jh 9h] (a pair of Jacks)
Airbag999: shows [Qs Qd] (a pair of Queens)
Airbag999 collected $47.50 from pot
*** SUMMARY ***
Total pot $48 | Rake $0.50
Board [8h Ad Js 2s 3h]
Seat 5: mylifeluvsol (big blind) showed [Jh 9h] and lost with a pair of Jacks
Seat 10: Airbag999 (button) (small blind) showed [Qs Qd] and won ($47.50) with a pair of Queens


PokerStars Hand #152392013951:  Hold'em Limit ($3/$6 USD) - 2016/04/24 15:39:32 ET
Table 'Anacreon' 10-max Seat #5 is the button
Seat 5: mylifeluvsol ($169.21 in chips)
Seat 10: Airbag999 ($169.04 in chips)
mylifeluvsol: posts small blind $1
Airbag999: posts big blind $3
*** HOLE CARDS ***
mylifeluvsol: folds
Uncalled bet ($2) returned to Airbag999
Airbag999 collected $2 from pot
Airbag999: doesn't show hand
*** SUMMARY ***
Total pot $2 | Rake $0
Seat 5: mylifeluvsol (button) (small blind) folded before Flop
Seat 10: Airbag999 (big blind) collected ($2)


PokerStars Hand #152391990150:  Hold'em Limit ($3/$6 USD) - 2016/04/24 15:39:10 ET
Table 'Anacreon' 10-max Seat #10 is the button
Seat 5: mylifeluvsol ($139.71 in chips)
Seat 10: Airbag999 ($199.04 in chips)
Airbag999: posts small blind $1
mylifeluvsol: posts big blind $3
*** HOLE CARDS ***
Airbag999: raises $3 to $6
mylifeluvsol: raises $3 to $9
Airbag999: calls $3
*** FLOP *** [Qd 3s 2s]
mylifeluvsol: checks
Airbag999: bets $3
mylifeluvsol: calls $3
*** TURN *** [Qd 3s 2s] [5s]
mylifeluvsol: checks
Airbag999: bets $6
mylifeluvsol: raises $6 to $12
Airbag999: calls $6
*** RIVER *** [Qd 3s 2s 5s] [4c]
mylifeluvsol: bets $6
Airbag999: calls $6
*** SHOW DOWN ***
mylifeluvsol: shows [As 8h] (a straight, Ace to Five)
Airbag999: mucks hand
mylifeluvsol collected $59.50 from pot
*** SUMMARY ***
Total pot $60 | Rake $0.50
Board [Qd 3s 2s 5s 4c]
Seat 5: mylifeluvsol (big blind) showed [As 8h] and won ($59.50) with a straight, Ace to Five
Seat 10: Airbag999 (button) (small blind) mucked


PokerStars Hand #152391984542:  Hold'em Limit ($3/$6 USD) - 2016/04/24 15:39:04 ET
Table 'Anacreon' 10-max Seat #5 is the button
Seat 5: mylifeluvsol ($140.71 in chips)
Seat 10: Airbag999 ($198.04 in chips)
mylifeluvsol: posts small blind $1
Airbag999: posts big blind $3
*** HOLE CARDS ***
mylifeluvsol: folds
Uncalled bet ($2) returned to Airbag999
Airbag999 collected $2 from pot
Airbag999: doesn't show hand
*** SUMMARY ***
Total pot $2 | Rake $0
Seat 5: mylifeluvsol (button) (small blind) folded before Flop
Seat 10: Airbag999 (big blind) collected ($2)


PokerStars Hand #152392050341:  Hold'em Limit ($3/$6 USD) - 2016/04/24 15:40:07 ET
Table 'Anacreon' 10-max Seat #5 is the button
Seat 5: mylifeluvsol ($156.21 in chips)
Seat 10: Airbag999 ($181.56 in chips)
mylifeluvsol: posts small blind $1
Airbag999: posts big blind $3
*** HOLE CARDS ***
mylifeluvsol: calls $2
Airbag999: raises $3 to $6
mylifeluvsol: raises $3 to $9
Airbag999: calls $3
*** FLOP *** [8d 6h 7s]
Airbag999: checks
mylifeluvsol: bets $3
Airbag999: calls $3
*** TURN *** [8d 6h 7s] [6c]
Airbag999: checks
mylifeluvsol: bets $6
Airbag999: calls $6
*** RIVER *** [8d 6h 7s 6c] [9c]
Airbag999: checks
mylifeluvsol: bets $6
Airbag999: calls $6
*** SHOW DOWN ***
mylifeluvsol: shows [Ks Ad] (a pair of Sixes)
Airbag999: shows [8c Ac] (two pair, Eights and Sixes)
Airbag999 collected $47.50 from pot
*** SUMMARY ***
Total pot $48 | Rake $0.50
Board [8d 6h 7s 6c 9c]
Seat 5: mylifeluvsol (button) (small blind) showed [Ks Ad] and lost with a pair of Sixes
Seat 10: Airbag999 (big blind) showed [8c Ac] and won ($47.50) with two pair, Eights and Sixes


PokerStars Hand #152392025782:  Hold'em Limit ($3/$6 USD) - 2016/04/24 15:39:44 ET
Table 'Anacreon' 10-max Seat #5 is the button
Seat 5: mylifeluvsol ($165.21 in chips)
Seat 10: Airbag999 ($173.04 in chips)
mylifeluvsol: posts small blind $1
Airbag999: posts big blind $3
*** HOLE CARDS ***
mylifeluvsol: raises $3 to $6
Airbag999: folds
Uncalled bet ($3) returned to mylifeluvsol
mylifeluvsol collected $6 from pot
mylifeluvsol: doesn't show hand
*** SUMMARY ***
Total pot $6 | Rake $0
Seat 5: mylifeluvsol (button) (small blind) collected ($6)
Seat 10: Airbag999 (big blind) folded before Flop


PokerStars Hand #152392032495:  Hold'em Limit ($3/$6 USD) - 2016/04/24 15:39:50 ET
Table 'Anacreon' 10-max Seat #10 is the button
Seat 5: mylifeluvsol ($168.21 in chips)
Seat 10: Airbag999 ($170.04 in chips)
Airbag999: posts small blind $1
mylifeluvsol: posts big blind $3
*** HOLE CARDS ***
Airbag999: raises $3 to $6
mylifeluvsol: calls $3
*** FLOP *** [Ac 4s Kh]
mylifeluvsol: checks
Airbag999: bets $3
mylifeluvsol: raises $3 to $6
Airbag999: calls $3
*** TURN *** [Ac 4s Kh] [8s]
mylifeluvsol: checks
Airbag999: checks
*** RIVER *** [Ac 4s Kh 8s] [5c]
mylifeluvsol: checks
Airbag999: checks
*** SHOW DOWN ***
mylifeluvsol: shows [2h 2d] (a pair of Deuces)
Airbag999: shows [4h 6c] (a pair of Fours)
Airbag999 collected $23.52 from pot
*** SUMMARY ***
Total pot $24 | Rake $0.48
Board [Ac 4s Kh 8s 5c]
Seat 5: mylifeluvsol (big blind) showed [2h 2d] and lost with a pair of Deuces
Seat 10: Airbag999 (button) (small blind) showed [4h 6c] and won ($23.52) with a pair of Fours


PokerStars Hand #152392019369:  Hold'em Limit ($3/$6 USD) - 2016/04/24 15:39:38 ET
Table 'Anacreon' 10-max Seat #10 is the button
Seat 5: mylifeluvsol ($168.21 in chips)
Seat 10: Airbag999 ($170.04 in chips)
Airbag999: posts small blind $1
mylifeluvsol: posts big blind $3
*** HOLE CARDS ***
Airbag999: raises $3 to $6
mylifeluvsol: folds
Uncalled bet ($3) returned to Airbag999
Airbag999 collected $6 from pot
Airbag999: doesn't show hand
*** SUMMARY ***
Total pot $6 | Rake $0
Seat 5: mylifeluvsol (big blind) folded before Flop
Seat 10: Airbag999 (button) (small blind) collected ($6)


PokerStars Hand #152392088206:  Hold'em Limit ($3/$6 USD) - 2016/04/24 15:40:44 ET
Table 'Anacreon' 10-max Seat #5 is the button
Seat 5: mylifeluvsol ($137.97 in chips)
Seat 10: Airbag999 ($199.06 in chips)
mylifeluvsol: posts small blind $1
Airbag999: posts big blind $3
*** HOLE CARDS ***
mylifeluvsol: raises $3 to $6
Airbag999: raises $3 to $9
mylifeluvsol: calls $3
*** FLOP *** [Ad 9c 5c]
Airbag999: bets $3
mylifeluvsol: calls $3
*** TURN *** [Ad 9c 5c] [8c]
Airbag999: bets $6
mylifeluvsol: raises $6 to $12
Airbag999: calls $6
*** RIVER *** [Ad 9c 5c 8c] [Qs]
Airbag999: checks
mylifeluvsol: bets $6
Airbag999: raises $6 to $12
mylifeluvsol: raises $6 to $18
Airbag999: calls $6
*** SHOW DOWN ***
mylifeluvsol: shows [Jc Td] (a straight, Eight to Queen)
Airbag999: shows [Th Jh] (a straight, Eight to Queen)
Airbag999 collected $41.75 from pot
mylifeluvsol collected $41.75 from pot
*** SUMMARY ***
Total pot $84 | Rake $0.50
Board [Ad 9c 5c 8c Qs]
Seat 5: mylifeluvsol (button) (small blind) showed [Jc Td] and won ($41.75) with a straight, Eight to Queen
Seat 10: Airbag999 (big blind) showed [Th Jh] and won ($41.75) with a straight, Eight to Queen


PokerStars Hand #152392116941:  Hold'em Limit ($3/$6 USD) - 2016/04/24 15:41:11 ET
Table 'Anacreon' 10-max Seat #5 is the button
Seat 5: mylifeluvsol ($134.72 in chips)
Seat 10: Airbag999 ($201.81 in chips)
mylifeluvsol: posts small blind $1
Airbag999: posts big blind $3
*** HOLE CARDS ***
mylifeluvsol: folds
Uncalled bet ($2) returned to Airbag999
Airbag999 collected $2 from pot
Airbag999: doesn't show hand
*** SUMMARY ***
Total pot $2 | Rake $0
Seat 5: mylifeluvsol (button) (small blind) folded before Flop
Seat 10: Airbag999 (big blind) collected ($2)


PokerStars Hand #152392110677:  Hold'em Limit ($3/$6 USD) - 2016/04/24 15:41:05 ET
Table 'Anacreon' 10-max Seat #10 is the button
Seat 5: mylifeluvsol ($137.72 in chips)
Seat 10: Airbag999 ($198.81 in chips)
Airbag999: posts small blind $1
mylifeluvsol: posts big blind $3
*** HOLE CARDS ***
Airbag999: raises $3 to $6
mylifeluvsol: folds
Uncalled bet ($3) returned to Airbag999
Airbag999 collected $6 from pot
Airbag999: doesn't show hand
*** SUMMARY ***
Total pot $6 | Rake $0
Seat 5: mylifeluvsol (big blind) folded before Flop
Seat 10: Airbag999 (button) (small blind) collected ($6)


PokerStars Hand #152392138640:  Hold'em Limit ($3/$6 USD) - 2016/04/24 15:41:32 ET
Table 'Anacreon' 10-max Seat #5 is the button
Seat 5: mylifeluvsol ($115.72 in chips)
Seat 10: Airbag999 ($220.31 in chips)
mylifeluvsol: posts small blind $1
Airbag999: posts big blind $3
*** HOLE CARDS ***
mylifeluvsol: folds
Uncalled bet ($2) returned to Airbag999
Airbag999 collected $2 from pot
Airbag999: doesn't show hand
*** SUMMARY ***
Total pot $2 | Rake $0
Seat 5: mylifeluvsol (button) (small blind) folded before Flop
Seat 10: Airbag999 (big blind) collected ($2)


PokerStars Hand #152392122248:  Hold'em Limit ($3/$6 USD) - 2016/04/24 15:41:16 ET
Table 'Anacreon' 10-max Seat #10 is the button
Seat 5: mylifeluvsol ($133.72 in chips)
Seat 10: Airbag999 ($202.81 in chips)
Airbag999: posts small blind $1
mylifeluvsol: posts big blind $3
*** HOLE CARDS ***
Airbag999: raises $3 to $6
mylifeluvsol: raises $3 to $9
Airbag999: calls $3
*** FLOP *** [Ts 7c Qc]
mylifeluvsol: bets $3
Airbag999: calls $3
*** TURN *** [Ts 7c Qc] [Kh]
mylifeluvsol: checks
Airbag999: checks
*** RIVER *** [Ts 7c Qc Kh] [3d]
mylifeluvsol: bets $6
Airbag999: calls $6
*** SHOW DOWN ***
mylifeluvsol: shows [8c Ks] (a pair of Kings)
Airbag999: shows [9h Kd] (a pair of Kings - Queen+Ten+Nine kicker)
Airbag999 collected $35.50 from pot
*** SUMMARY ***
Total pot $36 | Rake $0.50
Board [Ts 7c Qc Kh 3d]
Seat 5: mylifeluvsol (big blind) showed [8c Ks] and lost with a pair of Kings
Seat 10: Airbag999 (button) (small blind) showed [9h Kd] and won ($35.50) with a pair of Kings


PokerStars Hand #152392073681:  Hold'em Limit ($3/$6 USD) - 2016/04/24 15:40:30 ET
Table 'Anacreon' 10-max Seat #10 is the button
Seat 5: mylifeluvsol ($132.21 in chips)
Seat 10: Airbag999 ($205.06 in chips)
Airbag999: posts small blind $1
mylifeluvsol: posts big blind $3
*** HOLE CARDS ***
Airbag999: raises $3 to $6
mylifeluvsol: calls $3
*** FLOP *** [7s 6s 4s]
mylifeluvsol: bets $3
Airbag999: folds
Uncalled bet ($3) returned to mylifeluvsol
mylifeluvsol collected $11.76 from pot
mylifeluvsol: doesn't show hand
*** SUMMARY ***
Total pot $12 | Rake $0.24
Board [7s 6s 4s]
Seat 5: mylifeluvsol (big blind) collected ($11.76)
Seat 10: Airbag999 (button) (small blind) folded on the Flop


PokerStars Hand #152392151072:  Hold'em Limit ($3/$6 USD) - 2016/04/24 15:41:44 ET
Table 'Anacreon' 10-max Seat #5 is the button
Seat 5: mylifeluvsol ($115.72 in chips)
Seat 10: Airbag999 ($220.31 in chips)
mylifeluvsol: posts small blind $1
Airbag999: posts big blind $3
*** HOLE CARDS ***
mylifeluvsol: raises $3 to $6
Airbag999: calls $3
*** FLOP *** [3h Tc Ad]
Airbag999: checks
mylifeluvsol: bets $3
Airbag999: folds
Uncalled bet ($3) returned to mylifeluvsol
mylifeluvsol collected $11.76 from pot
mylifeluvsol: doesn't show hand
*** SUMMARY ***
Total pot $12 | Rake $0.24
Board [3h Tc Ad]
Seat 5: mylifeluvsol (button) (small blind) collected ($11.76)
Seat 10: Airbag999 (big blind) folded on the Flop


PokerStars Hand #152392161456:  Hold'em Limit ($3/$6 USD) - 2016/04/24 15:41:54 ET
Table 'Anacreon' 10-max Seat #10 is the button
Seat 5: mylifeluvsol ($121.48 in chips)
Seat 10: Airbag999 ($214.31 in chips)
Airbag999: posts small blind $1
mylifeluvsol: posts big blind $3
*** HOLE CARDS ***
Airbag999: raises $3 to $6
mylifeluvsol: raises $3 to $9
Airbag999: calls $3
*** FLOP *** [8s 8h 9d]
mylifeluvsol: bets $3
Airbag999: calls $3
*** TURN *** [8s 8h 9d] [2h]
mylifeluvsol: bets $6
Airbag999: raises $6 to $12
mylifeluvsol: calls $6
*** RIVER *** [8s 8h 9d 2h] [Ah]
mylifeluvsol: checks
Airbag999: bets $6
mylifeluvsol: calls $6
*** SHOW DOWN ***
Airbag999: shows [9h Kh] (a flush, Ace high)
mylifeluvsol: mucks hand
Airbag999 collected $59.50 from pot
*** SUMMARY ***
Total pot $60 | Rake $0.50
Board [8s 8h 9d 2h Ah]
Seat 5: mylifeluvsol (big blind) mucked
Seat 10: Airbag999 (button) (small blind) showed [9h Kh] and won ($59.50) with a flush, Ace high


PokerStars Hand #152392145175:  Hold'em Limit ($3/$6 USD) - 2016/04/24 15:41:38 ET
Table 'Anacreon' 10-max Seat #10 is the button
Seat 5: mylifeluvsol ($114.72 in chips)
Seat 10: Airbag999 ($221.31 in chips)
Airbag999: posts small blind $1
mylifeluvsol: posts big blind $3
*** HOLE CARDS ***
Airbag999: folds
Uncalled bet ($2) returned to mylifeluvsol
mylifeluvsol collected $2 from pot
mylifeluvsol: doesn't show hand
*** SUMMARY ***
Total pot $2 | Rake $0
Seat 5: mylifeluvsol (big blind) collected ($2)
Seat 10: Airbag999 (button) (small blind) folded before Flop


PokerStars Hand #152392214915:  Hold'em Limit ($3/$6 USD) - 2016/04/24 15:42:46 ET
Table 'Anacreon' 10-max Seat #10 is the button
Seat 5: mylifeluvsol ($116.98 in chips)
Seat 10: Airbag999 ($217.81 in chips)
Airbag999: posts small blind $1
mylifeluvsol: posts big blind $3
*** HOLE CARDS ***
Airbag999: raises $3 to $6
mylifeluvsol: calls $3
*** FLOP *** [Ac 4c 4s]
mylifeluvsol: checks
Airbag999: bets $3
mylifeluvsol: calls $3
*** TURN *** [Ac 4c 4s] [9s]
mylifeluvsol: checks
Airbag999: bets $6
mylifeluvsol: raises $6 to $12
Airbag999: raises $6 to $18
mylifeluvsol: calls $6
*** RIVER *** [Ac 4c 4s 9s] [Jd]
mylifeluvsol: checks
Airbag999: bets $6
mylifeluvsol: calls $6
*** SHOW DOWN ***
Airbag999: shows [9c 9h] (a full house, Nines full of Fours)
mylifeluvsol: mucks hand
Airbag999 collected $65.50 from pot
*** SUMMARY ***
Total pot $66 | Rake $0.50
Board [Ac 4c 4s 9s Jd]
Seat 5: mylifeluvsol (big blind) mucked
Seat 10: Airbag999 (button) (small blind) showed [9c 9h] and won ($65.50) with a full house, Nines full of Fours


PokerStars Hand #152392209060:  Hold'em Limit ($3/$6 USD) - 2016/04/24 15:42:40 ET
Table 'Anacreon' 10-max Seat #5 is the button
Seat 5: mylifeluvsol ($117.98 in chips)
Seat 10: Airbag999 ($216.81 in chips)
mylifeluvsol: posts small blind $1
Airbag999: posts big blind $3
*** HOLE CARDS ***
mylifeluvsol: folds
Uncalled bet ($2) returned to Airbag999
Airbag999 collected $2 from pot
Airbag999: doesn't show hand
*** SUMMARY ***
Total pot $2 | Rake $0
Seat 5: mylifeluvsol (button) (small blind) folded before Flop
Seat 10: Airbag999 (big blind) collected ($2)


PokerStars Hand #152392188534:  Hold'em Limit ($3/$6 USD) - 2016/04/24 15:42:20 ET
Table 'Anacreon' 10-max Seat #10 is the button
Seat 5: mylifeluvsol ($94.48 in chips)
Seat 10: Airbag999 ($240.81 in chips)
Airbag999: posts small blind $1
mylifeluvsol: posts big blind $3
*** HOLE CARDS ***
Airbag999: raises $3 to $6
mylifeluvsol: calls $3
*** FLOP *** [Qc 5h 2h]
mylifeluvsol: checks
Airbag999: bets $3
mylifeluvsol: raises $3 to $6
Airbag999: calls $3
*** TURN *** [Qc 5h 2h] [7d]
mylifeluvsol: bets $6
Airbag999: calls $6
*** RIVER *** [Qc 5h 2h 7d] [3c]
mylifeluvsol: bets $6
Airbag999: calls $6
*** SHOW DOWN ***
mylifeluvsol: shows [2s 7s] (two pair, Sevens and Deuces)
Airbag999: mucks hand
mylifeluvsol collected $47.50 from pot
*** SUMMARY ***
Total pot $48 | Rake $0.50
Board [Qc 5h 2h 7d 3c]
Seat 5: mylifeluvsol (big blind) showed [2s 7s] and won ($47.50) with two pair, Sevens and Deuces
Seat 10: Airbag999 (button) (small blind) mucked


PokerStars Hand #152392265494:  Hold'em Limit ($3/$6 USD) - 2016/04/24 15:43:34 ET
Table 'Anacreon' 10-max Seat #10 is the button
Seat 5: mylifeluvsol ($101.48 in chips)
Seat 10: Airbag999 ($232.31 in chips)
Airbag999: posts small blind $1
mylifeluvsol: posts big blind $3
*** HOLE CARDS ***
Airbag999: folds
Uncalled bet ($2) returned to mylifeluvsol
mylifeluvsol collected $2 from pot
mylifeluvsol: doesn't show hand
*** SUMMARY ***
Total pot $2 | Rake $0
Seat 5: mylifeluvsol (big blind) collected ($2)
Seat 10: Airbag999 (button) (small blind) folded before Flop


PokerStars Hand #152392291322:  Hold'em Limit ($3/$6 USD) - 2016/04/24 15:43:59 ET
Table 'Anacreon' 10-max Seat #10 is the button
Seat 5: mylifeluvsol ($119.98 in chips)
Seat 10: Airbag999 ($213.31 in chips)
Airbag999: posts small blind $1
mylifeluvsol: posts big blind $3
*** HOLE CARDS ***
Airbag999: raises $3 to $6
mylifeluvsol: folds
Uncalled bet ($3) returned to Airbag999
Airbag999 collected $6 from pot
Airbag999: doesn't show hand
*** SUMMARY ***
Total pot $6 | Rake $0
Seat 5: mylifeluvsol (big blind) folded before Flop
Seat 10: Airbag999 (button) (small blind) collected ($6)


PokerStars Hand #152392272900:  Hold'em Limit ($3/$6 USD) - 2016/04/24 15:43:42 ET
Table 'Anacreon' 10-max Seat #5 is the button
Seat 5: mylifeluvsol ($102.48 in chips)
Seat 10: Airbag999 ($231.31 in chips)
mylifeluvsol: posts small blind $1
Airbag999: posts big blind $3
*** HOLE CARDS ***
mylifeluvsol: raises $3 to $6
Airbag999: calls $3
*** FLOP *** [3c 5s Kc]
Airbag999: checks
mylifeluvsol: checks
*** TURN *** [3c 5s Kc] [2s]
Airbag999: bets $6
mylifeluvsol: raises $6 to $12
Airbag999: calls $6
*** RIVER *** [3c 5s Kc 2s] [2h]
Airbag999: checks
mylifeluvsol: bets $6
Airbag999: folds
Uncalled bet ($6) returned to mylifeluvsol
mylifeluvsol collected $35.50 from pot
mylifeluvsol: doesn't show hand
*** SUMMARY ***
Total pot $36 | Rake $0.50
Board [3c 5s Kc 2s 2h]
Seat 5: mylifeluvsol (button) (small blind) collected ($35.50)
Seat 10: Airbag999 (big blind) folded on the River


PokerStars Hand #152392326121:  Hold'em Limit ($3/$6 USD) - 2016/04/24 15:44:33 ET
Table 'Anacreon' 10-max Seat #10 is the button
Seat 5: mylifeluvsol ($116.73 in chips)
Seat 10: Airbag999 ($216.06 in chips)
Airbag999: posts small blind $1
mylifeluvsol: posts big blind $3
*** HOLE CARDS ***
Airbag999: folds
Uncalled bet ($2) returned to mylifeluvsol
mylifeluvsol collected $2 from pot
mylifeluvsol: doesn't show hand
*** SUMMARY ***
Total pot $2 | Rake $0
Seat 5: mylifeluvsol (big blind) collected ($2)
Seat 10: Airbag999 (button) (small blind) folded before Flop


PokerStars Hand #152392297502:  Hold'em Limit ($3/$6 USD) - 2016/04/24 15:44:05 ET
Table 'Anacreon' 10-max Seat #5 is the button
Seat 5: mylifeluvsol ($116.98 in chips)
Seat 10: Airbag999 ($216.31 in chips)
mylifeluvsol: posts small blind $1
Airbag999: posts big blind $3
*** HOLE CARDS ***
mylifeluvsol: raises $3 to $6
Airbag999: raises $3 to $9
mylifeluvsol: raises $3 to $12
Betting is capped
Airbag999: calls $3
*** FLOP *** [8d 9h Ad]
Airbag999: checks
mylifeluvsol: bets $3
Airbag999: raises $3 to $6
mylifeluvsol: calls $3
*** TURN *** [8d 9h Ad] [5s]
Airbag999: bets $6
mylifeluvsol: raises $6 to $12
Airbag999: raises $6 to $18
mylifeluvsol: raises $6 to $24
Betting is capped
Airbag999: calls $6
*** RIVER *** [8d 9h Ad 5s] [6d]
Airbag999: checks
mylifeluvsol: bets $6
Airbag999: calls $6
*** SHOW DOWN ***
mylifeluvsol: shows [Kc Ac] (a pair of Aces)
Airbag999: shows [Kh As] (a pair of Aces)
Airbag999 collected $47.75 from pot
mylifeluvsol collected $47.75 from pot
*** SUMMARY ***
Total pot $96 | Rake $0.50
Board [8d 9h Ad 5s 6d]
Seat 5: mylifeluvsol (button) (small blind) showed [Kc Ac] and won ($47.75) with a pair of Aces
Seat 10: Airbag999 (big blind) showed [Kh As] and won ($47.75) with a pair of Aces


PokerStars Hand #152392331740:  Hold'em Limit ($3/$6 USD) - 2016/04/24 15:44:39 ET
Table 'Anacreon' 10-max Seat #5 is the button
Seat 5: mylifeluvsol ($117.73 in chips)
Seat 10: Airbag999 ($215.06 in chips)
mylifeluvsol: posts small blind $1
Airbag999: posts big blind $3
*** HOLE CARDS ***
mylifeluvsol: raises $3 to $6
Airbag999: raises $3 to $9
mylifeluvsol: calls $3
*** FLOP *** [9h 3s 3h]
Airbag999: bets $3
mylifeluvsol: folds
Uncalled bet ($3) returned to Airbag999
Airbag999 collected $17.64 from pot
Airbag999: doesn't show hand
*** SUMMARY ***
Total pot $18 | Rake $0.36
Board [9h 3s 3h]
Seat 5: mylifeluvsol (button) (small blind) folded on the Flop
Seat 10: Airbag999 (big blind) collected ($17.64)


PokerStars Hand #152392341916:  Hold'em Limit ($3/$6 USD) - 2016/04/24 15:44:49 ET
Table 'Anacreon' 10-max Seat #10 is the button
Seat 5: mylifeluvsol ($108.73 in chips)
Seat 10: Airbag999 ($223.70 in chips)
Airbag999: posts small blind $1
mylifeluvsol: posts big blind $3
*** HOLE CARDS ***
Airbag999: raises $3 to $6
mylifeluvsol: calls $3
*** FLOP *** [4s Qh Jd]
mylifeluvsol: folds
Airbag999 collected $11.76 from pot
Airbag999: doesn't show hand
*** SUMMARY ***
Total pot $12 | Rake $0.24
Board [4s Qh Jd]
Seat 5: mylifeluvsol (big blind) folded on the Flop
Seat 10: Airbag999 (button) (small blind) collected ($11.76)


PokerStars Hand #152392367813:  Hold'em Limit ($3/$6 USD) - 2016/04/24 15:45:13 ET
Table 'Anacreon' 10-max Seat #10 is the button
Seat 5: mylifeluvsol ($108.49 in chips)
Seat 10: Airbag999 ($223.46 in chips)
Airbag999: posts small blind $1
mylifeluvsol: posts big blind $3
*** HOLE CARDS ***
Airbag999: raises $3 to $6
mylifeluvsol: calls $3
*** FLOP *** [3d 5c 2c]
mylifeluvsol: checks
Airbag999: bets $3
mylifeluvsol: folds
Uncalled bet ($3) returned to Airbag999
Airbag999 collected $11.76 from pot
Airbag999: doesn't show hand
*** SUMMARY ***
Total pot $12 | Rake $0.24
Board [3d 5c 2c]
Seat 5: mylifeluvsol (big blind) folded on the Flop
Seat 10: Airbag999 (button) (small blind) collected ($11.76)


PokerStars Hand #152392352290:  Hold'em Limit ($3/$6 USD) - 2016/04/24 15:44:59 ET
Table 'Anacreon' 10-max Seat #5 is the button
Seat 5: mylifeluvsol ($102.73 in chips)
Seat 10: Airbag999 ($229.46 in chips)
mylifeluvsol: posts small blind $1
Airbag999: posts big blind $3
*** HOLE CARDS ***
mylifeluvsol: raises $3 to $6
Airbag999: calls $3
*** FLOP *** [5c 7h Td]
Airbag999: checks
mylifeluvsol: checks
*** TURN *** [5c 7h Td] [6s]
Airbag999: checks
mylifeluvsol: checks
*** RIVER *** [5c 7h Td 6s] [Th]
Airbag999: checks
mylifeluvsol: checks
*** SHOW DOWN ***
Airbag999: shows [4d As] (a pair of Tens)
mylifeluvsol: shows [8d Ac] (a pair of Tens - Ace+Eight kicker)
mylifeluvsol collected $11.76 from pot
*** SUMMARY ***
Total pot $12 | Rake $0.24
Board [5c 7h Td 6s Th]
Seat 5: mylifeluvsol (button) (small blind) showed [8d Ac] and won ($11.76) with a pair of Tens
Seat 10: Airbag999 (big blind) showed [4d As] and lost with a pair of Tens


PokerStars Hand #152392439350:  Hold'em Limit ($3/$6 USD) - 2016/04/24 15:46:23 ET
Table 'Anacreon' 10-max Seat #5 is the button
Seat 5: mylifeluvsol ($40.49 in chips)
Seat 10: Airbag999 ($289.86 in chips)
mylifeluvsol: posts small blind $1
Airbag999: posts big blind $3
*** HOLE CARDS ***
mylifeluvsol: folds
Uncalled bet ($2) returned to Airbag999
Airbag999 collected $2 from pot
Airbag999: doesn't show hand
*** SUMMARY ***
Total pot $2 | Rake $0
Seat 5: mylifeluvsol (button) (small blind) folded before Flop
Seat 10: Airbag999 (big blind) collected ($2)


PokerStars Hand #152392433787:  Hold'em Limit ($3/$6 USD) - 2016/04/24 15:46:17 ET
Table 'Anacreon' 10-max Seat #10 is the button
Seat 5: mylifeluvsol ($39.49 in chips)
Seat 10: Airbag999 ($290.86 in chips)
Airbag999: posts small blind $1
mylifeluvsol: posts big blind $3
*** HOLE CARDS ***
Airbag999: folds
Uncalled bet ($2) returned to mylifeluvsol
mylifeluvsol collected $2 from pot
mylifeluvsol: doesn't show hand
*** SUMMARY ***
Total pot $2 | Rake $0
Seat 5: mylifeluvsol (big blind) collected ($2)
Seat 10: Airbag999 (button) (small blind) folded before Flop


PokerStars Hand #152392422045:  Hold'em Limit ($3/$6 USD) - 2016/04/24 15:46:06 ET
Table 'Anacreon' 10-max Seat #5 is the button
Seat 5: mylifeluvsol ($48.49 in chips)
Seat 10: Airbag999 ($282.22 in chips)
mylifeluvsol: posts small blind $1
Airbag999: posts big blind $3
*** HOLE CARDS ***
mylifeluvsol: raises $3 to $6
Airbag999: raises $3 to $9
mylifeluvsol: calls $3
*** FLOP *** [7s Qd 4h]
Airbag999: bets $3
mylifeluvsol: folds
Uncalled bet ($3) returned to Airbag999
Airbag999 collected $17.64 from pot
Airbag999: doesn't show hand
*** SUMMARY ***
Total pot $18 | Rake $0.36
Board [7s Qd 4h]
Seat 5: mylifeluvsol (button) (small blind) folded on the Flop
Seat 10: Airbag999 (big blind) collected ($17.64)


PokerStars Hand #152392402779:  Hold'em Limit ($3/$6 USD) - 2016/04/24 15:45:47 ET
Table 'Anacreon' 10-max Seat #10 is the button
Seat 5: mylifeluvsol ($72.49 in chips)
Seat 10: Airbag999 ($258.72 in chips)
Airbag999: posts small blind $1
mylifeluvsol: posts big blind $3
*** HOLE CARDS ***
Airbag999: raises $3 to $6
mylifeluvsol: raises $3 to $9
Airbag999: calls $3
*** FLOP *** [8d 9s 2h]
mylifeluvsol: bets $3
Airbag999: calls $3
*** TURN *** [8d 9s 2h] [Ts]
mylifeluvsol: bets $6
Airbag999: calls $6
*** RIVER *** [8d 9s 2h Ts] [7c]
mylifeluvsol: bets $6
Airbag999: raises $6 to $12
mylifeluvsol: folds
Uncalled bet ($6) returned to Airbag999
Airbag999 collected $47.50 from pot
Airbag999: doesn't show hand
*** SUMMARY ***
Total pot $48 | Rake $0.50
Board [8d 9s 2h Ts 7c]
Seat 5: mylifeluvsol (big blind) folded on the River
Seat 10: Airbag999 (button) (small blind) collected ($47.50)


PokerStars Hand #152392378024:  Hold'em Limit ($3/$6 USD) - 2016/04/24 15:45:23 ET
Table 'Anacreon' 10-max Seat #5 is the button
Seat 5: mylifeluvsol ($102.49 in chips)
Seat 10: Airbag999 ($229.22 in chips)
mylifeluvsol: posts small blind $1
Airbag999: posts big blind $3
*** HOLE CARDS ***
mylifeluvsol: raises $3 to $6
Airbag999: calls $3
*** FLOP *** [6c 8s 4h]
Airbag999: checks
mylifeluvsol: bets $3
Airbag999: raises $3 to $6
mylifeluvsol: calls $3
*** TURN *** [6c 8s 4h] [Kd]
Airbag999: bets $6
mylifeluvsol: raises $6 to $12
Airbag999: raises $6 to $18
mylifeluvsol: calls $6
*** RIVER *** [6c 8s 4h Kd] [Kc]
Airbag999: bets $6
mylifeluvsol: folds
Uncalled bet ($6) returned to Airbag999
Airbag999 collected $59.50 from pot
Airbag999: doesn't show hand
*** SUMMARY ***
Total pot $60 | Rake $0.50
Board [6c 8s 4h Kd Kc]
Seat 5: mylifeluvsol (button) (small blind) folded on the River
Seat 10: Airbag999 (big blind) collected ($59.50)


PokerStars Hand #152392502778:  Hold'em Limit ($3/$6 USD) - 2016/04/24 15:47:24 ET
Table 'Anacreon' 10-max Seat #10 is the button
Seat 5: mylifeluvsol ($51.77 in chips)
Seat 10: Airbag999 ($277.62 in chips)
Airbag999: posts small blind $1
mylifeluvsol: posts big blind $3
*** HOLE CARDS ***
Airbag999: raises $3 to $6
mylifeluvsol: folds
Uncalled bet ($3) returned to Airbag999
Airbag999 collected $6 from pot
Airbag999: doesn't show hand
*** SUMMARY ***
Total pot $6 | Rake $0
Seat 5: mylifeluvsol (big blind) folded before Flop
Seat 10: Airbag999 (button) (small blind) collected ($6)


PokerStars Hand #152392483102:  Hold'em Limit ($3/$6 USD) - 2016/04/24 15:47:05 ET
Table 'Anacreon' 10-max Seat #5 is the button
Seat 5: mylifeluvsol ($43.13 in chips)
Seat 10: Airbag999 ($286.62 in chips)
mylifeluvsol: posts small blind $1
Airbag999: posts big blind $3
*** HOLE CARDS ***
mylifeluvsol: calls $2
Airbag999: checks
*** FLOP *** [8d 8s 4s]
Airbag999: checks
mylifeluvsol: checks
*** TURN *** [8d 8s 4s] [Qd]
Airbag999: checks
mylifeluvsol: checks
*** RIVER *** [8d 8s 4s Qd] [Qs]
Airbag999: bets $6
mylifeluvsol: raises $6 to $12
Airbag999: folds
Uncalled bet ($6) returned to mylifeluvsol
mylifeluvsol collected $17.64 from pot
mylifeluvsol: doesn't show hand
*** SUMMARY ***
Total pot $18 | Rake $0.36
Board [8d 8s 4s Qd Qs]
Seat 5: mylifeluvsol (button) (small blind) collected ($17.64)
Seat 10: Airbag999 (big blind) folded on the River


PokerStars Hand #152392454573:  Hold'em Limit ($3/$6 USD) - 2016/04/24 15:46:37 ET
Table 'Anacreon' 10-max Seat #5 is the button
Seat 5: mylifeluvsol ($33.49 in chips)
Seat 10: Airbag999 ($296.62 in chips)
mylifeluvsol: posts small blind $1
Airbag999: posts big blind $3
*** HOLE CARDS ***
mylifeluvsol: calls $2
Airbag999: raises $3 to $6
mylifeluvsol: calls $3
*** FLOP *** [Jd 7c Td]
Airbag999: bets $3
mylifeluvsol: calls $3
*** TURN *** [Jd 7c Td] [4h]
Airbag999: checks
mylifeluvsol: bets $6
Airbag999: folds
Uncalled bet ($6) returned to mylifeluvsol
mylifeluvsol collected $17.64 from pot
mylifeluvsol: doesn't show hand
*** SUMMARY ***
Total pot $18 | Rake $0.36
Board [Jd 7c Td 4h]
Seat 5: mylifeluvsol (button) (small blind) collected ($17.64)
Seat 10: Airbag999 (big blind) folded on the Turn


PokerStars Hand #152392444808:  Hold'em Limit ($3/$6 USD) - 2016/04/24 15:46:28 ET
Table 'Anacreon' 10-max Seat #10 is the button
Seat 5: mylifeluvsol ($39.49 in chips)
Seat 10: Airbag999 ($290.86 in chips)
Airbag999: posts small blind $1
mylifeluvsol: posts big blind $3
*** HOLE CARDS ***
Airbag999: raises $3 to $6
mylifeluvsol: calls $3
*** FLOP *** [7h Ks 5s]
mylifeluvsol: folds
Airbag999 collected $11.76 from pot
Airbag999: doesn't show hand
*** SUMMARY ***
Total pot $12 | Rake $0.24
Board [7h Ks 5s]
Seat 5: mylifeluvsol (big blind) folded on the Flop
Seat 10: Airbag999 (button) (small blind) collected ($11.76)


PokerStars Hand #152392474434:  Hold'em Limit ($3/$6 USD) - 2016/04/24 15:46:57 ET
Table 'Anacreon' 10-max Seat #10 is the button
Seat 5: mylifeluvsol ($42.13 in chips)
Seat 10: Airbag999 ($287.62 in chips)
Airbag999: posts small blind $1
mylifeluvsol: posts big blind $3
*** HOLE CARDS ***
Airbag999: folds
Uncalled bet ($2) returned to mylifeluvsol
mylifeluvsol collected $2 from pot
mylifeluvsol: doesn't show hand
*** SUMMARY ***
Total pot $2 | Rake $0
Seat 5: mylifeluvsol (big blind) collected ($2)
Seat 10: Airbag999 (button) (small blind) folded before Flop


PokerStars Hand #152392551893:  Hold'em Limit ($3/$6 USD) - 2016/04/24 15:48:12 ET
Table 'Anacreon' 10-max Seat #5 is the button
Seat 5: mylifeluvsol ($56.29 in chips)
Seat 10: Airbag999 ($272.62 in chips)
mylifeluvsol: posts small blind $1
Airbag999: posts big blind $3
*** HOLE CARDS ***
mylifeluvsol: calls $2
Airbag999: checks
*** FLOP *** [4d Kd 4h]
Airbag999: checks
mylifeluvsol: checks
*** TURN *** [4d Kd 4h] [6d]
Airbag999: checks
mylifeluvsol: checks
*** RIVER *** [4d Kd 4h 6d] [Ah]
Airbag999: checks
mylifeluvsol: bets $6
Airbag999: folds
Uncalled bet ($6) returned to mylifeluvsol
mylifeluvsol collected $5.88 from pot
mylifeluvsol: doesn't show hand
*** SUMMARY ***
Total pot $6 | Rake $0.12
Board [4d Kd 4h 6d Ah]
Seat 5: mylifeluvsol (button) (small blind) collected ($5.88)
Seat 10: Airbag999 (big blind) folded on the River


PokerStars Hand #152392537326:  Hold'em Limit ($3/$6 USD) - 2016/04/24 15:47:58 ET
Table 'Anacreon' 10-max Seat #10 is the button
Seat 5: mylifeluvsol ($50.53 in chips)
Seat 10: Airbag999 ($278.62 in chips)
Airbag999: posts small blind $1
mylifeluvsol: posts big blind $3
*** HOLE CARDS ***
Airbag999: raises $3 to $6
mylifeluvsol: calls $3
*** FLOP *** [Ad 7s 4c]
mylifeluvsol: checks
Airbag999: checks
*** TURN *** [Ad 7s 4c] [3h]
mylifeluvsol: bets $6
Airbag999: folds
Uncalled bet ($6) returned to mylifeluvsol
mylifeluvsol collected $11.76 from pot
mylifeluvsol: doesn't show hand
*** SUMMARY ***
Total pot $12 | Rake $0.24
Board [Ad 7s 4c 3h]
Seat 5: mylifeluvsol (big blind) collected ($11.76)
Seat 10: Airbag999 (button) (small blind) folded on the Turn


PokerStars Hand #152392532123:  Hold'em Limit ($3/$6 USD) - 2016/04/24 15:47:53 ET
Table 'Anacreon' 10-max Seat #5 is the button
Seat 5: mylifeluvsol ($51.53 in chips)
Seat 10: Airbag999 ($277.62 in chips)
mylifeluvsol: posts small blind $1
Airbag999: posts big blind $3
*** HOLE CARDS ***
mylifeluvsol: folds
Uncalled bet ($2) returned to Airbag999
Airbag999 collected $2 from pot
Airbag999: doesn't show hand
*** SUMMARY ***
Total pot $2 | Rake $0
Seat 5: mylifeluvsol (button) (small blind) folded before Flop
Seat 10: Airbag999 (big blind) collected ($2)


PokerStars Hand #152392526120:  Hold'em Limit ($3/$6 USD) - 2016/04/24 15:47:47 ET
Table 'Anacreon' 10-max Seat #10 is the button
Seat 5: mylifeluvsol ($54.53 in chips)
Seat 10: Airbag999 ($274.62 in chips)
Airbag999: posts small blind $1
mylifeluvsol: posts big blind $3
*** HOLE CARDS ***
Airbag999: raises $3 to $6
mylifeluvsol: folds
Uncalled bet ($3) returned to Airbag999
Airbag999 collected $6 from pot
Airbag999: doesn't show hand
*** SUMMARY ***
Total pot $6 | Rake $0
Seat 5: mylifeluvsol (big blind) folded before Flop
Seat 10: Airbag999 (button) (small blind) collected ($6)


PokerStars Hand #152392508981:  Hold'em Limit ($3/$6 USD) - 2016/04/24 15:47:30 ET
Table 'Anacreon' 10-max Seat #5 is the button
Seat 5: mylifeluvsol ($48.77 in chips)
Seat 10: Airbag999 ($280.62 in chips)
mylifeluvsol: posts small blind $1
Airbag999: posts big blind $3
*** HOLE CARDS ***
mylifeluvsol: raises $3 to $6
Airbag999: calls $3
*** FLOP *** [Th 6s 9h]
Airbag999: checks
mylifeluvsol: checks
*** TURN *** [Th 6s 9h] [4s]
Airbag999: checks
mylifeluvsol: checks
*** RIVER *** [Th 6s 9h 4s] [Kh]
Airbag999: checks
mylifeluvsol: bets $6
Airbag999: folds
Uncalled bet ($6) returned to mylifeluvsol
mylifeluvsol collected $11.76 from pot
mylifeluvsol: doesn't show hand
*** SUMMARY ***
Total pot $12 | Rake $0.24
Board [Th 6s 9h 4s Kh]
Seat 5: mylifeluvsol (button) (small blind) collected ($11.76)
Seat 10: Airbag999 (big blind) folded on the River


PokerStars Hand #152392609446:  Hold'em Limit ($3/$6 USD) - 2016/04/24 15:49:08 ET
Table 'Anacreon' 10-max Seat #10 is the button
Seat 5: mylifeluvsol ($31.17 in chips)
Seat 10: Airbag999 ($297.12 in chips)
Airbag999: posts small blind $1
mylifeluvsol: posts big blind $3
*** HOLE CARDS ***
Airbag999: folds
Uncalled bet ($2) returned to mylifeluvsol
mylifeluvsol collected $2 from pot
mylifeluvsol: doesn't show hand
*** SUMMARY ***
Total pot $2 | Rake $0
Seat 5: mylifeluvsol (big blind) collected ($2)
Seat 10: Airbag999 (button) (small blind) folded before Flop


PokerStars Hand #152392587152:  Hold'em Limit ($3/$6 USD) - 2016/04/24 15:48:46 ET
Table 'Anacreon' 10-max Seat #5 is the button
Seat 5: mylifeluvsol ($52.17 in chips)
Seat 10: Airbag999 ($276.62 in chips)
mylifeluvsol: posts small blind $1
Airbag999: posts big blind $3
*** HOLE CARDS ***
mylifeluvsol: raises $3 to $6
Airbag999: calls $3
*** FLOP *** [6c 2c 2s]
Airbag999: checks
mylifeluvsol: bets $3
Airbag999: calls $3
*** TURN *** [6c 2c 2s] [5h]
Airbag999: checks
mylifeluvsol: bets $6
Airbag999: calls $6
*** RIVER *** [6c 2c 2s 5h] [4c]
Airbag999: checks
mylifeluvsol: bets $6
Airbag999: raises $6 to $12
mylifeluvsol: folds
Uncalled bet ($6) returned to Airbag999
Airbag999 collected $41.50 from pot
Airbag999: doesn't show hand
*** SUMMARY ***
Total pot $42 | Rake $0.50
Board [6c 2c 2s 5h 4c]
Seat 5: mylifeluvsol (button) (small blind) folded on the River
Seat 10: Airbag999 (big blind) collected ($41.50)


PokerStars Hand #152392581424:  Hold'em Limit ($3/$6 USD) - 2016/04/24 15:48:41 ET
Table 'Anacreon' 10-max Seat #10 is the button
Seat 5: mylifeluvsol ($55.17 in chips)
Seat 10: Airbag999 ($273.62 in chips)
Airbag999: posts small blind $1
mylifeluvsol: posts big blind $3
*** HOLE CARDS ***
Airbag999: raises $3 to $6
mylifeluvsol: folds
Uncalled bet ($3) returned to Airbag999
Airbag999 collected $6 from pot
Airbag999: doesn't show hand
*** SUMMARY ***
Total pot $6 | Rake $0
Seat 5: mylifeluvsol (big blind) folded before Flop
Seat 10: Airbag999 (button) (small blind) collected ($6)


PokerStars Hand #152392576264:  Hold'em Limit ($3/$6 USD) - 2016/04/24 15:48:36 ET
Table 'Anacreon' 10-max Seat #5 is the button
Seat 5: mylifeluvsol ($56.17 in chips)
Seat 10: Airbag999 ($272.62 in chips)
mylifeluvsol: posts small blind $1
Airbag999: posts big blind $3
*** HOLE CARDS ***
mylifeluvsol: folds
Uncalled bet ($2) returned to Airbag999
Airbag999 collected $2 from pot
Airbag999: doesn't show hand
*** SUMMARY ***
Total pot $2 | Rake $0
Seat 5: mylifeluvsol (button) (small blind) folded before Flop
Seat 10: Airbag999 (big blind) collected ($2)


PokerStars Hand #152392569863:  Hold'em Limit ($3/$6 USD) - 2016/04/24 15:48:29 ET
Table 'Anacreon' 10-max Seat #10 is the button
Seat 5: mylifeluvsol ($59.17 in chips)
Seat 10: Airbag999 ($269.62 in chips)
Airbag999: posts small blind $1
mylifeluvsol: posts big blind $3
*** HOLE CARDS ***
Airbag999: raises $3 to $6
mylifeluvsol: folds
Uncalled bet ($3) returned to Airbag999
Airbag999 collected $6 from pot
Airbag999: doesn't show hand
*** SUMMARY ***
Total pot $6 | Rake $0
Seat 5: mylifeluvsol (big blind) folded before Flop
Seat 10: Airbag999 (button) (small blind) collected ($6)


PokerStars Hand #152392671023:  Hold'em Limit ($3/$6 USD) - 2016/04/24 15:50:08 ET
Table 'Anacreon' 10-max Seat #10 is the button
Seat 5: mylifeluvsol ($78.67 in chips)
Seat 10: Airbag999 ($275.12 in chips)
Airbag999: posts small blind $1
mylifeluvsol: posts big blind $3
*** HOLE CARDS ***
Airbag999: raises $3 to $6
mylifeluvsol: calls $3
*** FLOP *** [5h Ac Td]
mylifeluvsol: folds
Airbag999 collected $11.76 from pot
Airbag999: doesn't show hand
*** SUMMARY ***
Total pot $12 | Rake $0.24
Board [5h Ac Td]
Seat 5: mylifeluvsol (big blind) folded on the Flop
Seat 10: Airbag999 (button) (small blind) collected ($11.76)


PokerStars Hand #152392653269:  Hold'em Limit ($3/$6 USD) - 2016/04/24 15:49:51 ET
Table 'Anacreon' 10-max Seat #5 is the button
Seat 5: mylifeluvsol ($75.79 in chips)
Seat 10: Airbag999 ($278.12 in chips)
mylifeluvsol: posts small blind $1
Airbag999: posts big blind $3
*** HOLE CARDS ***
mylifeluvsol: calls $2
Airbag999: checks
*** FLOP *** [4h 4d 8d]
Airbag999: checks
mylifeluvsol: checks
*** TURN *** [4h 4d 8d] [2c]
Airbag999: checks
mylifeluvsol: bets $6
Airbag999: folds
Uncalled bet ($6) returned to mylifeluvsol
mylifeluvsol collected $5.88 from pot
mylifeluvsol: doesn't show hand
*** SUMMARY ***
Total pot $6 | Rake $0.12
Board [4h 4d 8d 2c]
Seat 5: mylifeluvsol (button) (small blind) collected ($5.88)
Seat 10: Airbag999 (big blind) folded on the Turn


PokerStars Hand #152392616573:  Hold'em Limit ($3/$6 USD) - 2016/04/24 15:49:15 ET
Table 'Anacreon' 10-max Seat #5 is the button
Seat 5: mylifeluvsol ($32.17 in chips)
Seat 10: Airbag999 ($296.12 in chips)
mylifeluvsol: posts small blind $1
Airbag999: posts big blind $3
*** HOLE CARDS ***
mylifeluvsol: raises $3 to $6
Airbag999: calls $3
*** FLOP *** [As Jc 6c]
Airbag999: checks
mylifeluvsol: checks
*** TURN *** [As Jc 6c] [Ks]
Airbag999: checks
mylifeluvsol: bets $6
Airbag999: folds
Uncalled bet ($6) returned to mylifeluvsol
mylifeluvsol collected $11.76 from pot
mylifeluvsol: doesn't show hand
*** SUMMARY ***
Total pot $12 | Rake $0.24
Board [As Jc 6c Ks]
Seat 5: mylifeluvsol (button) (small blind) collected ($11.76)
Seat 10: Airbag999 (big blind) folded on the Turn


PokerStars Hand #152392635396:  Hold'em Limit ($3/$6 USD) - 2016/04/24 15:49:33 ET
Table 'Anacreon' 10-max Seat #10 is the button
Seat 5: mylifeluvsol ($64.27 in chips)
Seat 10: Airbag999 ($290.12 in chips)
Airbag999: posts small blind $1
mylifeluvsol: posts big blind $3
*** HOLE CARDS ***
Airbag999: raises $3 to $6
mylifeluvsol: raises $3 to $9
Airbag999: calls $3
*** FLOP *** [3h 4h Ad]
mylifeluvsol: bets $3
Airbag999: calls $3
*** TURN *** [3h 4h Ad] [Tc]
mylifeluvsol: bets $6
Airbag999: folds
Uncalled bet ($6) returned to mylifeluvsol
mylifeluvsol collected $23.52 from pot
mylifeluvsol: doesn't show hand
*** SUMMARY ***
Total pot $24 | Rake $0.48
Board [3h 4h Ad Tc]
Seat 5: mylifeluvsol (big blind) collected ($23.52)
Seat 10: Airbag999 (button) (small blind) folded on the Turn


PokerStars Hand #152392717182:  Hold'em Limit ($3/$6 USD) - 2016/04/24 15:50:53 ET
Table 'Anacreon' 10-max Seat #10 is the button
Seat 5: mylifeluvsol ($92.17 in chips)
Seat 10: Airbag999 ($260.88 in chips)
Airbag999: posts small blind $1
mylifeluvsol: posts big blind $3
*** HOLE CARDS ***
Airbag999: raises $3 to $6
mylifeluvsol: folds
Uncalled bet ($3) returned to Airbag999
Airbag999 collected $6 from pot
Airbag999: doesn't show hand
*** SUMMARY ***
Total pot $6 | Rake $0
Seat 5: mylifeluvsol (big blind) folded before Flop
Seat 10: Airbag999 (button) (small blind) collected ($6)


PokerStars Hand #152392711781:  Hold'em Limit ($3/$6 USD) - 2016/04/24 15:50:48 ET
Table 'Anacreon' 10-max Seat #5 is the button
Seat 5: mylifeluvsol ($93.17 in chips)
Seat 10: Airbag999 ($259.88 in chips)
mylifeluvsol: posts small blind $1
Airbag999: posts big blind $3
*** HOLE CARDS ***
mylifeluvsol: folds
Uncalled bet ($2) returned to Airbag999
Airbag999 collected $2 from pot
Airbag999: doesn't show hand
*** SUMMARY ***
Total pot $2 | Rake $0
Seat 5: mylifeluvsol (button) (small blind) folded before Flop
Seat 10: Airbag999 (big blind) collected ($2)


PokerStars Hand #152392705604:  Hold'em Limit ($3/$6 USD) - 2016/04/24 15:50:42 ET
Table 'Anacreon' 10-max Seat #10 is the button
Seat 5: mylifeluvsol ($96.17 in chips)
Seat 10: Airbag999 ($256.88 in chips)
Airbag999: posts small blind $1
mylifeluvsol: posts big blind $3
*** HOLE CARDS ***
Airbag999: raises $3 to $6
mylifeluvsol: folds
Uncalled bet ($3) returned to Airbag999
Airbag999 collected $6 from pot
Airbag999: doesn't show hand
*** SUMMARY ***
Total pot $6 | Rake $0
Seat 5: mylifeluvsol (big blind) folded before Flop
Seat 10: Airbag999 (button) (small blind) collected ($6)


PokerStars Hand #152392682207:  Hold'em Limit ($3/$6 USD) - 2016/04/24 15:50:19 ET
Table 'Anacreon' 10-max Seat #5 is the button
Seat 5: mylifeluvsol ($72.67 in chips)
Seat 10: Airbag999 ($280.88 in chips)
mylifeluvsol: posts small blind $1
Airbag999: posts big blind $3
*** HOLE CARDS ***
mylifeluvsol: raises $3 to $6
Airbag999: raises $3 to $9
mylifeluvsol: calls $3
*** FLOP *** [Jd Jc 4c]
Airbag999: bets $3
mylifeluvsol: calls $3
*** TURN *** [Jd Jc 4c] [7d]
Airbag999: checks
mylifeluvsol: bets $6
Airbag999: calls $6
*** RIVER *** [Jd Jc 4c 7d] [Kc]
Airbag999: checks
mylifeluvsol: bets $6
Airbag999: calls $6
*** SHOW DOWN ***
mylifeluvsol: shows [6s Js] (three of a kind, Jacks)
Airbag999: mucks hand
mylifeluvsol collected $47.50 from pot
*** SUMMARY ***
Total pot $48 | Rake $0.50
Board [Jd Jc 4c 7d Kc]
Seat 5: mylifeluvsol (button) (small blind) showed [6s Js] and won ($47.50) with three of a kind, Jacks
Seat 10: Airbag999 (big blind) mucked


PokerStars Hand #152392745763:  Hold'em Limit ($3/$6 USD) - 2016/04/24 15:51:21 ET
Table 'Anacreon' 10-max Seat #10 is the button
Seat 5: mylifeluvsol ($112.67 in chips)
Seat 10: Airbag999 ($239.88 in chips)
Airbag999: posts small blind $1
mylifeluvsol: posts big blind $3
*** HOLE CARDS ***
Airbag999: raises $3 to $6
mylifeluvsol: folds
Uncalled bet ($3) returned to Airbag999
Airbag999 collected $6 from pot
Airbag999: doesn't show hand
*** SUMMARY ***
Total pot $6 | Rake $0
Seat 5: mylifeluvsol (big blind) folded before Flop
Seat 10: Airbag999 (button) (small blind) collected ($6)


PokerStars Hand #152392723503:  Hold'em Limit ($3/$6 USD) - 2016/04/24 15:51:00 ET
Table 'Anacreon' 10-max Seat #5 is the button
Seat 5: mylifeluvsol ($89.17 in chips)
Seat 10: Airbag999 ($263.88 in chips)
mylifeluvsol: posts small blind $1
Airbag999: posts big blind $3
*** HOLE CARDS ***
mylifeluvsol: raises $3 to $6
Airbag999: raises $3 to $9
mylifeluvsol: calls $3
*** FLOP *** [5c 9h 6h]
Airbag999: bets $3
mylifeluvsol: calls $3
*** TURN *** [5c 9h 6h] [5d]
Airbag999: checks
mylifeluvsol: bets $6
Airbag999: calls $6
*** RIVER *** [5c 9h 6h 5d] [Js]
Airbag999: checks
mylifeluvsol: bets $6
Airbag999: calls $6
*** SHOW DOWN ***
mylifeluvsol: shows [6s Qs] (two pair, Sixes and Fives)
Airbag999: mucks hand
mylifeluvsol collected $47.50 from pot
*** SUMMARY ***
Total pot $48 | Rake $0.50
Board [5c 9h 6h 5d Js]
Seat 5: mylifeluvsol (button) (small blind) showed [6s Qs] and won ($47.50) with two pair, Sixes and Fives
Seat 10: Airbag999 (big blind) mucked


PokerStars Hand #152392775656:  Hold'em Limit ($3/$6 USD) - 2016/04/24 15:51:51 ET
Table 'Anacreon' 10-max Seat #10 is the button
Seat 5: mylifeluvsol ($106.67 in chips)
Seat 10: Airbag999 ($245.76 in chips)
Airbag999: posts small blind $1
mylifeluvsol: posts big blind $3
*** HOLE CARDS ***
Airbag999: raises $3 to $6
mylifeluvsol: folds
Uncalled bet ($3) returned to Airbag999
Airbag999 collected $6 from pot
Airbag999: doesn't show hand
*** SUMMARY ***
Total pot $6 | Rake $0
Seat 5: mylifeluvsol (big blind) folded before Flop
Seat 10: Airbag999 (button) (small blind) collected ($6)


PokerStars Hand #152392751714:  Hold'em Limit ($3/$6 USD) - 2016/04/24 15:51:27 ET
Table 'Anacreon' 10-max Seat #5 is the button
Seat 5: mylifeluvsol ($109.67 in chips)
Seat 10: Airbag999 ($242.88 in chips)
mylifeluvsol: posts small blind $1
Airbag999: posts big blind $3
*** HOLE CARDS ***
mylifeluvsol: calls $2
Airbag999: checks
*** FLOP *** [Qs Th As]
Airbag999: checks
mylifeluvsol: checks
*** TURN *** [Qs Th As] [8c]
Airbag999: bets $6
mylifeluvsol: folds
Uncalled bet ($6) returned to Airbag999
Airbag999 collected $5.88 from pot
Airbag999: doesn't show hand
*** SUMMARY ***
Total pot $6 | Rake $0.12
Board [Qs Th As 8c]
Seat 5: mylifeluvsol (button) (small blind) folded on the Turn
Seat 10: Airbag999 (big blind) collected ($5.88)


PokerStars Hand #152392792346:  Hold'em Limit ($3/$6 USD) - 2016/04/24 15:52:07 ET
Table 'Anacreon' 10-max Seat #10 is the button
Seat 5: mylifeluvsol ($109.43 in chips)
Seat 10: Airbag999 ($242.76 in chips)
Airbag999: posts small blind $1
mylifeluvsol: posts big blind $3
*** HOLE CARDS ***
Airbag999: raises $3 to $6
mylifeluvsol: calls $3
*** FLOP *** [4d 8s 9c]
mylifeluvsol: checks
Airbag999: bets $3
mylifeluvsol: folds
Uncalled bet ($3) returned to Airbag999
Airbag999 collected $11.76 from pot
Airbag999: doesn't show hand
*** SUMMARY ***
Total pot $12 | Rake $0.24
Board [4d 8s 9c]
Seat 5: mylifeluvsol (big blind) folded on the Flop
Seat 10: Airbag999 (button) (small blind) collected ($11.76)


PokerStars Hand #152392782038:  Hold'em Limit ($3/$6 USD) - 2016/04/24 15:51:57 ET
Table 'Anacreon' 10-max Seat #5 is the button
Seat 5: mylifeluvsol ($103.67 in chips)
Seat 10: Airbag999 ($248.76 in chips)
mylifeluvsol: posts small blind $1
Airbag999: posts big blind $3
*** HOLE CARDS ***
mylifeluvsol: raises $3 to $6
Airbag999: calls $3
*** FLOP *** [6h Ks 8s]
Airbag999: checks
mylifeluvsol: bets $3
Airbag999: folds
Uncalled bet ($3) returned to mylifeluvsol
mylifeluvsol collected $11.76 from pot
mylifeluvsol: doesn't show hand
*** SUMMARY ***
Total pot $12 | Rake $0.24
Board [6h Ks 8s]
Seat 5: mylifeluvsol (button) (small blind) collected ($11.76)
Seat 10: Airbag999 (big blind) folded on the Flop


PokerStars Hand #152392804789:  Hold'em Limit ($3/$6 USD) - 2016/04/24 15:52:19 ET
Table 'Anacreon' 10-max Seat #5 is the button
Seat 5: mylifeluvsol ($103.43 in chips)
Seat 10: Airbag999 ($248.52 in chips)
mylifeluvsol: posts small blind $1
Airbag999: posts big blind $3
*** HOLE CARDS ***
mylifeluvsol: calls $2
Airbag999: checks
*** FLOP *** [9s 9d Jh]
Airbag999: checks
mylifeluvsol: checks
*** TURN *** [9s 9d Jh] [7c]
Airbag999: checks
mylifeluvsol: checks
*** RIVER *** [9s 9d Jh 7c] [Qs]
Airbag999: checks
mylifeluvsol: bets $6
Airbag999: folds
Uncalled bet ($6) returned to mylifeluvsol
mylifeluvsol collected $5.88 from pot
mylifeluvsol: doesn't show hand
*** SUMMARY ***
Total pot $6 | Rake $0.12
Board [9s 9d Jh 7c Qs]
Seat 5: mylifeluvsol (button) (small blind) collected ($5.88)
Seat 10: Airbag999 (big blind) folded on the River


PokerStars Hand #152392843396:  Hold'em Limit ($3/$6 USD) - 2016/04/24 15:52:57 ET
Table 'Anacreon' 10-max Seat #5 is the button
Seat 5: mylifeluvsol ($120.81 in chips)
Seat 10: Airbag999 ($230.52 in chips)
mylifeluvsol: posts small blind $1
Airbag999: posts big blind $3
*** HOLE CARDS ***
mylifeluvsol: calls $2
Airbag999: checks
*** FLOP *** [7d 9s 8h]
Airbag999: checks
mylifeluvsol: checks
*** TURN *** [7d 9s 8h] [Qc]
Airbag999: checks
mylifeluvsol: checks
*** RIVER *** [7d 9s 8h Qc] [Ac]
Airbag999: checks
mylifeluvsol: bets $6
Airbag999: folds
Uncalled bet ($6) returned to mylifeluvsol
mylifeluvsol collected $5.88 from pot
mylifeluvsol: doesn't show hand
*** SUMMARY ***
Total pot $6 | Rake $0.12
Board [7d 9s 8h Qc Ac]
Seat 5: mylifeluvsol (button) (small blind) collected ($5.88)
Seat 10: Airbag999 (big blind) folded on the River


PokerStars Hand #152392824697:  Hold'em Limit ($3/$6 USD) - 2016/04/24 15:52:39 ET
Table 'Anacreon' 10-max Seat #10 is the button
Seat 5: mylifeluvsol ($106.31 in chips)
Seat 10: Airbag999 ($245.52 in chips)
Airbag999: posts small blind $1
mylifeluvsol: posts big blind $3
*** HOLE CARDS ***
Airbag999: raises $3 to $6
mylifeluvsol: raises $3 to $9
Airbag999: calls $3
*** FLOP *** [Kh 8d 9c]
mylifeluvsol: checks
Airbag999: checks
*** TURN *** [Kh 8d 9c] [9h]
mylifeluvsol: bets $6
Airbag999: calls $6
*** RIVER *** [Kh 8d 9c 9h] [4h]
mylifeluvsol: bets $6
Airbag999: folds
Uncalled bet ($6) returned to mylifeluvsol
mylifeluvsol collected $29.50 from pot
mylifeluvsol: doesn't show hand
*** SUMMARY ***
Total pot $30 | Rake $0.50
Board [Kh 8d 9c 9h 4h]
Seat 5: mylifeluvsol (big blind) collected ($29.50)
Seat 10: Airbag999 (button) (small blind) folded on the River


PokerStars Hand #152392927017:  Hold'em Limit ($3/$6 USD) - 2016/04/24 15:54:20 ET
Table 'Anacreon' 10-max Seat #10 is the button
Seat 5: mylifeluvsol ($102.21 in chips)
Seat 10: Airbag999 ($247.66 in chips)
Airbag999: posts small blind $1
mylifeluvsol: posts big blind $3
*** HOLE CARDS ***
Airbag999: raises $3 to $6
mylifeluvsol: folds
Uncalled bet ($3) returned to Airbag999
Airbag999 collected $6 from pot
Airbag999: doesn't show hand
*** SUMMARY ***
Total pot $6 | Rake $0
Seat 5: mylifeluvsol (big blind) folded before Flop
Seat 10: Airbag999 (button) (small blind) collected ($6)


PokerStars Hand #152392903024:  Hold'em Limit ($3/$6 USD) - 2016/04/24 15:53:57 ET
Table 'Anacreon' 10-max Seat #10 is the button
Seat 5: mylifeluvsol ($87.69 in chips)
Seat 10: Airbag999 ($262.66 in chips)
Airbag999: posts small blind $1
mylifeluvsol: posts big blind $3
*** HOLE CARDS ***
Airbag999: raises $3 to $6
mylifeluvsol: calls $3
*** FLOP *** [Th 4c 6c]
mylifeluvsol: checks
Airbag999: checks
*** TURN *** [Th 4c 6c] [4s]
mylifeluvsol: checks
Airbag999: checks
*** RIVER *** [Th 4c 6c 4s] [7c]
mylifeluvsol: bets $6
Airbag999: calls $6
*** SHOW DOWN ***
mylifeluvsol: shows [Qc 7h] (two pair, Sevens and Fours)
Airbag999: mucks hand
mylifeluvsol collected $23.52 from pot
*** SUMMARY ***
Total pot $24 | Rake $0.48
Board [Th 4c 6c 4s 7c]
Seat 5: mylifeluvsol (big blind) showed [Qc 7h] and won ($23.52) with two pair, Sevens and Fours
Seat 10: Airbag999 (button) (small blind) mucked


PokerStars Hand #152392860731:  Hold'em Limit ($3/$6 USD) - 2016/04/24 15:53:15 ET
Table 'Anacreon' 10-max Seat #10 is the button
Seat 5: mylifeluvsol ($123.69 in chips)
Seat 10: Airbag999 ($227.52 in chips)
Airbag999: posts small blind $1
mylifeluvsol: posts big blind $3
*** HOLE CARDS ***
Airbag999: raises $3 to $6
mylifeluvsol: raises $3 to $9
Airbag999: calls $3
*** FLOP *** [3s 7c 3h]
mylifeluvsol: checks
Airbag999: checks
*** TURN *** [3s 7c 3h] [Jh]
mylifeluvsol: checks
Airbag999: bets $6
mylifeluvsol: raises $6 to $12
Airbag999: calls $6
*** RIVER *** [3s 7c 3h Jh] [2d]
mylifeluvsol: checks
Airbag999: bets $6
mylifeluvsol: calls $6
*** SHOW DOWN ***
Airbag999: shows [Qc Js] (two pair, Jacks and Threes)
mylifeluvsol: mucks hand
Airbag999 collected $53.50 from pot
*** SUMMARY ***
Total pot $54 | Rake $0.50
Board [3s 7c 3h Jh 2d]
Seat 5: mylifeluvsol (big blind) mucked
Seat 10: Airbag999 (button) (small blind) showed [Qc Js] and won ($53.50) with two pair, Jacks and Threes


PokerStars Hand #152392887965:  Hold'em Limit ($3/$6 USD) - 2016/04/24 15:53:42 ET
Table 'Anacreon' 10-max Seat #5 is the button
Seat 5: mylifeluvsol ($96.69 in chips)
Seat 10: Airbag999 ($254.02 in chips)
mylifeluvsol: posts small blind $1
Airbag999: posts big blind $3
*** HOLE CARDS ***
mylifeluvsol: raises $3 to $6
Airbag999: raises $3 to $9
mylifeluvsol: calls $3
*** FLOP *** [Td Qh 2d]
Airbag999: bets $3
mylifeluvsol: folds
Uncalled bet ($3) returned to Airbag999
Airbag999 collected $17.64 from pot
Airbag999: doesn't show hand
*** SUMMARY ***
Total pot $18 | Rake $0.36
Board [Td Qh 2d]
Seat 5: mylifeluvsol (button) (small blind) folded on the Flop
Seat 10: Airbag999 (big blind) collected ($17.64)


PokerStars Hand #152392933886:  Hold'em Limit ($3/$6 USD) - 2016/04/24 15:54:27 ET
Table 'Anacreon' 10-max Seat #5 is the button
Seat 5: mylifeluvsol ($99.21 in chips)
Seat 10: Airbag999 ($250.66 in chips)
mylifeluvsol: posts small blind $1
Airbag999: posts big blind $3
*** HOLE CARDS ***
mylifeluvsol: raises $3 to $6
Airbag999: calls $3
*** FLOP *** [2s 7c 9s]
Airbag999: checks
mylifeluvsol: bets $3
Airbag999: folds
Uncalled bet ($3) returned to mylifeluvsol
mylifeluvsol collected $11.76 from pot
mylifeluvsol: doesn't show hand
vestimokrec joins the table at seat #7
*** SUMMARY ***
Total pot $12 | Rake $0.24
Board [2s 7c 9s]
Seat 5: mylifeluvsol (button) (small blind) collected ($11.76)
Seat 10: Airbag999 (big blind) folded on the Flop


PokerStars Hand #152392947056:  Hold'em Limit ($3/$6 USD) - 2016/04/24 15:54:40 ET
Table 'Anacreon' 10-max Seat #10 is the button
Seat 5: mylifeluvsol ($104.97 in chips)
Seat 10: Airbag999 ($244.66 in chips)
Airbag999: posts small blind $1
mylifeluvsol: posts big blind $3
*** HOLE CARDS ***
Airbag999: raises $3 to $6
mylifeluvsol: calls $3
*** FLOP *** [2s Th 5h]
mylifeluvsol: checks
Airbag999: bets $3
mylifeluvsol: raises $3 to $6
Airbag999: calls $3
*** TURN *** [2s Th 5h] [Qd]
mylifeluvsol: checks
Airbag999: bets $6
mylifeluvsol: folds
Uncalled bet ($6) returned to Airbag999
Airbag999 collected $23.52 from pot
Airbag999: doesn't show hand
*** SUMMARY ***
Total pot $24 | Rake $0.48
Board [2s Th 5h Qd]
Seat 5: mylifeluvsol (big blind) folded on the Turn
Seat 10: Airbag999 (button) (small blind) collected ($23.52)


PokerStars Hand #152396301733:  Hold'em Limit ($3/$6 USD) - 2016/04/24 16:53:43 ET
Table 'Anacreon' 10-max Seat #10 is the button
Seat 5: SACHAVT ($24.74 in chips)
Seat 10: Yuriy Ceza11 ($87 in chips)
masterblstr8 will be allowed to play after the button
GRAILKO will be allowed to play after the button
Yuriy Ceza11: posts small blind $1
vestimokrec: is sitting out
SACHAVT: posts big blind $3
*** HOLE CARDS ***
Yuriy Ceza11: folds
Uncalled bet ($2) returned to SACHAVT
SACHAVT collected $2 from pot
SACHAVT: doesn't show hand
*** SUMMARY ***
Total pot $2 | Rake $0
Seat 5: SACHAVT (big blind) collected ($2)
Seat 10: Yuriy Ceza11 (button) (small blind) folded before Flop


PokerStars Hand #152396470935:  Hold'em Limit ($3/$6 USD) - 2016/04/24 16:57:23 ET
Table 'Anacreon' 10-max Seat #8 is the button
Seat 6: masterblstr8 ($99.82 in chips)
Seat 8: GRAILKO ($226.74 in chips)
GRAILKO: posts small blind $1
masterblstr8: posts big blind $3
*** HOLE CARDS ***
GRAILKO: raises $3 to $6
masterblstr8: raises $3 to $9
GRAILKO: calls $3
*** FLOP *** [Jh 5d Ah]
masterblstr8: bets $3
GRAILKO: calls $3
*** TURN *** [Jh 5d Ah] [8d]
masterblstr8: bets $6
GRAILKO: folds
Uncalled bet ($6) returned to masterblstr8
masterblstr8 collected $23.52 from pot
masterblstr8: doesn't show hand
*** SUMMARY ***
Total pot $24 | Rake $0.48
Board [Jh 5d Ah 8d]
Seat 6: masterblstr8 (big blind) collected ($23.52)
Seat 8: GRAILKO (button) (small blind) folded on the Turn


PokerStars Hand #152396481832:  Hold'em Limit ($3/$6 USD) - 2016/04/24 16:57:39 ET
Table 'Anacreon' 10-max Seat #6 is the button
Seat 6: masterblstr8 ($111.34 in chips)
Seat 8: GRAILKO ($214.74 in chips)
masterblstr8: posts small blind $1
GRAILKO: posts big blind $3
*** HOLE CARDS ***
masterblstr8: raises $3 to $6
GRAILKO: calls $3
*** FLOP *** [Tc Qh 8h]
GRAILKO: checks
masterblstr8: bets $3
GRAILKO: calls $3
*** TURN *** [Tc Qh 8h] [Ks]
GRAILKO: checks
masterblstr8: checks
*** RIVER *** [Tc Qh 8h Ks] [Js]
GRAILKO: bets $6
masterblstr8: raises $6 to $12
GRAILKO: raises $6 to $18
masterblstr8: calls $6
*** SHOW DOWN ***
GRAILKO: shows [9c Ah] (a straight, Ten to Ace)
masterblstr8: shows [6c Ad] (a straight, Ten to Ace)
GRAILKO collected $26.75 from pot
masterblstr8 collected $26.75 from pot
*** SUMMARY ***
Total pot $54 | Rake $0.50
Board [Tc Qh 8h Ks Js]
Seat 6: masterblstr8 (button) (small blind) showed [6c Ad] and won ($26.75) with a straight, Ten to Ace
Seat 8: GRAILKO (big blind) showed [9c Ah] and won ($26.75) with a straight, Ten to Ace


PokerStars Hand #152399735903:  Hold'em Limit ($3/$6 USD) - 2016/04/24 17:59:34 ET
Table 'Anacreon' 10-max Seat #1 is the button
Seat 1: belik555 ($135.52 in chips)
Seat 3: Yuriy Ceza11 ($68.44 in chips)
belik555: posts small blind $1
vestimokrec: is sitting out
Yuriy Ceza11: posts big blind $3
*** HOLE CARDS ***
vestimokrec leaves the table
belik555: raises $3 to $6
Yuriy Ceza11: calls $3
*** FLOP *** [6s Kh 4s]
Yuriy Ceza11: bets $3
belik555: calls $3
*** TURN *** [6s Kh 4s] [5d]
Yuriy Ceza11: bets $6
belik555: calls $6
*** RIVER *** [6s Kh 4s 5d] [8d]
Yuriy Ceza11: bets $6
belik555: folds
Uncalled bet ($6) returned to Yuriy Ceza11
Yuriy Ceza11 collected $29.50 from pot
*** SUMMARY ***
Total pot $30 | Rake $0.50
Board [6s Kh 4s 5d 8d]
Seat 1: belik555 (button) (small blind) folded on the River
Seat 3: Yuriy Ceza11 (big blind) collected ($29.50)


