PokerStars Hand #161542410012:  Hold'em Limit ($3/$6 USD) - 2016/11/17 11:40:45 ET
Table 'Anacreon' 6-max Seat #4 is the button
Seat 2: 7superpoker ($127.46 in chips)
Seat 4: cobrajosh ($85.68 in chips)
cobrajosh: posts small blind $1
Mordnilap: is sitting out
beng_51: is sitting out
7superpoker: posts big blind $3
*** HOLE CARDS ***
cobrajosh: calls $2
7superpoker: checks
*** FLOP *** [7c Jh Td]
7superpoker: bets $3
cobrajosh: calls $3
*** TURN *** [7c Jh Td] [9h]
7superpoker: bets $6
cobrajosh: raises $6 to $12
7superpoker: calls $6
*** RIVER *** [7c Jh Td 9h] [4s]
7superpoker: checks
cobrajosh: checks
*** SHOW DOWN ***
7superpoker: shows [8d Th] (a straight, Seven to Jack)
cobrajosh: mucks hand
7superpoker collected $35.50 from pot
*** SUMMARY ***
Total pot $36 | Rake $0.50
Board [7c Jh Td 9h 4s]
Seat 2: 7superpoker (big blind) showed [8d Th] and won ($35.50) with a straight, Seven to Jack
Seat 4: cobrajosh (button) (small blind) mucked


PokerStars Hand #161542462906:  Hold'em Limit ($3/$6 USD) - 2016/11/17 11:41:54 ET
Table 'Anacreon' 6-max Seat #5 is the button
Seat 4: zimin10 ($200 in chips)
Seat 5: assitoni ($72 in chips)
assitoni: posts small blind $1
zimin10: posts big blind $3
*** HOLE CARDS ***
assitoni: folds
Uncalled bet ($2) returned to zimin10
zimin10 collected $2 from pot
zimin10: doesn't show hand
*** SUMMARY ***
Total pot $2 | Rake $0
Seat 4: zimin10 (big blind) collected ($2)
Seat 5: assitoni (button) (small blind) folded before Flop


PokerStars Hand #161542474837:  Hold'em Limit ($3/$6 USD) - 2016/11/17 11:42:10 ET
Table 'Anacreon' 6-max Seat #4 is the button
Seat 4: zimin10 ($201 in chips)
Seat 5: assitoni ($72 in chips)
zimin10: posts small blind $1
assitoni: posts big blind $3
*** HOLE CARDS ***
zimin10: raises $3 to $6
assitoni: raises $3 to $9
zimin10: calls $3
*** FLOP *** [3h Ah Qs]
assitoni: bets $3
zimin10: folds
Uncalled bet ($3) returned to assitoni
assitoni collected $17.64 from pot
assitoni: doesn't show hand
*** SUMMARY ***
Total pot $18 | Rake $0.36
Board [3h Ah Qs]
Seat 4: zimin10 (button) (small blind) folded on the Flop
Seat 5: assitoni (big blind) collected ($17.64)


PokerStars Hand #161542489437:  Hold'em Limit ($3/$6 USD) - 2016/11/17 11:42:29 ET
Table 'Anacreon' 6-max Seat #5 is the button
Seat 4: zimin10 ($192 in chips)
Seat 5: assitoni ($80.64 in chips)
assitoni: posts small blind $1
zimin10: posts big blind $3
*** HOLE CARDS ***
assitoni: raises $3 to $6
zimin10: raises $3 to $9
assitoni: calls $3
*** FLOP *** [Qd 5h 7h]
zimin10: bets $3
assitoni: calls $3
*** TURN *** [Qd 5h 7h] [3h]
zimin10: bets $6
assitoni: calls $6
*** RIVER *** [Qd 5h 7h 3h] [Td]
Mordnilap leaves the table
zimin10: bets $6
assitoni: calls $6
*** SHOW DOWN ***
zimin10: shows [2d 2h] (a pair of Deuces)
assitoni: shows [7c 9c] (a pair of Sevens)
assitoni collected $47.50 from pot
*** SUMMARY ***
Total pot $48 | Rake $0.50
Board [Qd 5h 7h 3h Td]
Seat 4: zimin10 (big blind) showed [2d 2h] and lost with a pair of Deuces
Seat 5: assitoni (button) (small blind) showed [7c 9c] and won ($47.50) with a pair of Sevens


PokerStars Hand #161542524473:  Hold'em Limit ($3/$6 USD) - 2016/11/17 11:43:14 ET
Table 'Anacreon' 6-max Seat #4 is the button
Seat 4: zimin10 ($168 in chips)
Seat 5: assitoni ($104.14 in chips)
zimin10: posts small blind $1
assitoni: posts big blind $3
*** HOLE CARDS ***
zimin10: raises $3 to $6
assitoni: raises $3 to $9
zimin10: calls $3
*** FLOP *** [8d 9h Qh]
assitoni: bets $3
zimin10: folds
Uncalled bet ($3) returned to assitoni
assitoni collected $17.64 from pot
assitoni: doesn't show hand
*** SUMMARY ***
Total pot $18 | Rake $0.36
Board [8d 9h Qh]
Seat 4: zimin10 (button) (small blind) folded on the Flop
Seat 5: assitoni (big blind) collected ($17.64)


