PokerStars Hand #145017484832:  Hold'em Limit ($3/$6 USD) - 2015/12/08 8:39:18 ET
Table 'Anahita' 6-max Seat #4 is the button
Seat 1: _fayzulllo_ ($71 in chips)
Seat 4: Agrotait ($73 in chips)
Agrotait: posts small blind $1
_fayzulllo_: posts big blind $3
*** HOLE CARDS ***
assitoni joins the table at seat #2
Agrotait: raises $3 to $6
_fayzulllo_: calls $3
*** FLOP *** [3d Qd Td]
_fayzulllo_: checks
scorpio04 joins the table at seat #3
Agrotait: bets $3
_fayzulllo_: calls $3
*** TURN *** [3d Qd Td] [3h]
_fayzulllo_: checks
gargamel155 joins the table at seat #5
Agrotait: checks
*** RIVER *** [3d Qd Td 3h] [7c]
_fayzulllo_: bets $6
Agrotait: folds
Uncalled bet ($6) returned to _fayzulllo_
_fayzulllo_ collected $17.64 from pot
_fayzulllo_: doesn't show hand
*** SUMMARY ***
Total pot $18 | Rake $0.36
Board [3d Qd Td 3h 7c]
Seat 1: _fayzulllo_ (big blind) collected ($17.64)
Seat 4: Agrotait (button) (small blind) folded on the River


PokerStars Hand #145018998664:  Hold'em Limit ($3/$6 USD) - 2015/12/08 9:17:19 ET
Table 'Anahita' 6-max Seat #6 is the button
Seat 4: chezlaw ($159.43 in chips)
Seat 6: schnizm ($113.12 in chips)
schnizm: posts small blind $1
scorpio04: is sitting out
chezlaw: posts big blind $3
*** HOLE CARDS ***
schnizm: folds
Uncalled bet ($2) returned to chezlaw
scorpio04 leaves the table
chezlaw collected $2 from pot
chezlaw: doesn't show hand
*** SUMMARY ***
Total pot $2 | Rake $0
Seat 4: chezlaw (big blind) collected ($2)
Seat 6: schnizm (button) (small blind) folded before Flop


