PokerStars Hand #166312373112:  Hold'em Limit ($3/$6 USD) - 2017/02/16 16:05:26 ET
Table 'Anahita II' 6-max Seat #4 is the button
Seat 3: Fetish73 ($84.20 in chips)
Seat 4: MTails ($94.50 in chips)
MTails: posts small blind $1
Fetish73: posts big blind $3
*** HOLE CARDS ***
MTails: raises $3 to $6
Fetish73: raises $3 to $9
MTails: calls $3
*** FLOP *** [4h 3d Tc]
Fetish73: bets $3
MTails: calls $3
*** TURN *** [4h 3d Tc] [5h]
Fetish73: checks
MTails: bets $6
Fetish73: folds
Uncalled bet ($6) returned to MTails
MTails collected $23.52 from pot
*** SUMMARY ***
Total pot $24 | Rake $0.48
Board [4h 3d Tc 5h]
Seat 3: Fetish73 (big blind) folded on the Turn
Seat 4: MTails (button) (small blind) collected ($23.52)


PokerStars Hand #166312361570:  Hold'em Limit ($3/$6 USD) - 2017/02/16 16:05:14 ET
Table 'Anahita II' 6-max Seat #3 is the button
Seat 3: Fetish73 ($69.70 in chips)
Seat 4: MTails ($109.50 in chips)
Fetish73: posts small blind $1
MTails: posts big blind $3
*** HOLE CARDS ***
Fetish73: raises $3 to $6
MTails: calls $3
*** FLOP *** [Jc 3d 8h]
MTails: checks
Fetish73: bets $3
MTails: calls $3
*** TURN *** [Jc 3d 8h] [4s]
MTails: checks
Fetish73: checks
*** RIVER *** [Jc 3d 8h 4s] [9c]
MTails: bets $6
Fetish73: calls $6
*** SHOW DOWN ***
MTails: shows [2d Qd] (high card Queen)
Fetish73: shows [4h Ad] (a pair of Fours)
Fetish73 collected $29.50 from pot
*** SUMMARY ***
Total pot $30 | Rake $0.50
Board [Jc 3d 8h 4s 9c]
Seat 3: Fetish73 (button) (small blind) showed [4h Ad] and won ($29.50) with a pair of Fours
Seat 4: MTails (big blind) showed [2d Qd] and lost with high card Queen


PokerStars Hand #166312357130:  Hold'em Limit ($3/$6 USD) - 2017/02/16 16:05:09 ET
Table 'Anahita II' 6-max Seat #4 is the button
Seat 3: Fetish73 ($68.70 in chips)
Seat 4: MTails ($110.50 in chips)
MTails: posts small blind $1
Fetish73: posts big blind $3
*** HOLE CARDS ***
MTails: folds
Uncalled bet ($2) returned to Fetish73
Fetish73 collected $2 from pot
Fetish73: doesn't show hand
*** SUMMARY ***
Total pot $2 | Rake $0
Seat 3: Fetish73 (big blind) collected ($2)
Seat 4: MTails (button) (small blind) folded before Flop


PokerStars Hand #166312343768:  Hold'em Limit ($3/$6 USD) - 2017/02/16 16:04:55 ET
Table 'Anahita II' 6-max Seat #3 is the button
Seat 3: Fetish73 ($45.20 in chips)
Seat 4: MTails ($134.50 in chips)
Fetish73: posts small blind $1
MTails: posts big blind $3
*** HOLE CARDS ***
Fetish73: raises $3 to $6
MTails: calls $3
*** FLOP *** [8h 2d Jc]
MTails: checks
Fetish73: bets $3
MTails: raises $3 to $6
Fetish73: calls $3
*** TURN *** [8h 2d Jc] [Jd]
MTails: bets $6
Fetish73: calls $6
*** RIVER *** [8h 2d Jc Jd] [Qs]
MTails: bets $6
Fetish73: calls $6
*** SHOW DOWN ***
MTails: shows [7h 5c] (a pair of Jacks)
Fetish73: shows [Qh Ts] (two pair, Queens and Jacks)
Fetish73 collected $47.50 from pot
*** SUMMARY ***
Total pot $48 | Rake $0.50
Board [8h 2d Jc Jd Qs]
Seat 3: Fetish73 (button) (small blind) showed [Qh Ts] and won ($47.50) with two pair, Queens and Jacks
Seat 4: MTails (big blind) showed [7h 5c] and lost with a pair of Jacks


PokerStars Hand #166312329818:  Hold'em Limit ($3/$6 USD) - 2017/02/16 16:04:40 ET
Table 'Anahita II' 6-max Seat #4 is the button
Seat 3: Fetish73 ($36.56 in chips)
Seat 4: MTails ($143.50 in chips)
MTails: posts small blind $1
Fetish73: posts big blind $3
*** HOLE CARDS ***
MTails: raises $3 to $6
Fetish73: calls $3
*** FLOP *** [9h Jc 8s]
Fetish73: checks
MTails: bets $3
Fetish73: calls $3
*** TURN *** [9h Jc 8s] [5s]
Fetish73: checks
MTails: checks
*** RIVER *** [9h Jc 8s 5s] [3h]
Fetish73: checks
MTails: checks
*** SHOW DOWN ***
Fetish73: shows [6s 5c] (a pair of Fives)
MTails: mucks hand
Fetish73 collected $17.64 from pot
*** SUMMARY ***
Total pot $18 | Rake $0.36
Board [9h Jc 8s 5s 3h]
Seat 3: Fetish73 (big blind) showed [6s 5c] and won ($17.64) with a pair of Fives
Seat 4: MTails (button) (small blind) mucked


PokerStars Hand #166312417626:  Hold'em Limit ($3/$6 USD) - 2017/02/16 16:06:14 ET
Table 'Anahita II' 6-max Seat #3 is the button
Seat 3: Fetish73 ($74.70 in chips)
Seat 4: MTails ($102.54 in chips)
Fetish73: posts small blind $1
MTails: posts big blind $3
*** HOLE CARDS ***
Fetish73: raises $3 to $6
MTails: raises $3 to $9
Fetish73: calls $3
*** FLOP *** [5h 3h Td]
MTails: bets $3
Fetish73: calls $3
*** TURN *** [5h 3h Td] [9c]
MTails: checks
Fetish73: bets $6
MTails: calls $6
*** RIVER *** [5h 3h Td 9c] [5s]
MTails: checks
Fetish73: bets $6
MTails: folds
Uncalled bet ($6) returned to Fetish73
Fetish73 collected $35.50 from pot
*** SUMMARY ***
Total pot $36 | Rake $0.50
Board [5h 3h Td 9c 5s]
Seat 3: Fetish73 (button) (small blind) collected ($35.50)
Seat 4: MTails (big blind) folded on the River


PokerStars Hand #166312398676:  Hold'em Limit ($3/$6 USD) - 2017/02/16 16:05:53 ET
Table 'Anahita II' 6-max Seat #4 is the button
Seat 3: Fetish73 ($60.20 in chips)
Seat 4: MTails ($117.54 in chips)
MTails: posts small blind $1
Fetish73: posts big blind $3
*** HOLE CARDS ***
MTails: raises $3 to $6
Fetish73: calls $3
*** FLOP *** [5c 2d 9s]
Fetish73: checks
MTails: bets $3
Fetish73: raises $3 to $6
MTails: raises $3 to $9
Fetish73: calls $3
*** TURN *** [5c 2d 9s] [3s]
Fetish73: checks
MTails: checks
*** RIVER *** [5c 2d 9s 3s] [3d]
Fetish73: bets $6
MTails: folds
Uncalled bet ($6) returned to Fetish73
Fetish73 collected $29.50 from pot
*** SUMMARY ***
Total pot $30 | Rake $0.50
Board [5c 2d 9s 3s 3d]
Seat 3: Fetish73 (big blind) collected ($29.50)
Seat 4: MTails (button) (small blind) folded on the River


PokerStars Hand #166312384059:  Hold'em Limit ($3/$6 USD) - 2017/02/16 16:05:38 ET
Table 'Anahita II' 6-max Seat #3 is the button
Seat 3: Fetish73 ($72.20 in chips)
Seat 4: MTails ($106.02 in chips)
Fetish73: posts small blind $1
MTails: posts big blind $3
*** HOLE CARDS ***
Fetish73: raises $3 to $6
MTails: calls $3
*** FLOP *** [Js Ac 9c]
MTails: checks
Fetish73: bets $3
MTails: raises $3 to $6
Fetish73: calls $3
*** TURN *** [Js Ac 9c] [Kc]
MTails: checks
Fetish73: checks
*** RIVER *** [Js Ac 9c Kc] [7s]
MTails: bets $6
Fetish73: folds
Uncalled bet ($6) returned to MTails
MTails collected $23.52 from pot
*** SUMMARY ***
Total pot $24 | Rake $0.48
Board [Js Ac 9c Kc 7s]
Seat 3: Fetish73 (button) (small blind) folded on the River
Seat 4: MTails (big blind) collected ($23.52)


PokerStars Hand #166312480349:  Hold'em Limit ($3/$6 USD) - 2017/02/16 16:07:20 ET
Table 'Anahita II' 6-max Seat #3 is the button
Seat 3: Fetish73 ($69.72 in chips)
Seat 4: MTails ($165.56 in chips)
Fetish73: posts small blind $1
MTails: posts big blind $3
*** HOLE CARDS ***
Fetish73: raises $3 to $6
MTails: raises $3 to $9
Fetish73: calls $3
*** FLOP *** [Ad 3d Jd]
MTails: bets $3
Fetish73: folds
Uncalled bet ($3) returned to MTails
MTails collected $17.64 from pot
MTails: doesn't show hand
*** SUMMARY ***
Total pot $18 | Rake $0.36
Board [Ad 3d Jd]
Seat 3: Fetish73 (button) (small blind) folded on the Flop
Seat 4: MTails (big blind) collected ($17.64)


PokerStars Hand #166312475946:  Hold'em Limit ($3/$6 USD) - 2017/02/16 16:07:16 ET
Table 'Anahita II' 6-max Seat #4 is the button
Seat 3: Fetish73 ($72.72 in chips)
Seat 4: MTails ($162.56 in chips)
MTails: posts small blind $1
Fetish73: posts big blind $3
*** HOLE CARDS ***
MTails: raises $3 to $6
Fetish73: folds
Uncalled bet ($3) returned to MTails
MTails collected $6 from pot
MTails: doesn't show hand
*** SUMMARY ***
Total pot $6 | Rake $0
Seat 3: Fetish73 (big blind) folded before Flop
Seat 4: MTails (button) (small blind) collected ($6)


PokerStars Hand #166312471783:  Hold'em Limit ($3/$6 USD) - 2017/02/16 16:07:11 ET
Table 'Anahita II' 6-max Seat #3 is the button
Seat 3: Fetish73 ($73.72 in chips)
Seat 4: MTails ($161.56 in chips)
Fetish73: posts small blind $1
MTails: posts big blind $3
*** HOLE CARDS ***
Fetish73: folds
Uncalled bet ($2) returned to MTails
MTails collected $2 from pot
MTails: doesn't show hand
*** SUMMARY ***
Total pot $2 | Rake $0
Seat 3: Fetish73 (button) (small blind) folded before Flop
Seat 4: MTails (big blind) collected ($2)


PokerStars Hand #166312459765:  Hold'em Limit ($3/$6 USD) - 2017/02/16 16:06:59 ET
Table 'Anahita II' 6-max Seat #4 is the button
Seat 3: Fetish73 ($85.72 in chips)
Seat 4: MTails ($150.04 in chips)
MTails: posts small blind $1
Fetish73: posts big blind $3
*** HOLE CARDS ***
MTails: raises $3 to $6
Fetish73: raises $3 to $9
MTails: calls $3
*** FLOP *** [8h 3h 5c]
Fetish73: bets $3
MTails: calls $3
*** TURN *** [8h 3h 5c] [4h]
Fetish73: checks
MTails: bets $6
Fetish73: folds
Uncalled bet ($6) returned to MTails
MTails collected $23.52 from pot
*** SUMMARY ***
Total pot $24 | Rake $0.48
Board [8h 3h 5c 4h]
Seat 3: Fetish73 (big blind) folded on the Turn
Seat 4: MTails (button) (small blind) collected ($23.52)


PokerStars Hand #166312445874:  Hold'em Limit ($3/$6 USD) - 2017/02/16 16:06:44 ET
Table 'Anahita II' 6-max Seat #3 is the button
Seat 3: Fetish73 ($103.72 in chips)
Seat 4: MTails ($132.54 in chips)
Fetish73: posts small blind $1
MTails: posts big blind $3
*** HOLE CARDS ***
Fetish73: raises $3 to $6
MTails: calls $3
*** FLOP *** [Kh 6c Qs]
MTails: checks
Fetish73: bets $3
MTails: raises $3 to $6
Fetish73: calls $3
*** TURN *** [Kh 6c Qs] [Tc]
MTails: bets $6
Fetish73: calls $6
*** RIVER *** [Kh 6c Qs Tc] [Ks]
MTails: bets $6
Fetish73: folds
Uncalled bet ($6) returned to MTails
MTails collected $35.50 from pot
*** SUMMARY ***
Total pot $36 | Rake $0.50
Board [Kh 6c Qs Tc Ks]
Seat 3: Fetish73 (button) (small blind) folded on the River
Seat 4: MTails (big blind) collected ($35.50)


PokerStars Hand #166312433523:  Hold'em Limit ($3/$6 USD) - 2017/02/16 16:06:31 ET
Table 'Anahita II' 6-max Seat #4 is the button
Seat 3: Fetish73 ($92.20 in chips)
Seat 4: MTails ($84.54 in chips)
MTails: posts small blind $1
Fetish73: posts big blind $3
*** HOLE CARDS ***
MTails: raises $3 to $6
Fetish73: raises $3 to $9
MTails: calls $3
*** FLOP *** [9c 7s 3s]
Fetish73: bets $3
MTails: calls $3
*** TURN *** [9c 7s 3s] [5d]
Fetish73: bets $6
MTails: folds
Uncalled bet ($6) returned to Fetish73
Fetish73 collected $23.52 from pot
*** SUMMARY ***
Total pot $24 | Rake $0.48
Board [9c 7s 3s 5d]
Seat 3: Fetish73 (big blind) collected ($23.52)
Seat 4: MTails (button) (small blind) folded on the Turn


PokerStars Hand #166312534926:  Hold'em Limit ($3/$6 USD) - 2017/02/16 16:08:18 ET
Table 'Anahita II' 6-max Seat #3 is the button
Seat 3: Fetish73 ($24.22 in chips)
Seat 4: MTails ($209.20 in chips)
Fetish73: posts small blind $1
MTails: posts big blind $3
*** HOLE CARDS ***
Fetish73: raises $3 to $6
MTails: raises $3 to $9
Fetish73: raises $3 to $12
Betting is capped
MTails: calls $3
*** FLOP *** [4c 8h Qs]
MTails: checks
Fetish73: bets $3
MTails: raises $3 to $6
Fetish73: raises $3 to $9
MTails: raises $3 to $12
Betting is capped
Fetish73: calls $3
*** TURN *** [4c 8h Qs] [6d]
MTails: bets $6
Fetish73: calls $0.22 and is all-in
Uncalled bet ($5.78) returned to MTails
*** RIVER *** [4c 8h Qs 6d] [9h]
*** SHOW DOWN ***
MTails: shows [9d Qc] (two pair, Queens and Nines)
Fetish73: shows [Ad As] (a pair of Aces)
MTails collected $47.94 from pot
*** SUMMARY ***
Total pot $48.44 | Rake $0.50
Board [4c 8h Qs 6d 9h]
Seat 3: Fetish73 (button) (small blind) showed [Ad As] and lost with a pair of Aces
Seat 4: MTails (big blind) showed [9d Qc] and won ($47.94) with two pair, Queens and Nines


PokerStars Hand #166312521124:  Hold'em Limit ($3/$6 USD) - 2017/02/16 16:08:03 ET
Table 'Anahita II' 6-max Seat #4 is the button
Seat 3: Fetish73 ($48.22 in chips)
Seat 4: MTails ($185.70 in chips)
MTails: posts small blind $1
Fetish73: posts big blind $3
*** HOLE CARDS ***
MTails: raises $3 to $6
Fetish73: calls $3
*** FLOP *** [5s 3c 5h]
Fetish73: checks
MTails: bets $3
Fetish73: raises $3 to $6
MTails: calls $3
*** TURN *** [5s 3c 5h] [Qs]
Fetish73: bets $6
MTails: calls $6
*** RIVER *** [5s 3c 5h Qs] [6h]
Fetish73: checks
MTails: bets $6
Fetish73: calls $6
*** SHOW DOWN ***
MTails: shows [6c 7h] (two pair, Sixes and Fives)
Fetish73: mucks hand
MTails collected $47.50 from pot
*** SUMMARY ***
Total pot $48 | Rake $0.50
Board [5s 3c 5h Qs 6h]
Seat 3: Fetish73 (big blind) mucked
Seat 4: MTails (button) (small blind) showed [6c 7h] and won ($47.50) with two pair, Sixes and Fives


PokerStars Hand #166312503549:  Hold'em Limit ($3/$6 USD) - 2017/02/16 16:07:45 ET
Table 'Anahita II' 6-max Seat #3 is the button
Seat 3: Fetish73 ($84.22 in chips)
Seat 4: MTails ($150.20 in chips)
Fetish73: posts small blind $1
MTails: posts big blind $3
*** HOLE CARDS ***
Fetish73: raises $3 to $6
MTails: calls $3
*** FLOP *** [3c 2c Td]
MTails: checks
Fetish73: bets $3
MTails: raises $3 to $6
Fetish73: calls $3
*** TURN *** [3c 2c Td] [Jd]
MTails: bets $6
Fetish73: raises $6 to $12
MTails: calls $6
*** RIVER *** [3c 2c Td Jd] [Kd]
MTails: checks
Fetish73: bets $6
MTails: raises $6 to $12
Fetish73: calls $6
*** SHOW DOWN ***
MTails: shows [6d 2d] (a flush, King high)
Fetish73: mucks hand
MTails collected $71.50 from pot
*** SUMMARY ***
Total pot $72 | Rake $0.50
Board [3c 2c Td Jd Kd]
Seat 3: Fetish73 (button) (small blind) mucked
Seat 4: MTails (big blind) showed [6d 2d] and won ($71.50) with a flush, King high


PokerStars Hand #166312487915:  Hold'em Limit ($3/$6 USD) - 2017/02/16 16:07:28 ET
Table 'Anahita II' 6-max Seat #4 is the button
Seat 3: Fetish73 ($60.72 in chips)
Seat 4: MTails ($174.20 in chips)
MTails: posts small blind $1
Fetish73: posts big blind $3
*** HOLE CARDS ***
MTails: raises $3 to $6
Fetish73: calls $3
*** FLOP *** [7h 6d 9h]
Fetish73: checks
MTails: bets $3
Fetish73: raises $3 to $6
MTails: raises $3 to $9
Fetish73: raises $3 to $12
Betting is capped
MTails: calls $3
*** TURN *** [7h 6d 9h] [7d]
Fetish73: bets $6
MTails: calls $6
*** RIVER *** [7h 6d 9h 7d] [4h]
Fetish73: checks
MTails: checks
*** SHOW DOWN ***
Fetish73: shows [8s 9d] (two pair, Nines and Sevens)
MTails: mucks hand
Fetish73 collected $47.50 from pot
*** SUMMARY ***
Total pot $48 | Rake $0.50
Board [7h 6d 9h 7d 4h]
Seat 3: Fetish73 (big blind) showed [8s 9d] and won ($47.50) with two pair, Nines and Sevens
Seat 4: MTails (button) (small blind) mucked


