PokerStars Hand #156153996336:  Hold'em Limit ($3/$6 USD) - 2016/07/18 21:10:36 ET
Table 'Anahita' 6-max Seat #3 is the button
Seat 3: Chessnok ($150.36 in chips)
Seat 6: lin1rabbit ($182.67 in chips)
Chessnok: posts small blind $1
lin1rabbit: posts big blind $3
*** HOLE CARDS ***
Chessnok: raises $3 to $6
lin1rabbit: raises $3 to $9
Sochi Street leaves the table
Chessnok: calls $3
*** FLOP *** [7d 4d 3d]
lin1rabbit: bets $3
ABATAPP leaves the table
Chessnok: calls $3
*** TURN *** [7d 4d 3d] [Qh]
lin1rabbit: bets $6
Chessnok: calls $6
*** RIVER *** [7d 4d 3d Qh] [8h]
lin1rabbit: checks
Chessnok: checks
*** SHOW DOWN ***
lin1rabbit: shows [Jc Ks] (high card King)
Chessnok: mucks hand
lin1rabbit collected $35.50 from pot
*** SUMMARY ***
Total pot $36 | Rake $0.50
Board [7d 4d 3d Qh 8h]
Seat 3: Chessnok (button) (small blind) mucked
Seat 6: lin1rabbit (big blind) showed [Jc Ks] and won ($35.50) with high card King


PokerStars Hand #156157195109:  Hold'em Limit ($3/$6 USD) - 2016/07/18 23:46:32 ET
Table 'Anahita' 6-max Seat #2 is the button
Seat 2: Scheubi88 ($152.93 in chips)
Seat 3: ABATAPP ($145.62 in chips)
Scheubi88: posts small blind $1
ABATAPP: posts big blind $3
*** HOLE CARDS ***
Scheubi88: raises $3 to $6
ABATAPP: calls $3
*** FLOP *** [As 6c 6d]
ABATAPP: checks
Scheubi88: bets $3
ABATAPP: calls $3
*** TURN *** [As 6c 6d] [2d]
ABATAPP: checks
Scheubi88: checks
*** RIVER *** [As 6c 6d 2d] [3s]
ABATAPP: checks
Scheubi88: checks
*** SHOW DOWN ***
ABATAPP: shows [Jd Kh] (a pair of Sixes)
Scheubi88: mucks hand
ABATAPP collected $17.64 from pot
*** SUMMARY ***
Total pot $18 | Rake $0.36
Board [As 6c 6d 2d 3s]
Seat 2: Scheubi88 (button) (small blind) mucked
Seat 3: ABATAPP (big blind) showed [Jd Kh] and won ($17.64) with a pair of Sixes


PokerStars Hand #156157242308:  Hold'em Limit ($3/$6 USD) - 2016/07/18 23:49:29 ET
Table 'Anahita' 6-max Seat #5 is the button
Seat 3: ABATAPP ($134.79 in chips)
Seat 5: Scheubi88 ($87 in chips)
Scheubi88: posts small blind $1
ABATAPP: posts big blind $3
*** HOLE CARDS ***
Scheubi88: raises $3 to $6
Fabulous108 joins the table at seat #6
ABATAPP: raises $3 to $9
Scheubi88: calls $3
*** FLOP *** [2c 8s 9h]
ABATAPP: bets $3
Scheubi88: calls $3
*** TURN *** [2c 8s 9h] [Th]
ABATAPP: bets $6
Scheubi88: calls $6
*** RIVER *** [2c 8s 9h Th] [3s]
ABATAPP: bets $6
Scheubi88: calls $6
*** SHOW DOWN ***
ABATAPP: shows [Ad Ah] (a pair of Aces)
Scheubi88: mucks hand
ABATAPP collected $47.50 from pot
*** SUMMARY ***
Total pot $48 | Rake $0.50
Board [2c 8s 9h Th 3s]
Seat 3: ABATAPP (big blind) showed [Ad Ah] and won ($47.50) with a pair of Aces
Seat 5: Scheubi88 (button) (small blind) mucked


PokerStars Hand #156157250464:  Hold'em Limit ($3/$6 USD) - 2016/07/18 23:50:00 ET
Table 'Anahita' 6-max Seat #1 is the button
Seat 1: Scheubi88 ($90 in chips)
Seat 2: anetkaapro ($72 in chips)
Scheubi88: posts small blind $1
anetkaapro: posts big blind $3
*** HOLE CARDS ***
Fabulous108 joins the table at seat #3
Scheubi88: raises $3 to $6
anetkaapro: calls $3
*** FLOP *** [5s Tc 6h]
anetkaapro: checks
Scheubi88: bets $3
anetkaapro: raises $3 to $6
Scheubi88: calls $3
*** TURN *** [5s Tc 6h] [5c]
anetkaapro: bets $6
Scheubi88: raises $6 to $12
anetkaapro: calls $6
*** RIVER *** [5s Tc 6h 5c] [7s]
anetkaapro: checks
Scheubi88: bets $6
anetkaapro: calls $6
*** SHOW DOWN ***
Scheubi88: shows [2c 4c] (a pair of Fives)
anetkaapro: shows [Th 9s] (two pair, Tens and Fives)
anetkaapro collected $59.50 from pot
*** SUMMARY ***
Total pot $60 | Rake $0.50
Board [5s Tc 6h 5c 7s]
Seat 1: Scheubi88 (button) (small blind) showed [2c 4c] and lost with a pair of Fives
Seat 2: anetkaapro (big blind) showed [Th 9s] and won ($59.50) with two pair, Tens and Fives


PokerStars Hand #156157600696:  Hold'em Limit ($3/$6 USD) - 2016/07/19 0:12:39 ET
Table 'Anahita' 6-max Seat #5 is the button
Seat 3: Fabulous108 ($260.63 in chips)
Seat 5: eatyermoney ($13.19 in chips)
eatyermoney: posts small blind $1
Fabulous108: posts big blind $3
*** HOLE CARDS ***
eatyermoney: folds
Uncalled bet ($2) returned to Fabulous108
Fabulous108 collected $2 from pot
Fabulous108: doesn't show hand
*** SUMMARY ***
Total pot $2 | Rake $0
Seat 3: Fabulous108 (big blind) collected ($2)
Seat 5: eatyermoney (button) (small blind) folded before Flop


PokerStars Hand #156157601888:  Hold'em Limit ($3/$6 USD) - 2016/07/19 0:12:43 ET
Table 'Anahita' 6-max Seat #3 is the button
Seat 3: Fabulous108 ($261.63 in chips)
Seat 5: eatyermoney ($12.19 in chips)
Fabulous108: posts small blind $1
eatyermoney: posts big blind $3
*** HOLE CARDS ***
Fabulous108: folds
Uncalled bet ($2) returned to eatyermoney
eatyermoney collected $2 from pot
eatyermoney: doesn't show hand
*** SUMMARY ***
Total pot $2 | Rake $0
Seat 3: Fabulous108 (button) (small blind) folded before Flop
Seat 5: eatyermoney (big blind) collected ($2)


