PokerStars Hand #172410597842:  Hold'em Limit ($3/$6 USD) - 2017/06/29 22:24:12 ET
Table 'Anahita' 6-max Seat #2 is the button
Seat 1: B_loJkl ($291.57 in chips)
Seat 2: Willijabo ($310.50 in chips)
Willijabo: posts small blind $1
Chessnok was removed from the table for failing to post
B_loJkl: posts big blind $3
*** HOLE CARDS ***
Willijabo: folds
Uncalled bet ($2) returned to B_loJkl
B_loJkl collected $2 from pot
B_loJkl: doesn't show hand
*** SUMMARY ***
Total pot $2 | Rake $0
Seat 1: B_loJkl (big blind) collected ($2)
Seat 2: Willijabo (button) (small blind) folded before Flop


PokerStars Hand #172410596091:  Hold'em Limit ($3/$6 USD) - 2017/06/29 22:24:07 ET
Table 'Anahita' 6-max Seat #1 is the button
Seat 1: B_loJkl ($292.57 in chips)
Seat 2: Willijabo ($309.50 in chips)
B_loJkl: posts small blind $1
Willijabo: posts big blind $3
*** HOLE CARDS ***
B_loJkl: folds
Uncalled bet ($2) returned to Willijabo
Willijabo collected $2 from pot
Willijabo: doesn't show hand
*** SUMMARY ***
Total pot $2 | Rake $0
Seat 1: B_loJkl (button) (small blind) folded before Flop
Seat 2: Willijabo (big blind) collected ($2)


PokerStars Hand #172410592606:  Hold'em Limit ($3/$6 USD) - 2017/06/29 22:23:57 ET
Table 'Anahita' 6-max Seat #2 is the button
Seat 1: B_loJkl ($291.57 in chips)
Seat 2: Willijabo ($310.50 in chips)
Willijabo: posts small blind $1
B_loJkl: posts big blind $3
*** HOLE CARDS ***
Willijabo: folds
Uncalled bet ($2) returned to B_loJkl
B_loJkl collected $2 from pot
B_loJkl: doesn't show hand
*** SUMMARY ***
Total pot $2 | Rake $0
Seat 1: B_loJkl (big blind) collected ($2)
Seat 2: Willijabo (button) (small blind) folded before Flop


