PokerStars Hand #158429219838:  Hold'em Limit ($3/$6 USD) - 2016/09/10 15:48:47 ET
Table 'Ananke II' 10-max Seat #9 is the button
Seat 1: Lexposterior ($45.66 in chips)
Seat 9: GoliafUa ($114 in chips)
GoliafUa: posts small blind $1
Lexposterior: posts big blind $3
*** HOLE CARDS ***
GoliafUa: raises $3 to $6
Lexposterior: calls $3
*** FLOP *** [2h 9c 2s]
Lexposterior: checks
GoliafUa: bets $3
Lexposterior: raises $3 to $6
vestimokrec joins the table at seat #2
GoliafUa: folds
Uncalled bet ($3) returned to Lexposterior
Lexposterior collected $17.64 from pot
*** SUMMARY ***
Total pot $18 | Rake $0.36
Board [2h 9c 2s]
Seat 1: Lexposterior (big blind) collected ($17.64)
Seat 9: GoliafUa (button) (small blind) folded on the Flop


PokerStars Hand #158429334677:  Hold'em Limit ($3/$6 USD) - 2016/09/10 15:51:16 ET
Table 'Ananke II' 10-max Seat #9 is the button
Seat 2: vestimokrec ($118.92 in chips)
Seat 9: GoliafUa ($103.38 in chips)
marisacrisom will be allowed to play after the button
GoliafUa: posts small blind $1
vestimokrec: posts big blind $3
*** HOLE CARDS ***
GoliafUa: raises $3 to $6
vestimokrec: calls $3
*** FLOP *** [Kd Js Qc]
vestimokrec: checks
GoliafUa: bets $3
vestimokrec: raises $3 to $6
GoliafUa: calls $3
*** TURN *** [Kd Js Qc] [4h]
vestimokrec: bets $6
GoliafUa: calls $6
*** RIVER *** [Kd Js Qc 4h] [7s]
vestimokrec: bets $6
GoliafUa: folds
Uncalled bet ($6) returned to vestimokrec
vestimokrec collected $35.50 from pot
vestimokrec: doesn't show hand
*** SUMMARY ***
Total pot $36 | Rake $0.50
Board [Kd Js Qc 4h 7s]
Seat 2: vestimokrec (big blind) collected ($35.50)
Seat 9: GoliafUa (button) (small blind) folded on the River


PokerStars Hand #158429492429:  Hold'em Limit ($3/$6 USD) - 2016/09/10 15:54:43 ET
Table 'Ananke II' 10-max Seat #9 is the button
Seat 6: marisacrisom ($51.16 in chips)
Seat 9: GoliafUa ($122.66 in chips)
GoliafUa: posts small blind $1
vestimokrec: is sitting out
marisacrisom: posts big blind $3
*** HOLE CARDS ***
GoliafUa: raises $3 to $6
marisacrisom: folds
Uncalled bet ($3) returned to GoliafUa
GoliafUa collected $6 from pot
GoliafUa: doesn't show hand
*** SUMMARY ***
Total pot $6 | Rake $0
Seat 6: marisacrisom (big blind) folded before Flop
Seat 9: GoliafUa (button) (small blind) collected ($6)


PokerStars Hand #158429497230:  Hold'em Limit ($3/$6 USD) - 2016/09/10 15:54:49 ET
Table 'Ananke II' 10-max Seat #6 is the button
Seat 6: marisacrisom ($48.16 in chips)
Seat 9: GoliafUa ($125.66 in chips)
marisacrisom: posts small blind $1
GoliafUa: posts big blind $3
*** HOLE CARDS ***
marisacrisom: folds
Uncalled bet ($2) returned to GoliafUa
GoliafUa collected $2 from pot
GoliafUa: doesn't show hand
*** SUMMARY ***
Total pot $2 | Rake $0
Seat 6: marisacrisom (button) (small blind) folded before Flop
Seat 9: GoliafUa (big blind) collected ($2)


PokerStars Hand #158429508179:  Hold'em Limit ($3/$6 USD) - 2016/09/10 15:55:04 ET
Table 'Ananke II' 10-max Seat #6 is the button
Seat 6: marisacrisom ($41.16 in chips)
Seat 9: GoliafUa ($132.42 in chips)
marisacrisom: posts small blind $1
GoliafUa: posts big blind $3
*** HOLE CARDS ***
marisacrisom: raises $3 to $6
GoliafUa: calls $3
*** FLOP *** [6d 5c Jh]
GoliafUa: checks
marisacrisom: bets $3
GoliafUa: folds
Uncalled bet ($3) returned to marisacrisom
marisacrisom collected $11.76 from pot
marisacrisom: doesn't show hand
*** SUMMARY ***
Total pot $12 | Rake $0.24
Board [6d 5c Jh]
Seat 6: marisacrisom (button) (small blind) collected ($11.76)
Seat 9: GoliafUa (big blind) folded on the Flop


PokerStars Hand #158429500681:  Hold'em Limit ($3/$6 USD) - 2016/09/10 15:54:54 ET
Table 'Ananke II' 10-max Seat #9 is the button
Seat 6: marisacrisom ($47.16 in chips)
Seat 9: GoliafUa ($126.66 in chips)
GoliafUa: posts small blind $1
marisacrisom: posts big blind $3
*** HOLE CARDS ***
GoliafUa: raises $3 to $6
marisacrisom: calls $3
*** FLOP *** [Qs 8d 5h]
marisacrisom: checks
GoliafUa: bets $3
marisacrisom: folds
Uncalled bet ($3) returned to GoliafUa
GoliafUa collected $11.76 from pot
GoliafUa: doesn't show hand
*** SUMMARY ***
Total pot $12 | Rake $0.24
Board [Qs 8d 5h]
Seat 6: marisacrisom (big blind) folded on the Flop
Seat 9: GoliafUa (button) (small blind) collected ($11.76)


PokerStars Hand #158429552623:  Hold'em Limit ($3/$6 USD) - 2016/09/10 15:56:10 ET
Table 'Ananke II' 10-max Seat #6 is the button
Seat 6: marisacrisom ($75.56 in chips)
Seat 9: GoliafUa ($95.92 in chips)
marisacrisom: posts small blind $1
GoliafUa: posts big blind $3
*** HOLE CARDS ***
marisacrisom: calls $2
GoliafUa: raises $3 to $6
marisacrisom: calls $3
*** FLOP *** [2d Qc 3s]
GoliafUa: bets $3
marisacrisom: calls $3
*** TURN *** [2d Qc 3s] [6h]
GoliafUa: checks
marisacrisom: bets $6
GoliafUa: calls $6
*** RIVER *** [2d Qc 3s 6h] [Tc]
GoliafUa: checks
marisacrisom: checks
*** SHOW DOWN ***
GoliafUa: shows [2c Ac] (a pair of Deuces)
marisacrisom: shows [5c 3c] (a pair of Threes)
marisacrisom collected $29.50 from pot
*** SUMMARY ***
Total pot $30 | Rake $0.50
Board [2d Qc 3s 6h Tc]
Seat 6: marisacrisom (button) (small blind) showed [5c 3c] and won ($29.50) with a pair of Threes
Seat 9: GoliafUa (big blind) showed [2c Ac] and lost with a pair of Deuces


PokerStars Hand #158429545058:  Hold'em Limit ($3/$6 USD) - 2016/09/10 15:55:57 ET
Table 'Ananke II' 10-max Seat #9 is the button
Seat 6: marisacrisom ($61.06 in chips)
Seat 9: GoliafUa ($110.92 in chips)
GoliafUa: posts small blind $1
marisacrisom: posts big blind $3
*** HOLE CARDS ***
GoliafUa: raises $3 to $6
marisacrisom: calls $3
*** FLOP *** [6s 5d 4s]
marisacrisom: checks
GoliafUa: bets $3
marisacrisom: calls $3
*** TURN *** [6s 5d 4s] [Ah]
marisacrisom: checks
GoliafUa: bets $6
marisacrisom: raises $6 to $12
GoliafUa: folds
Uncalled bet ($6) returned to marisacrisom
marisacrisom collected $29.50 from pot
marisacrisom: doesn't show hand
*** SUMMARY ***
Total pot $30 | Rake $0.50
Board [6s 5d 4s Ah]
Seat 6: marisacrisom (big blind) collected ($29.50)
Seat 9: GoliafUa (button) (small blind) folded on the Turn


PokerStars Hand #158429512854:  Hold'em Limit ($3/$6 USD) - 2016/09/10 15:55:12 ET
Table 'Ananke II' 10-max Seat #9 is the button
Seat 6: marisacrisom ($46.92 in chips)
Seat 9: GoliafUa ($126.42 in chips)
GoliafUa: posts small blind $1
marisacrisom: posts big blind $3
*** HOLE CARDS ***
GoliafUa: raises $3 to $6
marisacrisom: calls $3
*** FLOP *** [Jc 8d 5c]
marisacrisom: bets $3
GoliafUa: calls $3
*** TURN *** [Jc 8d 5c] [Kc]
marisacrisom: checks
GoliafUa: bets $6
marisacrisom: calls $6
*** RIVER *** [Jc 8d 5c Kc] [7s]
marisacrisom: checks
GoliafUa: checks
*** SHOW DOWN ***
marisacrisom: shows [5h 3h] (a pair of Fives)
GoliafUa: shows [5d Td] (a pair of Fives - King+Jack+Ten kicker)
GoliafUa collected $29.50 from pot
*** SUMMARY ***
Total pot $30 | Rake $0.50
Board [Jc 8d 5c Kc 7s]
Seat 6: marisacrisom (big blind) showed [5h 3h] and lost with a pair of Fives
Seat 9: GoliafUa (button) (small blind) showed [5d Td] and won ($29.50) with a pair of Fives


PokerStars Hand #158429520948:  Hold'em Limit ($3/$6 USD) - 2016/09/10 15:55:26 ET
Table 'Ananke II' 10-max Seat #6 is the button
Seat 6: marisacrisom ($31.92 in chips)
Seat 9: GoliafUa ($140.92 in chips)
marisacrisom: posts small blind $1
GoliafUa: posts big blind $3
*** HOLE CARDS ***
marisacrisom: raises $3 to $6
GoliafUa: calls $3
*** FLOP *** [8c 5c Jd]
GoliafUa: checks
marisacrisom: bets $3
GoliafUa: folds
Uncalled bet ($3) returned to marisacrisom
marisacrisom collected $11.76 from pot
marisacrisom: doesn't show hand
*** SUMMARY ***
Total pot $12 | Rake $0.24
Board [8c 5c Jd]
Seat 6: marisacrisom (button) (small blind) collected ($11.76)
Seat 9: GoliafUa (big blind) folded on the Flop


PokerStars Hand #158429525320:  Hold'em Limit ($3/$6 USD) - 2016/09/10 15:55:34 ET
Table 'Ananke II' 10-max Seat #9 is the button
Seat 6: marisacrisom ($37.68 in chips)
Seat 9: GoliafUa ($134.92 in chips)
GoliafUa: posts small blind $1
marisacrisom: posts big blind $3
*** HOLE CARDS ***
GoliafUa: raises $3 to $6
marisacrisom: calls $3
*** FLOP *** [9c Qd 4c]
marisacrisom: checks
GoliafUa: bets $3
marisacrisom: calls $3
*** TURN *** [9c Qd 4c] [6h]
marisacrisom: checks
GoliafUa: bets $6
marisacrisom: raises $6 to $12
GoliafUa: calls $6
*** RIVER *** [9c Qd 4c 6h] [9d]
marisacrisom: bets $6
GoliafUa: folds
Uncalled bet ($6) returned to marisacrisom
marisacrisom collected $41.50 from pot
marisacrisom: doesn't show hand
*** SUMMARY ***
Total pot $42 | Rake $0.50
Board [9c Qd 4c 6h 9d]
Seat 6: marisacrisom (big blind) collected ($41.50)
Seat 9: GoliafUa (button) (small blind) folded on the River


PokerStars Hand #158429532872:  Hold'em Limit ($3/$6 USD) - 2016/09/10 15:55:47 ET
Table 'Ananke II' 10-max Seat #6 is the button
Seat 6: marisacrisom ($58.18 in chips)
Seat 9: GoliafUa ($113.92 in chips)
marisacrisom: posts small blind $1
GoliafUa: posts big blind $3
*** HOLE CARDS ***
marisacrisom: calls $2
GoliafUa: checks
*** FLOP *** [7d Th 2s]
GoliafUa: checks
marisacrisom: checks
*** TURN *** [7d Th 2s] [8c]
GoliafUa: checks
marisacrisom: bets $6
GoliafUa: folds
Uncalled bet ($6) returned to marisacrisom
marisacrisom collected $5.88 from pot
marisacrisom: doesn't show hand
*** SUMMARY ***
Total pot $6 | Rake $0.12
Board [7d Th 2s 8c]
Seat 6: marisacrisom (button) (small blind) collected ($5.88)
Seat 9: GoliafUa (big blind) folded on the Turn


PokerStars Hand #158434811892:  Hold'em Limit ($3/$6 USD) - 2016/09/10 17:51:17 ET
Table 'Ananke II' 10-max Seat #9 is the button
Seat 7: Luanto 14 ($117.10 in chips)
Seat 9: Apanage ($122.72 in chips)
Apanage: posts small blind $1
nadnameloc: is sitting out
Jigorek1989: is sitting out
Luanto 14: posts big blind $3
*** HOLE CARDS ***
Apanage: folds
Uncalled bet ($2) returned to Luanto 14
nadnameloc leaves the table
Luanto 14 collected $2 from pot
Luanto 14: doesn't show hand
Jigorek1989 leaves the table
*** SUMMARY ***
Total pot $2 | Rake $0
Seat 7: Luanto 14 (big blind) collected ($2)
Seat 9: Apanage (button) (small blind) folded before Flop


