PokerStars Hand #176690625434:  Hold'em Limit ($3/$6 USD) - 2017/10/09 8:54:34 ET
Table 'Ananke II' 6-max Seat #1 is the button
Seat 1: my genitals ($74.44 in chips)
Seat 4: Agrotait ($66 in chips)
my genitals: posts small blind $1
Agrotait: posts big blind $3
*** HOLE CARDS ***
my genitals: raises $3 to $6
Agrotait: calls $3
*** FLOP *** [9d 9s 5s]
Agrotait: checks
my genitals: bets $3
Agrotait: raises $3 to $6
my genitals: folds
Uncalled bet ($3) returned to Agrotait
Agrotait collected $17.64 from pot
Agrotait: doesn't show hand
*** SUMMARY ***
Total pot $18 | Rake $0.36
Board [9d 9s 5s]
Seat 1: my genitals (button) (small blind) folded on the Flop
Seat 4: Agrotait (big blind) collected ($17.64)


PokerStars Hand #176690656333:  Hold'em Limit ($3/$6 USD) - 2017/10/09 8:55:42 ET
Table 'Ananke II' 6-max Seat #4 is the button
Seat 1: my genitals ($58.44 in chips)
Seat 4: Agrotait ($81.40 in chips)
Agrotait: posts small blind $1
my genitals: posts big blind $3
*** HOLE CARDS ***
Agrotait: raises $3 to $6
my genitals: calls $3
*** FLOP *** [3h 2d 4s]
my genitals: checks
Agrotait: bets $3
my genitals: folds
Uncalled bet ($3) returned to Agrotait
Agrotait collected $11.76 from pot
Agrotait: doesn't show hand
*** SUMMARY ***
Total pot $12 | Rake $0.24
Board [3h 2d 4s]
Seat 1: my genitals (big blind) folded on the Flop
Seat 4: Agrotait (button) (small blind) collected ($11.76)


PokerStars Hand #176690666874:  Hold'em Limit ($3/$6 USD) - 2017/10/09 8:56:07 ET
Table 'Ananke II' 6-max Seat #4 is the button
Seat 1: my genitals ($51.44 in chips)
Seat 4: Agrotait ($88.16 in chips)
Agrotait: posts small blind $1
my genitals: posts big blind $3
*** HOLE CARDS ***
Agrotait: raises $3 to $6
my genitals: folds
Uncalled bet ($3) returned to Agrotait
Agrotait collected $6 from pot
Agrotait: doesn't show hand
*** SUMMARY ***
Total pot $6 | Rake $0
Seat 1: my genitals (big blind) folded before Flop
Seat 4: Agrotait (button) (small blind) collected ($6)


PokerStars Hand #176690664665:  Hold'em Limit ($3/$6 USD) - 2017/10/09 8:56:02 ET
Table 'Ananke II' 6-max Seat #1 is the button
Seat 1: my genitals ($52.44 in chips)
Seat 4: Agrotait ($87.16 in chips)
my genitals: posts small blind $1
Agrotait: posts big blind $3
*** HOLE CARDS ***
my genitals: folds
Uncalled bet ($2) returned to Agrotait
Agrotait collected $2 from pot
Agrotait: doesn't show hand
*** SUMMARY ***
Total pot $2 | Rake $0
Seat 1: my genitals (button) (small blind) folded before Flop
Seat 4: Agrotait (big blind) collected ($2)


PokerStars Hand #176690671783:  Hold'em Limit ($3/$6 USD) - 2017/10/09 8:56:18 ET
Table 'Ananke II' 6-max Seat #4 is the button
Seat 1: my genitals ($47.44 in chips)
Seat 4: Agrotait ($92.16 in chips)
Agrotait: posts small blind $1
my genitals: posts big blind $3
*** HOLE CARDS ***
Agrotait: folds
Uncalled bet ($2) returned to my genitals
my genitals collected $2 from pot
my genitals: doesn't show hand
*** SUMMARY ***
Total pot $2 | Rake $0
Seat 1: my genitals (big blind) collected ($2)
Seat 4: Agrotait (button) (small blind) folded before Flop


PokerStars Hand #176690669832:  Hold'em Limit ($3/$6 USD) - 2017/10/09 8:56:14 ET
Table 'Ananke II' 6-max Seat #1 is the button
Seat 1: my genitals ($48.44 in chips)
Seat 4: Agrotait ($91.16 in chips)
my genitals: posts small blind $1
Agrotait: posts big blind $3
*** HOLE CARDS ***
my genitals: folds
Uncalled bet ($2) returned to Agrotait
Agrotait collected $2 from pot
Agrotait: doesn't show hand
*** SUMMARY ***
Total pot $2 | Rake $0
Seat 1: my genitals (button) (small blind) folded before Flop
Seat 4: Agrotait (big blind) collected ($2)


PokerStars Hand #176690654404:  Hold'em Limit ($3/$6 USD) - 2017/10/09 8:55:38 ET
Table 'Ananke II' 6-max Seat #1 is the button
Seat 1: my genitals ($59.44 in chips)
Seat 4: Agrotait ($80.40 in chips)
my genitals: posts small blind $1
Agrotait: posts big blind $3
*** HOLE CARDS ***
my genitals: folds
Uncalled bet ($2) returned to Agrotait
Agrotait collected $2 from pot
Agrotait: doesn't show hand
*** SUMMARY ***
Total pot $2 | Rake $0
Seat 1: my genitals (button) (small blind) folded before Flop
Seat 4: Agrotait (big blind) collected ($2)


PokerStars Hand #176690644899:  Hold'em Limit ($3/$6 USD) - 2017/10/09 8:55:15 ET
Table 'Ananke II' 6-max Seat #4 is the button
Seat 1: my genitals ($65.44 in chips)
Seat 4: Agrotait ($74.64 in chips)
Agrotait: posts small blind $1
my genitals: posts big blind $3
*** HOLE CARDS ***
Agrotait: raises $3 to $6
my genitals: calls $3
*** FLOP *** [7h Tc Qs]
my genitals: checks
Agrotait: bets $3
my genitals: folds
Uncalled bet ($3) returned to Agrotait
Agrotait collected $11.76 from pot
Agrotait: doesn't show hand
*** SUMMARY ***
Total pot $12 | Rake $0.24
Board [7h Tc Qs]
Seat 1: my genitals (big blind) folded on the Flop
Seat 4: Agrotait (button) (small blind) collected ($11.76)


PokerStars Hand #176690689942:  Hold'em Limit ($3/$6 USD) - 2017/10/09 8:57:01 ET
Table 'Ananke II' 6-max Seat #1 is the button
Seat 1: my genitals ($47.19 in chips)
Seat 4: Agrotait ($91.91 in chips)
my genitals: posts small blind $1
Agrotait: posts big blind $3
*** HOLE CARDS ***
my genitals: folds
Uncalled bet ($2) returned to Agrotait
Agrotait collected $2 from pot
Agrotait: doesn't show hand
*** SUMMARY ***
Total pot $2 | Rake $0
Seat 1: my genitals (button) (small blind) folded before Flop
Seat 4: Agrotait (big blind) collected ($2)


PokerStars Hand #176690676904:  Hold'em Limit ($3/$6 USD) - 2017/10/09 8:56:30 ET
Table 'Ananke II' 6-max Seat #4 is the button
Seat 1: my genitals ($47.44 in chips)
Seat 4: Agrotait ($92.16 in chips)
Agrotait: posts small blind $1
my genitals: posts big blind $3
*** HOLE CARDS ***
Agrotait: raises $3 to $6
my genitals: calls $3
*** FLOP *** [Tc 5s Js]
my genitals: checks
Agrotait: bets $3
my genitals: calls $3
*** TURN *** [Tc 5s Js] [Qh]
my genitals: checks
Agrotait: checks
*** RIVER *** [Tc 5s Js Qh] [8s]
my genitals: bets $6
Agrotait: raises $6 to $12
my genitals: calls $6
*** SHOW DOWN ***
Agrotait: shows [Jh 9s] (a straight, Eight to Queen)
my genitals: shows [9h 9c] (a straight, Eight to Queen)
my genitals collected $20.75 from pot
Agrotait collected $20.75 from pot
*** SUMMARY ***
Total pot $42 | Rake $0.50
Board [Tc 5s Js Qh 8s]
Seat 1: my genitals (big blind) showed [9h 9c] and won ($20.75) with a straight, Eight to Queen
Seat 4: Agrotait (button) (small blind) showed [Jh 9s] and won ($20.75) with a straight, Eight to Queen


PokerStars Hand #176690692266:  Hold'em Limit ($3/$6 USD) - 2017/10/09 8:57:06 ET
Table 'Ananke II' 6-max Seat #4 is the button
Seat 1: my genitals ($46.19 in chips)
Seat 4: Agrotait ($92.91 in chips)
Agrotait: posts small blind $1
my genitals: posts big blind $3
*** HOLE CARDS ***
Agrotait: folds
Uncalled bet ($2) returned to my genitals
my genitals collected $2 from pot
my genitals: doesn't show hand
*** SUMMARY ***
Total pot $2 | Rake $0
Seat 1: my genitals (big blind) collected ($2)
Seat 4: Agrotait (button) (small blind) folded before Flop


PokerStars Hand #176690695012:  Hold'em Limit ($3/$6 USD) - 2017/10/09 8:57:12 ET
Table 'Ananke II' 6-max Seat #1 is the button
Seat 1: my genitals ($47.19 in chips)
Seat 4: Agrotait ($91.91 in chips)
my genitals: posts small blind $1
Agrotait: posts big blind $3
*** HOLE CARDS ***
my genitals: raises $3 to $6
Agrotait: calls $3
*** FLOP *** [9s 4h Jh]
ABATAPP joins the table at seat #2
Agrotait: checks
my genitals: bets $3
Agrotait: calls $3
*** TURN *** [9s 4h Jh] [Kh]
Agrotait: checks
my genitals: bets $6
Agrotait: calls $6
*** RIVER *** [9s 4h Jh Kh] [8c]
Agrotait: checks
my genitals: checks
*** SHOW DOWN ***
Agrotait: shows [8h Qc] (a pair of Eights)
my genitals: mucks hand
Agrotait collected $29.50 from pot
*** SUMMARY ***
Total pot $30 | Rake $0.50
Board [9s 4h Jh Kh 8c]
Seat 1: my genitals (button) (small blind) mucked
Seat 4: Agrotait (big blind) showed [8h Qc] and won ($29.50) with a pair of Eights


PokerStars Hand #176690725019:  Hold'em Limit ($3/$6 USD) - 2017/10/09 8:58:22 ET
Table 'Ananke II' 6-max Seat #4 is the button
Seat 1: my genitals ($32.19 in chips)
Seat 4: Agrotait ($106.41 in chips)
Agrotait: posts small blind $1
my genitals: posts big blind $3
*** HOLE CARDS ***
Agrotait: folds
Uncalled bet ($2) returned to my genitals
my genitals collected $2 from pot
my genitals: doesn't show hand
*** SUMMARY ***
Total pot $2 | Rake $0
Seat 1: my genitals (big blind) collected ($2)
Seat 4: Agrotait (button) (small blind) folded before Flop


PokerStars Hand #176690741124:  Hold'em Limit ($3/$6 USD) - 2017/10/09 8:58:59 ET
Table 'Ananke II' 6-max Seat #2 is the button
Seat 1: my genitals ($12.19 in chips)
Seat 2: ABATAPP ($117 in chips)
ABATAPP: posts small blind $1
Agrotait: is sitting out
my genitals: posts big blind $3
*** HOLE CARDS ***
ABATAPP: raises $3 to $6
my genitals: calls $3
*** FLOP *** [7h 3d 8c]
my genitals: checks
ABATAPP: bets $3
Agrotait leaves the table
my genitals: raises $3 to $6
ABATAPP: raises $3 to $9
my genitals: calls $0.19 and is all-in
Uncalled bet ($2.81) returned to ABATAPP
*** TURN *** [7h 3d 8c] [4h]
*** RIVER *** [7h 3d 8c 4h] [7s]
*** SHOW DOWN ***
my genitals: shows [Kc 8d] (two pair, Eights and Sevens)
ABATAPP: shows [7d 8h] (a full house, Sevens full of Eights)
ABATAPP collected $23.89 from pot
*** SUMMARY ***
Total pot $24.38 | Rake $0.49
Board [7h 3d 8c 4h 7s]
Seat 1: my genitals (big blind) showed [Kc 8d] and lost with two pair, Eights and Sevens
Seat 2: ABATAPP (button) (small blind) showed [7d 8h] and won ($23.89) with a full house, Sevens full of Eights


