PokerStars Hand #151812363702:  Hold'em Limit ($3/$6 USD) - 2016/04/12 11:19:54 ET
Table 'Ananke' 6-max Seat #1 is the button
Seat 1: pubal81 ($33.43 in chips)
Seat 2: sagonts900 ($120 in chips)
pubal81: posts small blind $1
sagonts900: posts big blind $3
*** HOLE CARDS ***
pubal81: raises $3 to $6
sagonts900: raises $3 to $9
pubal81: raises $3 to $12
Betting is capped
sagonts900: calls $3
*** FLOP *** [Tc 5s 4s]
sagonts900: bets $3
pubal81: raises $3 to $6
sagonts900: raises $3 to $9
pubal81: raises $3 to $12
Betting is capped
sagonts900: calls $3
*** TURN *** [Tc 5s 4s] [2h]
sagonts900: bets $6
pubal81: raises $3.43 to $9.43 and is all-in
sagonts900: folds
Uncalled bet ($3.43) returned to pubal81
pubal81 collected $59.50 from pot
*** SUMMARY ***
Total pot $60 | Rake $0.50
Board [Tc 5s 4s 2h]
Seat 1: pubal81 (button) (small blind) collected ($59.50)
Seat 2: sagonts900 (big blind) folded on the Turn


PokerStars Hand #151812394632:  Hold'em Limit ($3/$6 USD) - 2016/04/12 11:20:40 ET
Table 'Ananke' 6-max Seat #1 is the button
Seat 1: pubal81 ($92.43 in chips)
Seat 2: sagonts900 ($60 in chips)
pubal81: posts small blind $1
sagonts900: posts big blind $3
*** HOLE CARDS ***
pubal81: raises $3 to $6
sagonts900: folds
Uncalled bet ($3) returned to pubal81
pubal81 collected $6 from pot
pubal81: doesn't show hand
*** SUMMARY ***
Total pot $6 | Rake $0
Seat 1: pubal81 (button) (small blind) collected ($6)
Seat 2: sagonts900 (big blind) folded before Flop


PokerStars Hand #151812378665:  Hold'em Limit ($3/$6 USD) - 2016/04/12 11:20:16 ET
Table 'Ananke' 6-max Seat #2 is the button
Seat 1: pubal81 ($62.93 in chips)
Seat 2: sagonts900 ($90 in chips)
sagonts900: posts small blind $1
pubal81: posts big blind $3
*** HOLE CARDS ***
sagonts900: raises $3 to $6
pubal81: raises $3 to $9
sagonts900: raises $3 to $12
Betting is capped
pubal81: calls $3
*** FLOP *** [Td 8c Jc]
pubal81: bets $3
sagonts900: raises $3 to $6
pubal81: calls $3
*** TURN *** [Td 8c Jc] [6c]
pubal81: bets $6
sagonts900: raises $6 to $12
pubal81: raises $6 to $18
sagonts900: folds
Uncalled bet ($6) returned to pubal81
pubal81 collected $59.50 from pot
pubal81: doesn't show hand
*** SUMMARY ***
Total pot $60 | Rake $0.50
Board [Td 8c Jc 6c]
Seat 1: pubal81 (big blind) collected ($59.50)
Seat 2: sagonts900 (button) (small blind) folded on the Turn


