PokerStars Hand #150072514537:  Hold'em Limit ($3/$6 USD) - 2016/03/09 5:22:45 ET
Table 'Anastasia II' 6-max Seat #3 is the button
Seat 3: parconxxx ($30 in chips)
Seat 4: TbIP-TbIP 88 ($72 in chips)
parconxxx: posts small blind $1
TbIP-TbIP 88: posts big blind $3
*** HOLE CARDS ***
parconxxx: calls $2
TbIP-TbIP 88: checks
*** FLOP *** [7h 3s 6c]
TbIP-TbIP 88: bets $3
parconxxx: calls $3
*** TURN *** [7h 3s 6c] [Qh]
TbIP-TbIP 88: bets $6
parconxxx: calls $6
*** RIVER *** [7h 3s 6c Qh] [Ks]
TbIP-TbIP 88: bets $6
parconxxx: raises $6 to $12
TbIP-TbIP 88: raises $6 to $18
parconxxx: calls $6 and is all-in
*** SHOW DOWN ***
TbIP-TbIP 88: shows [Qs 3c] (two pair, Queens and Threes)
parconxxx: shows [Kc 5d] (a pair of Kings)
TbIP-TbIP 88 collected $59.50 from pot
*** SUMMARY ***
Total pot $60 | Rake $0.50
Board [7h 3s 6c Qh Ks]
Seat 3: parconxxx (button) (small blind) showed [Kc 5d] and lost with a pair of Kings
Seat 4: TbIP-TbIP 88 (big blind) showed [Qs 3c] and won ($59.50) with two pair, Queens and Threes


