PokerStars Hand #159812760035:  Hold'em Limit ($3/$6 USD) - 2016/10/11 22:42:20 ET
Table 'Anastasia II' 6-max Seat #4 is the button
Seat 3: LolDnkaments ($146.79 in chips)
Seat 4: RaisemyNut$ ($471.25 in chips)
RaisemyNut$: posts small blind $1
B_loJkl: is sitting out
Johnliu: is sitting out
40 ft cliff: is sitting out
LolDnkaments: posts big blind $3
*** HOLE CARDS ***
40 ft cliff leaves the table
RaisemyNut$: folds
Uncalled bet ($2) returned to LolDnkaments
LolDnkaments collected $2 from pot
LolDnkaments: doesn't show hand
*** SUMMARY ***
Total pot $2 | Rake $0
Seat 3: LolDnkaments (big blind) collected ($2)
Seat 4: RaisemyNut$ (button) (small blind) folded before Flop


PokerStars Hand #159812764222:  Hold'em Limit ($3/$6 USD) - 2016/10/11 22:42:33 ET
Table 'Anastasia II' 6-max Seat #3 is the button
Seat 3: LolDnkaments ($147.79 in chips)
Seat 4: RaisemyNut$ ($470.25 in chips)
LolDnkaments: posts small blind $1
RaisemyNut$: posts big blind $3
*** HOLE CARDS ***
LolDnkaments: raises $3 to $6
Johnliu leaves the table
RaisemyNut$: folds
Uncalled bet ($3) returned to LolDnkaments
LolDnkaments collected $6 from pot
LolDnkaments: doesn't show hand
*** SUMMARY ***
Total pot $6 | Rake $0
Seat 3: LolDnkaments (button) (small blind) collected ($6)
Seat 4: RaisemyNut$ (big blind) folded before Flop


