PokerStars Hand #148190822355:  Hold'em Limit ($3/$6 USD) - 2016/02/03 17:23:40 ET
Table 'Anastasia' 2-max Seat #2 is the button
Seat 1: aruhtart ($123 in chips)
Seat 2: Mike_Denton ($43.40 in chips)
Mike_Denton: posts small blind $1
aruhtart: posts big blind $3
*** HOLE CARDS ***
Mike_Denton: raises $3 to $6
aruhtart: raises $3 to $9
Mike_Denton: calls $3
*** FLOP *** [3d 8h Ts]
aruhtart: bets $3
Mike_Denton: raises $3 to $6
aruhtart: calls $3
*** TURN *** [3d 8h Ts] [Kc]
aruhtart: checks
Mike_Denton: bets $6
aruhtart: calls $6
*** RIVER *** [3d 8h Ts Kc] [Td]
aruhtart: checks
Mike_Denton: checks
*** SHOW DOWN ***
aruhtart: shows [Ad Jh] (a pair of Tens)
Mike_Denton: shows [Ah 3c] (two pair, Tens and Threes)
Mike_Denton collected $41.50 from pot
*** SUMMARY ***
Total pot $42 | Rake $0.50
Board [3d 8h Ts Kc Td]
Seat 1: aruhtart (big blind) showed [Ad Jh] and lost with a pair of Tens
Seat 2: Mike_Denton (button) (small blind) showed [Ah 3c] and won ($41.50) with two pair, Tens and Threes


