PokerStars Hand #147756228796:  Hold'em Limit ($3/$6 USD) - 2016/01/27 6:42:24 ET
Table 'Anastasia' 6-max Seat #2 is the button
Seat 2: Agrotait ($190.15 in chips)
Seat 4: nedo1414 ($128.71 in chips)
Agrotait: posts small blind $1
nedo1414: posts big blind $3
*** HOLE CARDS ***
Agrotait: folds
Uncalled bet ($2) returned to nedo1414
nedo1414 collected $2 from pot
nedo1414: doesn't show hand
*** SUMMARY ***
Total pot $2 | Rake $0
Seat 2: Agrotait (button) (small blind) folded before Flop
Seat 4: nedo1414 (big blind) collected ($2)


PokerStars Hand #147756226158:  Hold'em Limit ($3/$6 USD) - 2016/01/27 6:42:19 ET
Table 'Anastasia' 6-max Seat #4 is the button
Seat 2: Agrotait ($189.15 in chips)
Seat 4: nedo1414 ($129.71 in chips)
nedo1414: posts small blind $1
Agrotait: posts big blind $3
*** HOLE CARDS ***
nedo1414: folds
Uncalled bet ($2) returned to Agrotait
Agrotait collected $2 from pot
Agrotait: doesn't show hand
*** SUMMARY ***
Total pot $2 | Rake $0
Seat 2: Agrotait (big blind) collected ($2)
Seat 4: nedo1414 (button) (small blind) folded before Flop


PokerStars Hand #147756206190:  Hold'em Limit ($3/$6 USD) - 2016/01/27 6:41:44 ET
Table 'Anastasia' 6-max Seat #2 is the button
Seat 2: Agrotait ($183.39 in chips)
Seat 4: nedo1414 ($135.71 in chips)
Agrotait: posts small blind $1
nedo1414: posts big blind $3
*** HOLE CARDS ***
Agrotait: raises $3 to $6
nedo1414: calls $3
*** FLOP *** [3s Jh Kd]
nedo1414: checks
Agrotait: bets $3
nedo1414: folds
Uncalled bet ($3) returned to Agrotait
Agrotait collected $11.76 from pot
Agrotait: doesn't show hand
*** SUMMARY ***
Total pot $12 | Rake $0.24
Board [3s Jh Kd]
Seat 2: Agrotait (button) (small blind) collected ($11.76)
Seat 4: nedo1414 (big blind) folded on the Flop


