PokerStars Hand #169761142635:  Hold'em Limit ($3/$6 USD) - 2017/04/30 10:33:31 ET
Table 'Anchises II' 6-max Seat #1 is the button
Seat 1: apx0surry9 ($108 in chips)
Seat 4: Mordnilap ($72 in chips)
apx0surry9: posts small blind $1
Mordnilap: posts big blind $3
*** HOLE CARDS ***
apx0surry9: raises $3 to $6
Mordnilap: raises $3 to $9
apx0surry9: calls $3
*** FLOP *** [As 3c Ac]
Mordnilap: bets $3
apx0surry9: raises $3 to $6
Mordnilap: calls $3
*** TURN *** [As 3c Ac] [Ah]
Mordnilap: checks
apx0surry9: bets $6
Mordnilap: calls $6
*** RIVER *** [As 3c Ac Ah] [7h]
Mordnilap: checks
apx0surry9: bets $6
Mordnilap: calls $6
*** SHOW DOWN ***
apx0surry9: shows [5c 5s] (a full house, Aces full of Fives)
Mordnilap: mucks hand
apx0surry9 collected $53.50 from pot
*** SUMMARY ***
Total pot $54 | Rake $0.50
Board [As 3c Ac Ah 7h]
Seat 1: apx0surry9 (button) (small blind) showed [5c 5s] and won ($53.50) with a full house, Aces full of Fives
Seat 4: Mordnilap (big blind) mucked


PokerStars Hand #169761174263:  Hold'em Limit ($3/$6 USD) - 2017/04/30 10:34:06 ET
Table 'Anchises II' 6-max Seat #4 is the button
Seat 1: apx0surry9 ($134.50 in chips)
Seat 4: Mordnilap ($72 in chips)
Mordnilap: posts small blind $1
apx0surry9: posts big blind $3
*** HOLE CARDS ***
Mordnilap: raises $3 to $6
apx0surry9: calls $3
*** FLOP *** [Qs 6s Kc]
apx0surry9: checks
Mordnilap: bets $3
apx0surry9: folds
Uncalled bet ($3) returned to Mordnilap
Mordnilap collected $11.76 from pot
Mordnilap: doesn't show hand
*** SUMMARY ***
Total pot $12 | Rake $0.24
Board [Qs 6s Kc]
Seat 1: apx0surry9 (big blind) folded on the Flop
Seat 4: Mordnilap (button) (small blind) collected ($11.76)


PokerStars Hand #169761201662:  Hold'em Limit ($3/$6 USD) - 2017/04/30 10:34:48 ET
Table 'Anchises II' 6-max Seat #1 is the button
Seat 1: apx0surry9 ($128.50 in chips)
Seat 4: Mordnilap ($77.76 in chips)
apx0surry9: posts small blind $1
Mordnilap: posts big blind $3
*** HOLE CARDS ***
apx0surry9: folds
Uncalled bet ($2) returned to Mordnilap
Mordnilap collected $2 from pot
Mordnilap: doesn't show hand
*** SUMMARY ***
Total pot $2 | Rake $0
Seat 1: apx0surry9 (button) (small blind) folded before Flop
Seat 4: Mordnilap (big blind) collected ($2)


