PokerStars Hand #156507144789:  Hold'em Limit ($3/$6 USD) - 2016/07/27 9:34:47 ET
Table 'Ancha' 10-max Seat #6 is the button
Seat 5: shushlo ($72 in chips)
Seat 6: Agrotait ($83.52 in chips)
Agrotait: posts small blind $1
shushlo: posts big blind $3
*** HOLE CARDS ***
Agrotait: raises $3 to $6
shushlo: calls $3
*** FLOP *** [6d Qc As]
shushlo: checks
Agrotait: bets $3
shushlo: calls $3
*** TURN *** [6d Qc As] [Th]
shushlo: checks
Agrotait: checks
*** RIVER *** [6d Qc As Th] [Kh]
shushlo: bets $6
Agrotait: calls $6
*** SHOW DOWN ***
shushlo: shows [2c 7c] (high card Ace)
Agrotait: shows [9d Kc] (a pair of Kings)
Agrotait collected $29.50 from pot
*** SUMMARY ***
Total pot $30 | Rake $0.50
Board [6d Qc As Th Kh]
Seat 5: shushlo (big blind) showed [2c 7c] and lost with high card Ace
Seat 6: Agrotait (button) (small blind) showed [9d Kc] and won ($29.50) with a pair of Kings


PokerStars Hand #156507116069:  Hold'em Limit ($3/$6 USD) - 2016/07/27 9:33:50 ET
Table 'Ancha' 10-max Seat #5 is the button
Seat 5: shushlo ($72 in chips)
Seat 6: Agrotait ($72 in chips)
shushlo: posts small blind $1
Agrotait: posts big blind $3
*** HOLE CARDS ***
shushlo: raises $3 to $6
Agrotait: raises $3 to $9
shushlo: calls $3
*** FLOP *** [Jd 9c 7h]
Agrotait: bets $3
shushlo: calls $3
*** TURN *** [Jd 9c 7h] [9d]
Agrotait: bets $6
shushlo: folds
Uncalled bet ($6) returned to Agrotait
Agrotait collected $23.52 from pot
Agrotait: doesn't show hand
*** SUMMARY ***
Total pot $24 | Rake $0.48
Board [Jd 9c 7h 9d]
Seat 5: shushlo (button) (small blind) folded on the Turn
Seat 6: Agrotait (big blind) collected ($23.52)


PokerStars Hand #156507171170:  Hold'em Limit ($3/$6 USD) - 2016/07/27 9:35:39 ET
Table 'Ancha' 10-max Seat #5 is the button
Seat 5: shushlo ($72 in chips)
Seat 6: Agrotait ($98.02 in chips)
shushlo: posts small blind $1
Agrotait: posts big blind $3
*** HOLE CARDS ***
shushlo: raises $3 to $6
Agrotait: calls $3
*** FLOP *** [8d Th 4d]
Agrotait: checks
shushlo: bets $3
Agrotait: raises $3 to $6
shushlo: calls $3
*** TURN *** [8d Th 4d] [2d]
Agrotait: bets $6
shushlo: raises $6 to $12
Agrotait: calls $6
*** RIVER *** [8d Th 4d 2d] [7c]
Agrotait: checks
shushlo: bets $6
Agrotait: calls $6
*** SHOW DOWN ***
shushlo: shows [Qd 6d] (a flush, Queen high)
Agrotait: mucks hand
shushlo collected $59.50 from pot
*** SUMMARY ***
Total pot $60 | Rake $0.50
Board [8d Th 4d 2d 7c]
Seat 5: shushlo (button) (small blind) showed [Qd 6d] and won ($59.50) with a flush, Queen high
Seat 6: Agrotait (big blind) mucked


PokerStars Hand #156507202420:  Hold'em Limit ($3/$6 USD) - 2016/07/27 9:36:40 ET
Table 'Ancha' 10-max Seat #6 is the button
Seat 5: shushlo ($101.50 in chips)
Seat 6: Agrotait ($68.02 in chips)
Agrotait: posts small blind $1
shushlo: posts big blind $3
*** HOLE CARDS ***
Agrotait: folds
Uncalled bet ($2) returned to shushlo
shushlo collected $2 from pot
shushlo: doesn't show hand
*** SUMMARY ***
Total pot $2 | Rake $0
Seat 5: shushlo (big blind) collected ($2)
Seat 6: Agrotait (button) (small blind) folded before Flop


PokerStars Hand #156507237124:  Hold'em Limit ($3/$6 USD) - 2016/07/27 9:37:47 ET
Table 'Ancha' 10-max Seat #6 is the button
Seat 5: shushlo ($108.26 in chips)
Seat 6: Agrotait ($61.02 in chips)
Agrotait: posts small blind $1
shushlo: posts big blind $3
*** HOLE CARDS ***
Agrotait: folds
Uncalled bet ($2) returned to shushlo
shushlo collected $2 from pot
shushlo: doesn't show hand
*** SUMMARY ***
Total pot $2 | Rake $0
Seat 5: shushlo (big blind) collected ($2)
Seat 6: Agrotait (button) (small blind) folded before Flop


PokerStars Hand #156507205064:  Hold'em Limit ($3/$6 USD) - 2016/07/27 9:36:45 ET
Table 'Ancha' 10-max Seat #5 is the button
Seat 5: shushlo ($102.50 in chips)
Seat 6: Agrotait ($67.02 in chips)
shushlo: posts small blind $1
Agrotait: posts big blind $3
*** HOLE CARDS ***
shushlo: raises $3 to $6
Agrotait: calls $3
*** FLOP *** [4d Jh 8h]
Agrotait: checks
shushlo: bets $3
Agrotait: folds
Uncalled bet ($3) returned to shushlo
shushlo collected $11.76 from pot
shushlo: doesn't show hand
*** SUMMARY ***
Total pot $12 | Rake $0.24
Board [4d Jh 8h]
Seat 5: shushlo (button) (small blind) collected ($11.76)
Seat 6: Agrotait (big blind) folded on the Flop


PokerStars Hand #156507296464:  Hold'em Limit ($3/$6 USD) - 2016/07/27 9:39:43 ET
Table 'Ancha' 10-max Seat #6 is the button
Seat 5: shushlo ($120.78 in chips)
Seat 6: Agrotait ($72 in chips)
Agrotait: posts small blind $1
shushlo: posts big blind $3
*** HOLE CARDS ***
Agrotait: folds
Uncalled bet ($2) returned to shushlo
shushlo collected $2 from pot
shushlo: doesn't show hand
*** SUMMARY ***
Total pot $2 | Rake $0
Seat 5: shushlo (big blind) collected ($2)
Seat 6: Agrotait (button) (small blind) folded before Flop


PokerStars Hand #156507241013:  Hold'em Limit ($3/$6 USD) - 2016/07/27 9:37:54 ET
Table 'Ancha' 10-max Seat #5 is the button
Seat 5: shushlo ($109.26 in chips)
Seat 6: Agrotait ($60.02 in chips)
shushlo: posts small blind $1
Agrotait: posts big blind $3
*** HOLE CARDS ***
shushlo: raises $3 to $6
Agrotait: raises $3 to $9
shushlo: calls $3
*** FLOP *** [6d 2s Jc]
Agrotait: bets $3
shushlo: calls $3
*** TURN *** [6d 2s Jc] [3h]
Agrotait: checks
shushlo: checks
*** RIVER *** [6d 2s Jc 3h] [7s]
Agrotait: checks
shushlo: bets $6
Agrotait: folds
Uncalled bet ($6) returned to shushlo
shushlo collected $23.52 from pot
shushlo: doesn't show hand
*** SUMMARY ***
Total pot $24 | Rake $0.48
Board [6d 2s Jc 3h 7s]
Seat 5: shushlo (button) (small blind) collected ($23.52)
Seat 6: Agrotait (big blind) folded on the River


