PokerStars Hand #161282662317:  Hold'em Limit ($3/$6 USD) - 2016/11/12 8:44:01 ET
Table 'Anchises' 6-max Seat #3 is the button
Seat 1: Zeeon ($115 in chips)
Seat 3: Ultrafranke ($125 in chips)
Ultrafranke: posts small blind $1
Zeeon: posts big blind $3
*** HOLE CARDS ***
Ultrafranke: folds
Uncalled bet ($2) returned to Zeeon
Zeeon collected $2 from pot
Zeeon: doesn't show hand
*** SUMMARY ***
Total pot $2 | Rake $0
Seat 1: Zeeon (big blind) collected ($2)
Seat 3: Ultrafranke (button) (small blind) folded before Flop


PokerStars Hand #161282658162:  Hold'em Limit ($3/$6 USD) - 2016/11/12 8:43:54 ET
Table 'Anchises' 6-max Seat #1 is the button
Seat 1: Zeeon ($116 in chips)
Seat 3: Ultrafranke ($124 in chips)
Zeeon: posts small blind $1
Ultrafranke: posts big blind $3
*** HOLE CARDS ***
Zeeon: folds
Uncalled bet ($2) returned to Ultrafranke
Ultrafranke collected $2 from pot
*** SUMMARY ***
Total pot $2 | Rake $0
Seat 1: Zeeon (button) (small blind) folded before Flop
Seat 3: Ultrafranke (big blind) collected ($2)


PokerStars Hand #161282654189:  Hold'em Limit ($3/$6 USD) - 2016/11/12 8:43:48 ET
Table 'Anchises' 6-max Seat #3 is the button
Seat 1: Zeeon ($119 in chips)
Seat 3: Ultrafranke ($121 in chips)
Ultrafranke: posts small blind $1
Zeeon: posts big blind $3
*** HOLE CARDS ***
Ultrafranke: raises $3 to $6
Zeeon: folds
Uncalled bet ($3) returned to Ultrafranke
Ultrafranke collected $6 from pot
*** SUMMARY ***
Total pot $6 | Rake $0
Seat 1: Zeeon (big blind) folded before Flop
Seat 3: Ultrafranke (button) (small blind) collected ($6)


PokerStars Hand #161282649843:  Hold'em Limit ($3/$6 USD) - 2016/11/12 8:43:41 ET
Table 'Anchises' 6-max Seat #1 is the button
Seat 1: Zeeon ($120 in chips)
Seat 3: Ultrafranke ($120 in chips)
Zeeon: posts small blind $1
Ultrafranke: posts big blind $3
*** HOLE CARDS ***
Zeeon: folds
Uncalled bet ($2) returned to Ultrafranke
Ultrafranke collected $2 from pot
*** SUMMARY ***
Total pot $2 | Rake $0
Seat 1: Zeeon (button) (small blind) folded before Flop
Seat 3: Ultrafranke (big blind) collected ($2)


PokerStars Hand #161282669079:  Hold'em Limit ($3/$6 USD) - 2016/11/12 8:44:11 ET
Table 'Anchises' 6-max Seat #3 is the button
Seat 1: Zeeon ($115 in chips)
Seat 3: Ultrafranke ($125 in chips)
Ultrafranke: posts small blind $1
Zeeon: posts big blind $3
*** HOLE CARDS ***
Ultrafranke: raises $3 to $6
Zeeon: folds
Uncalled bet ($3) returned to Ultrafranke
Ultrafranke collected $6 from pot
*** SUMMARY ***
Total pot $6 | Rake $0
Seat 1: Zeeon (big blind) folded before Flop
Seat 3: Ultrafranke (button) (small blind) collected ($6)


PokerStars Hand #161282665386:  Hold'em Limit ($3/$6 USD) - 2016/11/12 8:44:05 ET
Table 'Anchises' 6-max Seat #1 is the button
Seat 1: Zeeon ($116 in chips)
Seat 3: Ultrafranke ($124 in chips)
Zeeon: posts small blind $1
Ultrafranke: posts big blind $3
*** HOLE CARDS ***
Zeeon: folds
Uncalled bet ($2) returned to Ultrafranke
Ultrafranke collected $2 from pot
*** SUMMARY ***
Total pot $2 | Rake $0
Seat 1: Zeeon (button) (small blind) folded before Flop
Seat 3: Ultrafranke (big blind) collected ($2)


PokerStars Hand #161282710171:  Hold'em Limit ($3/$6 USD) - 2016/11/12 8:45:16 ET
Table 'Anchises' 6-max Seat #1 is the button
Seat 1: Zeeon ($112 in chips)
Seat 3: pr0pl0s0 ($30 in chips)
Zeeon: posts small blind $1
pr0pl0s0: posts big blind $3
*** HOLE CARDS ***
Zeeon: raises $3 to $6
pr0pl0s0: raises $3 to $9
Zeeon: calls $3
*** FLOP *** [2s 5d Ks]
pr0pl0s0: bets $3
Zeeon: calls $3
*** TURN *** [2s 5d Ks] [Td]
pr0pl0s0: bets $6
Zeeon: raises $6 to $12
pr0pl0s0: raises $6 to $18 and is all-in
Zeeon: calls $6
*** RIVER *** [2s 5d Ks Td] [Jh]
*** SHOW DOWN ***
pr0pl0s0: shows [Qd Kd] (a pair of Kings)
Zeeon: shows [5c 5h] (three of a kind, Fives)
Zeeon collected $59.50 from pot
*** SUMMARY ***
Total pot $60 | Rake $0.50
Board [2s 5d Ks Td Jh]
Seat 1: Zeeon (button) (small blind) showed [5c 5h] and won ($59.50) with three of a kind, Fives
Seat 3: pr0pl0s0 (big blind) showed [Qd Kd] and lost with a pair of Kings


PokerStars Hand #161282763167:  Hold'em Limit ($3/$6 USD) - 2016/11/12 8:46:39 ET
Table 'Anchises' 6-max Seat #3 is the button
Seat 1: Zeeon ($117.38 in chips)
Seat 3: pr0pl0s0 ($53.50 in chips)
pr0pl0s0: posts small blind $1
Zeeon: posts big blind $3
*** HOLE CARDS ***
pr0pl0s0: folds
Uncalled bet ($2) returned to Zeeon
Zeeon collected $2 from pot
Zeeon: doesn't show hand
*** SUMMARY ***
Total pot $2 | Rake $0
Seat 1: Zeeon (big blind) collected ($2)
Seat 3: pr0pl0s0 (button) (small blind) folded before Flop


PokerStars Hand #161282748068:  Hold'em Limit ($3/$6 USD) - 2016/11/12 8:46:16 ET
Table 'Anchises' 6-max Seat #1 is the button
Seat 1: Zeeon ($144.38 in chips)
Seat 3: pr0pl0s0 ($27 in chips)
Zeeon: posts small blind $1
pr0pl0s0: posts big blind $3
*** HOLE CARDS ***
Zeeon: raises $3 to $6
pr0pl0s0: raises $3 to $9
Zeeon: calls $3
*** FLOP *** [Kh Kc Tc]
pr0pl0s0: bets $3
Zeeon: raises $3 to $6
pr0pl0s0: raises $3 to $9
Zeeon: raises $3 to $12
Betting is capped
pr0pl0s0: calls $3
*** TURN *** [Kh Kc Tc] [Qh]
pr0pl0s0: bets $6 and is all-in
Zeeon: calls $6
*** RIVER *** [Kh Kc Tc Qh] [Td]
*** SHOW DOWN ***
pr0pl0s0: shows [Kd 9c] (a full house, Kings full of Tens)
Zeeon: shows [Ts 9d] (a full house, Tens full of Kings)
pr0pl0s0 collected $53.50 from pot
*** SUMMARY ***
Total pot $54 | Rake $0.50
Board [Kh Kc Tc Qh Td]
Seat 1: Zeeon (button) (small blind) showed [Ts 9d] and lost with a full house, Tens full of Kings
Seat 3: pr0pl0s0 (big blind) showed [Kd 9c] and won ($53.50) with a full house, Kings full of Tens


PokerStars Hand #161282736963:  Hold'em Limit ($3/$6 USD) - 2016/11/12 8:45:58 ET
Table 'Anchises' 6-max Seat #3 is the button
Seat 1: Zeeon ($141.50 in chips)
Seat 3: pr0pl0s0 ($30 in chips)
pr0pl0s0: posts small blind $1
Zeeon: posts big blind $3
*** HOLE CARDS ***
pr0pl0s0: calls $2
Zeeon: checks
*** FLOP *** [Qh 5d As]
Zeeon: bets $3
pr0pl0s0: folds
Uncalled bet ($3) returned to Zeeon
Zeeon collected $5.88 from pot
Zeeon: doesn't show hand
*** SUMMARY ***
Total pot $6 | Rake $0.12
Board [Qh 5d As]
Seat 1: Zeeon (big blind) collected ($5.88)
Seat 3: pr0pl0s0 (button) (small blind) folded on the Flop


PokerStars Hand #161282766230:  Hold'em Limit ($3/$6 USD) - 2016/11/12 8:46:44 ET
Table 'Anchises' 6-max Seat #1 is the button
Seat 1: Zeeon ($118.38 in chips)
Seat 3: pr0pl0s0 ($52.50 in chips)
Zeeon: posts small blind $1
pr0pl0s0: posts big blind $3
*** HOLE CARDS ***
Zeeon: folds
Uncalled bet ($2) returned to pr0pl0s0
pr0pl0s0 collected $2 from pot
pr0pl0s0: doesn't show hand
*** SUMMARY ***
Total pot $2 | Rake $0
Seat 1: Zeeon (button) (small blind) folded before Flop
Seat 3: pr0pl0s0 (big blind) collected ($2)


PokerStars Hand #161282771072:  Hold'em Limit ($3/$6 USD) - 2016/11/12 8:46:52 ET
Table 'Anchises' 6-max Seat #3 is the button
Seat 1: Zeeon ($117.38 in chips)
Seat 3: pr0pl0s0 ($53.50 in chips)
pr0pl0s0: posts small blind $1
Zeeon: posts big blind $3
*** HOLE CARDS ***
pr0pl0s0: calls $2
Zeeon: checks
*** FLOP *** [Js Qc Tc]
Zeeon: bets $3
pr0pl0s0: calls $3
*** TURN *** [Js Qc Tc] [Ks]
Zeeon: checks
pr0pl0s0: bets $6
Zeeon: folds
Uncalled bet ($6) returned to pr0pl0s0
pr0pl0s0 collected $11.76 from pot
pr0pl0s0: doesn't show hand
*** SUMMARY ***
Total pot $12 | Rake $0.24
Board [Js Qc Tc Ks]
Seat 1: Zeeon (big blind) folded on the Turn
Seat 3: pr0pl0s0 (button) (small blind) collected ($11.76)


PokerStars Hand #161282783484:  Hold'em Limit ($3/$6 USD) - 2016/11/12 8:47:11 ET
Table 'Anchises' 6-max Seat #3 is the button
Seat 1: Zeeon ($110.38 in chips)
Seat 3: pr0pl0s0 ($60.26 in chips)
pr0pl0s0: posts small blind $1
Zeeon: posts big blind $3
*** HOLE CARDS ***
pr0pl0s0: folds
Uncalled bet ($2) returned to Zeeon
Zeeon collected $2 from pot
Zeeon: doesn't show hand
*** SUMMARY ***
Total pot $2 | Rake $0
Seat 1: Zeeon (big blind) collected ($2)
Seat 3: pr0pl0s0 (button) (small blind) folded before Flop


PokerStars Hand #161282780360:  Hold'em Limit ($3/$6 USD) - 2016/11/12 8:47:06 ET
Table 'Anchises' 6-max Seat #1 is the button
Seat 1: Zeeon ($111.38 in chips)
Seat 3: pr0pl0s0 ($59.26 in chips)
Zeeon: posts small blind $1
pr0pl0s0: posts big blind $3
*** HOLE CARDS ***
Zeeon: folds
Uncalled bet ($2) returned to pr0pl0s0
pr0pl0s0 collected $2 from pot
pr0pl0s0: doesn't show hand
*** SUMMARY ***
Total pot $2 | Rake $0
Seat 1: Zeeon (button) (small blind) folded before Flop
Seat 3: pr0pl0s0 (big blind) collected ($2)


PokerStars Hand #161282789684:  Hold'em Limit ($3/$6 USD) - 2016/11/12 8:47:21 ET
Table 'Anchises' 6-max Seat #3 is the button
Seat 1: Zeeon ($110.38 in chips)
Seat 3: pr0pl0s0 ($60.26 in chips)
pr0pl0s0: posts small blind $1
Zeeon: posts big blind $3
*** HOLE CARDS ***
pr0pl0s0: raises $3 to $6
Zeeon: folds
Uncalled bet ($3) returned to pr0pl0s0
pr0pl0s0 collected $6 from pot
pr0pl0s0: doesn't show hand
*** SUMMARY ***
Total pot $6 | Rake $0
Seat 1: Zeeon (big blind) folded before Flop
Seat 3: pr0pl0s0 (button) (small blind) collected ($6)


PokerStars Hand #161282786791:  Hold'em Limit ($3/$6 USD) - 2016/11/12 8:47:16 ET
Table 'Anchises' 6-max Seat #1 is the button
Seat 1: Zeeon ($111.38 in chips)
Seat 3: pr0pl0s0 ($59.26 in chips)
Zeeon: posts small blind $1
pr0pl0s0: posts big blind $3
*** HOLE CARDS ***
Zeeon: folds
Uncalled bet ($2) returned to pr0pl0s0
pr0pl0s0 collected $2 from pot
pr0pl0s0: doesn't show hand
*** SUMMARY ***
Total pot $2 | Rake $0
Seat 1: Zeeon (button) (small blind) folded before Flop
Seat 3: pr0pl0s0 (big blind) collected ($2)


PokerStars Hand #161282793028:  Hold'em Limit ($3/$6 USD) - 2016/11/12 8:47:26 ET
Table 'Anchises' 6-max Seat #1 is the button
Seat 1: Zeeon ($107.38 in chips)
Seat 3: pr0pl0s0 ($63.26 in chips)
Zeeon: posts small blind $1
pr0pl0s0: posts big blind $3
*** HOLE CARDS ***
Zeeon: folds
Uncalled bet ($2) returned to pr0pl0s0
pr0pl0s0 collected $2 from pot
pr0pl0s0: doesn't show hand
*** SUMMARY ***
Total pot $2 | Rake $0
Seat 1: Zeeon (button) (small blind) folded before Flop
Seat 3: pr0pl0s0 (big blind) collected ($2)


PokerStars Hand #161282830237:  Hold'em Limit ($3/$6 USD) - 2016/11/12 8:48:24 ET
Table 'Anchises' 6-max Seat #1 is the button
Seat 1: Zeeon ($100.14 in chips)
Seat 3: pr0pl0s0 ($69.78 in chips)
Zeeon: posts small blind $1
pr0pl0s0: posts big blind $3
*** HOLE CARDS ***
Zeeon: folds
Uncalled bet ($2) returned to pr0pl0s0
pr0pl0s0 collected $2 from pot
pr0pl0s0: doesn't show hand
*** SUMMARY ***
Total pot $2 | Rake $0
Seat 1: Zeeon (button) (small blind) folded before Flop
Seat 3: pr0pl0s0 (big blind) collected ($2)


PokerStars Hand #161282817077:  Hold'em Limit ($3/$6 USD) - 2016/11/12 8:48:04 ET
Table 'Anchises' 6-max Seat #3 is the button
Seat 1: Zeeon ($94.38 in chips)
Seat 3: pr0pl0s0 ($75.78 in chips)
pr0pl0s0: posts small blind $1
Zeeon: posts big blind $3
*** HOLE CARDS ***
pr0pl0s0: calls $2
Zeeon: checks
*** FLOP *** [5s 3d 2d]
Zeeon: checks
pr0pl0s0: bets $3
Zeeon: calls $3
*** TURN *** [5s 3d 2d] [9c]
Zeeon: checks
pr0pl0s0: checks
*** RIVER *** [5s 3d 2d 9c] [Kd]
Zeeon: bets $6
pr0pl0s0: folds
Uncalled bet ($6) returned to Zeeon
Zeeon collected $11.76 from pot
Zeeon: doesn't show hand
*** SUMMARY ***
Total pot $12 | Rake $0.24
Board [5s 3d 2d 9c Kd]
Seat 1: Zeeon (big blind) collected ($11.76)
Seat 3: pr0pl0s0 (button) (small blind) folded on the River


PokerStars Hand #161282796721:  Hold'em Limit ($3/$6 USD) - 2016/11/12 8:47:32 ET
Table 'Anchises' 6-max Seat #3 is the button
Seat 1: Zeeon ($106.38 in chips)
Seat 3: pr0pl0s0 ($64.26 in chips)
pr0pl0s0: posts small blind $1
Zeeon: posts big blind $3
*** HOLE CARDS ***
pr0pl0s0: raises $3 to $6
Zeeon: calls $3
*** FLOP *** [4c Ac Kd]
Zeeon: checks
pr0pl0s0: bets $3
Zeeon: folds
Uncalled bet ($3) returned to pr0pl0s0
pr0pl0s0 collected $11.76 from pot
pr0pl0s0: doesn't show hand
*** SUMMARY ***
Total pot $12 | Rake $0.24
Board [4c Ac Kd]
Seat 1: Zeeon (big blind) folded on the Flop
Seat 3: pr0pl0s0 (button) (small blind) collected ($11.76)


PokerStars Hand #161282833444:  Hold'em Limit ($3/$6 USD) - 2016/11/12 8:48:29 ET
Table 'Anchises' 6-max Seat #3 is the button
Seat 1: Zeeon ($99.14 in chips)
Seat 3: pr0pl0s0 ($70.78 in chips)
pr0pl0s0: posts small blind $1
Zeeon: posts big blind $3
*** HOLE CARDS ***
pr0pl0s0: calls $2
Zeeon: checks
*** FLOP *** [Ah 2c 9c]
Zeeon: checks
GoliafUa leaves the table
pr0pl0s0: bets $3
Zeeon: folds
Uncalled bet ($3) returned to pr0pl0s0
pr0pl0s0 collected $5.88 from pot
pr0pl0s0: doesn't show hand
*** SUMMARY ***
Total pot $6 | Rake $0.12
Board [Ah 2c 9c]
Seat 1: Zeeon (big blind) folded on the Flop
Seat 3: pr0pl0s0 (button) (small blind) collected ($5.88)


PokerStars Hand #161282809794:  Hold'em Limit ($3/$6 USD) - 2016/11/12 8:47:52 ET
Table 'Anchises' 6-max Seat #1 is the button
Seat 1: Zeeon ($100.38 in chips)
Seat 3: pr0pl0s0 ($70.02 in chips)
Zeeon: posts small blind $1
pr0pl0s0: posts big blind $3
*** HOLE CARDS ***
Zeeon: raises $3 to $6
pr0pl0s0: calls $3
*** FLOP *** [Qc 8h 8c]
pr0pl0s0: checks
Zeeon: checks
*** TURN *** [Qc 8h 8c] [6h]
pr0pl0s0: bets $6
Zeeon: folds
Uncalled bet ($6) returned to pr0pl0s0
pr0pl0s0 collected $11.76 from pot
pr0pl0s0: doesn't show hand
*** SUMMARY ***
Total pot $12 | Rake $0.24
Board [Qc 8h 8c 6h]
Seat 1: Zeeon (button) (small blind) folded on the Turn
Seat 3: pr0pl0s0 (big blind) collected ($11.76)


PokerStars Hand #161282843101:  Hold'em Limit ($3/$6 USD) - 2016/11/12 8:48:44 ET
Table 'Anchises' 6-max Seat #1 is the button
Seat 1: Zeeon ($96.14 in chips)
Seat 3: pr0pl0s0 ($73.66 in chips)
Zeeon: posts small blind $1
pr0pl0s0: posts big blind $3
*** HOLE CARDS ***
Zeeon: folds
Uncalled bet ($2) returned to pr0pl0s0
pr0pl0s0 collected $2 from pot
pr0pl0s0: doesn't show hand
*** SUMMARY ***
Total pot $2 | Rake $0
Seat 1: Zeeon (button) (small blind) folded before Flop
Seat 3: pr0pl0s0 (big blind) collected ($2)


PokerStars Hand #161282846451:  Hold'em Limit ($3/$6 USD) - 2016/11/12 8:48:50 ET
Table 'Anchises' 6-max Seat #3 is the button
Seat 1: Zeeon ($95.14 in chips)
Seat 3: pr0pl0s0 ($74.66 in chips)
pr0pl0s0: posts small blind $1
Zeeon: posts big blind $3
*** HOLE CARDS ***
pr0pl0s0: raises $3 to $6
Zeeon: calls $3
*** FLOP *** [Kd 2h 7s]
Zeeon: checks
pr0pl0s0: bets $3
Zeeon: calls $3
*** TURN *** [Kd 2h 7s] [Jc]
Zeeon: checks
pr0pl0s0: bets $6
Zeeon: folds
Uncalled bet ($6) returned to pr0pl0s0
pr0pl0s0 collected $17.64 from pot
pr0pl0s0: doesn't show hand
*** SUMMARY ***
Total pot $18 | Rake $0.36
Board [Kd 2h 7s Jc]
Seat 1: Zeeon (big blind) folded on the Turn
Seat 3: pr0pl0s0 (button) (small blind) collected ($17.64)


PokerStars Hand #161282859033:  Hold'em Limit ($3/$6 USD) - 2016/11/12 8:49:09 ET
Table 'Anchises' 6-max Seat #3 is the button
Seat 1: Zeeon ($85.14 in chips)
Seat 3: pr0pl0s0 ($84.30 in chips)
pr0pl0s0: posts small blind $1
Zeeon: posts big blind $3
*** HOLE CARDS ***
pr0pl0s0: raises $3 to $6
Zeeon: folds
Uncalled bet ($3) returned to pr0pl0s0
pr0pl0s0 collected $6 from pot
pr0pl0s0: doesn't show hand
*** SUMMARY ***
Total pot $6 | Rake $0
Seat 1: Zeeon (big blind) folded before Flop
Seat 3: pr0pl0s0 (button) (small blind) collected ($6)


PokerStars Hand #161282855621:  Hold'em Limit ($3/$6 USD) - 2016/11/12 8:49:04 ET
Table 'Anchises' 6-max Seat #1 is the button
Seat 1: Zeeon ($86.14 in chips)
Seat 3: pr0pl0s0 ($83.30 in chips)
Zeeon: posts small blind $1
pr0pl0s0: posts big blind $3
*** HOLE CARDS ***
Zeeon: folds
Uncalled bet ($2) returned to pr0pl0s0
pr0pl0s0 collected $2 from pot
pr0pl0s0: doesn't show hand
*** SUMMARY ***
Total pot $2 | Rake $0
Seat 1: Zeeon (button) (small blind) folded before Flop
Seat 3: pr0pl0s0 (big blind) collected ($2)


PokerStars Hand #161282863256:  Hold'em Limit ($3/$6 USD) - 2016/11/12 8:49:16 ET
Table 'Anchises' 6-max Seat #1 is the button
Seat 1: Zeeon ($82.14 in chips)
Seat 3: pr0pl0s0 ($87.30 in chips)
Zeeon: posts small blind $1
pr0pl0s0: posts big blind $3
*** HOLE CARDS ***
Zeeon: folds
Uncalled bet ($2) returned to pr0pl0s0
pr0pl0s0 collected $2 from pot
pr0pl0s0: doesn't show hand
*** SUMMARY ***
Total pot $2 | Rake $0
Seat 1: Zeeon (button) (small blind) folded before Flop
Seat 3: pr0pl0s0 (big blind) collected ($2)


PokerStars Hand #161282872528:  Hold'em Limit ($3/$6 USD) - 2016/11/12 8:49:30 ET
Table 'Anchises' 6-max Seat #1 is the button
Seat 1: Zeeon ($78.14 in chips)
Seat 3: pr0pl0s0 ($91.30 in chips)
Zeeon: posts small blind $1
pr0pl0s0: posts big blind $3
*** HOLE CARDS ***
Zeeon: folds
Uncalled bet ($2) returned to pr0pl0s0
pr0pl0s0 collected $2 from pot
pr0pl0s0: doesn't show hand
*** SUMMARY ***
Total pot $2 | Rake $0
Seat 1: Zeeon (button) (small blind) folded before Flop
Seat 3: pr0pl0s0 (big blind) collected ($2)


PokerStars Hand #161282866514:  Hold'em Limit ($3/$6 USD) - 2016/11/12 8:49:21 ET
Table 'Anchises' 6-max Seat #3 is the button
Seat 1: Zeeon ($81.14 in chips)
Seat 3: pr0pl0s0 ($88.30 in chips)
pr0pl0s0: posts small blind $1
Zeeon: posts big blind $3
*** HOLE CARDS ***
pr0pl0s0: raises $3 to $6
Zeeon: folds
Uncalled bet ($3) returned to pr0pl0s0
pr0pl0s0 collected $6 from pot
pr0pl0s0: doesn't show hand
*** SUMMARY ***
Total pot $6 | Rake $0
Seat 1: Zeeon (big blind) folded before Flop
Seat 3: pr0pl0s0 (button) (small blind) collected ($6)


PokerStars Hand #161282907437:  Hold'em Limit ($3/$6 USD) - 2016/11/12 8:50:25 ET
Table 'Anchises' 6-max Seat #1 is the button
Seat 1: Zeeon ($71.14 in chips)
Seat 3: pr0pl0s0 ($98.06 in chips)
Zeeon: posts small blind $1
pr0pl0s0: posts big blind $3
*** HOLE CARDS ***
Zeeon: folds
Uncalled bet ($2) returned to pr0pl0s0
pr0pl0s0 collected $2 from pot
pr0pl0s0: doesn't show hand
*** SUMMARY ***
Total pot $2 | Rake $0
Seat 1: Zeeon (button) (small blind) folded before Flop
Seat 3: pr0pl0s0 (big blind) collected ($2)


PokerStars Hand #161282897524:  Hold'em Limit ($3/$6 USD) - 2016/11/12 8:50:09 ET
Table 'Anchises' 6-max Seat #3 is the button
Seat 1: Zeeon ($74.14 in chips)
Seat 3: pr0pl0s0 ($95.06 in chips)
pr0pl0s0: posts small blind $1
Zeeon: posts big blind $3
*** HOLE CARDS ***
pr0pl0s0: raises $3 to $6
Zeeon: folds
Uncalled bet ($3) returned to pr0pl0s0
pr0pl0s0 collected $6 from pot
pr0pl0s0: doesn't show hand
*** SUMMARY ***
Total pot $6 | Rake $0
Seat 1: Zeeon (big blind) folded before Flop
Seat 3: pr0pl0s0 (button) (small blind) collected ($6)


PokerStars Hand #161282888180:  Hold'em Limit ($3/$6 USD) - 2016/11/12 8:49:55 ET
Table 'Anchises' 6-max Seat #1 is the button
Seat 1: Zeeon ($71.14 in chips)
Seat 3: pr0pl0s0 ($98.06 in chips)
Zeeon: posts small blind $1
pr0pl0s0: posts big blind $3
*** HOLE CARDS ***
Zeeon: raises $3 to $6
pr0pl0s0: folds
Uncalled bet ($3) returned to Zeeon
Zeeon collected $6 from pot
Zeeon: doesn't show hand
*** SUMMARY ***
Total pot $6 | Rake $0
Seat 1: Zeeon (button) (small blind) collected ($6)
Seat 3: pr0pl0s0 (big blind) folded before Flop


PokerStars Hand #161282876225:  Hold'em Limit ($3/$6 USD) - 2016/11/12 8:49:36 ET
Table 'Anchises' 6-max Seat #3 is the button
Seat 1: Zeeon ($77.14 in chips)
Seat 3: pr0pl0s0 ($92.30 in chips)
pr0pl0s0: posts small blind $1
Zeeon: posts big blind $3
*** HOLE CARDS ***
pr0pl0s0: raises $3 to $6
Zeeon: calls $3
*** FLOP *** [As 4h Ad]
Zeeon: checks
pr0pl0s0: checks
*** TURN *** [As 4h Ad] [3c]
Zeeon: checks
pr0pl0s0: checks
*** RIVER *** [As 4h Ad 3c] [9s]
Zeeon: checks
pr0pl0s0: bets $6
Zeeon: folds
Uncalled bet ($6) returned to pr0pl0s0
pr0pl0s0 collected $11.76 from pot
pr0pl0s0: doesn't show hand
*** SUMMARY ***
Total pot $12 | Rake $0.24
Board [As 4h Ad 3c 9s]
Seat 1: Zeeon (big blind) folded on the River
Seat 3: pr0pl0s0 (button) (small blind) collected ($11.76)


PokerStars Hand #161282904352:  Hold'em Limit ($3/$6 USD) - 2016/11/12 8:50:20 ET
Table 'Anchises' 6-max Seat #3 is the button
Seat 1: Zeeon ($70.14 in chips)
Seat 3: pr0pl0s0 ($99.06 in chips)
pr0pl0s0: posts small blind $1
Zeeon: posts big blind $3
*** HOLE CARDS ***
pr0pl0s0: folds
Uncalled bet ($2) returned to Zeeon
Zeeon collected $2 from pot
Zeeon: doesn't show hand
*** SUMMARY ***
Total pot $2 | Rake $0
Seat 1: Zeeon (big blind) collected ($2)
Seat 3: pr0pl0s0 (button) (small blind) folded before Flop


PokerStars Hand #161282900797:  Hold'em Limit ($3/$6 USD) - 2016/11/12 8:50:14 ET
Table 'Anchises' 6-max Seat #1 is the button
Seat 1: Zeeon ($71.14 in chips)
Seat 3: pr0pl0s0 ($98.06 in chips)
Zeeon: posts small blind $1
pr0pl0s0: posts big blind $3
*** HOLE CARDS ***
Zeeon: folds
Uncalled bet ($2) returned to pr0pl0s0
pr0pl0s0 collected $2 from pot
pr0pl0s0: doesn't show hand
*** SUMMARY ***
Total pot $2 | Rake $0
Seat 1: Zeeon (button) (small blind) folded before Flop
Seat 3: pr0pl0s0 (big blind) collected ($2)


PokerStars Hand #161282940219:  Hold'em Limit ($3/$6 USD) - 2016/11/12 8:51:16 ET
Table 'Anchises' 6-max Seat #1 is the button
Seat 1: Zeeon ($104.40 in chips)
Seat 3: pr0pl0s0 ($64.06 in chips)
Zeeon: posts small blind $1
pr0pl0s0: posts big blind $3
*** HOLE CARDS ***
jackRizzar joins the table at seat #2
Zeeon: folds
Uncalled bet ($2) returned to pr0pl0s0
pr0pl0s0 collected $2 from pot
pr0pl0s0: doesn't show hand
*** SUMMARY ***
Total pot $2 | Rake $0
Seat 1: Zeeon (button) (small blind) folded before Flop
Seat 3: pr0pl0s0 (big blind) collected ($2)


PokerStars Hand #161282929350:  Hold'em Limit ($3/$6 USD) - 2016/11/12 8:50:59 ET
Table 'Anchises' 6-max Seat #3 is the button
Seat 1: Zeeon ($98.64 in chips)
Seat 3: pr0pl0s0 ($70.06 in chips)
pr0pl0s0: posts small blind $1
Zeeon: posts big blind $3
*** HOLE CARDS ***
pr0pl0s0: raises $3 to $6
Zeeon: calls $3
*** FLOP *** [8h 2c Tc]
Zeeon: checks
pr0pl0s0: checks
*** TURN *** [8h 2c Tc] [Kh]
Zeeon: checks
pr0pl0s0: checks
*** RIVER *** [8h 2c Tc Kh] [Jh]
Zeeon: checks
pr0pl0s0: checks
*** SHOW DOWN ***
Zeeon: shows [7d 9c] (a straight, Seven to Jack)
pr0pl0s0: mucks hand
Zeeon collected $11.76 from pot
*** SUMMARY ***
Total pot $12 | Rake $0.24
Board [8h 2c Tc Kh Jh]
Seat 1: Zeeon (big blind) showed [7d 9c] and won ($11.76) with a straight, Seven to Jack
Seat 3: pr0pl0s0 (button) (small blind) mucked


PokerStars Hand #161282925057:  Hold'em Limit ($3/$6 USD) - 2016/11/12 8:50:53 ET
Table 'Anchises' 6-max Seat #1 is the button
Seat 1: Zeeon ($99.64 in chips)
Seat 3: pr0pl0s0 ($69.06 in chips)
Zeeon: posts small blind $1
pr0pl0s0: posts big blind $3
*** HOLE CARDS ***
Zeeon: folds
Uncalled bet ($2) returned to pr0pl0s0
pr0pl0s0 collected $2 from pot
pr0pl0s0: doesn't show hand
*** SUMMARY ***
Total pot $2 | Rake $0
Seat 1: Zeeon (button) (small blind) folded before Flop
Seat 3: pr0pl0s0 (big blind) collected ($2)


PokerStars Hand #161282910387:  Hold'em Limit ($3/$6 USD) - 2016/11/12 8:50:30 ET
Table 'Anchises' 6-max Seat #3 is the button
Seat 1: Zeeon ($70.14 in chips)
Seat 3: pr0pl0s0 ($99.06 in chips)
pr0pl0s0: posts small blind $1
Zeeon: posts big blind $3
*** HOLE CARDS ***
pr0pl0s0: raises $3 to $6
Zeeon: calls $3
*** FLOP *** [7s Ac Ts]
Zeeon: checks
pr0pl0s0: bets $3
Zeeon: raises $3 to $6
pr0pl0s0: calls $3
*** TURN *** [7s Ac Ts] [8h]
Zeeon: bets $6
pr0pl0s0: raises $6 to $12
Zeeon: calls $6
*** RIVER *** [7s Ac Ts 8h] [3d]
Zeeon: checks
pr0pl0s0: bets $6
Zeeon: calls $6
*** SHOW DOWN ***
pr0pl0s0: shows [Th 8s] (two pair, Tens and Eights)
Zeeon: shows [7h Ad] (two pair, Aces and Sevens)
Zeeon collected $59.50 from pot
*** SUMMARY ***
Total pot $60 | Rake $0.50
Board [7s Ac Ts 8h 3d]
Seat 1: Zeeon (big blind) showed [7h Ad] and won ($59.50) with two pair, Aces and Sevens
Seat 3: pr0pl0s0 (button) (small blind) showed [Th 8s] and lost with two pair, Tens and Eights


PokerStars Hand #161288318197:  Hold'em Limit ($3/$6 USD) - 2016/11/12 10:59:22 ET
Table 'Anchises' 6-max Seat #4 is the button
Seat 1: Zeeon ($161.04 in chips)
Seat 4: zimin10 ($325.52 in chips)
zimin10: posts small blind $1
Zeeon: posts big blind $3
*** HOLE CARDS ***
zimin10: raises $3 to $6
Zeeon: raises $3 to $9
zimin10: calls $3
*** FLOP *** [Qd 2d 6h]
Zeeon: bets $3
zimin10: calls $3
*** TURN *** [Qd 2d 6h] [Ad]
Zeeon: checks
zimin10: checks
*** RIVER *** [Qd 2d 6h Ad] [5s]
Zeeon: checks
zimin10: checks
*** SHOW DOWN ***
Zeeon: shows [Jd Js] (a pair of Jacks)
zimin10: mucks hand
Zeeon collected $23.52 from pot
*** SUMMARY ***
Total pot $24 | Rake $0.48
Board [Qd 2d 6h Ad 5s]
Seat 1: Zeeon (big blind) showed [Jd Js] and won ($23.52) with a pair of Jacks
Seat 4: zimin10 (button) (small blind) mucked


PokerStars Hand #161288301915:  Hold'em Limit ($3/$6 USD) - 2016/11/12 10:58:57 ET
Table 'Anchises' 6-max Seat #1 is the button
Seat 1: Zeeon ($165.04 in chips)
Seat 4: zimin10 ($321.76 in chips)
Zeeon: posts small blind $1
zimin10: posts big blind $3
*** HOLE CARDS ***
Zeeon: raises $3 to $6
zimin10: folds
Uncalled bet ($3) returned to Zeeon
Zeeon collected $6 from pot
Zeeon: doesn't show hand
*** SUMMARY ***
Total pot $6 | Rake $0
Seat 1: Zeeon (button) (small blind) collected ($6)
Seat 4: zimin10 (big blind) folded before Flop


PokerStars Hand #161288305520:  Hold'em Limit ($3/$6 USD) - 2016/11/12 10:59:02 ET
Table 'Anchises' 6-max Seat #4 is the button
Seat 1: Zeeon ($168.04 in chips)
Seat 4: zimin10 ($318.76 in chips)
zimin10: posts small blind $1
Zeeon: posts big blind $3
*** HOLE CARDS ***
zimin10: raises $3 to $6
Zeeon: calls $3
*** FLOP *** [Qd 7d 7h]
Zeeon: checks
zimin10: bets $3
Zeeon: folds
Uncalled bet ($3) returned to zimin10
zimin10 collected $11.76 from pot
zimin10: doesn't show hand
*** SUMMARY ***
Total pot $12 | Rake $0.24
Board [Qd 7d 7h]
Seat 1: Zeeon (big blind) folded on the Flop
Seat 4: zimin10 (button) (small blind) collected ($11.76)


PokerStars Hand #161288314425:  Hold'em Limit ($3/$6 USD) - 2016/11/12 10:59:16 ET
Table 'Anchises' 6-max Seat #1 is the button
Seat 1: Zeeon ($162.04 in chips)
Seat 4: zimin10 ($324.52 in chips)
Zeeon: posts small blind $1
zimin10: posts big blind $3
*** HOLE CARDS ***
Zeeon: folds
Uncalled bet ($2) returned to zimin10
zimin10 collected $2 from pot
zimin10: doesn't show hand
*** SUMMARY ***
Total pot $2 | Rake $0
Seat 1: Zeeon (button) (small blind) folded before Flop
Seat 4: zimin10 (big blind) collected ($2)


PokerStars Hand #161288366083:  Hold'em Limit ($3/$6 USD) - 2016/11/12 11:00:35 ET
Table 'Anchises' 6-max Seat #4 is the button
Seat 1: Zeeon ($145.56 in chips)
Seat 4: zimin10 ($340.02 in chips)
zimin10: posts small blind $1
Zeeon: posts big blind $3
*** HOLE CARDS ***
zimin10: raises $3 to $6
Zeeon: folds
Uncalled bet ($3) returned to zimin10
zimin10 collected $6 from pot
zimin10: doesn't show hand
*** SUMMARY ***
Total pot $6 | Rake $0
Seat 1: Zeeon (big blind) folded before Flop
Seat 4: zimin10 (button) (small blind) collected ($6)


PokerStars Hand #161288335297:  Hold'em Limit ($3/$6 USD) - 2016/11/12 10:59:49 ET
Table 'Anchises' 6-max Seat #1 is the button
Seat 1: Zeeon ($172.56 in chips)
Seat 4: zimin10 ($313.52 in chips)
Zeeon: posts small blind $1
zimin10: posts big blind $3
*** HOLE CARDS ***
Zeeon: raises $3 to $6
zimin10: calls $3
*** FLOP *** [8c Tc 3c]
zimin10: checks
Zeeon: bets $3
zimin10: raises $3 to $6
Zeeon: raises $3 to $9
zimin10: calls $3
*** TURN *** [8c Tc 3c] [7s]
zimin10: checks
Zeeon: bets $6
zimin10: raises $6 to $12
Zeeon: calls $6
*** RIVER *** [8c Tc 3c 7s] [5s]
zimin10: bets $6
Zeeon: folds
Uncalled bet ($6) returned to zimin10
zimin10 collected $53.50 from pot
zimin10: doesn't show hand
*** SUMMARY ***
Total pot $54 | Rake $0.50
Board [8c Tc 3c 7s 5s]
Seat 1: Zeeon (button) (small blind) folded on the River
Seat 4: zimin10 (big blind) collected ($53.50)


PokerStars Hand #161288383892:  Hold'em Limit ($3/$6 USD) - 2016/11/12 11:01:01 ET
Table 'Anchises' 6-max Seat #4 is the button
Seat 1: Zeeon ($141.56 in chips)
Seat 4: zimin10 ($344.02 in chips)
zimin10: posts small blind $1
Zeeon: posts big blind $3
*** HOLE CARDS ***
zimin10: folds
Uncalled bet ($2) returned to Zeeon
Zeeon collected $2 from pot
Zeeon: doesn't show hand
*** SUMMARY ***
Total pot $2 | Rake $0
Seat 1: Zeeon (big blind) collected ($2)
Seat 4: zimin10 (button) (small blind) folded before Flop


PokerStars Hand #161288370191:  Hold'em Limit ($3/$6 USD) - 2016/11/12 11:00:41 ET
Table 'Anchises' 6-max Seat #1 is the button
Seat 1: Zeeon ($142.56 in chips)
Seat 4: zimin10 ($343.02 in chips)
Zeeon: posts small blind $1
zimin10: posts big blind $3
*** HOLE CARDS ***
Zeeon: folds
Uncalled bet ($2) returned to zimin10
zimin10 collected $2 from pot
zimin10: doesn't show hand
*** SUMMARY ***
Total pot $2 | Rake $0
Seat 1: Zeeon (button) (small blind) folded before Flop
Seat 4: zimin10 (big blind) collected ($2)


PokerStars Hand #161288416993:  Hold'em Limit ($3/$6 USD) - 2016/11/12 11:01:45 ET
Table 'Anchises' 6-max Seat #1 is the button
Seat 1: Zeeon ($154.20 in chips)
Seat 4: zimin10 ($331.02 in chips)
Zeeon: posts small blind $1
zimin10: posts big blind $3
*** HOLE CARDS ***
Zeeon: folds
Uncalled bet ($2) returned to zimin10
zimin10 collected $2 from pot
zimin10: doesn't show hand
*** SUMMARY ***
Total pot $2 | Rake $0
Seat 1: Zeeon (button) (small blind) folded before Flop
Seat 4: zimin10 (big blind) collected ($2)


PokerStars Hand #161288408179:  Hold'em Limit ($3/$6 USD) - 2016/11/12 11:01:34 ET
Table 'Anchises' 6-max Seat #4 is the button
Seat 1: Zeeon ($145.56 in chips)
Seat 4: zimin10 ($340.02 in chips)
zimin10: posts small blind $1
Zeeon: posts big blind $3
*** HOLE CARDS ***
zimin10: raises $3 to $6
Zeeon: raises $3 to $9
zimin10: calls $3
*** FLOP *** [6s 2d Td]
Zeeon: bets $3
zimin10: folds
Uncalled bet ($3) returned to Zeeon
Zeeon collected $17.64 from pot
Zeeon: doesn't show hand
*** SUMMARY ***
Total pot $18 | Rake $0.36
Board [6s 2d Td]
Seat 1: Zeeon (big blind) collected ($17.64)
Seat 4: zimin10 (button) (small blind) folded on the Flop


PokerStars Hand #161288390238:  Hold'em Limit ($3/$6 USD) - 2016/11/12 11:01:09 ET
Table 'Anchises' 6-max Seat #1 is the button
Seat 1: Zeeon ($142.56 in chips)
Seat 4: zimin10 ($343.02 in chips)
Zeeon: posts small blind $1
zimin10: posts big blind $3
*** HOLE CARDS ***
Zeeon: raises $3 to $6
zimin10: folds
Uncalled bet ($3) returned to Zeeon
Zeeon collected $6 from pot
Zeeon: doesn't show hand
*** SUMMARY ***
Total pot $6 | Rake $0
Seat 1: Zeeon (button) (small blind) collected ($6)
Seat 4: zimin10 (big blind) folded before Flop


PokerStars Hand #161288455601:  Hold'em Limit ($3/$6 USD) - 2016/11/12 11:02:37 ET
Table 'Anchises' 6-max Seat #1 is the button
Seat 1: Zeeon ($150.20 in chips)
Seat 4: zimin10 ($335.02 in chips)
Zeeon: posts small blind $1
zimin10: posts big blind $3
*** HOLE CARDS ***
Zeeon: folds
Uncalled bet ($2) returned to zimin10
zimin10 collected $2 from pot
zimin10: doesn't show hand
sim5sim5 joins the table at seat #5
*** SUMMARY ***
Total pot $2 | Rake $0
Seat 1: Zeeon (button) (small blind) folded before Flop
Seat 4: zimin10 (big blind) collected ($2)


PokerStars Hand #161288450365:  Hold'em Limit ($3/$6 USD) - 2016/11/12 11:02:30 ET
Table 'Anchises' 6-max Seat #4 is the button
Seat 1: Zeeon ($153.20 in chips)
Seat 4: zimin10 ($332.02 in chips)
zimin10: posts small blind $1
Zeeon: posts big blind $3
*** HOLE CARDS ***
zimin10: raises $3 to $6
Zeeon: folds
Uncalled bet ($3) returned to zimin10
zimin10 collected $6 from pot
zimin10: doesn't show hand
*** SUMMARY ***
Total pot $6 | Rake $0
Seat 1: Zeeon (big blind) folded before Flop
Seat 4: zimin10 (button) (small blind) collected ($6)


PokerStars Hand #161288428874:  Hold'em Limit ($3/$6 USD) - 2016/11/12 11:02:02 ET
Table 'Anchises' 6-max Seat #1 is the button
Seat 1: Zeeon ($150.20 in chips)
Seat 4: zimin10 ($335.02 in chips)
Zeeon: posts small blind $1
zimin10: posts big blind $3
*** HOLE CARDS ***
Zeeon: raises $3 to $6
zimin10: folds
Uncalled bet ($3) returned to Zeeon
Zeeon collected $6 from pot
Zeeon: doesn't show hand
*** SUMMARY ***
Total pot $6 | Rake $0
Seat 1: Zeeon (button) (small blind) collected ($6)
Seat 4: zimin10 (big blind) folded before Flop


PokerStars Hand #161288421727:  Hold'em Limit ($3/$6 USD) - 2016/11/12 11:01:52 ET
Table 'Anchises' 6-max Seat #4 is the button
Seat 1: Zeeon ($153.20 in chips)
Seat 4: zimin10 ($332.02 in chips)
zimin10: posts small blind $1
Zeeon: posts big blind $3
*** HOLE CARDS ***
zimin10: raises $3 to $6
Zeeon: folds
Uncalled bet ($3) returned to zimin10
zimin10 collected $6 from pot
zimin10: doesn't show hand
*** SUMMARY ***
Total pot $6 | Rake $0
Seat 1: Zeeon (big blind) folded before Flop
Seat 4: zimin10 (button) (small blind) collected ($6)


PokerStars Hand #161291103153:  Hold'em Limit ($3/$6 USD) - 2016/11/12 11:59:50 ET
Table 'Anchises' 6-max Seat #1 is the button
Seat 1: Zeeon ($126.50 in chips)
Seat 5: Psynto ($203.43 in chips)
Zeeon: posts small blind $1
Psynto: posts big blind $3
*** HOLE CARDS ***
Zeeon: folds
Uncalled bet ($2) returned to Psynto
Psynto collected $2 from pot
Psynto: doesn't show hand
*** SUMMARY ***
Total pot $2 | Rake $0
Seat 1: Zeeon (button) (small blind) folded before Flop
Seat 5: Psynto (big blind) collected ($2)


PokerStars Hand #161291088678:  Hold'em Limit ($3/$6 USD) - 2016/11/12 11:59:28 ET
Table 'Anchises' 6-max Seat #5 is the button
Seat 1: Zeeon ($150.50 in chips)
Seat 5: Psynto ($179.93 in chips)
Psynto: posts small blind $1
Zeeon: posts big blind $3
*** HOLE CARDS ***
Psynto: raises $3 to $6
Zeeon: raises $3 to $9
Psynto: calls $3
*** FLOP *** [8h 2s Qc]
Zeeon: bets $3
Psynto: calls $3
*** TURN *** [8h 2s Qc] [9h]
Zeeon: bets $6
Psynto: calls $6
*** RIVER *** [8h 2s Qc 9h] [3h]
Zeeon: bets $6
Psynto: calls $6
*** SHOW DOWN ***
Zeeon: shows [As Kh] (high card Ace)
Psynto: shows [2d 5h] (a pair of Deuces)
Psynto collected $47.50 from pot
*** SUMMARY ***
Total pot $48 | Rake $0.50
Board [8h 2s Qc 9h 3h]
Seat 1: Zeeon (big blind) showed [As Kh] and lost with high card Ace
Seat 5: Psynto (button) (small blind) showed [2d 5h] and won ($47.50) with a pair of Deuces


PokerStars Hand #161291074044:  Hold'em Limit ($3/$6 USD) - 2016/11/12 11:59:06 ET
Table 'Anchises' 6-max Seat #5 is the button
Seat 1: Zeeon ($154.50 in chips)
Seat 5: Psynto ($175.93 in chips)
Psynto: posts small blind $1
Zeeon: posts big blind $3
*** HOLE CARDS ***
Psynto: raises $3 to $6
Zeeon: folds
Uncalled bet ($3) returned to Psynto
Psynto collected $6 from pot
Psynto: doesn't show hand
*** SUMMARY ***
Total pot $6 | Rake $0
Seat 1: Zeeon (big blind) folded before Flop
Seat 5: Psynto (button) (small blind) collected ($6)


PokerStars Hand #161291079985:  Hold'em Limit ($3/$6 USD) - 2016/11/12 11:59:15 ET
Table 'Anchises' 6-max Seat #1 is the button
Seat 1: Zeeon ($151.50 in chips)
Seat 5: Psynto ($178.93 in chips)
Zeeon: posts small blind $1
Psynto: posts big blind $3
*** HOLE CARDS ***
Zeeon: folds
Uncalled bet ($2) returned to Psynto
Psynto collected $2 from pot
Psynto: doesn't show hand
*** SUMMARY ***
Total pot $2 | Rake $0
Seat 1: Zeeon (button) (small blind) folded before Flop
Seat 5: Psynto (big blind) collected ($2)


PokerStars Hand #161291106756:  Hold'em Limit ($3/$6 USD) - 2016/11/12 11:59:56 ET
Table 'Anchises' 6-max Seat #5 is the button
Seat 1: Zeeon ($125.50 in chips)
Seat 5: Psynto ($204.43 in chips)
Psynto: posts small blind $1
Zeeon: posts big blind $3
*** HOLE CARDS ***
Psynto: raises $3 to $6
Zeeon: folds
Uncalled bet ($3) returned to Psynto
Psynto collected $6 from pot
Psynto: doesn't show hand
*** SUMMARY ***
Total pot $6 | Rake $0
Seat 1: Zeeon (big blind) folded before Flop
Seat 5: Psynto (button) (small blind) collected ($6)


PokerStars Hand #161291130846:  Hold'em Limit ($3/$6 USD) - 2016/11/12 12:00:27 ET
Table 'Anchises' 6-max Seat #5 is the button
Seat 1: Zeeon ($121.50 in chips)
Seat 5: Psynto ($208.43 in chips)
Psynto: posts small blind $1
Zeeon: posts big blind $3
*** HOLE CARDS ***
Psynto: raises $3 to $6
Zeeon: calls $3
*** FLOP *** [7d 3d Qd]
Zeeon: checks
Psynto: bets $3
Zeeon: calls $3
*** TURN *** [7d 3d Qd] [4s]
Zeeon: checks
Psynto: checks
*** RIVER *** [7d 3d Qd 4s] [Kh]
Zeeon: bets $6
Psynto: folds
Uncalled bet ($6) returned to Zeeon
Zeeon collected $17.64 from pot
Zeeon: doesn't show hand
*** SUMMARY ***
Total pot $18 | Rake $0.36
Board [7d 3d Qd 4s Kh]
Seat 1: Zeeon (big blind) collected ($17.64)
Seat 5: Psynto (button) (small blind) folded on the River


PokerStars Hand #161291122151:  Hold'em Limit ($3/$6 USD) - 2016/11/12 12:00:18 ET
Table 'Anchises' 6-max Seat #1 is the button
Seat 1: Zeeon ($122.50 in chips)
Seat 5: Psynto ($207.43 in chips)
Zeeon: posts small blind $1
Psynto: posts big blind $3
*** HOLE CARDS ***
Zeeon: folds
Uncalled bet ($2) returned to Psynto
Psynto collected $2 from pot
Psynto: doesn't show hand
*** SUMMARY ***
Total pot $2 | Rake $0
Seat 1: Zeeon (button) (small blind) folded before Flop
Seat 5: Psynto (big blind) collected ($2)


PokerStars Hand #161291157777:  Hold'em Limit ($3/$6 USD) - 2016/11/12 12:01:05 ET
Table 'Anchises' 6-max Seat #1 is the button
Seat 1: Zeeon ($130.14 in chips)
Seat 5: Psynto ($199.43 in chips)
Zeeon: posts small blind $1
I M GOIN OFF was removed from the table for failing to post
ABATAPP was removed from the table for failing to post
Psynto: posts big blind $3
*** HOLE CARDS ***
Zeeon: folds
Uncalled bet ($2) returned to Psynto
Psynto collected $2 from pot
Psynto: doesn't show hand
*** SUMMARY ***
Total pot $2 | Rake $0
Seat 1: Zeeon (button) (small blind) folded before Flop
Seat 5: Psynto (big blind) collected ($2)


PokerStars Hand #161291460487:  Hold'em Limit ($3/$6 USD) - 2016/11/12 12:07:14 ET
Table 'Anchises' 6-max Seat #5 is the button
Seat 2: ABATAPP ($122.99 in chips)
Seat 5: Psynto ($221 in chips)
Psynto: posts small blind $1
ABATAPP: posts big blind $3
*** HOLE CARDS ***
Psynto: raises $3 to $6
ABATAPP: calls $3
*** FLOP *** [Kd 4d 4c]
Mackeral joins the table at seat #3
ABATAPP: checks
Psynto: bets $3
grabaz joins the table at seat #4
ABATAPP: calls $3
*** TURN *** [Kd 4d 4c] [5c]
ABATAPP: checks
Psynto: checks
*** RIVER *** [Kd 4d 4c 5c] [9d]
ABATAPP: bets $6
Psynto: raises $6 to $12
ABATAPP: calls $6
*** SHOW DOWN ***
Psynto: shows [Qd 2d] (a flush, King high)
ABATAPP: mucks hand
Psynto collected $41.50 from pot
*** SUMMARY ***
Total pot $42 | Rake $0.50
Board [Kd 4d 4c 5c 9d]
Seat 2: ABATAPP (big blind) mucked
Seat 5: Psynto (button) (small blind) showed [Qd 2d] and won ($41.50) with a flush, King high


PokerStars Hand #161292875044:  Hold'em Limit ($3/$6 USD) - 2016/11/12 12:35:00 ET
Table 'Anchises' 6-max Seat #4 is the button
Seat 1: Zeeon ($75.08 in chips)
Seat 4: grabaz ($177.65 in chips)
grabaz: posts small blind $1
Zeeon: posts big blind $3
*** HOLE CARDS ***
grabaz: raises $3 to $6
Zeeon: folds
Uncalled bet ($3) returned to grabaz
grabaz collected $6 from pot
grabaz: doesn't show hand
*** SUMMARY ***
Total pot $6 | Rake $0
Seat 1: Zeeon (big blind) folded before Flop
Seat 4: grabaz (button) (small blind) collected ($6)


PokerStars Hand #161292870146:  Hold'em Limit ($3/$6 USD) - 2016/11/12 12:34:55 ET
Table 'Anchises' 6-max Seat #1 is the button
Seat 1: Zeeon ($76.08 in chips)
Seat 4: grabaz ($176.65 in chips)
Zeeon: posts small blind $1
grabaz: posts big blind $3
*** HOLE CARDS ***
Zeeon: folds
Uncalled bet ($2) returned to grabaz
grabaz collected $2 from pot
grabaz: doesn't show hand
*** SUMMARY ***
Total pot $2 | Rake $0
Seat 1: Zeeon (button) (small blind) folded before Flop
Seat 4: grabaz (big blind) collected ($2)


PokerStars Hand #161292848083:  Hold'em Limit ($3/$6 USD) - 2016/11/12 12:34:30 ET
Table 'Anchises' 6-max Seat #4 is the button
Seat 1: Zeeon ($82.08 in chips)
Seat 4: grabaz ($170.89 in chips)
grabaz: posts small blind $1
Zeeon: posts big blind $3
*** HOLE CARDS ***
grabaz: raises $3 to $6
Zeeon: calls $3
*** FLOP *** [Ks Th 4s]
Zeeon: checks
grabaz: bets $3
Zeeon: folds
Uncalled bet ($3) returned to grabaz
grabaz collected $11.76 from pot
grabaz: doesn't show hand
*** SUMMARY ***
Total pot $12 | Rake $0.24
Board [Ks Th 4s]
Seat 1: Zeeon (big blind) folded on the Flop
Seat 4: grabaz (button) (small blind) collected ($11.76)


PokerStars Hand #161292838898:  Hold'em Limit ($3/$6 USD) - 2016/11/12 12:34:19 ET
Table 'Anchises' 6-max Seat #1 is the button
Seat 1: Zeeon ($76.32 in chips)
Seat 4: grabaz ($176.89 in chips)
Zeeon: posts small blind $1
grabaz: posts big blind $3
*** HOLE CARDS ***
Zeeon: raises $3 to $6
grabaz: calls $3
*** FLOP *** [5c 3d Jd]
grabaz: checks
Zeeon: bets $3
grabaz: folds
Uncalled bet ($3) returned to Zeeon
Zeeon collected $11.76 from pot
Zeeon: doesn't show hand
*** SUMMARY ***
Total pot $12 | Rake $0.24
Board [5c 3d Jd]
Seat 1: Zeeon (button) (small blind) collected ($11.76)
Seat 4: grabaz (big blind) folded on the Flop


PokerStars Hand #161292891919:  Hold'em Limit ($3/$6 USD) - 2016/11/12 12:35:19 ET
Table 'Anchises' 6-max Seat #4 is the button
Seat 1: Zeeon ($71.08 in chips)
Seat 4: grabaz ($181.65 in chips)
grabaz: posts small blind $1
Zeeon: posts big blind $3
*** HOLE CARDS ***
grabaz: folds
Uncalled bet ($2) returned to Zeeon
Zeeon collected $2 from pot
Zeeon: doesn't show hand
*** SUMMARY ***
Total pot $2 | Rake $0
Seat 1: Zeeon (big blind) collected ($2)
Seat 4: grabaz (button) (small blind) folded before Flop


PokerStars Hand #161292896185:  Hold'em Limit ($3/$6 USD) - 2016/11/12 12:35:24 ET
Table 'Anchises' 6-max Seat #1 is the button
Seat 1: Zeeon ($72.08 in chips)
Seat 4: grabaz ($180.65 in chips)
Zeeon: posts small blind $1
grabaz: posts big blind $3
*** HOLE CARDS ***
Zeeon: raises $3 to $6
grabaz: calls $3
*** FLOP *** [4s 7d 5c]
grabaz: checks
Zeeon: bets $3
grabaz: calls $3
*** TURN *** [4s 7d 5c] [Th]
grabaz: checks
Zeeon: checks
*** RIVER *** [4s 7d 5c Th] [7s]
sim5sim5 joins the table at seat #6
grabaz: checks
Zeeon: checks
*** SHOW DOWN ***
grabaz: shows [Kd 8h] (a pair of Sevens)
Zeeon: shows [Ah 6s] (a pair of Sevens - Ace kicker)
Zeeon collected $17.64 from pot
*** SUMMARY ***
Total pot $18 | Rake $0.36
Board [4s 7d 5c Th 7s]
Seat 1: Zeeon (button) (small blind) showed [Ah 6s] and won ($17.64) with a pair of Sevens
Seat 4: grabaz (big blind) showed [Kd 8h] and lost with a pair of Sevens


PokerStars Hand #161292881886:  Hold'em Limit ($3/$6 USD) - 2016/11/12 12:35:08 ET
Table 'Anchises' 6-max Seat #1 is the button
Seat 1: Zeeon ($72.08 in chips)
Seat 4: grabaz ($180.65 in chips)
Zeeon: posts small blind $1
grabaz: posts big blind $3
*** HOLE CARDS ***
Zeeon: folds
Uncalled bet ($2) returned to grabaz
grabaz collected $2 from pot
grabaz: doesn't show hand
*** SUMMARY ***
Total pot $2 | Rake $0
Seat 1: Zeeon (button) (small blind) folded before Flop
Seat 4: grabaz (big blind) collected ($2)


PokerStars Hand #161293003361:  Hold'em Limit ($3/$6 USD) - 2016/11/12 12:37:25 ET
Table 'Anchises' 6-max Seat #4 is the button
Seat 1: Zeeon ($49.72 in chips)
Seat 4: grabaz ($204.73 in chips)
grabaz: posts small blind $1
sim5sim5: is sitting out
Zeeon: posts big blind $3
*** HOLE CARDS ***
grabaz: folds
Uncalled bet ($2) returned to Zeeon
Zeeon collected $2 from pot
Zeeon: doesn't show hand
*** SUMMARY ***
Total pot $2 | Rake $0
Seat 1: Zeeon (big blind) collected ($2)
Seat 4: grabaz (button) (small blind) folded before Flop


PokerStars Hand #161293010587:  Hold'em Limit ($3/$6 USD) - 2016/11/12 12:37:33 ET
Table 'Anchises' 6-max Seat #1 is the button
Seat 1: Zeeon ($50.72 in chips)
Seat 4: grabaz ($203.73 in chips)
Zeeon: posts small blind $1
grabaz: posts big blind $3
*** HOLE CARDS ***
Zeeon: raises $3 to $6
grabaz: calls $3
*** FLOP *** [6s 7h Jd]
grabaz: checks
Zeeon: bets $3
grabaz: raises $3 to $6
Zeeon: raises $3 to $9
grabaz: calls $3
*** TURN *** [6s 7h Jd] [Kh]
grabaz: checks
Zeeon: checks
*** RIVER *** [6s 7h Jd Kh] [5s]
grabaz: bets $6
Zeeon: calls $6
*** SHOW DOWN ***
grabaz: shows [Ac 7d] (a pair of Sevens)
Zeeon: shows [Ah 7s] (a pair of Sevens)
grabaz collected $20.75 from pot
Zeeon collected $20.75 from pot
*** SUMMARY ***
Total pot $42 | Rake $0.50
Board [6s 7h Jd Kh 5s]
Seat 1: Zeeon (button) (small blind) showed [Ah 7s] and won ($20.75) with a pair of Sevens
Seat 4: grabaz (big blind) showed [Ac 7d] and won ($20.75) with a pair of Sevens


PokerStars Hand #161293258787:  Hold'em Limit ($3/$6 USD) - 2016/11/12 12:42:16 ET
Table 'Anchises' 6-max Seat #6 is the button
Seat 4: grabaz ($198.01 in chips)
Seat 6: sim5sim5 ($79.47 in chips)
sim5sim5: posts small blind $1
Zeeon: is sitting out
grabaz: posts big blind $3
*** HOLE CARDS ***
sim5sim5: raises $3 to $6
grabaz: raises $3 to $9
sim5sim5: calls $3
*** FLOP *** [7s 6s 7h]
grabaz: bets $3
sim5sim5: calls $3
*** TURN *** [7s 6s 7h] [8h]
grabaz: bets $6
sim5sim5: calls $6
*** RIVER *** [7s 6s 7h 8h] [7d]
grabaz: bets $6
sim5sim5: calls $6
*** SHOW DOWN ***
grabaz: shows [9s 9h] (a full house, Sevens full of Nines)
sim5sim5: mucks hand
grabaz collected $47.50 from pot
*** SUMMARY ***
Total pot $48 | Rake $0.50
Board [7s 6s 7h 8h 7d]
Seat 4: grabaz (big blind) showed [9s 9h] and won ($47.50) with a full house, Sevens full of Nines
Seat 6: sim5sim5 (button) (small blind) mucked


PokerStars Hand #161293502056:  Hold'em Limit ($3/$6 USD) - 2016/11/12 12:46:51 ET
Table 'Anchises' 6-max Seat #1 is the button
Seat 1: Zeeon ($55.69 in chips)
Seat 6: sim5sim5 ($72 in chips)
Zeeon: posts small blind $1
sim5sim5: posts big blind $3
*** HOLE CARDS ***
Zeeon: folds
Uncalled bet ($2) returned to sim5sim5
sim5sim5 collected $2 from pot
sim5sim5: doesn't show hand
*** SUMMARY ***
Total pot $2 | Rake $0
Seat 1: Zeeon (button) (small blind) folded before Flop
Seat 6: sim5sim5 (big blind) collected ($2)


PokerStars Hand #161293493618:  Hold'em Limit ($3/$6 USD) - 2016/11/12 12:46:42 ET
Table 'Anchises' 6-max Seat #6 is the button
Seat 1: Zeeon ($54.69 in chips)
Seat 6: sim5sim5 ($72 in chips)
sim5sim5: posts small blind $1
Zeeon: posts big blind $3
*** HOLE CARDS ***
sim5sim5: folds
Uncalled bet ($2) returned to Zeeon
Zeeon collected $2 from pot
Zeeon: doesn't show hand
*** SUMMARY ***
Total pot $2 | Rake $0
Seat 1: Zeeon (big blind) collected ($2)
Seat 6: sim5sim5 (button) (small blind) folded before Flop


PokerStars Hand #161293521960:  Hold'em Limit ($3/$6 USD) - 2016/11/12 12:47:12 ET
Table 'Anchises' 6-max Seat #6 is the button
Seat 1: Zeeon ($54.69 in chips)
Seat 6: sim5sim5 ($73 in chips)
sim5sim5: posts small blind $1
Zeeon: posts big blind $3
*** HOLE CARDS ***
sim5sim5: raises $3 to $6
Zeeon: calls $3
*** FLOP *** [3s 7d Ac]
Zeeon: checks
sim5sim5: bets $3
Zeeon: calls $3
*** TURN *** [3s 7d Ac] [4c]
Zeeon: checks
sim5sim5: bets $6
Zeeon: folds
Uncalled bet ($6) returned to sim5sim5
sim5sim5 collected $17.64 from pot
sim5sim5: doesn't show hand
*** SUMMARY ***
Total pot $18 | Rake $0.36
Board [3s 7d Ac 4c]
Seat 1: Zeeon (big blind) folded on the Turn
Seat 6: sim5sim5 (button) (small blind) collected ($17.64)


PokerStars Hand #161293564367:  Hold'em Limit ($3/$6 USD) - 2016/11/12 12:47:59 ET
Table 'Anchises' 6-max Seat #6 is the button
Seat 1: Zeeon ($60.19 in chips)
Seat 6: sim5sim5 ($72 in chips)
sim5sim5: posts small blind $1
Zeeon: posts big blind $3
*** HOLE CARDS ***
sim5sim5: raises $3 to $6
Zeeon: folds
Uncalled bet ($3) returned to sim5sim5
sim5sim5 collected $6 from pot
sim5sim5: doesn't show hand
*** SUMMARY ***
Total pot $6 | Rake $0
Seat 1: Zeeon (big blind) folded before Flop
Seat 6: sim5sim5 (button) (small blind) collected ($6)


PokerStars Hand #161293539063:  Hold'em Limit ($3/$6 USD) - 2016/11/12 12:47:31 ET
Table 'Anchises' 6-max Seat #1 is the button
Seat 1: Zeeon ($45.69 in chips)
Seat 6: sim5sim5 ($81.64 in chips)
Zeeon: posts small blind $1
sim5sim5: posts big blind $3
*** HOLE CARDS ***
Zeeon: raises $3 to $6
sim5sim5: calls $3
*** FLOP *** [4h Ac Qh]
sim5sim5: checks
grabaz joins the table at seat #2
Zeeon: bets $3
sim5sim5: calls $3
*** TURN *** [4h Ac Qh] [Ks]
sim5sim5: checks
Zeeon: bets $6
sim5sim5: calls $6
*** RIVER *** [4h Ac Qh Ks] [6h]
sim5sim5: checks
Zeeon: checks
*** SHOW DOWN ***
sim5sim5: shows [9c Qs] (a pair of Queens)
Zeeon: shows [3c As] (a pair of Aces)
Zeeon collected $29.50 from pot
*** SUMMARY ***
Total pot $30 | Rake $0.50
Board [4h Ac Qh Ks 6h]
Seat 1: Zeeon (button) (small blind) showed [3c As] and won ($29.50) with a pair of Aces
Seat 6: sim5sim5 (big blind) showed [9c Qs] and lost with a pair of Queens


PokerStars Hand #161296650982:  Hold'em Limit ($3/$6 USD) - 2016/11/12 13:44:56 ET
Table 'Anchises' 6-max Seat #6 is the button
Seat 5: giizgiiz ($604.31 in chips)
Seat 6: vestimokrec ($119.28 in chips)
vestimokrec: posts small blind $1
grabaz: is sitting out
giizgiiz: posts big blind $3
*** HOLE CARDS ***
grabaz leaves the table
vestimokrec: raises $3 to $6
giizgiiz: calls $3
*** FLOP *** [3d 8h Ac]
LUVCHIPSS leaves the table
giizgiiz: checks
vestimokrec: bets $3
giizgiiz: folds
Uncalled bet ($3) returned to vestimokrec
vestimokrec collected $11.76 from pot
vestimokrec: doesn't show hand
*** SUMMARY ***
Total pot $12 | Rake $0.24
Board [3d 8h Ac]
Seat 5: giizgiiz (big blind) folded on the Flop
Seat 6: vestimokrec (button) (small blind) collected ($11.76)


PokerStars Hand #161296687004:  Hold'em Limit ($3/$6 USD) - 2016/11/12 13:45:36 ET
Table 'Anchises' 6-max Seat #6 is the button
Seat 5: giizgiiz ($583.31 in chips)
Seat 6: vestimokrec ($139.54 in chips)
vestimokrec: posts small blind $1
giizgiiz: posts big blind $3
*** HOLE CARDS ***
vestimokrec: raises $3 to $6
giizgiiz: folds
Uncalled bet ($3) returned to vestimokrec
vestimokrec collected $6 from pot
vestimokrec: doesn't show hand
*** SUMMARY ***
Total pot $6 | Rake $0
Seat 5: giizgiiz (big blind) folded before Flop
Seat 6: vestimokrec (button) (small blind) collected ($6)


PokerStars Hand #161296665548:  Hold'em Limit ($3/$6 USD) - 2016/11/12 13:45:13 ET
Table 'Anchises' 6-max Seat #5 is the button
Seat 5: giizgiiz ($598.31 in chips)
Seat 6: vestimokrec ($125.04 in chips)
giizgiiz: posts small blind $1
vestimokrec: posts big blind $3
*** HOLE CARDS ***
giizgiiz: raises $3 to $6
vestimokrec: calls $3
*** FLOP *** [Jc 3s Ac]
vestimokrec: checks
giizgiiz: bets $3
vestimokrec: raises $3 to $6
giizgiiz: raises $3 to $9
vestimokrec: raises $3 to $12
Betting is capped
giizgiiz: folds
Uncalled bet ($3) returned to vestimokrec
vestimokrec collected $29.50 from pot
vestimokrec: doesn't show hand
*** SUMMARY ***
Total pot $30 | Rake $0.50
Board [Jc 3s Ac]
Seat 5: giizgiiz (button) (small blind) folded on the Flop
Seat 6: vestimokrec (big blind) collected ($29.50)


PokerStars Hand #161296703674:  Hold'em Limit ($3/$6 USD) - 2016/11/12 13:45:55 ET
Table 'Anchises' 6-max Seat #6 is the button
Seat 5: giizgiiz ($586.07 in chips)
Seat 6: vestimokrec ($136.54 in chips)
vestimokrec: posts small blind $1
giizgiiz: posts big blind $3
*** HOLE CARDS ***
vestimokrec: folds
Uncalled bet ($2) returned to giizgiiz
giizgiiz collected $2 from pot
giizgiiz: doesn't show hand
*** SUMMARY ***
Total pot $2 | Rake $0
Seat 5: giizgiiz (big blind) collected ($2)
Seat 6: vestimokrec (button) (small blind) folded before Flop


PokerStars Hand #161296691173:  Hold'em Limit ($3/$6 USD) - 2016/11/12 13:45:41 ET
Table 'Anchises' 6-max Seat #5 is the button
Seat 5: giizgiiz ($580.31 in chips)
Seat 6: vestimokrec ($142.54 in chips)
giizgiiz: posts small blind $1
vestimokrec: posts big blind $3
*** HOLE CARDS ***
giizgiiz: raises $3 to $6
vestimokrec: calls $3
*** FLOP *** [Ah 5c Kh]
vestimokrec: checks
giizgiiz: bets $3
vestimokrec: folds
Uncalled bet ($3) returned to giizgiiz
giizgiiz collected $11.76 from pot
giizgiiz: doesn't show hand
*** SUMMARY ***
Total pot $12 | Rake $0.24
Board [Ah 5c Kh]
Seat 5: giizgiiz (button) (small blind) collected ($11.76)
Seat 6: vestimokrec (big blind) folded on the Flop


PokerStars Hand #161296709978:  Hold'em Limit ($3/$6 USD) - 2016/11/12 13:46:02 ET
Table 'Anchises' 6-max Seat #5 is the button
Seat 5: giizgiiz ($587.07 in chips)
Seat 6: vestimokrec ($135.54 in chips)
giizgiiz: posts small blind $1
vestimokrec: posts big blind $3
*** HOLE CARDS ***
giizgiiz: raises $3 to $6
vestimokrec: calls $3
*** FLOP *** [6h 3s Jd]
vestimokrec: checks
giizgiiz: bets $3
vestimokrec: calls $3
*** TURN *** [6h 3s Jd] [Tc]
vestimokrec: checks
giizgiiz: checks
*** RIVER *** [6h 3s Jd Tc] [4h]
vestimokrec: checks
giizgiiz: bets $6
vestimokrec: calls $6
svin168 joins the table at seat #3
*** SHOW DOWN ***
giizgiiz: shows [7c 5h] (a straight, Three to Seven)
vestimokrec: mucks hand
giizgiiz collected $29.50 from pot
*** SUMMARY ***
Total pot $30 | Rake $0.50
Board [6h 3s Jd Tc 4h]
Seat 5: giizgiiz (button) (small blind) showed [7c 5h] and won ($29.50) with a straight, Three to Seven
Seat 6: vestimokrec (big blind) mucked


PokerStars Hand #161301869795:  Hold'em Limit ($3/$6 USD) - 2016/11/12 15:25:36 ET
Table 'Anchises' 6-max Seat #3 is the button
Seat 3: zizonmusang ($74.88 in chips)
Seat 5: ABATAPP ($121.50 in chips)
zizonmusang: posts small blind $1
ABATAPP: posts big blind $3
*** HOLE CARDS ***
zizonmusang: folds
Uncalled bet ($2) returned to ABATAPP
ABATAPP collected $2 from pot
ABATAPP: doesn't show hand
*** SUMMARY ***
Total pot $2 | Rake $0
Seat 3: zizonmusang (button) (small blind) folded before Flop
Seat 5: ABATAPP (big blind) collected ($2)


PokerStars Hand #161301856145:  Hold'em Limit ($3/$6 USD) - 2016/11/12 15:25:20 ET
Table 'Anchises' 6-max Seat #5 is the button
Seat 3: zizonmusang ($66.24 in chips)
Seat 5: ABATAPP ($130.50 in chips)
ABATAPP: posts small blind $1
vestimokrec: is sitting out
zizonmusang: posts big blind $3
*** HOLE CARDS ***
ABATAPP: raises $3 to $6
vestimokrec leaves the table
zizonmusang: raises $3 to $9
ABATAPP: calls $3
*** FLOP *** [As Qd 3h]
zizonmusang: bets $3
ABATAPP: folds
Uncalled bet ($3) returned to zizonmusang
zizonmusang collected $17.64 from pot
zizonmusang: doesn't show hand
*** SUMMARY ***
Total pot $18 | Rake $0.36
Board [As Qd 3h]
Seat 3: zizonmusang (big blind) collected ($17.64)
Seat 5: ABATAPP (button) (small blind) folded on the Flop


