PokerStars Hand #149648903199:  Hold'em Limit ($3/$6 USD) - 2016/02/29 22:32:00 ET
Table 'Anchialos' 6-max Seat #1 is the button
Seat 1: LifeisagameX ($60 in chips)
Seat 2: degal76 ($54.30 in chips)
LifeisagameX: posts small blind $1
degal76: posts big blind $3
*** HOLE CARDS ***
LifeisagameX: raises $3 to $6
degal76: folds
Uncalled bet ($3) returned to LifeisagameX
LifeisagameX collected $6 from pot
*** SUMMARY ***
Total pot $6 | Rake $0
Seat 1: LifeisagameX (button) (small blind) collected ($6)
Seat 2: degal76 (big blind) folded before Flop


PokerStars Hand #149648900382:  Hold'em Limit ($3/$6 USD) - 2016/02/29 22:31:52 ET
Table 'Anchialos' 6-max Seat #2 is the button
Seat 1: LifeisagameX ($59 in chips)
Seat 2: degal76 ($55.30 in chips)
degal76: posts small blind $1
LifeisagameX: posts big blind $3
*** HOLE CARDS ***
degal76: folds
Uncalled bet ($2) returned to LifeisagameX
LifeisagameX collected $2 from pot
LifeisagameX: doesn't show hand
*** SUMMARY ***
Total pot $2 | Rake $0
Seat 1: LifeisagameX (big blind) collected ($2)
Seat 2: degal76 (button) (small blind) folded before Flop


PokerStars Hand #149648894816:  Hold'em Limit ($3/$6 USD) - 2016/02/29 22:31:37 ET
Table 'Anchialos' 6-max Seat #1 is the button
Seat 1: LifeisagameX ($60 in chips)
Seat 2: degal76 ($54.30 in chips)
LifeisagameX: posts small blind $1
degal76: posts big blind $3
*** HOLE CARDS ***
LifeisagameX: folds
Uncalled bet ($2) returned to degal76
degal76 collected $2 from pot
degal76: doesn't show hand
*** SUMMARY ***
Total pot $2 | Rake $0
Seat 1: LifeisagameX (button) (small blind) folded before Flop
Seat 2: degal76 (big blind) collected ($2)


PokerStars Hand #149648907139:  Hold'em Limit ($3/$6 USD) - 2016/02/29 22:32:11 ET
Table 'Anchialos' 6-max Seat #2 is the button
Seat 1: LifeisagameX ($63 in chips)
Seat 2: degal76 ($51.30 in chips)
degal76: posts small blind $1
LifeisagameX: posts big blind $3
*** HOLE CARDS ***
degal76: raises $3 to $6
LifeisagameX: raises $3 to $9
degal76: calls $3
*** FLOP *** [9c 7s 4d]
LifeisagameX: bets $3
degal76: calls $3
*** TURN *** [9c 7s 4d] [Ac]
LifeisagameX: bets $6
degal76: raises $6 to $12
LifeisagameX: folds
Uncalled bet ($6) returned to degal76
degal76 collected $35.50 from pot
degal76: doesn't show hand
*** SUMMARY ***
Total pot $36 | Rake $0.50
Board [9c 7s 4d Ac]
Seat 1: LifeisagameX (big blind) folded on the Turn
Seat 2: degal76 (button) (small blind) collected ($35.50)


PokerStars Hand #149648944457:  Hold'em Limit ($3/$6 USD) - 2016/02/29 22:33:54 ET
Table 'Anchialos' 6-max Seat #2 is the button
Seat 1: LifeisagameX ($65.50 in chips)
Seat 2: degal76 ($47.80 in chips)
degal76: posts small blind $1
LifeisagameX: posts big blind $3
*** HOLE CARDS ***
degal76: folds
Uncalled bet ($2) returned to LifeisagameX
LifeisagameX collected $2 from pot
LifeisagameX: doesn't show hand
*** SUMMARY ***
Total pot $2 | Rake $0
Seat 1: LifeisagameX (big blind) collected ($2)
Seat 2: degal76 (button) (small blind) folded before Flop


PokerStars Hand #149648923988:  Hold'em Limit ($3/$6 USD) - 2016/02/29 22:32:57 ET
Table 'Anchialos' 6-max Seat #1 is the button
Seat 1: LifeisagameX ($45 in chips)
Seat 2: degal76 ($68.80 in chips)
LifeisagameX: posts small blind $1
degal76: posts big blind $3
*** HOLE CARDS ***
LifeisagameX: raises $3 to $6
degal76: calls $3
*** FLOP *** [9c 5c 3h]
degal76: checks
LifeisagameX: bets $3
degal76: calls $3
*** TURN *** [9c 5c 3h] [7h]
degal76: checks
LifeisagameX: bets $6
degal76: calls $6
*** RIVER *** [9c 5c 3h 7h] [3s]
degal76: bets $6
LifeisagameX: calls $6
*** SHOW DOWN ***
degal76: shows [4s Jh] (a pair of Threes)
LifeisagameX: shows [9d Kd] (two pair, Nines and Threes)
LifeisagameX collected $41.50 from pot
*** SUMMARY ***
Total pot $42 | Rake $0.50
Board [9c 5c 3h 7h 3s]
Seat 1: LifeisagameX (button) (small blind) showed [9d Kd] and won ($41.50) with two pair, Nines and Threes
Seat 2: degal76 (big blind) showed [4s Jh] and lost with a pair of Threes


PokerStars Hand #149648946263:  Hold'em Limit ($3/$6 USD) - 2016/02/29 22:33:59 ET
Table 'Anchialos' 6-max Seat #1 is the button
Seat 1: LifeisagameX ($66.50 in chips)
Seat 2: degal76 ($46.80 in chips)
LifeisagameX: posts small blind $1
degal76: posts big blind $3
*** HOLE CARDS ***
LifeisagameX: raises $3 to $6
degal76: raises $3 to $9
LifeisagameX: calls $3
*** FLOP *** [Ks Jh Kh]
degal76: bets $3
LifeisagameX: calls $3
*** TURN *** [Ks Jh Kh] [4d]
degal76: bets $6
LifeisagameX: calls $6
*** RIVER *** [Ks Jh Kh 4d] [4s]
degal76: bets $6
LifeisagameX: calls $6
*** SHOW DOWN ***
degal76: shows [5d 6s] (two pair, Kings and Fours)
LifeisagameX: shows [As 3s] (two pair, Kings and Fours - Ace kicker)
LifeisagameX collected $47.50 from pot
*** SUMMARY ***
Total pot $48 | Rake $0.50
Board [Ks Jh Kh 4d 4s]
Seat 1: LifeisagameX (button) (small blind) showed [As 3s] and won ($47.50) with two pair, Kings and Fours
Seat 2: degal76 (big blind) showed [5d 6s] and lost with two pair, Kings and Fours


PokerStars Hand #149648961320:  Hold'em Limit ($3/$6 USD) - 2016/02/29 22:34:41 ET
Table 'Anchialos' 6-max Seat #2 is the button
Seat 1: LifeisagameX ($90 in chips)
Seat 2: degal76 ($22.80 in chips)
degal76: posts small blind $1
LifeisagameX: posts big blind $3
*** HOLE CARDS ***
degal76: raises $3 to $6
LifeisagameX: calls $3
*** FLOP *** [Qd Jh 8s]
LifeisagameX: checks
degal76: bets $3
LifeisagameX: calls $3
*** TURN *** [Qd Jh 8s] [2c]
LifeisagameX: checks
degal76: bets $6
LifeisagameX: calls $6
*** RIVER *** [Qd Jh 8s 2c] [Kd]
LifeisagameX: checks
degal76: bets $6
LifeisagameX: calls $6
*** SHOW DOWN ***
degal76: shows [Js 4d] (a pair of Jacks)
LifeisagameX: mucks hand
degal76 collected $41.50 from pot
*** SUMMARY ***
Total pot $42 | Rake $0.50
Board [Qd Jh 8s 2c Kd]
Seat 1: LifeisagameX (big blind) mucked
Seat 2: degal76 (button) (small blind) showed [Js 4d] and won ($41.50) with a pair of Jacks


PokerStars Hand #149648987731:  Hold'em Limit ($3/$6 USD) - 2016/02/29 22:35:53 ET
Table 'Anchialos' 6-max Seat #1 is the button
Seat 1: LifeisagameX ($69 in chips)
Seat 2: degal76 ($43.30 in chips)
LifeisagameX: posts small blind $1
degal76: posts big blind $3
*** HOLE CARDS ***
LifeisagameX: raises $3 to $6
degal76: raises $3 to $9
LifeisagameX: calls $3
*** FLOP *** [6h Ad 3c]
degal76: bets $3
LifeisagameX: calls $3
*** TURN *** [6h Ad 3c] [4s]
degal76: bets $6
LifeisagameX: folds
Uncalled bet ($6) returned to degal76
degal76 collected $23.52 from pot
degal76: doesn't show hand
*** SUMMARY ***
Total pot $24 | Rake $0.48
Board [6h Ad 3c 4s]
Seat 1: LifeisagameX (button) (small blind) folded on the Turn
Seat 2: degal76 (big blind) collected ($23.52)


PokerStars Hand #149649030590:  Hold'em Limit ($3/$6 USD) - 2016/02/29 22:37:52 ET
Table 'Anchialos' 6-max Seat #1 is the button
Seat 1: LifeisagameX ($71.50 in chips)
Seat 2: degal76 ($39.82 in chips)
LifeisagameX: posts small blind $1
degal76: posts big blind $3
*** HOLE CARDS ***
LifeisagameX: raises $3 to $6
degal76: calls $3
*** FLOP *** [8h 7d 7c]
degal76: folds
LifeisagameX collected $11.76 from pot
*** SUMMARY ***
Total pot $12 | Rake $0.24
Board [8h 7d 7c]
Seat 1: LifeisagameX (button) (small blind) collected ($11.76)
Seat 2: degal76 (big blind) folded on the Flop


PokerStars Hand #149649003066:  Hold'em Limit ($3/$6 USD) - 2016/02/29 22:36:35 ET
Table 'Anchialos' 6-max Seat #2 is the button
Seat 1: LifeisagameX ($57 in chips)
Seat 2: degal76 ($54.82 in chips)
degal76: posts small blind $1
LifeisagameX: posts big blind $3
*** HOLE CARDS ***
degal76: raises $3 to $6
LifeisagameX: calls $3
*** FLOP *** [Kc 4c 4s]
LifeisagameX: checks
degal76: bets $3
LifeisagameX: calls $3
*** TURN *** [Kc 4c 4s] [6h]
LifeisagameX: checks
degal76: bets $6
LifeisagameX: raises $6 to $12
degal76: folds
Uncalled bet ($6) returned to LifeisagameX
LifeisagameX collected $29.50 from pot
LifeisagameX: doesn't show hand
*** SUMMARY ***
Total pot $30 | Rake $0.50
Board [Kc 4c 4s 6h]
Seat 1: LifeisagameX (big blind) collected ($29.50)
Seat 2: degal76 (button) (small blind) folded on the Turn


PokerStars Hand #149649036383:  Hold'em Limit ($3/$6 USD) - 2016/02/29 22:38:08 ET
Table 'Anchialos' 6-max Seat #2 is the button
Seat 1: LifeisagameX ($77.26 in chips)
Seat 2: degal76 ($33.82 in chips)
degal76: posts small blind $1
LifeisagameX: posts big blind $3
*** HOLE CARDS ***
degal76: raises $3 to $6
LifeisagameX: calls $3
*** FLOP *** [6h Js 8d]
LifeisagameX: checks
degal76: bets $3
LifeisagameX: folds
Uncalled bet ($3) returned to degal76
degal76 collected $11.76 from pot
degal76: doesn't show hand
*** SUMMARY ***
Total pot $12 | Rake $0.24
Board [6h Js 8d]
Seat 1: LifeisagameX (big blind) folded on the Flop
Seat 2: degal76 (button) (small blind) collected ($11.76)


PokerStars Hand #149649057279:  Hold'em Limit ($3/$6 USD) - 2016/02/29 22:39:06 ET
Table 'Anchialos' 6-max Seat #1 is the button
Seat 1: LifeisagameX ($71.26 in chips)
Seat 2: degal76 ($39.58 in chips)
LifeisagameX: posts small blind $1
degal76: posts big blind $3
*** HOLE CARDS ***
LifeisagameX: raises $3 to $6
degal76: folds
Uncalled bet ($3) returned to LifeisagameX
degal76 leaves the table
LifeisagameX collected $6 from pot
LifeisagameX: doesn't show hand
*** SUMMARY ***
Total pot $6 | Rake $0
Seat 1: LifeisagameX (button) (small blind) collected ($6)
Seat 2: degal76 (big blind) folded before Flop


