PokerStars Hand #166835487538:  Hold'em Limit ($3/$6 USD) - 2017/02/26 22:54:13 ET
Table 'Anchialos' 6-max Seat #2 is the button
Seat 2: ranran68 ($36.69 in chips)
Seat 4: SassyShads ($44.08 in chips)
ranran68: posts small blind $1
SassyShads: posts big blind $3
*** HOLE CARDS ***
ranran68: raises $3 to $6
SassyShads: folds
Uncalled bet ($3) returned to ranran68
ranran68 collected $6 from pot
ranran68: doesn't show hand
*** SUMMARY ***
Total pot $6 | Rake $0
Seat 2: ranran68 (button) (small blind) collected ($6)
Seat 4: SassyShads (big blind) folded before Flop


PokerStars Hand #166835485716:  Hold'em Limit ($3/$6 USD) - 2017/02/26 22:54:07 ET
Table 'Anchialos' 6-max Seat #4 is the button
Seat 2: ranran68 ($35.69 in chips)
Seat 4: SassyShads ($45.08 in chips)
SassyShads: posts small blind $1
ranran68: posts big blind $3
*** HOLE CARDS ***
SassyShads: folds
Uncalled bet ($2) returned to ranran68
ranran68 collected $2 from pot
ranran68: doesn't show hand
*** SUMMARY ***
Total pot $2 | Rake $0
Seat 2: ranran68 (big blind) collected ($2)
Seat 4: SassyShads (button) (small blind) folded before Flop


PokerStars Hand #166835500593:  Hold'em Limit ($3/$6 USD) - 2017/02/26 22:54:54 ET
Table 'Anchialos' 6-max Seat #2 is the button
Seat 2: ranran68 ($60.19 in chips)
Seat 4: SassyShads ($20.08 in chips)
ranran68: posts small blind $1
SassyShads: posts big blind $3
*** HOLE CARDS ***
ranran68: raises $3 to $6
SassyShads: raises $3 to $9
ranran68: calls $3
*** FLOP *** [4c Kd Tc]
SassyShads: bets $3
ranran68: calls $3
*** TURN *** [4c Kd Tc] [5c]
SassyShads: bets $6
ranran68: folds
Uncalled bet ($6) returned to SassyShads
SassyShads collected $23.52 from pot
SassyShads: doesn't show hand
*** SUMMARY ***
Total pot $24 | Rake $0.48
Board [4c Kd Tc 5c]
Seat 2: ranran68 (button) (small blind) folded on the Turn
Seat 4: SassyShads (big blind) collected ($23.52)


PokerStars Hand #166835492534:  Hold'em Limit ($3/$6 USD) - 2017/02/26 22:54:29 ET
Table 'Anchialos' 6-max Seat #4 is the button
Seat 2: ranran68 ($39.69 in chips)
Seat 4: SassyShads ($41.08 in chips)
SassyShads: posts small blind $1
ranran68: posts big blind $3
*** HOLE CARDS ***
SassyShads: raises $3 to $6
ranran68: calls $3
*** FLOP *** [2c 4h 3d]
ranran68: bets $3
SassyShads: calls $3
*** TURN *** [2c 4h 3d] [7h]
ranran68: bets $6
SassyShads: calls $6
*** RIVER *** [2c 4h 3d 7h] [5c]
ranran68: checks
SassyShads: bets $6
ranran68: raises $6 to $12
SassyShads: folds
Uncalled bet ($6) returned to ranran68
ranran68 collected $41.50 from pot
ranran68: doesn't show hand
*** SUMMARY ***
Total pot $42 | Rake $0.50
Board [2c 4h 3d 7h 5c]
Seat 2: ranran68 (big blind) collected ($41.50)
Seat 4: SassyShads (button) (small blind) folded on the River


PokerStars Hand #166835520388:  Hold'em Limit ($3/$6 USD) - 2017/02/26 22:56:03 ET
Table 'Anchialos' 6-max Seat #4 is the button
Seat 2: ranran68 ($56.83 in chips)
Seat 4: SassyShads ($22.60 in chips)
SassyShads: posts small blind $1
ranran68: posts big blind $3
*** HOLE CARDS ***
SassyShads: raises $3 to $6
ranran68: calls $3
*** FLOP *** [Jc 8d Tc]
ranran68: checks
SassyShads: bets $3
ranran68: folds
Uncalled bet ($3) returned to SassyShads
SassyShads collected $11.76 from pot
SassyShads: doesn't show hand
*** SUMMARY ***
Total pot $12 | Rake $0.24
Board [Jc 8d Tc]
Seat 2: ranran68 (big blind) folded on the Flop
Seat 4: SassyShads (button) (small blind) collected ($11.76)


PokerStars Hand #166835514641:  Hold'em Limit ($3/$6 USD) - 2017/02/26 22:55:43 ET
Table 'Anchialos' 6-max Seat #2 is the button
Seat 2: ranran68 ($51.07 in chips)
Seat 4: SassyShads ($28.60 in chips)
ranran68: posts small blind $1
SassyShads: posts big blind $3
*** HOLE CARDS ***
ranran68: raises $3 to $6
SassyShads: calls $3
*** FLOP *** [Ac Ad 7c]
SassyShads: checks
ranran68: checks
*** TURN *** [Ac Ad 7c] [Qh]
SassyShads: checks
ranran68: bets $6
SassyShads: folds
Uncalled bet ($6) returned to ranran68
ranran68 collected $11.76 from pot
ranran68: doesn't show hand
*** SUMMARY ***
Total pot $12 | Rake $0.24
Board [Ac Ad 7c Qh]
Seat 2: ranran68 (button) (small blind) collected ($11.76)
Seat 4: SassyShads (big blind) folded on the Turn


PokerStars Hand #166835505837:  Hold'em Limit ($3/$6 USD) - 2017/02/26 22:55:11 ET
Table 'Anchialos' 6-max Seat #4 is the button
Seat 2: ranran68 ($48.19 in chips)
Seat 4: SassyShads ($31.60 in chips)
SassyShads: posts small blind $1
ranran68: posts big blind $3
*** HOLE CARDS ***
SassyShads: calls $2
ranran68: checks
*** FLOP *** [Th Tc 6h]
ranran68: checks
SassyShads: checks
*** TURN *** [Th Tc 6h] [3c]
ranran68: checks
SassyShads: checks
*** RIVER *** [Th Tc 6h 3c] [4c]
ranran68: checks
SassyShads: checks
*** SHOW DOWN ***
ranran68: shows [7d Ks] (a pair of Tens)
SassyShads: mucks hand
ranran68 collected $5.88 from pot
*** SUMMARY ***
Total pot $6 | Rake $0.12
Board [Th Tc 6h 3c 4c]
Seat 2: ranran68 (big blind) showed [7d Ks] and won ($5.88) with a pair of Tens
Seat 4: SassyShads (button) (small blind) mucked


