PokerStars Hand #171938002043:  Hold'em Limit ($3/$6 USD) - 2017/06/18 13:24:40 ET
Table 'Anchialos II' 6-max Seat #6 is the button
Seat 1: scorpio04 ($337.61 in chips)
Seat 6: Bablonaut ($369.85 in chips)
Bablonaut: posts small blind $1
scorpio04: posts big blind $3
*** HOLE CARDS ***
Bablonaut: folds
Uncalled bet ($2) returned to scorpio04
scorpio04 collected $2 from pot
scorpio04: doesn't show hand
*** SUMMARY ***
Total pot $2 | Rake $0
Seat 1: scorpio04 (big blind) collected ($2)
Seat 6: Bablonaut (button) (small blind) folded before Flop


PokerStars Hand #171937979274:  Hold'em Limit ($3/$6 USD) - 2017/06/18 13:24:12 ET
Table 'Anchialos II' 6-max Seat #1 is the button
Seat 1: scorpio04 ($323.11 in chips)
Seat 6: Bablonaut ($384.85 in chips)
scorpio04: posts small blind $1
bAAchi: is sitting out
vestimokrec: is sitting out
Bablonaut: posts big blind $3
*** HOLE CARDS ***
scorpio04: raises $3 to $6
Bablonaut: calls $3
*** FLOP *** [Qd 3c 4d]
Bablonaut: checks
scorpio04: bets $3
Bablonaut: calls $3
*** TURN *** [Qd 3c 4d] [2s]
Bablonaut: checks
scorpio04: bets $6
Bablonaut: calls $6
*** RIVER *** [Qd 3c 4d 2s] [Jc]
#ah56d# joins the table at seat #3
Bablonaut: checks
scorpio04: bets $6
Bablonaut: folds
Uncalled bet ($6) returned to scorpio04
scorpio04 collected $29.50 from pot
scorpio04: doesn't show hand
*** SUMMARY ***
Total pot $30 | Rake $0.50
Board [Qd 3c 4d 2s Jc]
Seat 1: scorpio04 (button) (small blind) collected ($29.50)
Seat 6: Bablonaut (big blind) folded on the River


