PokerStars Hand #156990305413:  Hold'em Limit ($3/$6 USD) - 2016/08/07 15:36:59 ET
Table 'Anchialos' 6-max Seat #3 is the button
Seat 3: tutones87 ($51.26 in chips)
Seat 4: AzureCaper ($72 in chips)
tutones87: posts small blind $1
AzureCaper: posts big blind $3
*** HOLE CARDS ***
vestimokrec joins the table at seat #5
tutones87: raises $3 to $6
AzureCaper: calls $3
*** FLOP *** [Js 2c 3h]
AzureCaper: bets $3
tutones87: raises $3 to $6
AzureCaper: folds
Uncalled bet ($3) returned to tutones87
tutones87 collected $17.64 from pot
tutones87: doesn't show hand
*** SUMMARY ***
Total pot $18 | Rake $0.36
Board [Js 2c 3h]
Seat 3: tutones87 (button) (small blind) collected ($17.64)
Seat 4: AzureCaper (big blind) folded on the Flop


PokerStars Hand #156990475568:  Hold'em Limit ($3/$6 USD) - 2016/08/07 15:40:17 ET
Table 'Anchialos' 6-max Seat #4 is the button
Seat 3: tutones87 ($43.43 in chips)
Seat 4: AzureCaper ($81.37 in chips)
AzureCaper: posts small blind $1
vestimokrec: is sitting out
tutones87: posts big blind $3
*** HOLE CARDS ***
AzureCaper: raises $3 to $6
vestimokrec leaves the table
tutones87: raises $3 to $9
AzureCaper: calls $3
*** FLOP *** [4s 6h Qs]
tutones87: bets $3
AzureCaper: calls $3
*** TURN *** [4s 6h Qs] [5s]
tutones87: bets $6
AzureCaper: raises $6 to $12
tutones87: calls $6
*** RIVER *** [4s 6h Qs 5s] [7c]
tutones87: bets $6
AzureCaper: calls $6
*** SHOW DOWN ***
tutones87: shows [3d 3c] (a straight, Three to Seven)
AzureCaper: mucks hand
tutones87 collected $59.50 from pot
*** SUMMARY ***
Total pot $60 | Rake $0.50
Board [4s 6h Qs 5s 7c]
Seat 3: tutones87 (big blind) showed [3d 3c] and won ($59.50) with a straight, Three to Seven
Seat 4: AzureCaper (button) (small blind) mucked


PokerStars Hand #156990534526:  Hold'em Limit ($3/$6 USD) - 2016/08/07 15:41:26 ET
Table 'Anchialos' 6-max Seat #3 is the button
Seat 3: tutones87 ($64.93 in chips)
Seat 4: AzureCaper ($79.64 in chips)
tutones87: posts small blind $1
AzureCaper: posts big blind $3
*** HOLE CARDS ***
tutones87: raises $3 to $6
AzureCaper: raises $3 to $9
tutones87: calls $3
*** FLOP *** [Kd 6c 3c]
AzureCaper: bets $3
tutones87: folds
Uncalled bet ($3) returned to AzureCaper
AzureCaper collected $17.64 from pot
AzureCaper: doesn't show hand
*** SUMMARY ***
Total pot $18 | Rake $0.36
Board [Kd 6c 3c]
Seat 3: tutones87 (button) (small blind) folded on the Flop
Seat 4: AzureCaper (big blind) collected ($17.64)


PokerStars Hand #156990530682:  Hold'em Limit ($3/$6 USD) - 2016/08/07 15:41:21 ET
Table 'Anchialos' 6-max Seat #4 is the button
Seat 3: tutones87 ($63.93 in chips)
Seat 4: AzureCaper ($80.64 in chips)
AzureCaper: posts small blind $1
tutones87: posts big blind $3
*** HOLE CARDS ***
AzureCaper: folds
Uncalled bet ($2) returned to tutones87
tutones87 collected $2 from pot
tutones87: doesn't show hand
*** SUMMARY ***
Total pot $2 | Rake $0
Seat 3: tutones87 (big blind) collected ($2)
Seat 4: AzureCaper (button) (small blind) folded before Flop


PokerStars Hand #156990502384:  Hold'em Limit ($3/$6 USD) - 2016/08/07 15:40:48 ET
Table 'Anchialos' 6-max Seat #3 is the button
Seat 3: tutones87 ($72.93 in chips)
Seat 4: AzureCaper ($72 in chips)
tutones87: posts small blind $1
AzureCaper: posts big blind $3
*** HOLE CARDS ***
tutones87: raises $3 to $6
AzureCaper: raises $3 to $9
tutones87: calls $3
*** FLOP *** [Qh Kd Td]
AzureCaper: bets $3
tutones87: folds
Uncalled bet ($3) returned to AzureCaper
AzureCaper collected $17.64 from pot
AzureCaper: doesn't show hand
*** SUMMARY ***
Total pot $18 | Rake $0.36
Board [Qh Kd Td]
Seat 3: tutones87 (button) (small blind) folded on the Flop
Seat 4: AzureCaper (big blind) collected ($17.64)


PokerStars Hand #156990547788:  Hold'em Limit ($3/$6 USD) - 2016/08/07 15:41:41 ET
Table 'Anchialos' 6-max Seat #4 is the button
Seat 3: tutones87 ($55.93 in chips)
Seat 4: AzureCaper ($88.28 in chips)
AzureCaper: posts small blind $1
tutones87: posts big blind $3
*** HOLE CARDS ***
AzureCaper: raises $3 to $6
tutones87: raises $3 to $9
AzureCaper: calls $3
*** FLOP *** [Jd 8h Qd]
tutones87: bets $3
AzureCaper: calls $3
*** TURN *** [Jd 8h Qd] [3h]
tutones87: checks
AzureCaper: bets $6
tutones87: folds
Uncalled bet ($6) returned to AzureCaper
AzureCaper collected $23.52 from pot
AzureCaper: doesn't show hand
*** SUMMARY ***
Total pot $24 | Rake $0.48
Board [Jd 8h Qd 3h]
Seat 3: tutones87 (big blind) folded on the Turn
Seat 4: AzureCaper (button) (small blind) collected ($23.52)


PokerStars Hand #156990567202:  Hold'em Limit ($3/$6 USD) - 2016/08/07 15:42:04 ET
Table 'Anchialos' 6-max Seat #3 is the button
Seat 3: tutones87 ($43.93 in chips)
Seat 4: AzureCaper ($99.80 in chips)
tutones87: posts small blind $1
AzureCaper: posts big blind $3
*** HOLE CARDS ***
tutones87: raises $3 to $6
AzureCaper: calls $3
*** FLOP *** [5c 8s Js]
AzureCaper: checks
tutones87: bets $3
AzureCaper: calls $3
*** TURN *** [5c 8s Js] [6d]
AzureCaper: bets $6
tutones87: raises $6 to $12
AzureCaper: calls $6
*** RIVER *** [5c 8s Js 6d] [Ts]
AzureCaper: checks
tutones87: bets $6
AzureCaper: calls $6
*** SHOW DOWN ***
tutones87: shows [9d 7d] (a straight, Seven to Jack)
AzureCaper: mucks hand
tutones87 collected $53.50 from pot
*** SUMMARY ***
Total pot $54 | Rake $0.50
Board [5c 8s Js 6d Ts]
Seat 3: tutones87 (button) (small blind) showed [9d 7d] and won ($53.50) with a straight, Seven to Jack
Seat 4: AzureCaper (big blind) mucked


PokerStars Hand #156990602383:  Hold'em Limit ($3/$6 USD) - 2016/08/07 15:42:45 ET
Table 'Anchialos' 6-max Seat #4 is the button
Seat 3: tutones87 ($70.43 in chips)
Seat 4: AzureCaper ($72.80 in chips)
AzureCaper: posts small blind $1
tutones87: posts big blind $3
*** HOLE CARDS ***
AzureCaper: raises $3 to $6
tutones87: raises $3 to $9
AzureCaper: calls $3
*** FLOP *** [Jh Kd 9s]
tutones87: checks
AzureCaper: checks
*** TURN *** [Jh Kd 9s] [3h]
tutones87: bets $6
AzureCaper: calls $6
*** RIVER *** [Jh Kd 9s 3h] [Tc]
tutones87: bets $6
AzureCaper: calls $6
*** SHOW DOWN ***
tutones87: shows [3c 3d] (three of a kind, Threes)
AzureCaper: mucks hand
tutones87 collected $41.50 from pot
*** SUMMARY ***
Total pot $42 | Rake $0.50
Board [Jh Kd 9s 3h Tc]
Seat 3: tutones87 (big blind) showed [3c 3d] and won ($41.50) with three of a kind, Threes
Seat 4: AzureCaper (button) (small blind) mucked


PokerStars Hand #156990639751:  Hold'em Limit ($3/$6 USD) - 2016/08/07 15:43:29 ET
Table 'Anchialos' 6-max Seat #3 is the button
Seat 3: tutones87 ($90.93 in chips)
Seat 4: AzureCaper ($72 in chips)
tutones87: posts small blind $1
AzureCaper: posts big blind $3
*** HOLE CARDS ***
tutones87: raises $3 to $6
AzureCaper: raises $3 to $9
tutones87: calls $3
*** FLOP *** [Td 4d 7s]
AzureCaper: bets $3
tutones87: calls $3
*** TURN *** [Td 4d 7s] [9h]
AzureCaper: checks
tutones87: bets $6
AzureCaper: folds
Uncalled bet ($6) returned to tutones87
tutones87 collected $23.52 from pot
tutones87: doesn't show hand
*** SUMMARY ***
Total pot $24 | Rake $0.48
Board [Td 4d 7s 9h]
Seat 3: tutones87 (button) (small blind) collected ($23.52)
Seat 4: AzureCaper (big blind) folded on the Turn


