PokerStars Hand #161069656660:  Hold'em Limit ($3/$6 USD) - 2016/11/07 19:31:16 ET
Table 'Anchises' 6-max Seat #6 is the button
Seat 4: Actionni13 ($155.76 in chips)
Seat 6: barranqueiro ($306.11 in chips)
barranqueiro: posts small blind $1
Actionni13: posts big blind $3
*** HOLE CARDS ***
barranqueiro: raises $3 to $6
Actionni13: raises $3 to $9
barranqueiro: calls $3
*** FLOP *** [Kh Jc 2s]
Actionni13: bets $3
barranqueiro: folds
Uncalled bet ($3) returned to Actionni13
Actionni13 collected $17.64 from pot
Actionni13: doesn't show hand
*** SUMMARY ***
Total pot $18 | Rake $0.36
Board [Kh Jc 2s]
Seat 4: Actionni13 (big blind) collected ($17.64)
Seat 6: barranqueiro (button) (small blind) folded on the Flop


PokerStars Hand #161069650841:  Hold'em Limit ($3/$6 USD) - 2016/11/07 19:31:06 ET
Table 'Anchises' 6-max Seat #4 is the button
Seat 4: Actionni13 ($150 in chips)
Seat 6: barranqueiro ($312.11 in chips)
Actionni13: posts small blind $1
barranqueiro: posts big blind $3
*** HOLE CARDS ***
Actionni13: raises $3 to $6
barranqueiro: calls $3
*** FLOP *** [5h 3d Qh]
barranqueiro: checks
Actionni13: bets $3
barranqueiro: folds
Uncalled bet ($3) returned to Actionni13
Actionni13 collected $11.76 from pot
Actionni13: doesn't show hand
*** SUMMARY ***
Total pot $12 | Rake $0.24
Board [5h 3d Qh]
Seat 4: Actionni13 (button) (small blind) collected ($11.76)
Seat 6: barranqueiro (big blind) folded on the Flop


PokerStars Hand #161069635328:  Hold'em Limit ($3/$6 USD) - 2016/11/07 19:30:40 ET
Table 'Anchises' 6-max Seat #6 is the button
Seat 4: Actionni13 ($150 in chips)
Seat 6: barranqueiro ($297.61 in chips)
barranqueiro: posts small blind $1
Actionni13: posts big blind $3
*** HOLE CARDS ***
barranqueiro: raises $3 to $6
Actionni13: calls $3
*** FLOP *** [Kh 5s Tc]
Actionni13: checks
barranqueiro: bets $3
Actionni13: calls $3
*** TURN *** [Kh 5s Tc] [3h]
Actionni13: checks
barranqueiro: bets $6
Actionni13: calls $6
*** RIVER *** [Kh 5s Tc 3h] [Qd]
Actionni13: checks
barranqueiro: bets $6
Actionni13: folds
Uncalled bet ($6) returned to barranqueiro
barranqueiro collected $29.50 from pot
*** SUMMARY ***
Total pot $30 | Rake $0.50
Board [Kh 5s Tc 3h Qd]
Seat 4: Actionni13 (big blind) folded on the River
Seat 6: barranqueiro (button) (small blind) collected ($29.50)


PokerStars Hand #161069684094:  Hold'em Limit ($3/$6 USD) - 2016/11/07 19:32:03 ET
Table 'Anchises' 6-max Seat #4 is the button
Seat 4: Actionni13 ($164.04 in chips)
Seat 6: barranqueiro ($296.75 in chips)
Actionni13: posts small blind $1
barranqueiro: posts big blind $3
*** HOLE CARDS ***
Actionni13: raises $3 to $6
barranqueiro: calls $3
*** FLOP *** [Jc 9c 6c]
xRauIx joins the table at seat #1
barranqueiro: checks
Actionni13: bets $3
barranqueiro: raises $3 to $6
Actionni13: folds
Uncalled bet ($3) returned to barranqueiro
barranqueiro collected $17.64 from pot
*** SUMMARY ***
Total pot $18 | Rake $0.36
Board [Jc 9c 6c]
Seat 4: Actionni13 (button) (small blind) folded on the Flop
Seat 6: barranqueiro (big blind) collected ($17.64)


PokerStars Hand #161069671556:  Hold'em Limit ($3/$6 USD) - 2016/11/07 19:31:42 ET
Table 'Anchises' 6-max Seat #6 is the button
Seat 4: Actionni13 ($155.40 in chips)
Seat 6: barranqueiro ($305.75 in chips)
barranqueiro: posts small blind $1
Actionni13: posts big blind $3
*** HOLE CARDS ***
barranqueiro: raises $3 to $6
Actionni13: calls $3
*** FLOP *** [5h Ad Td]
Actionni13: checks
barranqueiro: bets $3
Actionni13: calls $3
*** TURN *** [5h Ad Td] [7h]
Actionni13: checks
barranqueiro: checks
*** RIVER *** [5h Ad Td 7h] [4d]
Actionni13: bets $6
barranqueiro: folds
Uncalled bet ($6) returned to Actionni13
Actionni13 collected $17.64 from pot
Actionni13: doesn't show hand
*** SUMMARY ***
Total pot $18 | Rake $0.36
Board [5h Ad Td 7h 4d]
Seat 4: Actionni13 (big blind) collected ($17.64)
Seat 6: barranqueiro (button) (small blind) folded on the River


PokerStars Hand #161069662159:  Hold'em Limit ($3/$6 USD) - 2016/11/07 19:31:26 ET
Table 'Anchises' 6-max Seat #4 is the button
Seat 4: Actionni13 ($164.40 in chips)
Seat 6: barranqueiro ($297.11 in chips)
Actionni13: posts small blind $1
barranqueiro: posts big blind $3
*** HOLE CARDS ***
Actionni13: raises $3 to $6
barranqueiro: calls $3
*** FLOP *** [Ad Kh 5h]
barranqueiro: checks
Actionni13: bets $3
barranqueiro: raises $3 to $6
Actionni13: folds
Uncalled bet ($3) returned to barranqueiro
barranqueiro collected $17.64 from pot
*** SUMMARY ***
Total pot $18 | Rake $0.36
Board [Ad Kh 5h]
Seat 4: Actionni13 (button) (small blind) folded on the Flop
Seat 6: barranqueiro (big blind) collected ($17.64)


PokerStars Hand #161071930561:  Hold'em Limit ($3/$6 USD) - 2016/11/07 20:43:02 ET
Table 'Anchises' 6-max Seat #3 is the button
Seat 2: ToDaFelt ($175.62 in chips)
Seat 3: edcmscorpio ($185.53 in chips)
edcmscorpio: posts small blind $1
pompier40: is sitting out
ToDaFelt: posts big blind $3
*** HOLE CARDS ***
edcmscorpio: raises $3 to $6
ToDaFelt: calls $3
*** FLOP *** [Th 4s Ks]
ToDaFelt: checks
edcmscorpio: bets $3
ToDaFelt: raises $3 to $6
edcmscorpio: calls $3
*** TURN *** [Th 4s Ks] [3c]
ToDaFelt: bets $6
edcmscorpio: calls $6
*** RIVER *** [Th 4s Ks 3c] [6c]
ToDaFelt: checks
edcmscorpio: bets $6
pompier40 leaves the table
ToDaFelt: folds
Uncalled bet ($6) returned to edcmscorpio
edcmscorpio collected $35.50 from pot
edcmscorpio: doesn't show hand
*** SUMMARY ***
Total pot $36 | Rake $0.50
Board [Th 4s Ks 3c 6c]
Seat 2: ToDaFelt (big blind) folded on the River
Seat 3: edcmscorpio (button) (small blind) collected ($35.50)


PokerStars Hand #161073090095:  Hold'em Limit ($3/$6 USD) - 2016/11/07 21:27:15 ET
Table 'Anchises' 6-max Seat #4 is the button
Seat 4: Actionni13 ($150 in chips)
Seat 6: barranqueiro ($54.80 in chips)
Actionni13: posts small blind $1
barranqueiro: posts big blind $3
*** HOLE CARDS ***
Actionni13: raises $3 to $6
barranqueiro: folds
Uncalled bet ($3) returned to Actionni13
Actionni13 collected $6 from pot
Actionni13: doesn't show hand
*** SUMMARY ***
Total pot $6 | Rake $0
Seat 4: Actionni13 (button) (small blind) collected ($6)
Seat 6: barranqueiro (big blind) folded before Flop


PokerStars Hand #161073106362:  Hold'em Limit ($3/$6 USD) - 2016/11/07 21:27:55 ET
Table 'Anchises' 6-max Seat #4 is the button
Seat 4: Actionni13 ($152.75 in chips)
Seat 6: barranqueiro ($51.55 in chips)
Actionni13: posts small blind $1
barranqueiro: posts big blind $3
*** HOLE CARDS ***
Actionni13: raises $3 to $6
barranqueiro: calls $3
*** FLOP *** [6h Th As]
barranqueiro: checks
Actionni13: bets $3
Evgenia56 joins the table at seat #1
barranqueiro: folds
Uncalled bet ($3) returned to Actionni13
Actionni13 collected $11.76 from pot
Actionni13: doesn't show hand
*** SUMMARY ***
Total pot $12 | Rake $0.24
Board [6h Th As]
Seat 4: Actionni13 (button) (small blind) collected ($11.76)
Seat 6: barranqueiro (big blind) folded on the Flop


PokerStars Hand #161073093071:  Hold'em Limit ($3/$6 USD) - 2016/11/07 21:27:23 ET
Table 'Anchises' 6-max Seat #6 is the button
Seat 4: Actionni13 ($153 in chips)
Seat 6: barranqueiro ($51.80 in chips)
barranqueiro: posts small blind $1
Actionni13: posts big blind $3
*** HOLE CARDS ***
barranqueiro: raises $3 to $6
Actionni13: calls $3
*** FLOP *** [3c Qd Jd]
Actionni13: checks
barranqueiro: bets $3
Actionni13: calls $3
*** TURN *** [3c Qd Jd] [Kd]
Actionni13: checks
barranqueiro: checks
*** RIVER *** [3c Qd Jd Kd] [Ac]
Actionni13: bets $6
barranqueiro: raises $6 to $12
Actionni13: calls $6
*** SHOW DOWN ***
barranqueiro: shows [7d Ts] (a straight, Ten to Ace)
Actionni13: shows [Jc Th] (a straight, Ten to Ace)
Actionni13 collected $20.75 from pot
barranqueiro collected $20.75 from pot
*** SUMMARY ***
Total pot $42 | Rake $0.50
Board [3c Qd Jd Kd Ac]
Seat 4: Actionni13 (big blind) showed [Jc Th] and won ($20.75) with a straight, Ten to Ace
Seat 6: barranqueiro (button) (small blind) showed [7d Ts] and won ($20.75) with a straight, Ten to Ace


PokerStars Hand #161073848206:  Hold'em Limit ($3/$6 USD) - 2016/11/07 21:59:15 ET
Table 'Anchises' 6-max Seat #2 is the button
Seat 2: fabricio004 ($253.60 in chips)
Seat 5: ToDaFelt ($112.89 in chips)
fabricio004: posts small blind $1
S.sybev: is sitting out
ToDaFelt: posts big blind $3
*** HOLE CARDS ***
fabricio004: folds
Uncalled bet ($2) returned to ToDaFelt
ToDaFelt collected $2 from pot
ToDaFelt: doesn't show hand
*** SUMMARY ***
Total pot $2 | Rake $0
Seat 2: fabricio004 (button) (small blind) folded before Flop
Seat 5: ToDaFelt (big blind) collected ($2)


PokerStars Hand #161073852323:  Hold'em Limit ($3/$6 USD) - 2016/11/07 21:59:28 ET
Table 'Anchises' 6-max Seat #5 is the button
Seat 2: fabricio004 ($252.60 in chips)
Seat 5: ToDaFelt ($113.89 in chips)
ToDaFelt: posts small blind $1
fabricio004: posts big blind $3
*** HOLE CARDS ***
S.sybev leaves the table
Thyagão1984 joins the table at seat #6
ToDaFelt: raises $3 to $6
fabricio004: calls $3
*** FLOP *** [Ks 9d 6s]
fabricio004: checks
ToDaFelt: bets $3
fabricio004: raises $3 to $6
ToDaFelt: folds
Uncalled bet ($3) returned to fabricio004
fabricio004 collected $17.64 from pot
Velbor107 joins the table at seat #3
fabricio004: doesn't show hand
*** SUMMARY ***
Total pot $18 | Rake $0.36
Board [Ks 9d 6s]
Seat 2: fabricio004 (big blind) collected ($17.64)
Seat 5: ToDaFelt (button) (small blind) folded on the Flop


PokerStars Hand #161073949010:  Hold'em Limit ($3/$6 USD) - 2016/11/07 22:04:01 ET
Table 'Anchises' 6-max Seat #3 is the button
Seat 2: fabricio004 ($237.24 in chips)
Seat 3: Velbor107 ($314.23 in chips)
Velbor107: posts small blind $1
fabricio004: posts big blind $3
*** HOLE CARDS ***
Velbor107: raises $3 to $6
fabricio004: folds
Uncalled bet ($3) returned to Velbor107
Velbor107 collected $6 from pot
*** SUMMARY ***
Total pot $6 | Rake $0
Seat 2: fabricio004 (big blind) folded before Flop
Seat 3: Velbor107 (button) (small blind) collected ($6)


PokerStars Hand #161073952177:  Hold'em Limit ($3/$6 USD) - 2016/11/07 22:04:09 ET
Table 'Anchises' 6-max Seat #2 is the button
Seat 2: fabricio004 ($234.24 in chips)
Seat 3: Velbor107 ($317.23 in chips)
fabricio004: posts small blind $1
Velbor107: posts big blind $3
*** HOLE CARDS ***
fabricio004: raises $3 to $6
Velbor107: calls $3
*** FLOP *** [9s 8d Qc]
Velbor107: checks
fabricio004: bets $3
Velbor107: calls $3
*** TURN *** [9s 8d Qc] [7c]
Velbor107: checks
fabricio004: bets $6
Zooshark joins the table at seat #4
Velbor107: folds
Uncalled bet ($6) returned to fabricio004
fabricio004 collected $17.64 from pot
fabricio004: doesn't show hand
*** SUMMARY ***
Total pot $18 | Rake $0.36
Board [9s 8d Qc 7c]
Seat 2: fabricio004 (button) (small blind) collected ($17.64)
Seat 3: Velbor107 (big blind) folded on the Turn


PokerStars Hand #161076734032:  Hold'em Limit ($3/$6 USD) - 2016/11/08 0:40:09 ET
Table 'Anchises' 6-max Seat #6 is the button
Seat 4: HasThaHustle ($136.65 in chips)
Seat 6: alpha2777 ($123.02 in chips)
alpha2777: posts small blind $1
HasThaHustle: posts big blind $3
*** HOLE CARDS ***
alpha2777: calls $2
HasThaHustle: checks
*** FLOP *** [Ad 9s 6c]
HasThaHustle: bets $3
alpha2777: calls $3
*** TURN *** [Ad 9s 6c] [8h]
HasThaHustle: checks
alpha2777: bets $6
HasThaHustle: calls $6
*** RIVER *** [Ad 9s 6c 8h] [Qd]
HasThaHustle: checks
alpha2777: bets $6
HasThaHustle: calls $6
*** SHOW DOWN ***
alpha2777: shows [Th 7s] (a straight, Six to Ten)
HasThaHustle: mucks hand
alpha2777 collected $35.50 from pot
*** SUMMARY ***
Total pot $36 | Rake $0.50
Board [Ad 9s 6c 8h Qd]
Seat 4: HasThaHustle (big blind) mucked
Seat 6: alpha2777 (button) (small blind) showed [Th 7s] and won ($35.50) with a straight, Six to Ten


PokerStars Hand #161076743559:  Hold'em Limit ($3/$6 USD) - 2016/11/08 0:40:47 ET
Table 'Anchises' 6-max Seat #4 is the button
Seat 2: VolkovDmitri ($227.39 in chips)
Seat 4: HasThaHustle ($118.65 in chips)
HasThaHustle: posts small blind $1
VolkovDmitri: posts big blind $3
*** HOLE CARDS ***
HasThaHustle: folds
Uncalled bet ($2) returned to VolkovDmitri
VolkovDmitri collected $2 from pot
VolkovDmitri: doesn't show hand
*** SUMMARY ***
Total pot $2 | Rake $0
Seat 2: VolkovDmitri (big blind) collected ($2)
Seat 4: HasThaHustle (button) (small blind) folded before Flop


PokerStars Hand #161076745231:  Hold'em Limit ($3/$6 USD) - 2016/11/08 0:40:54 ET
Table 'Anchises' 6-max Seat #2 is the button
Seat 2: VolkovDmitri ($228.39 in chips)
Seat 4: HasThaHustle ($117.65 in chips)
VolkovDmitri: posts small blind $1
HasThaHustle: posts big blind $3
*** HOLE CARDS ***
VolkovDmitri: raises $3 to $6
HasThaHustle: calls $3
*** FLOP *** [8s Ac 5h]
HasThaHustle: checks
VolkovDmitri: bets $3
HasThaHustle: folds
Uncalled bet ($3) returned to VolkovDmitri
VolkovDmitri collected $11.76 from pot
VolkovDmitri: doesn't show hand
*** SUMMARY ***
Total pot $12 | Rake $0.24
Board [8s Ac 5h]
Seat 2: VolkovDmitri (button) (small blind) collected ($11.76)
Seat 4: HasThaHustle (big blind) folded on the Flop


PokerStars Hand #161076748069:  Hold'em Limit ($3/$6 USD) - 2016/11/08 0:41:04 ET
Table 'Anchises' 6-max Seat #4 is the button
Seat 2: VolkovDmitri ($234.15 in chips)
Seat 4: HasThaHustle ($111.65 in chips)
HasThaHustle: posts small blind $1
VolkovDmitri: posts big blind $3
*** HOLE CARDS ***
HasThaHustle: raises $3 to $6
VolkovDmitri: raises $3 to $9
HasThaHustle: calls $3
*** FLOP *** [Qh 4d 3s]
VolkovDmitri: bets $3
HasThaHustle: raises $3 to $6
VolkovDmitri: calls $3
*** TURN *** [Qh 4d 3s] [Ts]
VolkovDmitri: bets $6
HasThaHustle: raises $6 to $12
VolkovDmitri: calls $6
*** RIVER *** [Qh 4d 3s Ts] [Kd]
VolkovDmitri: checks
HasThaHustle: checks
*** SHOW DOWN ***
VolkovDmitri: shows [As Jd] (a straight, Ten to Ace)
HasThaHustle: mucks hand
VolkovDmitri collected $53.50 from pot
*** SUMMARY ***
Total pot $54 | Rake $0.50
Board [Qh 4d 3s Ts Kd]
Seat 2: VolkovDmitri (big blind) showed [As Jd] and won ($53.50) with a straight, Ten to Ace
Seat 4: HasThaHustle (button) (small blind) mucked


PokerStars Hand #161076758761:  Hold'em Limit ($3/$6 USD) - 2016/11/08 0:41:46 ET
Table 'Anchises' 6-max Seat #2 is the button
Seat 2: VolkovDmitri ($260.65 in chips)
Seat 4: HasThaHustle ($84.65 in chips)
VolkovDmitri: posts small blind $1
HasThaHustle: posts big blind $3
*** HOLE CARDS ***
VolkovDmitri: raises $3 to $6
HasThaHustle: calls $3
*** FLOP *** [5d 4h 2h]
HasThaHustle: checks
VolkovDmitri: bets $3
HasThaHustle: raises $3 to $6
VolkovDmitri: calls $3
*** TURN *** [5d 4h 2h] [4d]
HasThaHustle: bets $6
VolkovDmitri: calls $6
*** RIVER *** [5d 4h 2h 4d] [Ad]
HasThaHustle: checks
VolkovDmitri: checks
*** SHOW DOWN ***
HasThaHustle: shows [2s Js] (two pair, Fours and Deuces)
VolkovDmitri: mucks hand
HasThaHustle collected $35.50 from pot
*** SUMMARY ***
Total pot $36 | Rake $0.50
Board [5d 4h 2h 4d Ad]
Seat 2: VolkovDmitri (button) (small blind) mucked
Seat 4: HasThaHustle (big blind) showed [2s Js] and won ($35.50) with two pair, Fours and Deuces


