PokerStars Hand #146731006473:  Hold'em Limit ($3/$6 USD) - 2016/01/09 7:22:44 ET
Table 'Anchises III' 2-max Seat #2 is the button
Seat 1: hartiedd1 ($94 in chips)
Seat 2: covasa andre ($58.75 in chips)
covasa andre: posts small blind $1
hartiedd1: posts big blind $3
*** HOLE CARDS ***
covasa andre: raises $3 to $6
hartiedd1: calls $3
*** FLOP *** [2s 2c 7s]
hartiedd1: checks
covasa andre: checks
*** TURN *** [2s 2c 7s] [6c]
hartiedd1: bets $6
covasa andre: raises $6 to $12
hartiedd1: calls $6
*** RIVER *** [2s 2c 7s 6c] [4s]
hartiedd1: checks
covasa andre: bets $6
hartiedd1: folds
Uncalled bet ($6) returned to covasa andre
covasa andre collected $35.50 from pot
covasa andre: doesn't show hand
*** SUMMARY ***
Total pot $36 | Rake $0.50
Board [2s 2c 7s 6c 4s]
Seat 1: hartiedd1 (big blind) folded on the River
Seat 2: covasa andre (button) (small blind) collected ($35.50)


PokerStars Hand #146731022559:  Hold'em Limit ($3/$6 USD) - 2016/01/09 7:23:09 ET
Table 'Anchises III' 2-max Seat #2 is the button
Seat 1: hartiedd1 ($81.76 in chips)
Seat 2: covasa andre ($70.25 in chips)
covasa andre: posts small blind $1
hartiedd1: posts big blind $3
*** HOLE CARDS ***
covasa andre: raises $3 to $6
hartiedd1: calls $3
*** FLOP *** [3h 3c Kh]
hartiedd1: checks
covasa andre: bets $3
hartiedd1: folds
Uncalled bet ($3) returned to covasa andre
covasa andre collected $11.76 from pot
covasa andre: doesn't show hand
*** SUMMARY ***
Total pot $12 | Rake $0.24
Board [3h 3c Kh]
Seat 1: hartiedd1 (big blind) folded on the Flop
Seat 2: covasa andre (button) (small blind) collected ($11.76)


PokerStars Hand #146731017392:  Hold'em Limit ($3/$6 USD) - 2016/01/09 7:23:01 ET
Table 'Anchises III' 2-max Seat #1 is the button
Seat 1: hartiedd1 ($76 in chips)
Seat 2: covasa andre ($76.25 in chips)
hartiedd1: posts small blind $1
covasa andre: posts big blind $3
*** HOLE CARDS ***
hartiedd1: raises $3 to $6
covasa andre: calls $3
*** FLOP *** [Ah 4c 2h]
covasa andre: checks
hartiedd1: bets $3
covasa andre: folds
Uncalled bet ($3) returned to hartiedd1
hartiedd1 collected $11.76 from pot
hartiedd1: doesn't show hand
*** SUMMARY ***
Total pot $12 | Rake $0.24
Board [Ah 4c 2h]
Seat 1: hartiedd1 (button) (small blind) collected ($11.76)
Seat 2: covasa andre (big blind) folded on the Flop


PokerStars Hand #146731027645:  Hold'em Limit ($3/$6 USD) - 2016/01/09 7:23:17 ET
Table 'Anchises III' 2-max Seat #1 is the button
Seat 1: hartiedd1 ($75.76 in chips)
Seat 2: covasa andre ($76.01 in chips)
hartiedd1: posts small blind $1
covasa andre: posts big blind $3
*** HOLE CARDS ***
hartiedd1: raises $3 to $6
covasa andre: raises $3 to $9
hartiedd1: calls $3
*** FLOP *** [Qc 2s 7s]
covasa andre: bets $3
hartiedd1: calls $3
*** TURN *** [Qc 2s 7s] [Kc]
covasa andre: checks
hartiedd1: checks
*** RIVER *** [Qc 2s 7s Kc] [8s]
covasa andre: bets $6
hartiedd1: folds
Uncalled bet ($6) returned to covasa andre
covasa andre collected $23.52 from pot
covasa andre: doesn't show hand
*** SUMMARY ***
Total pot $24 | Rake $0.48
Board [Qc 2s 7s Kc 8s]
Seat 1: hartiedd1 (button) (small blind) folded on the River
Seat 2: covasa andre (big blind) collected ($23.52)


PokerStars Hand #146731049454:  Hold'em Limit ($3/$6 USD) - 2016/01/09 7:23:51 ET
Table 'Anchises III' 2-max Seat #1 is the button
Seat 1: hartiedd1 ($150 in chips)
Seat 2: covasa andre ($111.03 in chips)
hartiedd1: posts small blind $1
covasa andre: posts big blind $3
*** HOLE CARDS ***
hartiedd1: folds
Uncalled bet ($2) returned to covasa andre
covasa andre collected $2 from pot
covasa andre: doesn't show hand
*** SUMMARY ***
Total pot $2 | Rake $0
Seat 1: hartiedd1 (button) (small blind) folded before Flop
Seat 2: covasa andre (big blind) collected ($2)


PokerStars Hand #146731037786:  Hold'em Limit ($3/$6 USD) - 2016/01/09 7:23:33 ET
Table 'Anchises III' 2-max Seat #2 is the button
Seat 1: hartiedd1 ($63.76 in chips)
Seat 2: covasa andre ($87.53 in chips)
covasa andre: posts small blind $1
hartiedd1: posts big blind $3
*** HOLE CARDS ***
covasa andre: raises $3 to $6
hartiedd1: calls $3
*** FLOP *** [9c 9s 6c]
hartiedd1: checks
covasa andre: bets $3
hartiedd1: raises $3 to $6
covasa andre: calls $3
*** TURN *** [9c 9s 6c] [Ah]
hartiedd1: bets $6
covasa andre: calls $6
*** RIVER *** [9c 9s 6c Ah] [Th]
hartiedd1: checks
covasa andre: bets $6
hartiedd1: calls $6
*** SHOW DOWN ***
covasa andre: shows [Ac 2d] (two pair, Aces and Nines)
hartiedd1: mucks hand
covasa andre collected $47.50 from pot
*** SUMMARY ***
Total pot $48 | Rake $0.50
Board [9c 9s 6c Ah Th]
Seat 1: hartiedd1 (big blind) mucked
Seat 2: covasa andre (button) (small blind) showed [Ac 2d] and won ($47.50) with two pair, Aces and Nines


PokerStars Hand #146731052268:  Hold'em Limit ($3/$6 USD) - 2016/01/09 7:23:55 ET
Table 'Anchises III' 2-max Seat #2 is the button
Seat 1: hartiedd1 ($149 in chips)
Seat 2: covasa andre ($112.03 in chips)
covasa andre: posts small blind $1
hartiedd1: posts big blind $3
*** HOLE CARDS ***
covasa andre: raises $3 to $6
hartiedd1: raises $3 to $9
covasa andre: raises $3 to $12
Betting is capped
hartiedd1: calls $3
*** FLOP *** [8d 3h Js]
hartiedd1: checks
covasa andre: bets $3
hartiedd1: calls $3
*** TURN *** [8d 3h Js] [3d]
hartiedd1: checks
covasa andre: bets $6
hartiedd1: calls $6
*** RIVER *** [8d 3h Js 3d] [Jc]
hartiedd1: checks
covasa andre: bets $6
hartiedd1: calls $6
*** SHOW DOWN ***
covasa andre: shows [Ac Qh] (two pair, Jacks and Threes)
hartiedd1: shows [As 8c] (two pair, Jacks and Eights)
hartiedd1 collected $53.50 from pot
*** SUMMARY ***
Total pot $54 | Rake $0.50
Board [8d 3h Js 3d Jc]
Seat 1: hartiedd1 (big blind) showed [As 8c] and won ($53.50) with two pair, Jacks and Eights
Seat 2: covasa andre (button) (small blind) showed [Ac Qh] and lost with two pair, Jacks and Threes


PokerStars Hand #146731068519:  Hold'em Limit ($3/$6 USD) - 2016/01/09 7:24:20 ET
Table 'Anchises III' 2-max Seat #2 is the button
Seat 1: hartiedd1 ($166.50 in chips)
Seat 2: covasa andre ($93.67 in chips)
covasa andre: posts small blind $1
hartiedd1: posts big blind $3
*** HOLE CARDS ***
covasa andre: folds
Uncalled bet ($2) returned to hartiedd1
hartiedd1 collected $2 from pot
hartiedd1: doesn't show hand
*** SUMMARY ***
Total pot $2 | Rake $0
Seat 1: hartiedd1 (big blind) collected ($2)
Seat 2: covasa andre (button) (small blind) folded before Flop


PokerStars Hand #146731062645:  Hold'em Limit ($3/$6 USD) - 2016/01/09 7:24:11 ET
Table 'Anchises III' 2-max Seat #1 is the button
Seat 1: hartiedd1 ($175.50 in chips)
Seat 2: covasa andre ($85.03 in chips)
hartiedd1: posts small blind $1
covasa andre: posts big blind $3
*** HOLE CARDS ***
hartiedd1: raises $3 to $6
covasa andre: raises $3 to $9
hartiedd1: calls $3
*** FLOP *** [Kh Ks 6h]
covasa andre: bets $3
hartiedd1: folds
Uncalled bet ($3) returned to covasa andre
covasa andre collected $17.64 from pot
covasa andre: doesn't show hand
*** SUMMARY ***
Total pot $18 | Rake $0.36
Board [Kh Ks 6h]
Seat 1: hartiedd1 (button) (small blind) folded on the Flop
Seat 2: covasa andre (big blind) collected ($17.64)


PokerStars Hand #146731072141:  Hold'em Limit ($3/$6 USD) - 2016/01/09 7:24:26 ET
Table 'Anchises III' 2-max Seat #1 is the button
Seat 1: hartiedd1 ($167.50 in chips)
Seat 2: covasa andre ($92.67 in chips)
hartiedd1: posts small blind $1
covasa andre: posts big blind $3
*** HOLE CARDS ***
hartiedd1: folds
Uncalled bet ($2) returned to covasa andre
covasa andre collected $2 from pot
covasa andre: doesn't show hand
*** SUMMARY ***
Total pot $2 | Rake $0
Seat 1: hartiedd1 (button) (small blind) folded before Flop
Seat 2: covasa andre (big blind) collected ($2)


PokerStars Hand #146731080669:  Hold'em Limit ($3/$6 USD) - 2016/01/09 7:24:39 ET
Table 'Anchises III' 2-max Seat #1 is the button
Seat 1: hartiedd1 ($167.50 in chips)
Seat 2: covasa andre ($92.67 in chips)
hartiedd1: posts small blind $1
covasa andre: posts big blind $3
*** HOLE CARDS ***
hartiedd1: raises $3 to $6
covasa andre: folds
Uncalled bet ($3) returned to hartiedd1
covasa andre leaves the table
hartiedd1 collected $6 from pot
hartiedd1: doesn't show hand
*** SUMMARY ***
Total pot $6 | Rake $0
Seat 1: hartiedd1 (button) (small blind) collected ($6)
Seat 2: covasa andre (big blind) folded before Flop


PokerStars Hand #146731076229:  Hold'em Limit ($3/$6 USD) - 2016/01/09 7:24:32 ET
Table 'Anchises III' 2-max Seat #2 is the button
Seat 1: hartiedd1 ($166.50 in chips)
Seat 2: covasa andre ($93.67 in chips)
covasa andre: posts small blind $1
hartiedd1: posts big blind $3
*** HOLE CARDS ***
covasa andre: folds
Uncalled bet ($2) returned to hartiedd1
hartiedd1 collected $2 from pot
hartiedd1: doesn't show hand
*** SUMMARY ***
Total pot $2 | Rake $0
Seat 1: hartiedd1 (big blind) collected ($2)
Seat 2: covasa andre (button) (small blind) folded before Flop


