PokerStars Hand #147570058911:  Hold'em Limit ($3/$6 USD) - 2016/01/23 20:20:35 ET
Table 'Andraimon' 6-max Seat #5 is the button
Seat 4: BuzovaPro ($118.01 in chips)
Seat 5: Oxm0x ($464.48 in chips)
Oxm0x: posts small blind $1
monstersmit was removed from the table for failing to post
carmello774: is sitting out
BuzovaPro: posts big blind $3
*** HOLE CARDS ***
Oxm0x: raises $3 to $6
BuzovaPro: folds
Uncalled bet ($3) returned to Oxm0x
Oxm0x collected $6 from pot
Oxm0x: doesn't show hand
carmello774 leaves the table
*** SUMMARY ***
Total pot $6 | Rake $0
Seat 4: BuzovaPro (big blind) folded before Flop
Seat 5: Oxm0x (button) (small blind) collected ($6)


PokerStars Hand #147570062747:  Hold'em Limit ($3/$6 USD) - 2016/01/23 20:20:41 ET
Table 'Andraimon' 6-max Seat #4 is the button
Seat 4: BuzovaPro ($115.01 in chips)
Seat 5: Oxm0x ($467.48 in chips)
BuzovaPro: posts small blind $1
Oxm0x: posts big blind $3
*** HOLE CARDS ***
BuzovaPro: raises $3 to $6
Oxm0x: folds
Uncalled bet ($3) returned to BuzovaPro
BuzovaPro collected $6 from pot
BuzovaPro: doesn't show hand
*** SUMMARY ***
Total pot $6 | Rake $0
Seat 4: BuzovaPro (button) (small blind) collected ($6)
Seat 5: Oxm0x (big blind) folded before Flop


PokerStars Hand #147570067551:  Hold'em Limit ($3/$6 USD) - 2016/01/23 20:20:49 ET
Table 'Andraimon' 6-max Seat #5 is the button
Seat 4: BuzovaPro ($118.01 in chips)
Seat 5: Oxm0x ($464.48 in chips)
Oxm0x: posts small blind $1
Johnliu was removed from the table for failing to post
BuzovaPro: posts big blind $3
*** HOLE CARDS ***
Oxm0x: raises $3 to $6
BuzovaPro: calls $3
*** FLOP *** [7c 9d 2c]
BuzovaPro: checks
Oxm0x: bets $3
BuzovaPro: raises $3 to $6
Oxm0x: calls $3
*** TURN *** [7c 9d 2c] [3s]
BuzovaPro: bets $6
Oxm0x: calls $6
*** RIVER *** [7c 9d 2c 3s] [Th]
BuzovaPro: bets $6
Oxm0x: calls $6
*** SHOW DOWN ***
BuzovaPro: shows [6c Tc] (a pair of Tens)
Oxm0x: mucks hand
BuzovaPro collected $47.50 from pot
*** SUMMARY ***
Total pot $48 | Rake $0.50
Board [7c 9d 2c 3s Th]
Seat 4: BuzovaPro (big blind) showed [6c Tc] and won ($47.50) with a pair of Tens
Seat 5: Oxm0x (button) (small blind) mucked


