PokerStars Hand #152358502501:  Hold'em Limit ($3/$6 USD) - 2016/04/24 0:04:23 ET
Table 'Androgeos II' 6-max Seat #4 is the button
Seat 3: 7 Huligan 7 ($27 in chips)
Seat 4: VolkovDmitri ($122.88 in chips)
VolkovDmitri: posts small blind $1
7 Huligan 7: posts big blind $3
*** HOLE CARDS ***
VolkovDmitri: raises $3 to $6
7 Huligan 7: calls $3
*** FLOP *** [Kc 2h 7s]
7 Huligan 7: bets $3
VolkovDmitri: calls $3
*** TURN *** [Kc 2h 7s] [9h]
7 Huligan 7: bets $6
VolkovDmitri: calls $6
*** RIVER *** [Kc 2h 7s 9h] [Ad]
7 Huligan 7: bets $6
VolkovDmitri: folds
Uncalled bet ($6) returned to 7 Huligan 7
7 Huligan 7 collected $29.50 from pot
7 Huligan 7: doesn't show hand
*** SUMMARY ***
Total pot $30 | Rake $0.50
Board [Kc 2h 7s 9h Ad]
Seat 3: 7 Huligan 7 (big blind) collected ($29.50)
Seat 4: VolkovDmitri (button) (small blind) folded on the River


PokerStars Hand #152358497435:  Hold'em Limit ($3/$6 USD) - 2016/04/24 0:04:04 ET
Table 'Androgeos II' 6-max Seat #3 is the button
Seat 3: 7 Huligan 7 ($30 in chips)
Seat 4: VolkovDmitri ($120 in chips)
7 Huligan 7: posts small blind $1
VolkovDmitri: posts big blind $3
*** HOLE CARDS ***
7 Huligan 7: calls $2
VolkovDmitri: checks
*** FLOP *** [5h 4c Kh]
VolkovDmitri: bets $3
7 Huligan 7: folds
Uncalled bet ($3) returned to VolkovDmitri
VolkovDmitri collected $5.88 from pot
VolkovDmitri: doesn't show hand
*** SUMMARY ***
Total pot $6 | Rake $0.12
Board [5h 4c Kh]
Seat 3: 7 Huligan 7 (button) (small blind) folded on the Flop
Seat 4: VolkovDmitri (big blind) collected ($5.88)


PokerStars Hand #152358510486:  Hold'em Limit ($3/$6 USD) - 2016/04/24 0:04:53 ET
Table 'Androgeos II' 6-max Seat #3 is the button
Seat 3: 7 Huligan 7 ($41.50 in chips)
Seat 4: VolkovDmitri ($120 in chips)
7 Huligan 7: posts small blind $1
VolkovDmitri: posts big blind $3
*** HOLE CARDS ***
mishkamoya joins the table at seat #5
7 Huligan 7: calls $2
VolkovDmitri: raises $3 to $6
7 Huligan 7: calls $3
*** FLOP *** [Jc 9s 2h]
HAL9QQQ joins the table at seat #1
VolkovDmitri: bets $3
7 Huligan 7: calls $3
*** TURN *** [Jc 9s 2h] [3c]
VolkovDmitri: checks
7 Huligan 7: bets $6
VolkovDmitri: folds
Uncalled bet ($6) returned to 7 Huligan 7
7 Huligan 7 collected $17.64 from pot
7 Huligan 7: doesn't show hand
*** SUMMARY ***
Total pot $18 | Rake $0.36
Board [Jc 9s 2h 3c]
Seat 3: 7 Huligan 7 (button) (small blind) collected ($17.64)
Seat 4: VolkovDmitri (big blind) folded on the Turn


PokerStars Hand #152360926449:  Hold'em Limit ($3/$6 USD) - 2016/04/24 2:33:52 ET
Table 'Androgeos II' 6-max Seat #4 is the button
Seat 4: pierrette56 ($71.45 in chips)
Seat 5: krytalex ($143.70 in chips)
pierrette56: posts small blind $1
krytalex: posts big blind $3
*** HOLE CARDS ***
pierrette56: folds
Uncalled bet ($2) returned to krytalex
krytalex collected $2 from pot
*** SUMMARY ***
Total pot $2 | Rake $0
Seat 4: pierrette56 (button) (small blind) folded before Flop
Seat 5: krytalex (big blind) collected ($2)


PokerStars Hand #152360924245:  Hold'em Limit ($3/$6 USD) - 2016/04/24 2:33:45 ET
Table 'Androgeos II' 6-max Seat #5 is the button
Seat 4: pierrette56 ($74.45 in chips)
Seat 5: krytalex ($140.70 in chips)
krytalex: posts small blind $1
tamnt10549: is sitting out
pierrette56: posts big blind $3
*** HOLE CARDS ***
tamnt10549 leaves the table
krytalex: raises $3 to $6
pierrette56: folds
Uncalled bet ($3) returned to krytalex
krytalex collected $6 from pot
*** SUMMARY ***
Total pot $6 | Rake $0
Seat 4: pierrette56 (big blind) folded before Flop
Seat 5: krytalex (button) (small blind) collected ($6)


PokerStars Hand #152360928081:  Hold'em Limit ($3/$6 USD) - 2016/04/24 2:33:58 ET
Table 'Androgeos II' 6-max Seat #5 is the button
Seat 4: pierrette56 ($70.45 in chips)
Seat 5: krytalex ($144.70 in chips)
krytalex: posts small blind $1
pierrette56: posts big blind $3
*** HOLE CARDS ***
krytalex: raises $3 to $6
pierrette56: calls $3
*** FLOP *** [8d Jh 8s]
pierrette56: checks
krytalex: bets $3
pierrette56: calls $3
*** TURN *** [8d Jh 8s] [7d]
pierrette56: checks
krytalex: checks
*** RIVER *** [8d Jh 8s 7d] [Qc]
pierrette56: checks
krytalex: checks
*** SHOW DOWN ***
pierrette56: shows [Ad 6s] (a pair of Eights)
krytalex: shows [Ac 7h] (two pair, Eights and Sevens)
krytalex collected $17.64 from pot
*** SUMMARY ***
Total pot $18 | Rake $0.36
Board [8d Jh 8s 7d Qc]
Seat 4: pierrette56 (big blind) showed [Ad 6s] and lost with a pair of Eights
Seat 5: krytalex (button) (small blind) showed [Ac 7h] and won ($17.64) with two pair, Eights and Sevens


PokerStars Hand #152360936332:  Hold'em Limit ($3/$6 USD) - 2016/04/24 2:34:26 ET
Table 'Androgeos II' 6-max Seat #4 is the button
Seat 4: pierrette56 ($61.45 in chips)
Seat 5: krytalex ($153.34 in chips)
pierrette56: posts small blind $1
krytalex: posts big blind $3
*** HOLE CARDS ***
pierrette56: raises $3 to $6
krytalex: calls $3
*** FLOP *** [6h As 8h]
krytalex: checks
pierrette56: bets $3
krytalex: folds
Uncalled bet ($3) returned to pierrette56
pierrette56 collected $11.76 from pot
*** SUMMARY ***
Total pot $12 | Rake $0.24
Board [6h As 8h]
Seat 4: pierrette56 (button) (small blind) collected ($11.76)
Seat 5: krytalex (big blind) folded on the Flop


PokerStars Hand #152360948252:  Hold'em Limit ($3/$6 USD) - 2016/04/24 2:35:07 ET
Table 'Androgeos II' 6-max Seat #5 is the button
Seat 4: pierrette56 ($67.21 in chips)
Seat 5: krytalex ($147.34 in chips)
krytalex: posts small blind $1
pierrette56: posts big blind $3
*** HOLE CARDS ***
krytalex: folds
Uncalled bet ($2) returned to pierrette56
pierrette56 collected $2 from pot
*** SUMMARY ***
Total pot $2 | Rake $0
Seat 4: pierrette56 (big blind) collected ($2)
Seat 5: krytalex (button) (small blind) folded before Flop


PokerStars Hand #152360951159:  Hold'em Limit ($3/$6 USD) - 2016/04/24 2:35:17 ET
Table 'Androgeos II' 6-max Seat #4 is the button
Seat 4: pierrette56 ($68.21 in chips)
Seat 5: krytalex ($146.34 in chips)
pierrette56: posts small blind $1
krytalex: posts big blind $3
*** HOLE CARDS ***
pierrette56: calls $2
krytalex: checks
*** FLOP *** [3c Qs Ks]
krytalex: checks
pierrette56: bets $3
krytalex: folds
Uncalled bet ($3) returned to pierrette56
pierrette56 collected $5.88 from pot
*** SUMMARY ***
Total pot $6 | Rake $0.12
Board [3c Qs Ks]
Seat 4: pierrette56 (button) (small blind) collected ($5.88)
Seat 5: krytalex (big blind) folded on the Flop


PokerStars Hand #152360967287:  Hold'em Limit ($3/$6 USD) - 2016/04/24 2:36:12 ET
Table 'Androgeos II' 6-max Seat #4 is the button
Seat 4: pierrette56 ($85.59 in chips)
Seat 5: krytalex ($128.34 in chips)
pierrette56: posts small blind $1
krytalex: posts big blind $3
*** HOLE CARDS ***
pierrette56: calls $2
krytalex: checks
*** FLOP *** [Kd Jh 5c]
krytalex: checks
pierrette56: bets $3
krytalex: calls $3
*** TURN *** [Kd Jh 5c] [Ah]
krytalex: checks
pierrette56: bets $6
krytalex: calls $6
*** RIVER *** [Kd Jh 5c Ah] [6d]
krytalex: checks
pierrette56: bets $6
krytalex: raises $6 to $12
pierrette56: calls $6
*** SHOW DOWN ***
krytalex: shows [6h Jc] (two pair, Jacks and Sixes)
pierrette56: shows [6s Kh] (two pair, Kings and Sixes)
pierrette56 collected $47.50 from pot
*** SUMMARY ***
Total pot $48 | Rake $0.50
Board [Kd Jh 5c Ah 6d]
Seat 4: pierrette56 (button) (small blind) showed [6s Kh] and won ($47.50) with two pair, Kings and Sixes
Seat 5: krytalex (big blind) showed [6h Jc] and lost with two pair, Jacks and Sixes


PokerStars Hand #152360958544:  Hold'em Limit ($3/$6 USD) - 2016/04/24 2:35:42 ET
Table 'Androgeos II' 6-max Seat #5 is the button
Seat 4: pierrette56 ($71.09 in chips)
Seat 5: krytalex ($143.34 in chips)
krytalex: posts small blind $1
pierrette56: posts big blind $3
*** HOLE CARDS ***
krytalex: raises $3 to $6
pierrette56: calls $3
*** FLOP *** [3h 9h 6h]
pierrette56: checks
krytalex: bets $3
pierrette56: calls $3
*** TURN *** [3h 9h 6h] [Ac]
pierrette56: checks
krytalex: bets $6
pierrette56: calls $6
*** RIVER *** [3h 9h 6h Ac] [Tc]
pierrette56: checks
krytalex: checks
*** SHOW DOWN ***
pierrette56: shows [6c 5c] (a pair of Sixes)
krytalex: mucks hand
pierrette56 collected $29.50 from pot
*** SUMMARY ***
Total pot $30 | Rake $0.50
Board [3h 9h 6h Ac Tc]
Seat 4: pierrette56 (big blind) showed [6c 5c] and won ($29.50) with a pair of Sixes
Seat 5: krytalex (button) (small blind) mucked


PokerStars Hand #152360991448:  Hold'em Limit ($3/$6 USD) - 2016/04/24 2:37:34 ET
Table 'Androgeos II' 6-max Seat #4 is the button
Seat 4: pierrette56 ($103.09 in chips)
Seat 5: krytalex ($110.10 in chips)
pierrette56: posts small blind $1
krytalex: posts big blind $3
*** HOLE CARDS ***
pierrette56: folds
Uncalled bet ($2) returned to krytalex
krytalex collected $2 from pot
*** SUMMARY ***
Total pot $2 | Rake $0
Seat 4: pierrette56 (button) (small blind) folded before Flop
Seat 5: krytalex (big blind) collected ($2)


PokerStars Hand #152360980868:  Hold'em Limit ($3/$6 USD) - 2016/04/24 2:36:58 ET
Table 'Androgeos II' 6-max Seat #5 is the button
Seat 4: pierrette56 ($109.09 in chips)
Seat 5: krytalex ($104.34 in chips)
krytalex: posts small blind $1
pierrette56: posts big blind $3
*** HOLE CARDS ***
krytalex said, "suka zaebala"
krytalex: raises $3 to $6
pierrette56: calls $3
*** FLOP *** [Kh 6h 5c]
pierrette56: checks
krytalex: bets $3
pierrette56: folds
Uncalled bet ($3) returned to krytalex
krytalex collected $11.76 from pot
*** SUMMARY ***
Total pot $12 | Rake $0.24
Board [Kh 6h 5c]
Seat 4: pierrette56 (big blind) folded on the Flop
Seat 5: krytalex (button) (small blind) collected ($11.76)


PokerStars Hand #152360993482:  Hold'em Limit ($3/$6 USD) - 2016/04/24 2:37:41 ET
Table 'Androgeos II' 6-max Seat #5 is the button
Seat 4: pierrette56 ($102.09 in chips)
Seat 5: krytalex ($111.10 in chips)
krytalex: posts small blind $1
pierrette56: posts big blind $3
*** HOLE CARDS ***
krytalex: folds
Uncalled bet ($2) returned to pierrette56
pierrette56 collected $2 from pot
*** SUMMARY ***
Total pot $2 | Rake $0
Seat 4: pierrette56 (big blind) collected ($2)
Seat 5: krytalex (button) (small blind) folded before Flop


PokerStars Hand #152361000497:  Hold'em Limit ($3/$6 USD) - 2016/04/24 2:38:05 ET
Table 'Androgeos II' 6-max Seat #5 is the button
Seat 4: pierrette56 ($102.84 in chips)
Seat 5: krytalex ($109.85 in chips)
krytalex: posts small blind $1
pierrette56: posts big blind $3
*** HOLE CARDS ***
krytalex: raises $3 to $6
pierrette56: folds
Uncalled bet ($3) returned to krytalex
krytalex collected $6 from pot
*** SUMMARY ***
Total pot $6 | Rake $0
Seat 4: pierrette56 (big blind) folded before Flop
Seat 5: krytalex (button) (small blind) collected ($6)


PokerStars Hand #152360994838:  Hold'em Limit ($3/$6 USD) - 2016/04/24 2:37:45 ET
Table 'Androgeos II' 6-max Seat #4 is the button
Seat 4: pierrette56 ($103.09 in chips)
Seat 5: krytalex ($110.10 in chips)
pierrette56: posts small blind $1
krytalex: posts big blind $3
*** HOLE CARDS ***
pierrette56: raises $3 to $6
krytalex: raises $3 to $9
pierrette56: calls $3
*** FLOP *** [Js Kc 3c]
krytalex: bets $3
pierrette56: calls $3
*** TURN *** [Js Kc 3c] [Ah]
krytalex: bets $6
pierrette56: calls $6
*** RIVER *** [Js Kc 3c Ah] [Qs]
krytalex: bets $6
pierrette56: calls $6
*** SHOW DOWN ***
krytalex: shows [7d Ad] (a pair of Aces)
pierrette56: shows [As 9c] (a pair of Aces)
krytalex collected $23.75 from pot
pierrette56 collected $23.75 from pot
*** SUMMARY ***
Total pot $48 | Rake $0.50
Board [Js Kc 3c Ah Qs]
Seat 4: pierrette56 (button) (small blind) showed [As 9c] and won ($23.75) with a pair of Aces
Seat 5: krytalex (big blind) showed [7d Ad] and won ($23.75) with a pair of Aces


PokerStars Hand #152361006728:  Hold'em Limit ($3/$6 USD) - 2016/04/24 2:38:26 ET
Table 'Androgeos II' 6-max Seat #5 is the button
Seat 4: pierrette56 ($108.48 in chips)
Seat 5: krytalex ($103.85 in chips)
krytalex: posts small blind $1
pierrette56: posts big blind $3
*** HOLE CARDS ***
krytalex: raises $3 to $6
pierrette56: calls $3
*** FLOP *** [5h 6c Ad]
pierrette56: checks
krytalex: bets $3
pierrette56: calls $3
*** TURN *** [5h 6c Ad] [2d]
pierrette56: checks
krytalex: bets $6
pierrette56: calls $6
*** RIVER *** [5h 6c Ad 2d] [7h]
pierrette56: checks
krytalex: bets $6
pierrette56: calls $6
*** SHOW DOWN ***
krytalex: shows [As Ac] (three of a kind, Aces)
pierrette56: mucks hand
krytalex collected $41.50 from pot
*** SUMMARY ***
Total pot $42 | Rake $0.50
Board [5h 6c Ad 2d 7h]
Seat 4: pierrette56 (big blind) mucked
Seat 5: krytalex (button) (small blind) showed [As Ac] and won ($41.50) with three of a kind, Aces


PokerStars Hand #152361002205:  Hold'em Limit ($3/$6 USD) - 2016/04/24 2:38:10 ET
Table 'Androgeos II' 6-max Seat #4 is the button
Seat 4: pierrette56 ($99.84 in chips)
Seat 5: krytalex ($112.85 in chips)
pierrette56: posts small blind $1
krytalex: posts big blind $3
*** HOLE CARDS ***
pierrette56: raises $3 to $6
krytalex: calls $3
*** FLOP *** [8h 2d 6c]
krytalex: checks
pierrette56: bets $3
krytalex: calls $3
*** TURN *** [8h 2d 6c] [8c]
krytalex: checks
pierrette56: bets $6
krytalex: folds
Uncalled bet ($6) returned to pierrette56
pierrette56 collected $17.64 from pot
*** SUMMARY ***
Total pot $18 | Rake $0.36
Board [8h 2d 6c 8c]
Seat 4: pierrette56 (button) (small blind) collected ($17.64)
Seat 5: krytalex (big blind) folded on the Turn


PokerStars Hand #152361028190:  Hold'em Limit ($3/$6 USD) - 2016/04/24 2:39:38 ET
Table 'Androgeos II' 6-max Seat #5 is the button
Seat 4: pierrette56 ($63.12 in chips)
Seat 5: krytalex ($147.85 in chips)
krytalex: posts small blind $1
pierrette56: posts big blind $3
*** HOLE CARDS ***
krytalex: folds
Uncalled bet ($2) returned to pierrette56
pierrette56 collected $2 from pot
*** SUMMARY ***
Total pot $2 | Rake $0
Seat 4: pierrette56 (big blind) collected ($2)
Seat 5: krytalex (button) (small blind) folded before Flop


PokerStars Hand #152361034916:  Hold'em Limit ($3/$6 USD) - 2016/04/24 2:40:01 ET
Table 'Androgeos II' 6-max Seat #4 is the button
Seat 4: pierrette56 ($64 in chips)
Seat 5: krytalex ($146.85 in chips)
pierrette56: posts small blind $1
krytalex: posts big blind $3
*** HOLE CARDS ***
pierrette56: folds
Uncalled bet ($2) returned to krytalex
krytalex collected $2 from pot
*** SUMMARY ***
Total pot $2 | Rake $0
Seat 4: pierrette56 (button) (small blind) folded before Flop
Seat 5: krytalex (big blind) collected ($2)


PokerStars Hand #152361023098:  Hold'em Limit ($3/$6 USD) - 2016/04/24 2:39:21 ET
Table 'Androgeos II' 6-max Seat #4 is the button
Seat 4: pierrette56 ($54.48 in chips)
Seat 5: krytalex ($156.85 in chips)
pierrette56: posts small blind $1
krytalex: posts big blind $3
*** HOLE CARDS ***
pierrette56: raises $3 to $6
krytalex: calls $3
*** FLOP *** [Ts 7d 4s]
krytalex: checks
pierrette56: bets $3
krytalex: calls $3
*** TURN *** [Ts 7d 4s] [4c]
krytalex: checks
pierrette56: bets $6
krytalex: folds
Uncalled bet ($6) returned to pierrette56
pierrette56 collected $17.64 from pot
*** SUMMARY ***
Total pot $18 | Rake $0.36
Board [Ts 7d 4s 4c]
Seat 4: pierrette56 (button) (small blind) collected ($17.64)
Seat 5: krytalex (big blind) folded on the Turn


PokerStars Hand #152361021454:  Hold'em Limit ($3/$6 USD) - 2016/04/24 2:39:16 ET
Table 'Androgeos II' 6-max Seat #5 is the button
Seat 4: pierrette56 ($57.48 in chips)
Seat 5: krytalex ($153.85 in chips)
krytalex: posts small blind $1
pierrette56: posts big blind $3
*** HOLE CARDS ***
krytalex: raises $3 to $6
pierrette56: folds
Uncalled bet ($3) returned to krytalex
krytalex collected $6 from pot
*** SUMMARY ***
Total pot $6 | Rake $0
Seat 4: pierrette56 (big blind) folded before Flop
Seat 5: krytalex (button) (small blind) collected ($6)


PokerStars Hand #152361013594:  Hold'em Limit ($3/$6 USD) - 2016/04/24 2:38:49 ET
Table 'Androgeos II' 6-max Seat #4 is the button
Seat 4: pierrette56 ($87.48 in chips)
Seat 5: krytalex ($124.35 in chips)
pierrette56: posts small blind $1
krytalex: posts big blind $3
*** HOLE CARDS ***
pierrette56: calls $2
krytalex: checks
*** FLOP *** [5c 8d 8c]
krytalex: bets $3
pierrette56: calls $3
*** TURN *** [5c 8d 8c] [Qd]
krytalex: bets $6
pierrette56: raises $6 to $12
krytalex: calls $6
*** RIVER *** [5c 8d 8c Qd] [6c]
krytalex: checks
pierrette56: bets $6
krytalex: raises $6 to $12
pierrette56: calls $6
*** SHOW DOWN ***
krytalex: shows [4c Qc] (a flush, Queen high)
pierrette56: mucks hand
krytalex collected $59.50 from pot
*** SUMMARY ***
Total pot $60 | Rake $0.50
Board [5c 8d 8c Qd 6c]
Seat 4: pierrette56 (button) (small blind) mucked
Seat 5: krytalex (big blind) showed [4c Qc] and won ($59.50) with a flush, Queen high


PokerStars Hand #152361033348:  Hold'em Limit ($3/$6 USD) - 2016/04/24 2:39:56 ET
Table 'Androgeos II' 6-max Seat #5 is the button
Seat 4: pierrette56 ($67 in chips)
Seat 5: krytalex ($143.85 in chips)
krytalex: posts small blind $1
pierrette56: posts big blind $3
*** HOLE CARDS ***
krytalex: raises $3 to $6
pierrette56: folds
Uncalled bet ($3) returned to krytalex
krytalex collected $6 from pot
*** SUMMARY ***
Total pot $6 | Rake $0
Seat 4: pierrette56 (big blind) folded before Flop
Seat 5: krytalex (button) (small blind) collected ($6)


PokerStars Hand #152361029641:  Hold'em Limit ($3/$6 USD) - 2016/04/24 2:39:43 ET
Table 'Androgeos II' 6-max Seat #4 is the button
Seat 4: pierrette56 ($64.12 in chips)
Seat 5: krytalex ($146.85 in chips)
pierrette56: posts small blind $1
krytalex: posts big blind $3
*** HOLE CARDS ***
pierrette56: calls $2
krytalex: checks
*** FLOP *** [4h 9h Qs]
krytalex: checks
pierrette56: bets $3
krytalex: folds
Uncalled bet ($3) returned to pierrette56
pierrette56 collected $5.88 from pot
*** SUMMARY ***
Total pot $6 | Rake $0.12
Board [4h 9h Qs]
Seat 4: pierrette56 (button) (small blind) collected ($5.88)
Seat 5: krytalex (big blind) folded on the Flop


PokerStars Hand #152361036406:  Hold'em Limit ($3/$6 USD) - 2016/04/24 2:40:06 ET
Table 'Androgeos II' 6-max Seat #5 is the button
Seat 4: pierrette56 ($63 in chips)
Seat 5: krytalex ($147.85 in chips)
krytalex: posts small blind $1
pierrette56: posts big blind $3
*** HOLE CARDS ***
krytalex: raises $3 to $6
pierrette56: calls $3
*** FLOP *** [9h Kc 2c]
pierrette56: checks
krytalex: bets $3
pierrette56: calls $3
*** TURN *** [9h Kc 2c] [3s]
pierrette56: checks
krytalex: checks
*** RIVER *** [9h Kc 2c 3s] [5c]
pierrette56: bets $6
krytalex: folds
Uncalled bet ($6) returned to pierrette56
pierrette56 collected $17.64 from pot
*** SUMMARY ***
Total pot $18 | Rake $0.36
Board [9h Kc 2c 3s 5c]
Seat 4: pierrette56 (big blind) collected ($17.64)
Seat 5: krytalex (button) (small blind) folded on the River


PokerStars Hand #152361042995:  Hold'em Limit ($3/$6 USD) - 2016/04/24 2:40:28 ET
Table 'Androgeos II' 6-max Seat #4 is the button
Seat 4: pierrette56 ($71.64 in chips)
Seat 5: krytalex ($138.85 in chips)
pierrette56: posts small blind $1
krytalex: posts big blind $3
*** HOLE CARDS ***
pierrette56: calls $2
krytalex: checks
*** FLOP *** [5c Ts Kh]
krytalex: bets $3
pierrette56: calls $3
*** TURN *** [5c Ts Kh] [6d]
krytalex: bets $6
pierrette56: calls $6
*** RIVER *** [5c Ts Kh 6d] [2h]
krytalex: bets $6
pierrette56: calls $6
*** SHOW DOWN ***
krytalex: shows [2s Kd] (two pair, Kings and Deuces)
pierrette56: mucks hand
krytalex collected $35.50 from pot
*** SUMMARY ***
Total pot $36 | Rake $0.50
Board [5c Ts Kh 6d 2h]
Seat 4: pierrette56 (button) (small blind) mucked
Seat 5: krytalex (big blind) showed [2s Kd] and won ($35.50) with two pair, Kings and Deuces


PokerStars Hand #152361048890:  Hold'em Limit ($3/$6 USD) - 2016/04/24 2:40:48 ET
Table 'Androgeos II' 6-max Seat #5 is the button
Seat 4: pierrette56 ($53.64 in chips)
Seat 5: krytalex ($156.35 in chips)
krytalex: posts small blind $1
pierrette56: posts big blind $3
*** HOLE CARDS ***
krytalex: raises $3 to $6
pierrette56: raises $3 to $9
krytalex: calls $3
*** FLOP *** [5s 4d 4s]
pierrette56: bets $3
krytalex: folds
Uncalled bet ($3) returned to pierrette56
pierrette56 collected $17.64 from pot
*** SUMMARY ***
Total pot $18 | Rake $0.36
Board [5s 4d 4s]
Seat 4: pierrette56 (big blind) collected ($17.64)
Seat 5: krytalex (button) (small blind) folded on the Flop


PokerStars Hand #152361064063:  Hold'em Limit ($3/$6 USD) - 2016/04/24 2:41:39 ET
Table 'Androgeos II' 6-max Seat #5 is the button
Seat 4: pierrette56 ($54.16 in chips)
Seat 5: krytalex ($154.87 in chips)
krytalex: posts small blind $1
pierrette56: posts big blind $3
*** HOLE CARDS ***
krytalex: raises $3 to $6
pierrette56: raises $3 to $9
krytalex: calls $3
*** FLOP *** [5h Ac 4h]
pierrette56: bets $3
krytalex: calls $3
*** TURN *** [5h Ac 4h] [7d]
pierrette56: bets $6
krytalex: folds
Uncalled bet ($6) returned to pierrette56
pierrette56 collected $23.52 from pot
*** SUMMARY ***
Total pot $24 | Rake $0.48
Board [5h Ac 4h 7d]
Seat 4: pierrette56 (big blind) collected ($23.52)
Seat 5: krytalex (button) (small blind) folded on the Turn


PokerStars Hand #152361052060:  Hold'em Limit ($3/$6 USD) - 2016/04/24 2:40:58 ET
Table 'Androgeos II' 6-max Seat #4 is the button
Seat 4: pierrette56 ($62.28 in chips)
Seat 5: krytalex ($147.35 in chips)
pierrette56: posts small blind $1
krytalex: posts big blind $3
*** HOLE CARDS ***
pierrette56: calls $2
krytalex: checks
*** FLOP *** [Qh 8s 7d]
krytalex: bets $3
pierrette56: calls $3
*** TURN *** [Qh 8s 7d] [2c]
krytalex: bets $6
pierrette56: calls $6
*** RIVER *** [Qh 8s 7d 2c] [3d]
krytalex: bets $6
pierrette56: folds
Uncalled bet ($6) returned to krytalex
krytalex collected $23.52 from pot
*** SUMMARY ***
Total pot $24 | Rake $0.48
Board [Qh 8s 7d 2c 3d]
Seat 4: pierrette56 (button) (small blind) folded on the River
Seat 5: krytalex (big blind) collected ($23.52)


PokerStars Hand #152361057930:  Hold'em Limit ($3/$6 USD) - 2016/04/24 2:41:18 ET
Table 'Androgeos II' 6-max Seat #5 is the button
Seat 4: pierrette56 ($50.28 in chips)
Seat 5: krytalex ($158.87 in chips)
krytalex: posts small blind $1
pierrette56: posts big blind $3
*** HOLE CARDS ***
krytalex: folds
Uncalled bet ($2) returned to pierrette56
pierrette56 collected $2 from pot
*** SUMMARY ***
Total pot $2 | Rake $0
Seat 4: pierrette56 (big blind) collected ($2)
Seat 5: krytalex (button) (small blind) folded before Flop


PokerStars Hand #152361060460:  Hold'em Limit ($3/$6 USD) - 2016/04/24 2:41:27 ET
Table 'Androgeos II' 6-max Seat #4 is the button
Seat 4: pierrette56 ($51.28 in chips)
Seat 5: krytalex ($157.87 in chips)
pierrette56: posts small blind $1
krytalex: posts big blind $3
*** HOLE CARDS ***
pierrette56: calls $2
krytalex: checks
*** FLOP *** [9d Qs Kh]
krytalex: checks
pierrette56: bets $3
krytalex: folds
Uncalled bet ($3) returned to pierrette56
pierrette56 collected $5.88 from pot
*** SUMMARY ***
Total pot $6 | Rake $0.12
Board [9d Qs Kh]
Seat 4: pierrette56 (button) (small blind) collected ($5.88)
Seat 5: krytalex (big blind) folded on the Flop


PokerStars Hand #152361083660:  Hold'em Limit ($3/$6 USD) - 2016/04/24 2:42:46 ET
Table 'Androgeos II' 6-max Seat #4 is the button
Seat 4: pierrette56 ($59.56 in chips)
Seat 5: krytalex ($148.51 in chips)
pierrette56: posts small blind $1
krytalex: posts big blind $3
*** HOLE CARDS ***
pierrette56: folds
Uncalled bet ($2) returned to krytalex
krytalex collected $2 from pot
*** SUMMARY ***
Total pot $2 | Rake $0
Seat 4: pierrette56 (button) (small blind) folded before Flop
Seat 5: krytalex (big blind) collected ($2)


PokerStars Hand #152361078461:  Hold'em Limit ($3/$6 USD) - 2016/04/24 2:42:28 ET
Table 'Androgeos II' 6-max Seat #5 is the button
Seat 4: pierrette56 ($68.56 in chips)
Seat 5: krytalex ($139.87 in chips)
krytalex: posts small blind $1
pierrette56: posts big blind $3
*** HOLE CARDS ***
krytalex: raises $3 to $6
pierrette56: calls $3
*** FLOP *** [8h Td 3h]
pierrette56: checks
krytalex: bets $3
pierrette56: calls $3
*** TURN *** [8h Td 3h] [Ts]
pierrette56: checks
krytalex: bets $6
pierrette56: folds
Uncalled bet ($6) returned to krytalex
krytalex collected $17.64 from pot
*** SUMMARY ***
Total pot $18 | Rake $0.36
Board [8h Td 3h Ts]
Seat 4: pierrette56 (big blind) folded on the Turn
Seat 5: krytalex (button) (small blind) collected ($17.64)


PokerStars Hand #152361084962:  Hold'em Limit ($3/$6 USD) - 2016/04/24 2:42:50 ET
Table 'Androgeos II' 6-max Seat #5 is the button
Seat 4: pierrette56 ($58.56 in chips)
Seat 5: krytalex ($149.51 in chips)
krytalex: posts small blind $1
pierrette56: posts big blind $3
*** HOLE CARDS ***
krytalex: raises $3 to $6
pierrette56: calls $3
*** FLOP *** [Qs 8h Kc]
pierrette56: checks
krytalex: bets $3
pierrette56: calls $3
*** TURN *** [Qs 8h Kc] [Ac]
pierrette56: checks
krytalex: bets $6
pierrette56: folds
Uncalled bet ($6) returned to krytalex
krytalex collected $17.64 from pot
*** SUMMARY ***
Total pot $18 | Rake $0.36
Board [Qs 8h Kc Ac]
Seat 4: pierrette56 (big blind) folded on the Turn
Seat 5: krytalex (button) (small blind) collected ($17.64)


PokerStars Hand #152361069722:  Hold'em Limit ($3/$6 USD) - 2016/04/24 2:41:58 ET
Table 'Androgeos II' 6-max Seat #4 is the button
Seat 4: pierrette56 ($65.68 in chips)
Seat 5: krytalex ($142.87 in chips)
pierrette56: posts small blind $1
krytalex: posts big blind $3
*** HOLE CARDS ***
pierrette56: calls $2
krytalex: checks
*** FLOP *** [Ac 7s 5s]
krytalex: checks
pierrette56: checks
*** TURN *** [Ac 7s 5s] [5d]
krytalex: checks
pierrette56: bets $6
krytalex: folds
Uncalled bet ($6) returned to pierrette56
pierrette56 collected $5.88 from pot
*** SUMMARY ***
Total pot $6 | Rake $0.12
Board [Ac 7s 5s 5d]
Seat 4: pierrette56 (button) (small blind) collected ($5.88)
Seat 5: krytalex (big blind) folded on the Turn


PokerStars Hand #152361099829:  Hold'em Limit ($3/$6 USD) - 2016/04/24 2:43:40 ET
Table 'Androgeos II' 6-max Seat #5 is the button
Seat 4: pierrette56 ($51.32 in chips)
Seat 5: krytalex ($156.15 in chips)
krytalex: posts small blind $1
pierrette56: posts big blind $3
*** HOLE CARDS ***
krytalex: raises $3 to $6
pierrette56: calls $3
*** FLOP *** [Js 9h 2c]
pierrette56: checks
krytalex: bets $3
pierrette56: calls $3
*** TURN *** [Js 9h 2c] [Qc]
pierrette56: checks
krytalex: checks
*** RIVER *** [Js 9h 2c Qc] [7h]
pierrette56: bets $6
krytalex: folds
Uncalled bet ($6) returned to pierrette56
pierrette56 collected $17.64 from pot
*** SUMMARY ***
Total pot $18 | Rake $0.36
Board [Js 9h 2c Qc 7h]
Seat 4: pierrette56 (big blind) collected ($17.64)
Seat 5: krytalex (button) (small blind) folded on the River


PokerStars Hand #152361088789:  Hold'em Limit ($3/$6 USD) - 2016/04/24 2:43:03 ET
Table 'Androgeos II' 6-max Seat #4 is the button
Seat 4: pierrette56 ($49.56 in chips)
Seat 5: krytalex ($158.15 in chips)
pierrette56: posts small blind $1
krytalex: posts big blind $3
*** HOLE CARDS ***
pierrette56: raises $3 to $6
krytalex: calls $3
*** FLOP *** [7s Jd Ah]
krytalex: checks
pierrette56: bets $3
krytalex: folds
Uncalled bet ($3) returned to pierrette56
pierrette56 collected $11.76 from pot
*** SUMMARY ***
Total pot $12 | Rake $0.24
Board [7s Jd Ah]
Seat 4: pierrette56 (button) (small blind) collected ($11.76)
Seat 5: krytalex (big blind) folded on the Flop


PokerStars Hand #152361098330:  Hold'em Limit ($3/$6 USD) - 2016/04/24 2:43:35 ET
Table 'Androgeos II' 6-max Seat #4 is the button
Seat 4: pierrette56 ($52.32 in chips)
Seat 5: krytalex ($155.15 in chips)
pierrette56: posts small blind $1
krytalex: posts big blind $3
*** HOLE CARDS ***
pierrette56: folds
Uncalled bet ($2) returned to krytalex
krytalex collected $2 from pot
*** SUMMARY ***
Total pot $2 | Rake $0
Seat 4: pierrette56 (button) (small blind) folded before Flop
Seat 5: krytalex (big blind) collected ($2)


PokerStars Hand #152361096140:  Hold'em Limit ($3/$6 USD) - 2016/04/24 2:43:28 ET
Table 'Androgeos II' 6-max Seat #5 is the button
Seat 4: pierrette56 ($55.32 in chips)
Seat 5: krytalex ($152.15 in chips)
krytalex: posts small blind $1
pierrette56: posts big blind $3
*** HOLE CARDS ***
krytalex: raises $3 to $6
pierrette56: folds
Uncalled bet ($3) returned to krytalex
krytalex collected $6 from pot
*** SUMMARY ***
Total pot $6 | Rake $0
Seat 4: pierrette56 (big blind) folded before Flop
Seat 5: krytalex (button) (small blind) collected ($6)


PokerStars Hand #152361114814:  Hold'em Limit ($3/$6 USD) - 2016/04/24 2:44:30 ET
Table 'Androgeos II' 6-max Seat #5 is the button
Seat 4: pierrette56 ($71.48 in chips)
Seat 5: krytalex ($135.15 in chips)
krytalex: posts small blind $1
pierrette56: posts big blind $3
*** HOLE CARDS ***
krytalex: raises $3 to $6
pierrette56: folds
Uncalled bet ($3) returned to krytalex
krytalex collected $6 from pot
*** SUMMARY ***
Total pot $6 | Rake $0
Seat 4: pierrette56 (big blind) folded before Flop
Seat 5: krytalex (button) (small blind) collected ($6)


PokerStars Hand #152361109351:  Hold'em Limit ($3/$6 USD) - 2016/04/24 2:44:12 ET
Table 'Androgeos II' 6-max Seat #4 is the button
Seat 4: pierrette56 ($59.96 in chips)
Seat 5: krytalex ($147.15 in chips)
pierrette56: posts small blind $1
krytalex: posts big blind $3
*** HOLE CARDS ***
pierrette56: calls $2
krytalex: checks
*** FLOP *** [Jh 6d 9h]
krytalex: bets $3
pierrette56: calls $3
*** TURN *** [Jh 6d 9h] [Qh]
krytalex: bets $6
pierrette56: calls $6
*** RIVER *** [Jh 6d 9h Qh] [Td]
krytalex: checks
pierrette56: checks
*** SHOW DOWN ***
krytalex: shows [Jc 3d] (a pair of Jacks)
pierrette56: shows [7d 8h] (a straight, Eight to Queen)
pierrette56 collected $23.52 from pot
*** SUMMARY ***
Total pot $24 | Rake $0.48
Board [Jh 6d 9h Qh Td]
Seat 4: pierrette56 (button) (small blind) showed [7d 8h] and won ($23.52) with a straight, Eight to Queen
Seat 5: krytalex (big blind) showed [Jc 3d] and lost with a pair of Jacks


PokerStars Hand #152361136255:  Hold'em Limit ($3/$6 USD) - 2016/04/24 2:45:41 ET
Table 'Androgeos II' 6-max Seat #4 is the button
Seat 4: pierrette56 ($88.74 in chips)
Seat 5: krytalex ($117.15 in chips)
pierrette56: posts small blind $1
krytalex: posts big blind $3
*** HOLE CARDS ***
pierrette56: calls $2
krytalex said, "SUKAAAAAAAAAAA"
krytalex said, "DOLBAEBINAAAAAAAAAA"
krytalex: checks
*** FLOP *** [Ad Tc 6c]
krytalex: checks
pierrette56: bets $3
krytalex: folds
Uncalled bet ($3) returned to pierrette56
pierrette56 collected $5.88 from pot
*** SUMMARY ***
Total pot $6 | Rake $0.12
Board [Ad Tc 6c]
Seat 4: pierrette56 (button) (small blind) collected ($5.88)
Seat 5: krytalex (big blind) folded on the Flop


PokerStars Hand #152361128199:  Hold'em Limit ($3/$6 USD) - 2016/04/24 2:45:14 ET
Table 'Androgeos II' 6-max Seat #5 is the button
Seat 4: pierrette56 ($74.24 in chips)
Seat 5: krytalex ($132.15 in chips)
krytalex: posts small blind $1
pierrette56: posts big blind $3
*** HOLE CARDS ***
krytalex: raises $3 to $6
pierrette56: calls $3
*** FLOP *** [8d Jh Td]
pierrette56: checks
krytalex: bets $3
pierrette56: calls $3
*** TURN *** [8d Jh Td] [Kd]
pierrette56: checks
krytalex: bets $6
pierrette56: calls $6
*** RIVER *** [8d Jh Td Kd] [6d]
pierrette56: checks
krytalex: checks
*** SHOW DOWN ***
pierrette56: shows [As 5d] (a flush, King high)
krytalex: mucks hand
pierrette56 collected $29.50 from pot
*** SUMMARY ***
Total pot $30 | Rake $0.50
Board [8d Jh Td Kd 6d]
Seat 4: pierrette56 (big blind) showed [As 5d] and won ($29.50) with a flush, King high
Seat 5: krytalex (button) (small blind) mucked


PokerStars Hand #152361116476:  Hold'em Limit ($3/$6 USD) - 2016/04/24 2:44:35 ET
Table 'Androgeos II' 6-max Seat #4 is the button
Seat 4: pierrette56 ($68.48 in chips)
Seat 5: krytalex ($138.15 in chips)
pierrette56: posts small blind $1
krytalex: posts big blind $3
*** HOLE CARDS ***
pierrette56: raises $3 to $6
krytalex: calls $3
*** FLOP *** [Ks Th Tc]
krytalex: checks
pierrette56: bets $3
krytalex: folds
Uncalled bet ($3) returned to pierrette56
pierrette56 collected $11.76 from pot
*** SUMMARY ***
Total pot $12 | Rake $0.24
Board [Ks Th Tc]
Seat 4: pierrette56 (button) (small blind) collected ($11.76)
Seat 5: krytalex (big blind) folded on the Flop


PokerStars Hand #152361145119:  Hold'em Limit ($3/$6 USD) - 2016/04/24 2:46:11 ET
Table 'Androgeos II' 6-max Seat #5 is the button
Seat 4: pierrette56 ($91.62 in chips)
Seat 5: krytalex ($114.15 in chips)
krytalex: posts small blind $1
pierrette56: posts big blind $3
*** HOLE CARDS ***
krytalex: raises $3 to $6
pierrette56: calls $3
*** FLOP *** [2c 3s Jc]
pierrette56: checks
krytalex: bets $3
pierrette56: calls $3
*** TURN *** [2c 3s Jc] [8d]
pierrette56: checks
krytalex: bets $6
pierrette56: calls $6
*** RIVER *** [2c 3s Jc 8d] [Kh]
pierrette56: bets $6
krytalex: folds
Uncalled bet ($6) returned to pierrette56
pierrette56 collected $29.50 from pot
*** SUMMARY ***
Total pot $30 | Rake $0.50
Board [2c 3s Jc 8d Kh]
Seat 4: pierrette56 (big blind) collected ($29.50)
Seat 5: krytalex (button) (small blind) folded on the River


PokerStars Hand #152361158881:  Hold'em Limit ($3/$6 USD) - 2016/04/24 2:46:57 ET
Table 'Androgeos II' 6-max Seat #5 is the button
Seat 4: pierrette56 ($109 in chips)
Seat 5: krytalex ($96.15 in chips)
krytalex: posts small blind $1
pierrette56: posts big blind $3
*** HOLE CARDS ***
krytalex: raises $3 to $6
pierrette56: folds
Uncalled bet ($3) returned to krytalex
krytalex collected $6 from pot
*** SUMMARY ***
Total pot $6 | Rake $0
Seat 4: pierrette56 (big blind) folded before Flop
Seat 5: krytalex (button) (small blind) collected ($6)


PokerStars Hand #152361150929:  Hold'em Limit ($3/$6 USD) - 2016/04/24 2:46:30 ET
Table 'Androgeos II' 6-max Seat #4 is the button
Seat 4: pierrette56 ($106.12 in chips)
Seat 5: krytalex ($99.15 in chips)
pierrette56: posts small blind $1
krytalex: posts big blind $3
*** HOLE CARDS ***
pierrette56: calls $2
krytalex: checks
*** FLOP *** [3d 2c 7h]
krytalex: checks
pierrette56: bets $3
krytalex: folds
Uncalled bet ($3) returned to pierrette56
pierrette56 collected $5.88 from pot
*** SUMMARY ***
Total pot $6 | Rake $0.12
Board [3d 2c 7h]
Seat 4: pierrette56 (button) (small blind) collected ($5.88)
Seat 5: krytalex (big blind) folded on the Flop


PokerStars Hand #152361168350:  Hold'em Limit ($3/$6 USD) - 2016/04/24 2:47:29 ET
Table 'Androgeos II' 6-max Seat #4 is the button
Seat 4: pierrette56 ($88 in chips)
Seat 5: krytalex ($116.43 in chips)
pierrette56: posts small blind $1
krytalex: posts big blind $3
*** HOLE CARDS ***
pierrette56: folds
Uncalled bet ($2) returned to krytalex
krytalex collected $2 from pot
*** SUMMARY ***
Total pot $2 | Rake $0
Seat 4: pierrette56 (button) (small blind) folded before Flop
Seat 5: krytalex (big blind) collected ($2)


PokerStars Hand #152361164209:  Hold'em Limit ($3/$6 USD) - 2016/04/24 2:47:15 ET
Table 'Androgeos II' 6-max Seat #5 is the button
Seat 4: pierrette56 ($100 in chips)
Seat 5: krytalex ($104.91 in chips)
krytalex: posts small blind $1
pierrette56: posts big blind $3
*** HOLE CARDS ***
krytalex: raises $3 to $6
pierrette56: calls $3
*** FLOP *** [6s Qh Ad]
pierrette56: checks
krytalex: bets $3
pierrette56: raises $3 to $6
krytalex: calls $3
*** TURN *** [6s Qh Ad] [8c]
pierrette56: checks
krytalex: bets $6
pierrette56: folds
Uncalled bet ($6) returned to krytalex
krytalex collected $23.52 from pot
*** SUMMARY ***
Total pot $24 | Rake $0.48
Board [6s Qh Ad 8c]
Seat 4: pierrette56 (big blind) folded on the Turn
Seat 5: krytalex (button) (small blind) collected ($23.52)


PokerStars Hand #152361160913:  Hold'em Limit ($3/$6 USD) - 2016/04/24 2:47:04 ET
Table 'Androgeos II' 6-max Seat #4 is the button
Seat 4: pierrette56 ($106 in chips)
Seat 5: krytalex ($99.15 in chips)
pierrette56: posts small blind $1
krytalex: posts big blind $3
*** HOLE CARDS ***
pierrette56: calls $2
krytalex: raises $3 to $6
pierrette56: calls $3
*** FLOP *** [9s As Kd]
krytalex: bets $3
pierrette56: folds
Uncalled bet ($3) returned to krytalex
krytalex collected $11.76 from pot
*** SUMMARY ***
Total pot $12 | Rake $0.24
Board [9s As Kd]
Seat 4: pierrette56 (button) (small blind) folded on the Flop
Seat 5: krytalex (big blind) collected ($11.76)


PokerStars Hand #152361169668:  Hold'em Limit ($3/$6 USD) - 2016/04/24 2:47:33 ET
Table 'Androgeos II' 6-max Seat #5 is the button
Seat 4: pierrette56 ($87 in chips)
Seat 5: krytalex ($117.43 in chips)
krytalex: posts small blind $1
pierrette56: posts big blind $3
*** HOLE CARDS ***
krytalex: folds
Uncalled bet ($2) returned to pierrette56
pierrette56 collected $2 from pot
*** SUMMARY ***
Total pot $2 | Rake $0
Seat 4: pierrette56 (big blind) collected ($2)
Seat 5: krytalex (button) (small blind) folded before Flop


PokerStars Hand #152361171210:  Hold'em Limit ($3/$6 USD) - 2016/04/24 2:47:38 ET
Table 'Androgeos II' 6-max Seat #4 is the button
Seat 4: pierrette56 ($88 in chips)
Seat 5: krytalex ($116.43 in chips)
pierrette56: posts small blind $1
krytalex: posts big blind $3
*** HOLE CARDS ***
pierrette56: raises $3 to $6
krytalex: calls $3
*** FLOP *** [4d 7d 6d]
krytalex: checks
pierrette56: bets $3
krytalex: raises $3 to $6
pierrette56: calls $3
*** TURN *** [4d 7d 6d] [9d]
krytalex: bets $6
pierrette56: calls $6
*** RIVER *** [4d 7d 6d 9d] [Ac]
krytalex: bets $6
pierrette56: calls $6
*** SHOW DOWN ***
krytalex: shows [Qd 5h] (a flush, Queen high)
pierrette56: mucks hand
krytalex collected $47.50 from pot
*** SUMMARY ***
Total pot $48 | Rake $0.50
Board [4d 7d 6d 9d Ac]
Seat 4: pierrette56 (button) (small blind) mucked
Seat 5: krytalex (big blind) showed [Qd 5h] and won ($47.50) with a flush, Queen high


PokerStars Hand #152361183635:  Hold'em Limit ($3/$6 USD) - 2016/04/24 2:48:20 ET
Table 'Androgeos II' 6-max Seat #4 is the button
Seat 4: pierrette56 ($65 in chips)
Seat 5: krytalex ($138.93 in chips)
pierrette56: posts small blind $1
krytalex: posts big blind $3
*** HOLE CARDS ***
pierrette56: raises $3 to $6
krytalex: calls $3
*** FLOP *** [2d 3c 2h]
krytalex: checks
pierrette56: bets $3
krytalex: folds
Uncalled bet ($3) returned to pierrette56
pierrette56 collected $11.76 from pot
*** SUMMARY ***
Total pot $12 | Rake $0.24
Board [2d 3c 2h]
Seat 4: pierrette56 (button) (small blind) collected ($11.76)
Seat 5: krytalex (big blind) folded on the Flop


PokerStars Hand #152361180764:  Hold'em Limit ($3/$6 USD) - 2016/04/24 2:48:11 ET
Table 'Androgeos II' 6-max Seat #5 is the button
Seat 4: pierrette56 ($64 in chips)
Seat 5: krytalex ($139.93 in chips)
krytalex: posts small blind $1
pierrette56: posts big blind $3
*** HOLE CARDS ***
krytalex: folds
Uncalled bet ($2) returned to pierrette56
pierrette56 collected $2 from pot
*** SUMMARY ***
Total pot $2 | Rake $0
Seat 4: pierrette56 (big blind) collected ($2)
Seat 5: krytalex (button) (small blind) folded before Flop


PokerStars Hand #152361206079:  Hold'em Limit ($3/$6 USD) - 2016/04/24 2:49:36 ET
Table 'Androgeos II' 6-max Seat #4 is the button
Seat 4: pierrette56 ($92.90 in chips)
Seat 5: krytalex ($109.93 in chips)
pierrette56: posts small blind $1
krytalex: posts big blind $3
*** HOLE CARDS ***
pierrette56: calls $2
krytalex: checks
*** FLOP *** [Qd Ks 8s]
krytalex: checks
pierrette56: checks
*** TURN *** [Qd Ks 8s] [3h]
krytalex: checks
pierrette56: bets $6
krytalex: folds
Uncalled bet ($6) returned to pierrette56
pierrette56 collected $5.88 from pot
*** SUMMARY ***
Total pot $6 | Rake $0.12
Board [Qd Ks 8s 3h]
Seat 4: pierrette56 (button) (small blind) collected ($5.88)
Seat 5: krytalex (big blind) folded on the Turn


PokerStars Hand #152361192159:  Hold'em Limit ($3/$6 USD) - 2016/04/24 2:48:49 ET
Table 'Androgeos II' 6-max Seat #5 is the button
Seat 4: pierrette56 ($70.76 in chips)
Seat 5: krytalex ($132.93 in chips)
krytalex: posts small blind $1
pierrette56: posts big blind $3
*** HOLE CARDS ***
krytalex: raises $3 to $6
pierrette56: calls $3
*** FLOP *** [8h Qs 3d]
pierrette56: checks
krytalex: bets $3
pierrette56: calls $3
*** TURN *** [8h Qs 3d] [4c]
pierrette56: checks
krytalex: bets $6
pierrette56: calls $6
*** RIVER *** [8h Qs 3d 4c] [Js]
pierrette56: bets $6
krytalex: folds
Uncalled bet ($6) returned to pierrette56
pierrette56 collected $29.50 from pot
*** SUMMARY ***
Total pot $30 | Rake $0.50
Board [8h Qs 3d 4c Js]
Seat 4: pierrette56 (big blind) collected ($29.50)
Seat 5: krytalex (button) (small blind) folded on the River


PokerStars Hand #152361202160:  Hold'em Limit ($3/$6 USD) - 2016/04/24 2:49:23 ET
Table 'Androgeos II' 6-max Seat #5 is the button
Seat 4: pierrette56 ($84.26 in chips)
Seat 5: krytalex ($118.93 in chips)
krytalex: posts small blind $1
pierrette56: posts big blind $3
*** HOLE CARDS ***
krytalex: raises $3 to $6
pierrette56: calls $3
*** FLOP *** [Qc Jh 7c]
pierrette56: checks
krytalex: bets $3
pierrette56: calls $3
*** TURN *** [Qc Jh 7c] [9c]
pierrette56: bets $6
krytalex: folds
Uncalled bet ($6) returned to pierrette56
pierrette56 collected $17.64 from pot
*** SUMMARY ***
Total pot $18 | Rake $0.36
Board [Qc Jh 7c 9c]
Seat 4: pierrette56 (big blind) collected ($17.64)
Seat 5: krytalex (button) (small blind) folded on the Turn


PokerStars Hand #152361212922:  Hold'em Limit ($3/$6 USD) - 2016/04/24 2:49:58 ET
Table 'Androgeos II' 6-max Seat #5 is the button
Seat 4: pierrette56 ($95.78 in chips)
Seat 5: krytalex ($106.93 in chips)
krytalex: posts small blind $1
pierrette56: posts big blind $3
*** HOLE CARDS ***
krytalex: raises $3 to $6
pierrette56: folds
Uncalled bet ($3) returned to krytalex
krytalex collected $6 from pot
*** SUMMARY ***
Total pot $6 | Rake $0
Seat 4: pierrette56 (big blind) folded before Flop
Seat 5: krytalex (button) (small blind) collected ($6)


PokerStars Hand #152361227913:  Hold'em Limit ($3/$6 USD) - 2016/04/24 2:50:48 ET
Table 'Androgeos II' 6-max Seat #5 is the button
Seat 4: pierrette56 ($92.72 in chips)
Seat 5: krytalex ($109.87 in chips)
krytalex: posts small blind $1
pierrette56: posts big blind $3
*** HOLE CARDS ***
krytalex: folds
Uncalled bet ($2) returned to pierrette56
pierrette56 collected $2 from pot
*** SUMMARY ***
Total pot $2 | Rake $0
Seat 4: pierrette56 (big blind) collected ($2)
Seat 5: krytalex (button) (small blind) folded before Flop


PokerStars Hand #152361215293:  Hold'em Limit ($3/$6 USD) - 2016/04/24 2:50:06 ET
Table 'Androgeos II' 6-max Seat #4 is the button
Seat 4: pierrette56 ($92.78 in chips)
Seat 5: krytalex ($109.93 in chips)
pierrette56: posts small blind $1
krytalex: posts big blind $3
*** HOLE CARDS ***
pierrette56: calls $2
krytalex: checks
*** FLOP *** [8s Jh Ah]
krytalex: checks
pierrette56: checks
*** TURN *** [8s Jh Ah] [8h]
krytalex: checks
pierrette56: checks
*** RIVER *** [8s Jh Ah 8h] [Js]
krytalex: checks
pierrette56: checks
*** SHOW DOWN ***
krytalex: shows [Tc 3s] (two pair, Jacks and Eights)
pierrette56: shows [6d 5d] (two pair, Jacks and Eights)
krytalex collected $2.94 from pot
pierrette56 collected $2.94 from pot
*** SUMMARY ***
Total pot $6 | Rake $0.12
Board [8s Jh Ah 8h Js]
Seat 4: pierrette56 (button) (small blind) showed [6d 5d] and won ($2.94) with two pair, Jacks and Eights
Seat 5: krytalex (big blind) showed [Tc 3s] and won ($2.94) with two pair, Jacks and Eights


PokerStars Hand #152361253019:  Hold'em Limit ($3/$6 USD) - 2016/04/24 2:51:45 ET
Table 'Androgeos II' 6-max Seat #4 is the button
Seat 4: pierrette56 ($93.60 in chips)
Seat 5: krytalex ($108.87 in chips)
pierrette56: posts small blind $1
krytalex: posts big blind $3
*** HOLE CARDS ***
pierrette56: folds
Uncalled bet ($2) returned to krytalex
krytalex collected $2 from pot
*** SUMMARY ***
Total pot $2 | Rake $0
Seat 4: pierrette56 (button) (small blind) folded before Flop
Seat 5: krytalex (big blind) collected ($2)


PokerStars Hand #152361231277:  Hold'em Limit ($3/$6 USD) - 2016/04/24 2:50:59 ET
Table 'Androgeos II' 6-max Seat #4 is the button
Seat 4: pierrette56 ($93.72 in chips)
Seat 5: krytalex ($108.87 in chips)
pierrette56: posts small blind $1
krytalex: posts big blind $3
*** HOLE CARDS ***
pierrette56: calls $2
krytalex: checks
*** FLOP *** [Ks 7s 2c]
krytalex: checks
pierrette56: bets $3
krytalex: folds
Uncalled bet ($3) returned to pierrette56
pierrette56 collected $5.88 from pot
*** SUMMARY ***
Total pot $6 | Rake $0.12
Board [Ks 7s 2c]
Seat 4: pierrette56 (button) (small blind) collected ($5.88)
Seat 5: krytalex (big blind) folded on the Flop


PokerStars Hand #152361256386:  Hold'em Limit ($3/$6 USD) - 2016/04/24 2:51:56 ET
Table 'Androgeos II' 6-max Seat #4 is the button
Seat 4: pierrette56 ($93.60 in chips)
Seat 5: krytalex ($108.87 in chips)
pierrette56: posts small blind $1
krytalex: posts big blind $3
*** HOLE CARDS ***
pierrette56: calls $2
krytalex: checks
*** FLOP *** [4h Ks 4d]
krytalex: checks
pierrette56: bets $3
krytalex: folds
Uncalled bet ($3) returned to pierrette56
pierrette56 collected $5.88 from pot
*** SUMMARY ***
Total pot $6 | Rake $0.12
Board [4h Ks 4d]
Seat 4: pierrette56 (button) (small blind) collected ($5.88)
Seat 5: krytalex (big blind) folded on the Flop


PokerStars Hand #152361254870:  Hold'em Limit ($3/$6 USD) - 2016/04/24 2:51:51 ET
Table 'Androgeos II' 6-max Seat #5 is the button
Seat 4: pierrette56 ($92.60 in chips)
Seat 5: krytalex ($109.87 in chips)
krytalex: posts small blind $1
pierrette56: posts big blind $3
*** HOLE CARDS ***
krytalex: folds
Uncalled bet ($2) returned to pierrette56
pierrette56 collected $2 from pot
*** SUMMARY ***
Total pot $2 | Rake $0
Seat 4: pierrette56 (big blind) collected ($2)
Seat 5: krytalex (button) (small blind) folded before Flop


PokerStars Hand #152361260484:  Hold'em Limit ($3/$6 USD) - 2016/04/24 2:52:10 ET
Table 'Androgeos II' 6-max Seat #5 is the button
Seat 4: pierrette56 ($96.48 in chips)
Seat 5: krytalex ($105.87 in chips)
krytalex: posts small blind $1
pierrette56: posts big blind $3
*** HOLE CARDS ***
krytalex: raises $3 to $6
pierrette56: folds
Uncalled bet ($3) returned to krytalex
krytalex collected $6 from pot
*** SUMMARY ***
Total pot $6 | Rake $0
Seat 4: pierrette56 (big blind) folded before Flop
Seat 5: krytalex (button) (small blind) collected ($6)


