PokerStars Hand #174579484045:  Hold'em Limit ($3/$6 USD) - 2017/08/20 14:20:38 ET
Table 'Andromeda' 6-max Seat #4 is the button
Seat 3: hairy1961 ($41 in chips)
Seat 4: Great_Kang ($128.46 in chips)
Great_Kang: posts small blind $1
hairy1961: posts big blind $3
*** HOLE CARDS ***
Great_Kang: raises $3 to $6
hairy1961: calls $3
*** FLOP *** [5d 6c Ac]
hairy1961: checks
Great_Kang: bets $3
hairy1961: raises $3 to $6
Great_Kang: calls $3
*** TURN *** [5d 6c Ac] [Jc]
hairy1961: bets $6
Great_Kang: calls $6
*** RIVER *** [5d 6c Ac Jc] [5s]
hairy1961: bets $6
Great_Kang: folds
Uncalled bet ($6) returned to hairy1961
hairy1961 collected $35.50 from pot
*** SUMMARY ***
Total pot $36 | Rake $0.50
Board [5d 6c Ac Jc 5s]
Seat 3: hairy1961 (big blind) collected ($35.50)
Seat 4: Great_Kang (button) (small blind) folded on the River


PokerStars Hand #174579536320:  Hold'em Limit ($3/$6 USD) - 2017/08/20 14:21:37 ET
Table 'Andromeda' 6-max Seat #3 is the button
Seat 3: hairy1961 ($58.50 in chips)
Seat 4: Great_Kang ($120 in chips)
hairy1961: posts small blind $1
Great_Kang: posts big blind $3
*** HOLE CARDS ***
hairy1961: folds
Uncalled bet ($2) returned to Great_Kang
Great_Kang collected $2 from pot
Great_Kang: doesn't show hand
*** SUMMARY ***
Total pot $2 | Rake $0
Seat 3: hairy1961 (button) (small blind) folded before Flop
Seat 4: Great_Kang (big blind) collected ($2)


PokerStars Hand #174579541518:  Hold'em Limit ($3/$6 USD) - 2017/08/20 14:21:43 ET
Table 'Andromeda' 6-max Seat #4 is the button
Seat 3: hairy1961 ($57.50 in chips)
Seat 4: Great_Kang ($121 in chips)
Great_Kang: posts small blind $1
hairy1961: posts big blind $3
*** HOLE CARDS ***
Great_Kang: raises $3 to $6
yamaxerm joins the table at seat #1
hairy1961: calls $3
*** FLOP *** [9d Qc Tc]
hairy1961: checks
Great_Kang: bets $3
hairy1961: calls $3
*** TURN *** [9d Qc Tc] [Qd]
hairy1961: checks
Great_Kang: bets $6
hairy1961: raises $6 to $12
Great_Kang: raises $6 to $18
hairy1961: calls $6
*** RIVER *** [9d Qc Tc Qd] [2d]
hairy1961: checks
Great_Kang: bets $6
hairy1961: calls $6
*** SHOW DOWN ***
Great_Kang: shows [Jh 8s] (a straight, Eight to Queen)
hairy1961: mucks hand
Great_Kang collected $65.50 from pot
*** SUMMARY ***
Total pot $66 | Rake $0.50
Board [9d Qc Tc Qd 2d]
Seat 3: hairy1961 (big blind) mucked
Seat 4: Great_Kang (button) (small blind) showed [Jh 8s] and won ($65.50) with a straight, Eight to Queen


PokerStars Hand #174579572917:  Hold'em Limit ($3/$6 USD) - 2017/08/20 14:22:19 ET
Table 'Andromeda' 6-max Seat #3 is the button
Seat 3: hairy1961 ($24.50 in chips)
Seat 4: Great_Kang ($153.50 in chips)
hairy1961: posts small blind $1
Great_Kang: posts big blind $3
*** HOLE CARDS ***
hairy1961: raises $3 to $6
Great_Kang: calls $3
*** FLOP *** [9s Kd 5c]
Great_Kang: checks
hairy1961: bets $3
Great_Kang: calls $3
*** TURN *** [9s Kd 5c] [Kh]
Great_Kang: checks
hairy1961: bets $6
Great_Kang: calls $6
*** RIVER *** [9s Kd 5c Kh] [6c]
Great_Kang: checks
hairy1961: bets $6
Great_Kang: calls $6
*** SHOW DOWN ***
hairy1961: shows [7h Qd] (a pair of Kings)
Great_Kang: shows [5s 7c] (two pair, Kings and Fives)
Great_Kang collected $41.50 from pot
*** SUMMARY ***
Total pot $42 | Rake $0.50
Board [9s Kd 5c Kh 6c]
Seat 3: hairy1961 (button) (small blind) showed [7h Qd] and lost with a pair of Kings
Seat 4: Great_Kang (big blind) showed [5s 7c] and won ($41.50) with two pair, Kings and Fives


PokerStars Hand #174579630764:  Hold'em Limit ($3/$6 USD) - 2017/08/20 14:23:24 ET
Table 'Andromeda' 6-max Seat #1 is the button
Seat 1: yamaxerm ($116 in chips)
Seat 4: Great_Kang ($180.59 in chips)
yamaxerm: posts small blind $1
Great_Kang: posts big blind $3
*** HOLE CARDS ***
yamaxerm: raises $3 to $6
Great_Kang: calls $3
*** FLOP *** [Kd 3d 4s]
hairy1961 leaves the table
Great_Kang: checks
yamaxerm: bets $3
Great_Kang: raises $3 to $6
yamaxerm: raises $3 to $9
Great_Kang: raises $3 to $12
Betting is capped
yamaxerm: calls $3
*** TURN *** [Kd 3d 4s] [3h]
Great_Kang: bets $6
yamaxerm: folds
Uncalled bet ($6) returned to Great_Kang
Great_Kang collected $35.50 from pot
Great_Kang: doesn't show hand
*** SUMMARY ***
Total pot $36 | Rake $0.50
Board [Kd 3d 4s 3h]
Seat 1: yamaxerm (button) (small blind) folded on the Turn
Seat 4: Great_Kang (big blind) collected ($35.50)


