PokerStars Hand #160787813889:  Hold'em Limit ($3/$6 USD) - 2016/11/02 10:21:52 ET
Table 'Andromeda' 6-max Seat #1 is the button
Seat 1: B_loJkl ($150 in chips)
Seat 6: MilkyWay2016 ($120 in chips)
assitoni: is sitting out
B_loJkl: posts small blind $1
MilkyWay2016: posts big blind $3
*** HOLE CARDS ***
B_loJkl: raises $3 to $6
MilkyWay2016: folds
Uncalled bet ($3) returned to B_loJkl
B_loJkl collected $6 from pot
B_loJkl: doesn't show hand
*** SUMMARY ***
Total pot $6 | Rake $0
Seat 1: B_loJkl (button) (small blind) collected ($6)
Seat 6: MilkyWay2016 (big blind) folded before Flop


PokerStars Hand #160787836310:  Hold'em Limit ($3/$6 USD) - 2016/11/02 10:22:28 ET
Table 'Andromeda' 6-max Seat #1 is the button
Seat 1: B_loJkl ($170.50 in chips)
Seat 6: MilkyWay2016 ($99 in chips)
B_loJkl: posts small blind $1
MilkyWay2016: posts big blind $3
*** HOLE CARDS ***
B_loJkl: folds
Uncalled bet ($2) returned to MilkyWay2016
MilkyWay2016 collected $2 from pot
*** SUMMARY ***
Total pot $2 | Rake $0
Seat 1: B_loJkl (button) (small blind) folded before Flop
Seat 6: MilkyWay2016 (big blind) collected ($2)


PokerStars Hand #160787823207:  Hold'em Limit ($3/$6 USD) - 2016/11/02 10:22:06 ET
Table 'Andromeda' 6-max Seat #6 is the button
Seat 1: B_loJkl ($153 in chips)
Seat 6: MilkyWay2016 ($117 in chips)
MilkyWay2016: posts small blind $1
B_loJkl: posts big blind $3
*** HOLE CARDS ***
MilkyWay2016: raises $3 to $6
B_loJkl: calls $3
*** FLOP *** [4c 8c Qc]
B_loJkl: checks
MilkyWay2016: bets $3
B_loJkl: raises $3 to $6
MilkyWay2016: calls $3
*** TURN *** [4c 8c Qc] [Qh]
B_loJkl: bets $6
MilkyWay2016: calls $6
*** RIVER *** [4c 8c Qc Qh] [Jc]
B_loJkl: bets $6
MilkyWay2016: folds
Uncalled bet ($6) returned to B_loJkl
B_loJkl collected $35.50 from pot
B_loJkl: doesn't show hand
*** SUMMARY ***
Total pot $36 | Rake $0.50
Board [4c 8c Qc Qh Jc]
Seat 1: B_loJkl (big blind) collected ($35.50)
Seat 6: MilkyWay2016 (button) (small blind) folded on the River


PokerStars Hand #160787842718:  Hold'em Limit ($3/$6 USD) - 2016/11/02 10:22:38 ET
Table 'Andromeda' 6-max Seat #6 is the button
Seat 1: B_loJkl ($169.50 in chips)
Seat 6: MilkyWay2016 ($100 in chips)
MilkyWay2016: posts small blind $1
B_loJkl: posts big blind $3
*** HOLE CARDS ***
MilkyWay2016: raises $3 to $6
B_loJkl: calls $3
*** FLOP *** [2d 8s 5c]
B_loJkl: checks
MilkyWay2016: checks
*** TURN *** [2d 8s 5c] [7h]
cornetc joins the table at seat #3
B_loJkl: checks
MilkyWay2016: checks
*** RIVER *** [2d 8s 5c 7h] [2h]
B_loJkl: checks
MilkyWay2016: bets $6
B_loJkl: calls $6
*** SHOW DOWN ***
MilkyWay2016: shows [Ks 4h] (a pair of Deuces)
B_loJkl: shows [9d Kc] (a pair of Deuces - King+Nine kicker)
B_loJkl collected $23.52 from pot
*** SUMMARY ***
Total pot $24 | Rake $0.48
Board [2d 8s 5c 7h 2h]
Seat 1: B_loJkl (big blind) showed [9d Kc] and won ($23.52) with a pair of Deuces
Seat 6: MilkyWay2016 (button) (small blind) showed [Ks 4h] and lost with a pair of Deuces


PokerStars Hand #160790575309:  Hold'em Limit ($3/$6 USD) - 2016/11/02 11:33:10 ET
Table 'Andromeda' 6-max Seat #3 is the button
Seat 2: VolkovDmitri ($120 in chips)
Seat 3: cornetc ($45.62 in chips)
cornetc: posts small blind $1
B_loJkl: is sitting out
VolkovDmitri: posts big blind $3
*** HOLE CARDS ***
cornetc: folds
Uncalled bet ($2) returned to VolkovDmitri
VolkovDmitri collected $2 from pot
VolkovDmitri: doesn't show hand
*** SUMMARY ***
Total pot $2 | Rake $0
Seat 2: VolkovDmitri (big blind) collected ($2)
Seat 3: cornetc (button) (small blind) folded before Flop


PokerStars Hand #160790578710:  Hold'em Limit ($3/$6 USD) - 2016/11/02 11:33:15 ET
Table 'Andromeda' 6-max Seat #2 is the button
Seat 2: VolkovDmitri ($121 in chips)
Seat 3: cornetc ($44.62 in chips)
VolkovDmitri: posts small blind $1
cornetc: posts big blind $3
*** HOLE CARDS ***
VolkovDmitri: raises $3 to $6
cornetc: raises $3 to $9
VolkovDmitri: calls $3
*** FLOP *** [4h 3c Jd]
cornetc: checks
VolkovDmitri: checks
*** TURN *** [4h 3c Jd] [2s]
cornetc: bets $6
VolkovDmitri: calls $6
*** RIVER *** [4h 3c Jd 2s] [Tc]
cornetc: checks
VolkovDmitri: bets $6
cornetc: folds
Uncalled bet ($6) returned to VolkovDmitri
VolkovDmitri collected $29.50 from pot
VolkovDmitri: doesn't show hand
*** SUMMARY ***
Total pot $30 | Rake $0.50
Board [4h 3c Jd 2s Tc]
Seat 2: VolkovDmitri (button) (small blind) collected ($29.50)
Seat 3: cornetc (big blind) folded on the River


PokerStars Hand #160790613432:  Hold'em Limit ($3/$6 USD) - 2016/11/02 11:34:06 ET
Table 'Andromeda' 6-max Seat #2 is the button
Seat 2: VolkovDmitri ($150 in chips)
Seat 3: cornetc ($14.62 in chips)
B_loJkl leaves the table
VolkovDmitri: posts small blind $1
cornetc: posts big blind $3
*** HOLE CARDS ***
VolkovDmitri: raises $3 to $6
cornetc: calls $3
*** FLOP *** [Jd 5s Td]
cornetc: checks
VolkovDmitri: checks
*** TURN *** [Jd 5s Td] [7d]
cornetc: bets $6
VolkovDmitri: raises $6 to $12
cornetc: calls $2.62 and is all-in
Uncalled bet ($3.38) returned to VolkovDmitri
*** RIVER *** [Jd 5s Td 7d] [Qs]
*** SHOW DOWN ***
cornetc: shows [Js 8c] (a pair of Jacks)
VolkovDmitri: shows [7s 7c] (three of a kind, Sevens)
VolkovDmitri collected $28.74 from pot
*** SUMMARY ***
Total pot $29.24 | Rake $0.50
Board [Jd 5s Td 7d Qs]
Seat 2: VolkovDmitri (button) (small blind) showed [7s 7c] and won ($28.74) with three of a kind, Sevens
Seat 3: cornetc (big blind) showed [Js 8c] and lost with a pair of Jacks


PokerStars Hand #160790601619:  Hold'em Limit ($3/$6 USD) - 2016/11/02 11:33:49 ET
Table 'Andromeda' 6-max Seat #3 is the button
Seat 2: VolkovDmitri ($135.50 in chips)
Seat 3: cornetc ($29.62 in chips)
cornetc: posts small blind $1
VolkovDmitri: posts big blind $3
*** HOLE CARDS ***
cornetc: raises $3 to $6
VolkovDmitri: calls $3
*** FLOP *** [6d Kc Jh]
VolkovDmitri: bets $3
cornetc: calls $3
*** TURN *** [6d Kc Jh] [2c]
VolkovDmitri: bets $6
cornetc: calls $6
*** RIVER *** [6d Kc Jh 2c] [9d]
VolkovDmitri: bets $6
cornetc: folds
Uncalled bet ($6) returned to VolkovDmitri
VolkovDmitri collected $29.50 from pot
VolkovDmitri: doesn't show hand
*** SUMMARY ***
Total pot $30 | Rake $0.50
Board [6d Kc Jh 2c 9d]
Seat 2: VolkovDmitri (big blind) collected ($29.50)
Seat 3: cornetc (button) (small blind) folded on the River


