PokerStars Hand #151829343924:  Hold'em Limit ($3/$6 USD) - 2016/04/12 17:13:09 ET
Table 'Andromeda II' 6-max Seat #1 is the button
Seat 1: Zubasa07 ($477 in chips)
Seat 5: luckyfredrik ($80.50 in chips)
Zubasa07: posts small blind $1
luckyfredrik: posts big blind $3
*** HOLE CARDS ***
Zubasa07: raises $3 to $6
luckyfredrik: raises $3 to $9
Zubasa07: calls $3
*** FLOP *** [8d 8c 7c]
luckyfredrik: bets $3
Zubasa07: calls $3
*** TURN *** [8d 8c 7c] [Td]
luckyfredrik: bets $6
Zubasa07: calls $6
*** RIVER *** [8d 8c 7c Td] [4h]
luckyfredrik: checks
Zubasa07: bets $6
luckyfredrik: calls $6
*** SHOW DOWN ***
Zubasa07: shows [6d 4s] (two pair, Eights and Fours)
luckyfredrik: mucks hand
Zubasa07 collected $47.50 from pot
*** SUMMARY ***
Total pot $48 | Rake $0.50
Board [8d 8c 7c Td 4h]
Seat 1: Zubasa07 (button) (small blind) showed [6d 4s] and won ($47.50) with two pair, Eights and Fours
Seat 5: luckyfredrik (big blind) mucked


PokerStars Hand #151829334108:  Hold'em Limit ($3/$6 USD) - 2016/04/12 17:12:58 ET
Table 'Andromeda II' 6-max Seat #5 is the button
Seat 1: Zubasa07 ($476 in chips)
Seat 5: luckyfredrik ($81.50 in chips)
luckyfredrik: posts small blind $1
Zubasa07: posts big blind $3
*** HOLE CARDS ***
luckyfredrik: folds
Uncalled bet ($2) returned to Zubasa07
Zubasa07 collected $2 from pot
Zubasa07: doesn't show hand
*** SUMMARY ***
Total pot $2 | Rake $0
Seat 1: Zubasa07 (big blind) collected ($2)
Seat 5: luckyfredrik (button) (small blind) folded before Flop


PokerStars Hand #151829381188:  Hold'em Limit ($3/$6 USD) - 2016/04/12 17:13:52 ET
Table 'Andromeda II' 6-max Seat #5 is the button
Seat 1: Zubasa07 ($500.50 in chips)
Seat 5: luckyfredrik ($56.50 in chips)
luckyfredrik: posts small blind $1
Zubasa07: posts big blind $3
*** HOLE CARDS ***
luckyfredrik: raises $3 to $6
Zubasa07: raises $3 to $9
luckyfredrik: calls $3
*** FLOP *** [3h 6h 2c]
Zubasa07: bets $3
luckyfredrik: raises $3 to $6
Zubasa07: raises $3 to $9
luckyfredrik: folds
Uncalled bet ($3) returned to Zubasa07
Zubasa07 collected $29.50 from pot
Zubasa07: doesn't show hand
*** SUMMARY ***
Total pot $30 | Rake $0.50
Board [3h 6h 2c]
Seat 1: Zubasa07 (big blind) collected ($29.50)
Seat 5: luckyfredrik (button) (small blind) folded on the Flop


PokerStars Hand #151829452500:  Hold'em Limit ($3/$6 USD) - 2016/04/12 17:15:13 ET
Table 'Andromeda II' 6-max Seat #5 is the button
Seat 1: Zubasa07 ($485 in chips)
Seat 5: luckyfredrik ($71 in chips)
luckyfredrik: posts small blind $1
Zubasa07: posts big blind $3
*** HOLE CARDS ***
luckyfredrik: raises $3 to $6
Zubasa07: calls $3
*** FLOP *** [Tc 7h Th]
Zubasa07: checks
luckyfredrik: checks
*** TURN *** [Tc 7h Th] [7c]
Zubasa07: checks
luckyfredrik: bets $6
Zubasa07: folds
Uncalled bet ($6) returned to luckyfredrik
luckyfredrik collected $11.76 from pot
luckyfredrik: doesn't show hand
*** SUMMARY ***
Total pot $12 | Rake $0.24
Board [Tc 7h Th 7c]
Seat 1: Zubasa07 (big blind) folded on the Turn
Seat 5: luckyfredrik (button) (small blind) collected ($11.76)


PokerStars Hand #151829406569:  Hold'em Limit ($3/$6 USD) - 2016/04/12 17:14:21 ET
Table 'Andromeda II' 6-max Seat #1 is the button
Seat 1: Zubasa07 ($515 in chips)
Seat 5: luckyfredrik ($41.50 in chips)
Zubasa07: posts small blind $1
luckyfredrik: posts big blind $3
*** HOLE CARDS ***
Zubasa07: raises $3 to $6
luckyfredrik: calls $3
*** FLOP *** [4h As 9d]
luckyfredrik: checks
Zubasa07: bets $3
luckyfredrik: raises $3 to $6
Zubasa07: calls $3
*** TURN *** [4h As 9d] [Kd]
luckyfredrik: bets $6
Zubasa07: raises $6 to $12
luckyfredrik: calls $6
*** RIVER *** [4h As 9d Kd] [Jc]
luckyfredrik: checks
Zubasa07: bets $6
luckyfredrik: calls $6
*** SHOW DOWN ***
Zubasa07: shows [Td 8d] (high card Ace)
luckyfredrik: shows [Tc 4s] (a pair of Fours)
luckyfredrik collected $59.50 from pot
*** SUMMARY ***
Total pot $60 | Rake $0.50
Board [4h As 9d Kd Jc]
Seat 1: Zubasa07 (button) (small blind) showed [Td 8d] and lost with high card Ace
Seat 5: luckyfredrik (big blind) showed [Tc 4s] and won ($59.50) with a pair of Fours


PokerStars Hand #151829515960:  Hold'em Limit ($3/$6 USD) - 2016/04/12 17:16:25 ET
Table 'Andromeda II' 6-max Seat #5 is the button
Seat 1: Zubasa07 ($470 in chips)
Seat 5: luckyfredrik ($85.40 in chips)
luckyfredrik: posts small blind $1
Zubasa07: posts big blind $3
*** HOLE CARDS ***
luckyfredrik: folds
Uncalled bet ($2) returned to Zubasa07
Zubasa07 collected $2 from pot
Zubasa07: doesn't show hand
*** SUMMARY ***
Total pot $2 | Rake $0
Seat 1: Zubasa07 (big blind) collected ($2)
Seat 5: luckyfredrik (button) (small blind) folded before Flop


PokerStars Hand #151829482919:  Hold'em Limit ($3/$6 USD) - 2016/04/12 17:15:48 ET
Table 'Andromeda II' 6-max Seat #1 is the button
Seat 1: Zubasa07 ($479 in chips)
Seat 5: luckyfredrik ($76.76 in chips)
Zubasa07: posts small blind $1
luckyfredrik: posts big blind $3
*** HOLE CARDS ***
Zubasa07: raises $3 to $6
luckyfredrik: raises $3 to $9
Zubasa07: calls $3
*** FLOP *** [3s 4s 6h]
luckyfredrik: checks
Zubasa07: checks
*** TURN *** [3s 4s 6h] [6c]
luckyfredrik: checks
Zubasa07: checks
*** RIVER *** [3s 4s 6h 6c] [Tc]
luckyfredrik: checks
Zubasa07: checks
*** SHOW DOWN ***
luckyfredrik: shows [Ks 9h] (a pair of Sixes)
Zubasa07: mucks hand
luckyfredrik collected $17.64 from pot
*** SUMMARY ***
Total pot $18 | Rake $0.36
Board [3s 4s 6h 6c Tc]
Seat 1: Zubasa07 (button) (small blind) mucked
Seat 5: luckyfredrik (big blind) showed [Ks 9h] and won ($17.64) with a pair of Sixes


PokerStars Hand #151829520419:  Hold'em Limit ($3/$6 USD) - 2016/04/12 17:16:30 ET
Table 'Andromeda II' 6-max Seat #1 is the button
Seat 1: Zubasa07 ($471 in chips)
Seat 5: luckyfredrik ($84.40 in chips)
Zubasa07: posts small blind $1
luckyfredrik: posts big blind $3
*** HOLE CARDS ***
Zubasa07: raises $3 to $6
luckyfredrik: calls $3
*** FLOP *** [3h 5d 8d]
luckyfredrik: checks
Zubasa07: bets $3
luckyfredrik: calls $3
*** TURN *** [3h 5d 8d] [2c]
luckyfredrik: checks
Zubasa07: checks
*** RIVER *** [3h 5d 8d 2c] [2s]
fsreibnitz joins the table at seat #3
luckyfredrik: checks
Zubasa07: bets $6
luckyfredrik: calls $6
*** SHOW DOWN ***
Zubasa07: shows [9h Td] (a pair of Deuces)
luckyfredrik: shows [6c Kd] (a pair of Deuces - King kicker)
luckyfredrik collected $29.50 from pot
*** SUMMARY ***
Total pot $30 | Rake $0.50
Board [3h 5d 8d 2c 2s]
Seat 1: Zubasa07 (button) (small blind) showed [9h Td] and lost with a pair of Deuces
Seat 5: luckyfredrik (big blind) showed [6c Kd] and won ($29.50) with a pair of Deuces


PokerStars Hand #151829561867:  Hold'em Limit ($3/$6 USD) - 2016/04/12 17:17:17 ET
Table 'Andromeda II' 6-max Seat #5 is the button
Seat 1: Zubasa07 ($456 in chips)
Seat 5: luckyfredrik ($98.90 in chips)
luckyfredrik: posts small blind $1
Zubasa07: posts big blind $3
*** HOLE CARDS ***
luckyfredrik: raises $3 to $6
Zubasa07: raises $3 to $9
luckyfredrik: calls $3
*** FLOP *** [2d Tc 3h]
shalomrum joins the table at seat #4
Zubasa07: bets $3
luckyfredrik: raises $3 to $6
Zubasa07: calls $3
*** TURN *** [2d Tc 3h] [Kd]
Zubasa07: checks
luckyfredrik: bets $6
Zubasa07: calls $6
*** RIVER *** [2d Tc 3h Kd] [Ks]
Zubasa07: checks
luckyfredrik: bets $6
Zubasa07: calls $6
*** SHOW DOWN ***
luckyfredrik: shows [Kc Ac] (three of a kind, Kings)
Zubasa07: mucks hand
luckyfredrik collected $53.50 from pot
*** SUMMARY ***
Total pot $54 | Rake $0.50
Board [2d Tc 3h Kd Ks]
Seat 1: Zubasa07 (big blind) mucked
Seat 5: luckyfredrik (button) (small blind) showed [Kc Ac] and won ($53.50) with three of a kind, Kings


