PokerStars Hand #155552593276:  Hold'em Limit ($3/$6 USD) - 2016/07/04 11:46:25 ET
Table 'Andromeda' 6-max Seat #4 is the button
Seat 4: VolkovDmitri ($158 in chips)
Seat 5: AA_ILI ($120.17 in chips)
VolkovDmitri: posts small blind $1
AA_ILI: posts big blind $3
*** HOLE CARDS ***
VolkovDmitri: raises $3 to $6
AA_ILI: calls $3
*** FLOP *** [5c Qs 4s]
AA_ILI: checks
VolkovDmitri: bets $3
AA_ILI: raises $3 to $6
VolkovDmitri: calls $3
*** TURN *** [5c Qs 4s] [3c]
AA_ILI: bets $6
VolkovDmitri: calls $6
*** RIVER *** [5c Qs 4s 3c] [7d]
AA_ILI: bets $6
VolkovDmitri: folds
Uncalled bet ($6) returned to AA_ILI
AA_ILI collected $35.50 from pot
*** SUMMARY ***
Total pot $36 | Rake $0.50
Board [5c Qs 4s 3c 7d]
Seat 4: VolkovDmitri (button) (small blind) folded on the River
Seat 5: AA_ILI (big blind) collected ($35.50)


PokerStars Hand #155552578748:  Hold'em Limit ($3/$6 USD) - 2016/07/04 11:46:01 ET
Table 'Andromeda' 6-max Seat #5 is the button
Seat 4: VolkovDmitri ($134.50 in chips)
Seat 5: AA_ILI ($144.17 in chips)
AA_ILI: posts small blind $1
VolkovDmitri: posts big blind $3
*** HOLE CARDS ***
AA_ILI: raises $3 to $6
VolkovDmitri: raises $3 to $9
AA_ILI: calls $3
*** FLOP *** [Qh Qc 7h]
VolkovDmitri: bets $3
AA_ILI: calls $3
*** TURN *** [Qh Qc 7h] [9s]
VolkovDmitri: bets $6
AA_ILI: calls $6
*** RIVER *** [Qh Qc 7h 9s] [Ts]
VolkovDmitri: bets $6
AA_ILI: calls $6
*** SHOW DOWN ***
VolkovDmitri: shows [Ad Th] (two pair, Queens and Tens)
AA_ILI: mucks hand
VolkovDmitri collected $47.50 from pot
*** SUMMARY ***
Total pot $48 | Rake $0.50
Board [Qh Qc 7h 9s Ts]
Seat 4: VolkovDmitri (big blind) showed [Ad Th] and won ($47.50) with two pair, Queens and Tens
Seat 5: AA_ILI (button) (small blind) mucked


PokerStars Hand #155552561649:  Hold'em Limit ($3/$6 USD) - 2016/07/04 11:45:33 ET
Table 'Andromeda' 6-max Seat #4 is the button
Seat 4: VolkovDmitri ($120 in chips)
Seat 5: AA_ILI ($159.17 in chips)
VolkovDmitri: posts small blind $1
AA_ILI: posts big blind $3
*** HOLE CARDS ***
VolkovDmitri: raises $3 to $6
AA_ILI: calls $3
*** FLOP *** [Jc Js 8c]
AA_ILI: checks
VolkovDmitri: bets $3
AA_ILI: calls $3
*** TURN *** [Jc Js 8c] [Ah]
AA_ILI: checks
VolkovDmitri: bets $6
AA_ILI: calls $6
*** RIVER *** [Jc Js 8c Ah] [Qc]
AA_ILI: checks
VolkovDmitri: bets $6
AA_ILI: folds
Uncalled bet ($6) returned to VolkovDmitri
VolkovDmitri collected $29.50 from pot
VolkovDmitri: doesn't show hand
*** SUMMARY ***
Total pot $30 | Rake $0.50
Board [Jc Js 8c Ah Qc]
Seat 4: VolkovDmitri (button) (small blind) collected ($29.50)
Seat 5: AA_ILI (big blind) folded on the River


PokerStars Hand #155552637508:  Hold'em Limit ($3/$6 USD) - 2016/07/04 11:47:39 ET
Table 'Andromeda' 6-max Seat #5 is the button
Seat 4: VolkovDmitri ($128.76 in chips)
Seat 5: AA_ILI ($160.93 in chips)
AA_ILI: posts small blind $1
VolkovDmitri: posts big blind $3
*** HOLE CARDS ***
AA_ILI: raises $3 to $6
VolkovDmitri: raises $3 to $9
AA_ILI: calls $3
*** FLOP *** [Ad 2s 4s]
VolkovDmitri: bets $3
AA_ILI: calls $3
*** TURN *** [Ad 2s 4s] [6c]
VolkovDmitri: bets $6
AA_ILI: raises $6 to $12
VolkovDmitri: calls $6
*** RIVER *** [Ad 2s 4s 6c] [6d]
VolkovDmitri: checks
AA_ILI: checks
*** SHOW DOWN ***
VolkovDmitri: shows [Qh Qc] (two pair, Queens and Sixes)
AA_ILI: mucks hand
VolkovDmitri collected $47.50 from pot
*** SUMMARY ***
Total pot $48 | Rake $0.50
Board [Ad 2s 4s 6c 6d]
Seat 4: VolkovDmitri (big blind) showed [Qh Qc] and won ($47.50) with two pair, Queens and Sixes
Seat 5: AA_ILI (button) (small blind) mucked


PokerStars Hand #155552633378:  Hold'em Limit ($3/$6 USD) - 2016/07/04 11:47:32 ET
Table 'Andromeda' 6-max Seat #4 is the button
Seat 4: VolkovDmitri ($125.76 in chips)
Seat 5: AA_ILI ($163.93 in chips)
VolkovDmitri: posts small blind $1
AA_ILI: posts big blind $3
*** HOLE CARDS ***
VolkovDmitri: raises $3 to $6
AA_ILI: folds
Uncalled bet ($3) returned to VolkovDmitri
VolkovDmitri collected $6 from pot
VolkovDmitri: doesn't show hand
*** SUMMARY ***
Total pot $6 | Rake $0
Seat 4: VolkovDmitri (button) (small blind) collected ($6)
Seat 5: AA_ILI (big blind) folded before Flop


PokerStars Hand #155552626096:  Hold'em Limit ($3/$6 USD) - 2016/07/04 11:47:20 ET
Table 'Andromeda' 6-max Seat #5 is the button
Seat 4: VolkovDmitri ($120 in chips)
Seat 5: AA_ILI ($169.93 in chips)
AA_ILI: posts small blind $1
VolkovDmitri: posts big blind $3
*** HOLE CARDS ***
AA_ILI: raises $3 to $6
VolkovDmitri: calls $3
*** FLOP *** [5h 3h Jh]
VolkovDmitri: checks
AA_ILI: checks
*** TURN *** [5h 3h Jh] [8c]
VolkovDmitri: bets $6
AA_ILI: folds
Uncalled bet ($6) returned to VolkovDmitri
VolkovDmitri collected $11.76 from pot
VolkovDmitri: doesn't show hand
*** SUMMARY ***
Total pot $12 | Rake $0.24
Board [5h 3h Jh 8c]
Seat 4: VolkovDmitri (big blind) collected ($11.76)
Seat 5: AA_ILI (button) (small blind) folded on the Turn


PokerStars Hand #155552613749:  Hold'em Limit ($3/$6 USD) - 2016/07/04 11:47:00 ET
Table 'Andromeda' 6-max Seat #4 is the button
Seat 4: VolkovDmitri ($134 in chips)
Seat 5: AA_ILI ($143.43 in chips)
VolkovDmitri: posts small blind $1
AA_ILI: posts big blind $3
*** HOLE CARDS ***
VolkovDmitri: raises $3 to $6
AA_ILI: calls $3
*** FLOP *** [6c Tc Jc]
AA_ILI: checks
VolkovDmitri: bets $3
AA_ILI: calls $3
*** TURN *** [6c Tc Jc] [Td]
AA_ILI: checks
VolkovDmitri: bets $6
AA_ILI: raises $6 to $12
VolkovDmitri: calls $6
*** RIVER *** [6c Tc Jc Td] [8s]
AA_ILI: bets $6
VolkovDmitri: calls $6
*** SHOW DOWN ***
AA_ILI: shows [9h Qs] (a straight, Eight to Queen)
VolkovDmitri: mucks hand
AA_ILI collected $53.50 from pot
*** SUMMARY ***
Total pot $54 | Rake $0.50
Board [6c Tc Jc Td 8s]
Seat 4: VolkovDmitri (button) (small blind) mucked
Seat 5: AA_ILI (big blind) showed [9h Qs] and won ($53.50) with a straight, Eight to Queen


PokerStars Hand #155552606720:  Hold'em Limit ($3/$6 USD) - 2016/07/04 11:46:48 ET
Table 'Andromeda' 6-max Seat #5 is the button
Seat 4: VolkovDmitri ($140 in chips)
Seat 5: AA_ILI ($137.67 in chips)
AA_ILI: posts small blind $1
VolkovDmitri: posts big blind $3
*** HOLE CARDS ***
AA_ILI: raises $3 to $6
VolkovDmitri: calls $3
*** FLOP *** [Jd 2h Kd]
VolkovDmitri: checks
AA_ILI: bets $3
VolkovDmitri: folds
Uncalled bet ($3) returned to AA_ILI
AA_ILI collected $11.76 from pot
*** SUMMARY ***
Total pot $12 | Rake $0.24
Board [Jd 2h Kd]
Seat 4: VolkovDmitri (big blind) folded on the Flop
Seat 5: AA_ILI (button) (small blind) collected ($11.76)


PokerStars Hand #155552671262:  Hold'em Limit ($3/$6 USD) - 2016/07/04 11:48:36 ET
Table 'Andromeda' 6-max Seat #4 is the button
Seat 4: VolkovDmitri ($166.76 in chips)
Seat 5: AA_ILI ($121.69 in chips)
VolkovDmitri: posts small blind $1
AA_ILI: posts big blind $3
*** HOLE CARDS ***
VolkovDmitri: raises $3 to $6
AA_ILI: folds
Uncalled bet ($3) returned to VolkovDmitri
VolkovDmitri collected $6 from pot
VolkovDmitri: doesn't show hand
*** SUMMARY ***
Total pot $6 | Rake $0
Seat 4: VolkovDmitri (button) (small blind) collected ($6)
Seat 5: AA_ILI (big blind) folded before Flop


PokerStars Hand #155552662723:  Hold'em Limit ($3/$6 USD) - 2016/07/04 11:48:21 ET
Table 'Andromeda' 6-max Seat #5 is the button
Seat 4: VolkovDmitri ($172.76 in chips)
Seat 5: AA_ILI ($115.93 in chips)
AA_ILI: posts small blind $1
VolkovDmitri: posts big blind $3
*** HOLE CARDS ***
AA_ILI: raises $3 to $6
VolkovDmitri: calls $3
*** FLOP *** [8c 6d 9h]
VolkovDmitri: checks
AA_ILI: bets $3
VolkovDmitri: folds
Uncalled bet ($3) returned to AA_ILI
AA_ILI collected $11.76 from pot
*** SUMMARY ***
Total pot $12 | Rake $0.24
Board [8c 6d 9h]
Seat 4: VolkovDmitri (big blind) folded on the Flop
Seat 5: AA_ILI (button) (small blind) collected ($11.76)


PokerStars Hand #155552648279:  Hold'em Limit ($3/$6 USD) - 2016/07/04 11:47:57 ET
Table 'Andromeda' 6-max Seat #4 is the button
Seat 4: VolkovDmitri ($152.26 in chips)
Seat 5: AA_ILI ($136.93 in chips)
VolkovDmitri: posts small blind $1
AA_ILI: posts big blind $3
*** HOLE CARDS ***
VolkovDmitri: raises $3 to $6
AA_ILI: calls $3
*** FLOP *** [4s Kh Ad]
AA_ILI: checks
VolkovDmitri: bets $3
AA_ILI: calls $3
*** TURN *** [4s Kh Ad] [As]
AA_ILI: checks
VolkovDmitri: bets $6
AA_ILI: calls $6
*** RIVER *** [4s Kh Ad As] [Qc]
AA_ILI: checks
VolkovDmitri: bets $6
AA_ILI: calls $6
*** SHOW DOWN ***
VolkovDmitri: shows [Ah Ac] (four of a kind, Aces)
AA_ILI: mucks hand
VolkovDmitri collected $41.50 from pot
*** SUMMARY ***
Total pot $42 | Rake $0.50
Board [4s Kh Ad As Qc]
Seat 4: VolkovDmitri (button) (small blind) showed [Ah Ac] and won ($41.50) with four of a kind, Aces
Seat 5: AA_ILI (big blind) mucked


PokerStars Hand #155552699673:  Hold'em Limit ($3/$6 USD) - 2016/07/04 11:49:23 ET
Table 'Andromeda' 6-max Seat #4 is the button
Seat 4: VolkovDmitri ($190.26 in chips)
Seat 5: AA_ILI ($97.69 in chips)
VolkovDmitri: posts small blind $1
AA_ILI: posts big blind $3
*** HOLE CARDS ***
VolkovDmitri: raises $3 to $6
AA_ILI: calls $3
*** FLOP *** [4h Qc 2c]
AA_ILI: checks
VolkovDmitri: bets $3
AA_ILI: folds
Uncalled bet ($3) returned to VolkovDmitri
VolkovDmitri collected $11.76 from pot
VolkovDmitri: doesn't show hand
*** SUMMARY ***
Total pot $12 | Rake $0.24
Board [4h Qc 2c]
Seat 4: VolkovDmitri (button) (small blind) collected ($11.76)
Seat 5: AA_ILI (big blind) folded on the Flop


PokerStars Hand #155552676653:  Hold'em Limit ($3/$6 USD) - 2016/07/04 11:48:45 ET
Table 'Andromeda' 6-max Seat #5 is the button
Seat 4: VolkovDmitri ($169.76 in chips)
Seat 5: AA_ILI ($118.69 in chips)
AA_ILI: posts small blind $1
VolkovDmitri: posts big blind $3
*** HOLE CARDS ***
AA_ILI: raises $3 to $6
VolkovDmitri: calls $3
*** FLOP *** [2h Ac 4c]
VolkovDmitri: bets $3
AA_ILI: calls $3
*** TURN *** [2h Ac 4c] [9h]
VolkovDmitri: checks
AA_ILI: bets $6
VolkovDmitri: calls $6
*** RIVER *** [2h Ac 4c 9h] [7d]
VolkovDmitri: checks
AA_ILI: bets $6
VolkovDmitri: calls $6
*** SHOW DOWN ***
AA_ILI: shows [Td Jd] (high card Ace)
VolkovDmitri: shows [Qd 4s] (a pair of Fours)
vitamin168 joins the table at seat #6
VolkovDmitri collected $41.50 from pot
*** SUMMARY ***
Total pot $42 | Rake $0.50
Board [2h Ac 4c 9h 7d]
Seat 4: VolkovDmitri (big blind) showed [Qd 4s] and won ($41.50) with a pair of Fours
Seat 5: AA_ILI (button) (small blind) showed [Td Jd] and lost with high card Ace


PokerStars Hand #155552747192:  Hold'em Limit ($3/$6 USD) - 2016/07/04 11:50:42 ET
Table 'Andromeda' 6-max Seat #4 is the button
Seat 4: VolkovDmitri ($225.04 in chips)
Seat 5: AA_ILI ($87.34 in chips)
VolkovDmitri: posts small blind $1
AA_ILI: posts big blind $3
*** HOLE CARDS ***
VolkovDmitri: raises $3 to $6
AA_ILI: calls $3
*** FLOP *** [2d 9c 5c]
AA_ILI: checks
vitamin168 leaves the table
VolkovDmitri: bets $3
AA_ILI: calls $3
*** TURN *** [2d 9c 5c] [Jc]
AA_ILI: checks
VolkovDmitri: bets $6
AA_ILI: raises $6 to $12
VolkovDmitri: calls $6
*** RIVER *** [2d 9c 5c Jc] [Kd]
AA_ILI: bets $6
VolkovDmitri: calls $6
*** SHOW DOWN ***
AA_ILI: shows [5d 6h] (a pair of Fives)
VolkovDmitri: shows [8s 9s] (a pair of Nines)
VolkovDmitri collected $53.50 from pot
*** SUMMARY ***
Total pot $54 | Rake $0.50
Board [2d 9c 5c Jc Kd]
Seat 4: VolkovDmitri (button) (small blind) showed [8s 9s] and won ($53.50) with a pair of Nines
Seat 5: AA_ILI (big blind) showed [5d 6h] and lost with a pair of Fives


