PokerStars Hand #167878188316:  Hold'em Limit ($3/$6 USD) - 2017/03/20 19:14:14 ET
Table 'Androgeos II' 6-max Seat #6 is the button
Seat 3: Chessnok ($153.69 in chips)
Seat 6: flynny1111 ($80 in chips)
flynny1111: posts small blind $1
Chessnok: posts big blind $3
*** HOLE CARDS ***
flynny1111: folds
Uncalled bet ($2) returned to Chessnok
Chessnok collected $2 from pot
Chessnok: doesn't show hand
*** SUMMARY ***
Total pot $2 | Rake $0
Seat 3: Chessnok (big blind) collected ($2)
Seat 6: flynny1111 (button) (small blind) folded before Flop


PokerStars Hand #167878183675:  Hold'em Limit ($3/$6 USD) - 2017/03/20 19:14:08 ET
Table 'Androgeos II' 6-max Seat #3 is the button
Seat 3: Chessnok ($150.69 in chips)
Seat 6: flynny1111 ($83 in chips)
Chessnok: posts small blind $1
Great_Kang: is sitting out
flynny1111: posts big blind $3
*** HOLE CARDS ***
Chessnok: raises $3 to $6
flynny1111: folds
Uncalled bet ($3) returned to Chessnok
Chessnok collected $6 from pot
Chessnok: doesn't show hand
Jeelsy leaves the table
*** SUMMARY ***
Total pot $6 | Rake $0
Seat 3: Chessnok (button) (small blind) collected ($6)
Seat 6: flynny1111 (big blind) folded before Flop


PokerStars Hand #167878191945:  Hold'em Limit ($3/$6 USD) - 2017/03/20 19:14:19 ET
Table 'Androgeos II' 6-max Seat #3 is the button
Seat 3: Chessnok ($154.69 in chips)
Seat 6: flynny1111 ($79 in chips)
Chessnok: posts small blind $1
flynny1111: posts big blind $3
*** HOLE CARDS ***
Chessnok: raises $3 to $6
flynny1111: folds
Uncalled bet ($3) returned to Chessnok
Chessnok collected $6 from pot
Chessnok: doesn't show hand
*** SUMMARY ***
Total pot $6 | Rake $0
Seat 3: Chessnok (button) (small blind) collected ($6)
Seat 6: flynny1111 (big blind) folded before Flop


PokerStars Hand #167878208596:  Hold'em Limit ($3/$6 USD) - 2017/03/20 19:14:42 ET
Table 'Androgeos II' 6-max Seat #3 is the button
Seat 3: Chessnok ($142.69 in chips)
Seat 6: flynny1111 ($90.50 in chips)
Chessnok: posts small blind $1
flynny1111: posts big blind $3
*** HOLE CARDS ***
Chessnok: raises $3 to $6
flynny1111: folds
Uncalled bet ($3) returned to Chessnok
Chessnok collected $6 from pot
Chessnok: doesn't show hand
*** SUMMARY ***
Total pot $6 | Rake $0
Seat 3: Chessnok (button) (small blind) collected ($6)
Seat 6: flynny1111 (big blind) folded before Flop


PokerStars Hand #167878195838:  Hold'em Limit ($3/$6 USD) - 2017/03/20 19:14:25 ET
Table 'Androgeos II' 6-max Seat #6 is the button
Seat 3: Chessnok ($157.69 in chips)
Seat 6: flynny1111 ($76 in chips)
flynny1111: posts small blind $1
Chessnok: posts big blind $3
*** HOLE CARDS ***
flynny1111: raises $3 to $6
Chessnok: calls $3
*** FLOP *** [Qh 9c 5d]
Chessnok: checks
flynny1111: bets $3
Chessnok: calls $3
*** TURN *** [Qh 9c 5d] [Td]
Chessnok: checks
flynny1111: bets $6
Chessnok: calls $6
*** RIVER *** [Qh 9c 5d Td] [6d]
Chessnok: checks
flynny1111: checks
*** SHOW DOWN ***
Chessnok: shows [Jc 5h] (a pair of Fives)
flynny1111: shows [2d 6c] (a pair of Sixes)
flynny1111 collected $29.50 from pot
*** SUMMARY ***
Total pot $30 | Rake $0.50
Board [Qh 9c 5d Td 6d]
Seat 3: Chessnok (big blind) showed [Jc 5h] and lost with a pair of Fives
Seat 6: flynny1111 (button) (small blind) showed [2d 6c] and won ($29.50) with a pair of Sixes


PokerStars Hand #167878212239:  Hold'em Limit ($3/$6 USD) - 2017/03/20 19:14:47 ET
Table 'Androgeos II' 6-max Seat #6 is the button
Seat 3: Chessnok ($145.69 in chips)
Seat 6: flynny1111 ($87.50 in chips)
flynny1111: posts small blind $1
Chessnok: posts big blind $3
*** HOLE CARDS ***
flynny1111: raises $3 to $6
Chessnok: raises $3 to $9
flynny1111: calls $3
*** FLOP *** [9d 9h Tc]
Chessnok: bets $3
flynny1111: calls $3
*** TURN *** [9d 9h Tc] [Kc]
Chessnok: bets $6
flynny1111: raises $6 to $12
Chessnok: folds
Uncalled bet ($6) returned to flynny1111
flynny1111 collected $35.50 from pot
flynny1111: doesn't show hand
*** SUMMARY ***
Total pot $36 | Rake $0.50
Board [9d 9h Tc Kc]
Seat 3: Chessnok (big blind) folded on the Turn
Seat 6: flynny1111 (button) (small blind) collected ($35.50)


PokerStars Hand #167878233350:  Hold'em Limit ($3/$6 USD) - 2017/03/20 19:15:17 ET
Table 'Androgeos II' 6-max Seat #6 is the button
Seat 3: Chessnok ($115.69 in chips)
Seat 6: flynny1111 ($116.52 in chips)
flynny1111: posts small blind $1
Chessnok: posts big blind $3
*** HOLE CARDS ***
flynny1111: raises $3 to $6
Chessnok: calls $3
*** FLOP *** [Qd 3c 7d]
Zooshark joins the table at seat #2
Chessnok: checks
flynny1111: bets $3
Chessnok: folds
Uncalled bet ($3) returned to flynny1111
flynny1111 collected $11.76 from pot
flynny1111: doesn't show hand
*** SUMMARY ***
Total pot $12 | Rake $0.24
Board [Qd 3c 7d]
Seat 3: Chessnok (big blind) folded on the Flop
Seat 6: flynny1111 (button) (small blind) collected ($11.76)


PokerStars Hand #167878221714:  Hold'em Limit ($3/$6 USD) - 2017/03/20 19:15:01 ET
Table 'Androgeos II' 6-max Seat #3 is the button
Seat 3: Chessnok ($127.69 in chips)
Seat 6: flynny1111 ($105 in chips)
Chessnok: posts small blind $1
flynny1111: posts big blind $3
*** HOLE CARDS ***
Chessnok: raises $3 to $6
flynny1111: raises $3 to $9
Chessnok: calls $3
*** FLOP *** [8c 9s 8d]
flynny1111: bets $3
Chessnok: calls $3
*** TURN *** [8c 9s 8d] [Ts]
flynny1111: checks
Chessnok: checks
*** RIVER *** [8c 9s 8d Ts] [Jh]
flynny1111: checks
Chessnok: checks
*** SHOW DOWN ***
flynny1111: shows [4s 4h] (two pair, Eights and Fours)
Chessnok: mucks hand
flynny1111 collected $23.52 from pot
*** SUMMARY ***
Total pot $24 | Rake $0.48
Board [8c 9s 8d Ts Jh]
Seat 3: Chessnok (button) (small blind) mucked
Seat 6: flynny1111 (big blind) showed [4s 4h] and won ($23.52) with two pair, Eights and Fours


PokerStars Hand #167878240306:  Hold'em Limit ($3/$6 USD) - 2017/03/20 19:15:27 ET
Table 'Androgeos II' 6-max Seat #3 is the button
Seat 3: Chessnok ($109.69 in chips)
Seat 6: flynny1111 ($122.28 in chips)
Chessnok: posts small blind $1
Actionni13 was removed from the table for failing to post
flynny1111: posts big blind $3
*** HOLE CARDS ***
Chessnok: raises $3 to $6
flynny1111: raises $3 to $9
Chessnok: calls $3
*** FLOP *** [Qc 5d 6c]
flynny1111: bets $3
Chessnok: calls $3
*** TURN *** [Qc 5d 6c] [9h]
flynny1111: checks
Chessnok: bets $6
Actionni13 joins the table at seat #1
flynny1111: calls $6
*** RIVER *** [Qc 5d 6c 9h] [Td]
flynny1111: checks
Chessnok: bets $6
flynny1111: calls $6
*** SHOW DOWN ***
Chessnok: shows [7c 9s] (a pair of Nines)
flynny1111: mucks hand
Chessnok collected $47.50 from pot
*** SUMMARY ***
Total pot $48 | Rake $0.50
Board [Qc 5d 6c 9h Td]
Seat 3: Chessnok (button) (small blind) showed [7c 9s] and won ($47.50) with a pair of Nines
Seat 6: flynny1111 (big blind) mucked


