PokerStars Hand #170710363956:  Hold'em Limit ($3/$6 USD) - 2017/05/21 6:59:49 ET
Table 'Androgeos' 6-max Seat #2 is the button
Seat 2: xcgxcg2005 ($120 in chips)
Seat 3: Zovanna ($120 in chips)
xcgxcg2005: posts small blind $1
Zovanna: posts big blind $3
*** HOLE CARDS ***
xcgxcg2005: raises $3 to $6
Zovanna: calls $3
*** FLOP *** [Qh Th Qd]
Zovanna: bets $3
xcgxcg2005: calls $3
*** TURN *** [Qh Th Qd] [5c]
Zovanna: bets $6
xcgxcg2005: folds
Uncalled bet ($6) returned to Zovanna
Zovanna collected $17.64 from pot
Zovanna: doesn't show hand
*** SUMMARY ***
Total pot $18 | Rake $0.36
Board [Qh Th Qd 5c]
Seat 2: xcgxcg2005 (button) (small blind) folded on the Turn
Seat 3: Zovanna (big blind) collected ($17.64)


PokerStars Hand #170710370362:  Hold'em Limit ($3/$6 USD) - 2017/05/21 7:00:05 ET
Table 'Androgeos' 6-max Seat #3 is the button
Seat 2: xcgxcg2005 ($111 in chips)
Seat 3: Zovanna ($128.64 in chips)
Zovanna: posts small blind $1
xcgxcg2005: posts big blind $3
*** HOLE CARDS ***
Zovanna: folds
Uncalled bet ($2) returned to xcgxcg2005
xcgxcg2005 collected $2 from pot
xcgxcg2005: doesn't show hand
*** SUMMARY ***
Total pot $2 | Rake $0
Seat 2: xcgxcg2005 (big blind) collected ($2)
Seat 3: Zovanna (button) (small blind) folded before Flop


PokerStars Hand #170710380770:  Hold'em Limit ($3/$6 USD) - 2017/05/21 7:00:31 ET
Table 'Androgeos' 6-max Seat #3 is the button
Seat 2: xcgxcg2005 ($132.50 in chips)
Seat 3: Zovanna ($106.64 in chips)
Zovanna: posts small blind $1
xcgxcg2005: posts big blind $3
*** HOLE CARDS ***
Zovanna: folds
Uncalled bet ($2) returned to xcgxcg2005
xcgxcg2005 collected $2 from pot
xcgxcg2005: doesn't show hand
*** SUMMARY ***
Total pot $2 | Rake $0
Seat 2: xcgxcg2005 (big blind) collected ($2)
Seat 3: Zovanna (button) (small blind) folded before Flop


PokerStars Hand #170710372711:  Hold'em Limit ($3/$6 USD) - 2017/05/21 7:00:11 ET
Table 'Androgeos' 6-max Seat #2 is the button
Seat 2: xcgxcg2005 ($112 in chips)
Seat 3: Zovanna ($127.64 in chips)
xcgxcg2005: posts small blind $1
Zovanna: posts big blind $3
*** HOLE CARDS ***
xcgxcg2005: raises $3 to $6
Zovanna: raises $3 to $9
xcgxcg2005: calls $3
*** FLOP *** [7h 4c 9s]
Zovanna: bets $3
xcgxcg2005: raises $3 to $6
Zovanna: calls $3
*** TURN *** [7h 4c 9s] [2d]
Zovanna: checks
xcgxcg2005: bets $6
Zovanna: calls $6
*** RIVER *** [7h 4c 9s 2d] [Tc]
Zovanna: checks
xcgxcg2005: bets $6
Zovanna: folds
Uncalled bet ($6) returned to xcgxcg2005
xcgxcg2005 collected $41.50 from pot
xcgxcg2005: doesn't show hand
*** SUMMARY ***
Total pot $42 | Rake $0.50
Board [7h 4c 9s 2d Tc]
Seat 2: xcgxcg2005 (button) (small blind) collected ($41.50)
Seat 3: Zovanna (big blind) folded on the River


PokerStars Hand #170710383053:  Hold'em Limit ($3/$6 USD) - 2017/05/21 7:00:36 ET
Table 'Androgeos' 6-max Seat #2 is the button
Seat 2: xcgxcg2005 ($133.50 in chips)
Seat 3: Zovanna ($105.64 in chips)
xcgxcg2005: posts small blind $1
Zovanna: posts big blind $3
*** HOLE CARDS ***
xcgxcg2005: raises $3 to $6
Zovanna: raises $3 to $9
xcgxcg2005: calls $3
*** FLOP *** [8c 6c 5h]
Zovanna: bets $3
xcgxcg2005: raises $3 to $6
Zovanna: raises $3 to $9
xcgxcg2005: calls $3
*** TURN *** [8c 6c 5h] [8h]
Zovanna: bets $6
xcgxcg2005: calls $6
*** RIVER *** [8c 6c 5h 8h] [Ts]
Zovanna: bets $6
xcgxcg2005: calls $6
*** SHOW DOWN ***
Zovanna: shows [Ac Ah] (two pair, Aces and Eights)
xcgxcg2005: mucks hand
Zovanna collected $59.50 from pot
*** SUMMARY ***
Total pot $60 | Rake $0.50
Board [8c 6c 5h 8h Ts]
Seat 2: xcgxcg2005 (button) (small blind) mucked
Seat 3: Zovanna (big blind) showed [Ac Ah] and won ($59.50) with two pair, Aces and Eights


PokerStars Hand #170710390188:  Hold'em Limit ($3/$6 USD) - 2017/05/21 7:00:53 ET
Table 'Androgeos' 6-max Seat #3 is the button
Seat 2: xcgxcg2005 ($103.50 in chips)
Seat 3: Zovanna ($135.14 in chips)
Zovanna: posts small blind $1
xcgxcg2005: posts big blind $3
*** HOLE CARDS ***
belik555 joins the table at seat #4
Zovanna: calls $2
xcgxcg2005: checks
*** FLOP *** [7c 5d 5s]
xcgxcg2005: checks
Zovanna: checks
*** TURN *** [7c 5d 5s] [Tc]
xcgxcg2005: bets $6
Zovanna: calls $6
*** RIVER *** [7c 5d 5s Tc] [2h]
xcgxcg2005: bets $6
Zovanna: folds
Uncalled bet ($6) returned to xcgxcg2005
xcgxcg2005 collected $17.64 from pot
xcgxcg2005: doesn't show hand
*** SUMMARY ***
Total pot $18 | Rake $0.36
Board [7c 5d 5s Tc 2h]
Seat 2: xcgxcg2005 (big blind) collected ($17.64)
Seat 3: Zovanna (button) (small blind) folded on the River


PokerStars Hand #170710396411:  Hold'em Limit ($3/$6 USD) - 2017/05/21 7:01:07 ET
Table 'Androgeos' 6-max Seat #2 is the button
Seat 2: xcgxcg2005 ($112.14 in chips)
Seat 3: Zovanna ($126.14 in chips)
xcgxcg2005: posts small blind $1
Zovanna: posts big blind $3
*** HOLE CARDS ***
xcgxcg2005: raises $3 to $6
Zovanna: calls $3
*** FLOP *** [7c 8c Ah]
Zovanna: checks
xcgxcg2005: bets $3
Zovanna: calls $3
*** TURN *** [7c 8c Ah] [6h]
Zovanna: checks
xcgxcg2005: checks
*** RIVER *** [7c 8c Ah 6h] [Kh]
Zovanna: bets $6
xcgxcg2005: folds
Uncalled bet ($6) returned to Zovanna
Zovanna collected $17.64 from pot
Zovanna: doesn't show hand
*** SUMMARY ***
Total pot $18 | Rake $0.36
Board [7c 8c Ah 6h Kh]
Seat 2: xcgxcg2005 (button) (small blind) folded on the River
Seat 3: Zovanna (big blind) collected ($17.64)


PokerStars Hand #170711248221:  Hold'em Limit ($3/$6 USD) - 2017/05/21 7:31:09 ET
Table 'Androgeos' 6-max Seat #1 is the button
Seat 1: SpartakM1985 ($185.83 in chips)
Seat 4: belik555 ($182.33 in chips)
SpartakM1985: posts small blind $1
aade1ante: is sitting out
belik555: posts big blind $3
*** HOLE CARDS ***
SpartakM1985: folds
Uncalled bet ($2) returned to belik555
belik555 collected $2 from pot
belik555: doesn't show hand
*** SUMMARY ***
Total pot $2 | Rake $0
Seat 1: SpartakM1985 (button) (small blind) folded before Flop
Seat 4: belik555 (big blind) collected ($2)


PokerStars Hand #170711258417:  Hold'em Limit ($3/$6 USD) - 2017/05/21 7:31:31 ET
Table 'Androgeos' 6-max Seat #1 is the button
Seat 1: SpartakM1985 ($178.83 in chips)
Seat 4: belik555 ($189.09 in chips)
SpartakM1985: posts small blind $1
belik555: posts big blind $3
*** HOLE CARDS ***
SpartakM1985: folds
Uncalled bet ($2) returned to belik555
belik555 collected $2 from pot
belik555: doesn't show hand
*** SUMMARY ***
Total pot $2 | Rake $0
Seat 1: SpartakM1985 (button) (small blind) folded before Flop
Seat 4: belik555 (big blind) collected ($2)


PokerStars Hand #170711250700:  Hold'em Limit ($3/$6 USD) - 2017/05/21 7:31:14 ET
Table 'Androgeos' 6-max Seat #4 is the button
Seat 1: SpartakM1985 ($184.83 in chips)
Seat 4: belik555 ($183.33 in chips)
belik555: posts small blind $1
SpartakM1985: posts big blind $3
*** HOLE CARDS ***
belik555: raises $3 to $6
SpartakM1985: calls $3
*** FLOP *** [9s 9d 7h]
SpartakM1985: checks
belik555: bets $3
SpartakM1985: folds
Uncalled bet ($3) returned to belik555
belik555 collected $11.76 from pot
belik555: doesn't show hand
*** SUMMARY ***
Total pot $12 | Rake $0.24
Board [9s 9d 7h]
Seat 1: SpartakM1985 (big blind) folded on the Flop
Seat 4: belik555 (button) (small blind) collected ($11.76)


PokerStars Hand #170711260818:  Hold'em Limit ($3/$6 USD) - 2017/05/21 7:31:36 ET
Table 'Androgeos' 6-max Seat #4 is the button
Seat 1: SpartakM1985 ($177.83 in chips)
Seat 4: belik555 ($190.09 in chips)
belik555: posts small blind $1
SpartakM1985: posts big blind $3
*** HOLE CARDS ***
belik555: folds
Uncalled bet ($2) returned to SpartakM1985
SpartakM1985 collected $2 from pot
SpartakM1985: doesn't show hand
*** SUMMARY ***
Total pot $2 | Rake $0
Seat 1: SpartakM1985 (big blind) collected ($2)
Seat 4: belik555 (button) (small blind) folded before Flop


