PokerStars Hand #147329050544:  Hold'em Limit ($3/$6 USD) - 2016/01/19 15:41:21 ET
Table 'Andromeda II' 2-max Seat #2 is the button
Seat 1: elifnur2008 ($105 in chips)
Seat 2: solala103 ($44.47 in chips)
solala103: posts small blind $1
elifnur2008: posts big blind $3
*** HOLE CARDS ***
solala103: raises $3 to $6
elifnur2008: raises $3 to $9
solala103: calls $3
*** FLOP *** [Kc 9c 3d]
elifnur2008: bets $3
solala103: raises $3 to $6
elifnur2008: calls $3
*** TURN *** [Kc 9c 3d] [6h]
elifnur2008: checks
solala103: bets $6
elifnur2008: calls $6
*** RIVER *** [Kc 9c 3d 6h] [3c]
elifnur2008: checks
solala103: bets $6
elifnur2008: calls $6
*** SHOW DOWN ***
solala103: shows [Kh As] (two pair, Kings and Threes)
elifnur2008: mucks hand
solala103 collected $53.50 from pot
*** SUMMARY ***
Total pot $54 | Rake $0.50
Board [Kc 9c 3d 6h 3c]
Seat 1: elifnur2008 (big blind) mucked
Seat 2: solala103 (button) (small blind) showed [Kh As] and won ($53.50) with two pair, Kings and Threes


PokerStars Hand #147329027152:  Hold'em Limit ($3/$6 USD) - 2016/01/19 15:41:00 ET
Table 'Andromeda II' 2-max Seat #1 is the button
Seat 1: elifnur2008 ($114 in chips)
Seat 2: solala103 ($35.83 in chips)
elifnur2008: posts small blind $1
solala103: posts big blind $3
*** HOLE CARDS ***
elifnur2008: raises $3 to $6
solala103: calls $3
*** FLOP *** [3d 7c 9h]
solala103: bets $3
elifnur2008: calls $3
*** TURN *** [3d 7c 9h] [2s]
solala103: bets $6
elifnur2008: folds
Uncalled bet ($6) returned to solala103
solala103 collected $17.64 from pot
solala103: doesn't show hand
*** SUMMARY ***
Total pot $18 | Rake $0.36
Board [3d 7c 9h 2s]
Seat 1: elifnur2008 (button) (small blind) folded on the Turn
Seat 2: solala103 (big blind) collected ($17.64)


PokerStars Hand #147329076899:  Hold'em Limit ($3/$6 USD) - 2016/01/19 15:41:45 ET
Table 'Andromeda II' 2-max Seat #1 is the button
Seat 1: elifnur2008 ($78 in chips)
Seat 2: solala103 ($70.97 in chips)
elifnur2008: posts small blind $1
solala103: posts big blind $3
*** HOLE CARDS ***
elifnur2008: raises $3 to $6
solala103: calls $3
*** FLOP *** [9s Th 6s]
solala103: bets $3
elifnur2008: calls $3
*** TURN *** [9s Th 6s] [9c]
solala103: bets $6
elifnur2008: raises $6 to $12
solala103: calls $6
*** RIVER *** [9s Th 6s 9c] [2c]
solala103: bets $6
elifnur2008: raises $6 to $12
solala103: calls $6
*** SHOW DOWN ***
elifnur2008: shows [9d 2d] (a full house, Nines full of Deuces)
solala103: mucks hand
elifnur2008 collected $65.50 from pot
*** SUMMARY ***
Total pot $66 | Rake $0.50
Board [9s Th 6s 9c 2c]
Seat 1: elifnur2008 (button) (small blind) showed [9d 2d] and won ($65.50) with a full house, Nines full of Deuces
Seat 2: solala103 (big blind) mucked


PokerStars Hand #147329179107:  Hold'em Limit ($3/$6 USD) - 2016/01/19 15:43:16 ET
Table 'Andromeda II' 2-max Seat #1 is the button
Seat 1: elifnur2008 ($131 in chips)
Seat 2: solala103 ($16.97 in chips)
elifnur2008: posts small blind $1
solala103: posts big blind $3
*** HOLE CARDS ***
elifnur2008: folds
Uncalled bet ($2) returned to solala103
solala103 collected $2 from pot
solala103: doesn't show hand
*** SUMMARY ***
Total pot $2 | Rake $0
Seat 1: elifnur2008 (button) (small blind) folded before Flop
Seat 2: solala103 (big blind) collected ($2)


PokerStars Hand #147329124650:  Hold'em Limit ($3/$6 USD) - 2016/01/19 15:42:27 ET
Table 'Andromeda II' 2-max Seat #2 is the button
Seat 1: elifnur2008 ($110.50 in chips)
Seat 2: solala103 ($37.97 in chips)
solala103: posts small blind $1
elifnur2008: posts big blind $3
*** HOLE CARDS ***
solala103: raises $3 to $6
elifnur2008: calls $3
*** FLOP *** [4d Js Td]
elifnur2008: checks
solala103: bets $3
elifnur2008: calls $3
*** TURN *** [4d Js Td] [5c]
elifnur2008: checks
solala103: bets $6
elifnur2008: raises $6 to $12
solala103: calls $6
*** RIVER *** [4d Js Td 5c] [4h]
elifnur2008: bets $6
solala103: folds
Uncalled bet ($6) returned to elifnur2008
elifnur2008 collected $41.50 from pot
elifnur2008: doesn't show hand
*** SUMMARY ***
Total pot $42 | Rake $0.50
Board [4d Js Td 5c 4h]
Seat 1: elifnur2008 (big blind) collected ($41.50)
Seat 2: solala103 (button) (small blind) folded on the River


PokerStars Hand #147329200001:  Hold'em Limit ($3/$6 USD) - 2016/01/19 15:43:35 ET
Table 'Andromeda II' 2-max Seat #1 is the button
Seat 1: elifnur2008 ($121 in chips)
Seat 2: solala103 ($26.61 in chips)
elifnur2008: posts small blind $1
solala103: posts big blind $3
*** HOLE CARDS ***
elifnur2008: folds
Uncalled bet ($2) returned to solala103
solala103 collected $2 from pot
solala103: doesn't show hand
*** SUMMARY ***
Total pot $2 | Rake $0
Seat 1: elifnur2008 (button) (small blind) folded before Flop
Seat 2: solala103 (big blind) collected ($2)


PokerStars Hand #147329185569:  Hold'em Limit ($3/$6 USD) - 2016/01/19 15:43:22 ET
Table 'Andromeda II' 2-max Seat #2 is the button
Seat 1: elifnur2008 ($130 in chips)
Seat 2: solala103 ($17.97 in chips)
solala103: posts small blind $1
elifnur2008: posts big blind $3
*** HOLE CARDS ***
solala103: raises $3 to $6
elifnur2008: calls $3
*** FLOP *** [Ac Jc 5h]
elifnur2008: checks
solala103: bets $3
elifnur2008: calls $3
*** TURN *** [Ac Jc 5h] [Qh]
elifnur2008: checks
solala103: bets $6
elifnur2008: folds
Uncalled bet ($6) returned to solala103
solala103 collected $17.64 from pot
solala103: doesn't show hand
*** SUMMARY ***
Total pot $18 | Rake $0.36
Board [Ac Jc 5h Qh]
Seat 1: elifnur2008 (big blind) folded on the Turn
Seat 2: solala103 (button) (small blind) collected ($17.64)


PokerStars Hand #147329207132:  Hold'em Limit ($3/$6 USD) - 2016/01/19 15:43:41 ET
Table 'Andromeda II' 2-max Seat #2 is the button
Seat 1: elifnur2008 ($120 in chips)
Seat 2: solala103 ($27.61 in chips)
solala103: posts small blind $1
elifnur2008: posts big blind $3
*** HOLE CARDS ***
solala103: raises $3 to $6
elifnur2008: calls $3
*** FLOP *** [As Ts 3h]
elifnur2008: checks
solala103: bets $3
elifnur2008: folds
Uncalled bet ($3) returned to solala103
solala103 collected $11.76 from pot
solala103: doesn't show hand
*** SUMMARY ***
Total pot $12 | Rake $0.24
Board [As Ts 3h]
Seat 1: elifnur2008 (big blind) folded on the Flop
Seat 2: solala103 (button) (small blind) collected ($11.76)


PokerStars Hand #147329218276:  Hold'em Limit ($3/$6 USD) - 2016/01/19 15:43:51 ET
Table 'Andromeda II' 2-max Seat #1 is the button
Seat 1: elifnur2008 ($114 in chips)
Seat 2: solala103 ($33.37 in chips)
elifnur2008: posts small blind $1
solala103: posts big blind $3
*** HOLE CARDS ***
elifnur2008: raises $3 to $6
solala103: calls $3
*** FLOP *** [As 8c Ks]
solala103: bets $3
elifnur2008: raises $3 to $6
solala103: folds
Uncalled bet ($3) returned to elifnur2008
elifnur2008 collected $17.64 from pot
elifnur2008: doesn't show hand
*** SUMMARY ***
Total pot $18 | Rake $0.36
Board [As 8c Ks]
Seat 1: elifnur2008 (button) (small blind) collected ($17.64)
Seat 2: solala103 (big blind) folded on the Flop


PokerStars Hand #147329231924:  Hold'em Limit ($3/$6 USD) - 2016/01/19 15:44:03 ET
Table 'Andromeda II' 2-max Seat #2 is the button
Seat 1: elifnur2008 ($122.64 in chips)
Seat 2: solala103 ($24.37 in chips)
solala103: posts small blind $1
elifnur2008: posts big blind $3
*** HOLE CARDS ***
solala103: raises $3 to $6
elifnur2008: calls $3
*** FLOP *** [Ac 6h Jh]
elifnur2008: checks
solala103: bets $3
elifnur2008: calls $3
*** TURN *** [Ac 6h Jh] [6d]
elifnur2008: checks
solala103: bets $6
elifnur2008: folds
Uncalled bet ($6) returned to solala103
solala103 collected $17.64 from pot
solala103: doesn't show hand
*** SUMMARY ***
Total pot $18 | Rake $0.36
Board [Ac 6h Jh 6d]
Seat 1: elifnur2008 (big blind) folded on the Turn
Seat 2: solala103 (button) (small blind) collected ($17.64)


PokerStars Hand #147329246925:  Hold'em Limit ($3/$6 USD) - 2016/01/19 15:44:16 ET
Table 'Andromeda II' 2-max Seat #1 is the button
Seat 1: elifnur2008 ($113.64 in chips)
Seat 2: solala103 ($33.01 in chips)
elifnur2008: posts small blind $1
solala103: posts big blind $3
*** HOLE CARDS ***
elifnur2008: raises $3 to $6
solala103: raises $3 to $9
elifnur2008: calls $3
*** FLOP *** [5c 3h 2c]
solala103: bets $3
elifnur2008: calls $3
*** TURN *** [5c 3h 2c] [4c]
solala103: bets $6
elifnur2008: raises $6 to $12
solala103: calls $6
*** RIVER *** [5c 3h 2c 4c] [4h]
solala103: bets $6
elifnur2008: folds
Uncalled bet ($6) returned to solala103
solala103 collected $47.50 from pot
solala103: doesn't show hand
*** SUMMARY ***
Total pot $48 | Rake $0.50
Board [5c 3h 2c 4c 4h]
Seat 1: elifnur2008 (button) (small blind) folded on the River
Seat 2: solala103 (big blind) collected ($47.50)


PokerStars Hand #147329273607:  Hold'em Limit ($3/$6 USD) - 2016/01/19 15:44:40 ET
Table 'Andromeda II' 2-max Seat #2 is the button
Seat 1: elifnur2008 ($89.64 in chips)
Seat 2: solala103 ($56.51 in chips)
solala103: posts small blind $1
elifnur2008: posts big blind $3
*** HOLE CARDS ***
solala103: raises $3 to $6
elifnur2008: calls $3
*** FLOP *** [Qc 6c 2h]
elifnur2008: checks
solala103: bets $3
elifnur2008: calls $3
*** TURN *** [Qc 6c 2h] [Tc]
elifnur2008: checks
solala103: bets $6
elifnur2008: raises $6 to $12
solala103: calls $6
*** RIVER *** [Qc 6c 2h Tc] [Td]
elifnur2008: bets $6
solala103: folds
Uncalled bet ($6) returned to elifnur2008
elifnur2008 collected $41.50 from pot
elifnur2008: doesn't show hand
*** SUMMARY ***
Total pot $42 | Rake $0.50
Board [Qc 6c 2h Tc Td]
Seat 1: elifnur2008 (big blind) collected ($41.50)
Seat 2: solala103 (button) (small blind) folded on the River


PokerStars Hand #147329293097:  Hold'em Limit ($3/$6 USD) - 2016/01/19 15:44:58 ET
Table 'Andromeda II' 2-max Seat #1 is the button
Seat 1: elifnur2008 ($110.14 in chips)
Seat 2: solala103 ($35.51 in chips)
elifnur2008: posts small blind $1
solala103: posts big blind $3
*** HOLE CARDS ***
elifnur2008: raises $3 to $6
solala103: raises $3 to $9
elifnur2008: calls $3
*** FLOP *** [Ks Td 7d]
solala103: bets $3
elifnur2008: calls $3
*** TURN *** [Ks Td 7d] [9d]
solala103: bets $6
elifnur2008: raises $6 to $12
solala103: folds
Uncalled bet ($6) returned to elifnur2008
elifnur2008 collected $35.50 from pot
elifnur2008: doesn't show hand
*** SUMMARY ***
Total pot $36 | Rake $0.50
Board [Ks Td 7d 9d]
Seat 1: elifnur2008 (button) (small blind) collected ($35.50)
Seat 2: solala103 (big blind) folded on the Turn


PokerStars Hand #147329310007:  Hold'em Limit ($3/$6 USD) - 2016/01/19 15:45:13 ET
Table 'Andromeda II' 2-max Seat #2 is the button
Seat 1: elifnur2008 ($127.64 in chips)
Seat 2: solala103 ($17.51 in chips)
solala103: posts small blind $1
elifnur2008: posts big blind $3
*** HOLE CARDS ***
solala103: raises $3 to $6
elifnur2008: raises $3 to $9
solala103: calls $3
*** FLOP *** [2h 5h Kh]
elifnur2008: bets $3
solala103: raises $3 to $6
elifnur2008: calls $3
*** TURN *** [2h 5h Kh] [3s]
elifnur2008: checks
solala103: bets $2.51 and is all-in
elifnur2008: calls $2.51
*** RIVER *** [2h 5h Kh 3s] [3d]
*** SHOW DOWN ***
elifnur2008: shows [As 8s] (a pair of Threes)
solala103: shows [3h Qd] (three of a kind, Threes)
solala103 collected $34.52 from pot
*** SUMMARY ***
Total pot $35.02 | Rake $0.50
Board [2h 5h Kh 3s 3d]
Seat 1: elifnur2008 (big blind) showed [As 8s] and lost with a pair of Threes
Seat 2: solala103 (button) (small blind) showed [3h Qd] and won ($34.52) with three of a kind, Threes


PokerStars Hand #147329356443:  Hold'em Limit ($3/$6 USD) - 2016/01/19 15:45:54 ET
Table 'Andromeda II' 2-max Seat #2 is the button
Seat 1: elifnur2008 ($133.63 in chips)
Seat 2: solala103 ($10.52 in chips)
solala103: posts small blind $1
elifnur2008: posts big blind $3
*** HOLE CARDS ***
solala103: folds
Uncalled bet ($2) returned to elifnur2008
elifnur2008 collected $2 from pot
elifnur2008: doesn't show hand
*** SUMMARY ***
Total pot $2 | Rake $0
Seat 1: elifnur2008 (big blind) collected ($2)
Seat 2: solala103 (button) (small blind) folded before Flop


PokerStars Hand #147329332905:  Hold'em Limit ($3/$6 USD) - 2016/01/19 15:45:33 ET
Table 'Andromeda II' 2-max Seat #1 is the button
Seat 1: elifnur2008 ($110.13 in chips)
Seat 2: solala103 ($34.52 in chips)
elifnur2008: posts small blind $1
solala103: posts big blind $3
*** HOLE CARDS ***
elifnur2008: raises $3 to $6
solala103: raises $3 to $9
elifnur2008: calls $3
*** FLOP *** [Ts 6s 9c]
solala103: bets $3
elifnur2008: calls $3
*** TURN *** [Ts 6s 9c] [4h]
solala103: bets $6
elifnur2008: raises $6 to $12
solala103: calls $6
*** RIVER *** [Ts 6s 9c 4h] [9h]
solala103: checks
elifnur2008: bets $6
solala103: folds
Uncalled bet ($6) returned to elifnur2008
elifnur2008 collected $47.50 from pot
*** SUMMARY ***
Total pot $48 | Rake $0.50
Board [Ts 6s 9c 4h 9h]
Seat 1: elifnur2008 (button) (small blind) collected ($47.50)
Seat 2: solala103 (big blind) folded on the River


PokerStars Hand #147329364999:  Hold'em Limit ($3/$6 USD) - 2016/01/19 15:46:02 ET
Table 'Andromeda II' 2-max Seat #1 is the button
Seat 1: elifnur2008 ($134.63 in chips)
Seat 2: solala103 ($9.52 in chips)
elifnur2008: posts small blind $1
solala103: posts big blind $3
*** HOLE CARDS ***
elifnur2008: raises $3 to $6
solala103: calls $3
*** FLOP *** [Qh 9s 7h]
solala103: checks
elifnur2008: bets $3
solala103: folds
Uncalled bet ($3) returned to elifnur2008
elifnur2008 collected $11.76 from pot
elifnur2008: doesn't show hand
*** SUMMARY ***
Total pot $12 | Rake $0.24
Board [Qh 9s 7h]
Seat 1: elifnur2008 (button) (small blind) collected ($11.76)
Seat 2: solala103 (big blind) folded on the Flop


PokerStars Hand #147329380161:  Hold'em Limit ($3/$6 USD) - 2016/01/19 15:46:16 ET
Table 'Andromeda II' 2-max Seat #2 is the button
Seat 1: elifnur2008 ($140.39 in chips)
Seat 2: solala103 ($3.52 in chips)
solala103: posts small blind $1
elifnur2008: posts big blind $3
*** HOLE CARDS ***
solala103: raises $0.52 to $3.52 and is all-in
elifnur2008: calls $0.52
*** FLOP *** [7d 5h 2c]
*** TURN *** [7d 5h 2c] [8h]
*** RIVER *** [7d 5h 2c 8h] [6c]
*** SHOW DOWN ***
elifnur2008: shows [Qd 7c] (a pair of Sevens)
solala103: shows [8c Ad] (a pair of Eights)
solala103 collected $6.90 from pot
*** SUMMARY ***
Total pot $7.04 | Rake $0.14
Board [7d 5h 2c 8h 6c]
Seat 1: elifnur2008 (big blind) showed [Qd 7c] and lost with a pair of Sevens
Seat 2: solala103 (button) (small blind) showed [8c Ad] and won ($6.90) with a pair of Eights


PokerStars Hand #147329401916:  Hold'em Limit ($3/$6 USD) - 2016/01/19 15:46:35 ET
Table 'Andromeda II' 2-max Seat #1 is the button
Seat 1: elifnur2008 ($136.87 in chips)
Seat 2: solala103 ($6.90 in chips)
elifnur2008: posts small blind $1
solala103: posts big blind $3
*** HOLE CARDS ***
elifnur2008: raises $3 to $6
solala103: raises $0.90 to $6.90 and is all-in
elifnur2008: calls $0.90
*** FLOP *** [Ts Ah Ad]
*** TURN *** [Ts Ah Ad] [Kh]
*** RIVER *** [Ts Ah Ad Kh] [2s]
*** SHOW DOWN ***
solala103: shows [3s Jd] (a pair of Aces)
elifnur2008: shows [Qc 6h] (a pair of Aces - King+Queen kicker)
elifnur2008 collected $13.52 from pot
*** SUMMARY ***
Total pot $13.80 | Rake $0.28
Board [Ts Ah Ad Kh 2s]
Seat 1: elifnur2008 (button) (small blind) showed [Qc 6h] and won ($13.52) with a pair of Aces
Seat 2: solala103 (big blind) showed [3s Jd] and lost with a pair of Aces


PokerStars Hand #147330143749:  Hold'em Limit ($3/$6 USD) - 2016/01/19 15:58:13 ET
Table 'Andromeda II' 2-max Seat #2 is the button
Seat 1: elifnur2008 ($151 in chips)
Seat 2: malboro735 ($13.21 in chips)
malboro735: posts small blind $1
elifnur2008: posts big blind $3
*** HOLE CARDS ***
malboro735: raises $3 to $6
elifnur2008: folds
Uncalled bet ($3) returned to malboro735
malboro735 collected $6 from pot
malboro735: doesn't show hand
*** SUMMARY ***
Total pot $6 | Rake $0
Seat 1: elifnur2008 (big blind) folded before Flop
Seat 2: malboro735 (button) (small blind) collected ($6)


PokerStars Hand #147330139593:  Hold'em Limit ($3/$6 USD) - 2016/01/19 15:58:08 ET
Table 'Andromeda II' 2-max Seat #1 is the button
Seat 1: elifnur2008 ($152 in chips)
Seat 2: malboro735 ($12.21 in chips)
elifnur2008: posts small blind $1
malboro735: posts big blind $3
*** HOLE CARDS ***
elifnur2008: folds
Uncalled bet ($2) returned to malboro735
malboro735 collected $2 from pot
*** SUMMARY ***
Total pot $2 | Rake $0
Seat 1: elifnur2008 (button) (small blind) folded before Flop
Seat 2: malboro735 (big blind) collected ($2)


PokerStars Hand #147330113878:  Hold'em Limit ($3/$6 USD) - 2016/01/19 15:57:44 ET
Table 'Andromeda II' 2-max Seat #2 is the button
Seat 1: elifnur2008 ($137.50 in chips)
Seat 2: malboro735 ($27.21 in chips)
malboro735: posts small blind $1
elifnur2008: posts big blind $3
*** HOLE CARDS ***
malboro735: raises $3 to $6
elifnur2008: calls $3
*** FLOP *** [3h Ks 2h]
elifnur2008: checks
malboro735: bets $3
elifnur2008: calls $3
*** TURN *** [3h Ks 2h] [7h]
elifnur2008: checks
malboro735: bets $6
elifnur2008: calls $6
*** RIVER *** [3h Ks 2h 7h] [Ah]
elifnur2008: bets $6
malboro735: folds
Uncalled bet ($6) returned to elifnur2008
elifnur2008 collected $29.50 from pot
elifnur2008: doesn't show hand
*** SUMMARY ***
Total pot $30 | Rake $0.50
Board [3h Ks 2h 7h Ah]
Seat 1: elifnur2008 (big blind) collected ($29.50)
Seat 2: malboro735 (button) (small blind) folded on the River


PokerStars Hand #147330198019:  Hold'em Limit ($3/$6 USD) - 2016/01/19 15:59:03 ET
Table 'Andromeda II' 2-max Seat #2 is the button
Seat 1: elifnur2008 ($147.43 in chips)
Seat 2: malboro735 ($16.09 in chips)
malboro735: posts small blind $1
elifnur2008: posts big blind $3
*** HOLE CARDS ***
malboro735: raises $3 to $6
elifnur2008: calls $3
*** FLOP *** [9h 5s 8d]
elifnur2008: checks
malboro735: bets $3
elifnur2008: raises $3 to $6
malboro735: calls $3
*** TURN *** [9h 5s 8d] [6d]
elifnur2008: bets $6
malboro735: folds
Uncalled bet ($6) returned to elifnur2008
elifnur2008 collected $23.52 from pot
elifnur2008: doesn't show hand
*** SUMMARY ***
Total pot $24 | Rake $0.48
Board [9h 5s 8d 6d]
Seat 1: elifnur2008 (big blind) collected ($23.52)
Seat 2: malboro735 (button) (small blind) folded on the Turn


PokerStars Hand #147330184976:  Hold'em Limit ($3/$6 USD) - 2016/01/19 15:58:49 ET
Table 'Andromeda II' 2-max Seat #1 is the button
Seat 1: elifnur2008 ($155.64 in chips)
Seat 2: malboro735 ($8.21 in chips)
elifnur2008: posts small blind $1
malboro735: posts big blind $3
*** HOLE CARDS ***
elifnur2008: raises $3 to $6
malboro735: raises $2.21 to $8.21 and is all-in
elifnur2008: calls $2.21
*** FLOP *** [Ad 2d 9d]
*** TURN *** [Ad 2d 9d] [6d]
*** RIVER *** [Ad 2d 9d 6d] [7h]
*** SHOW DOWN ***
malboro735: shows [Jc Qd] (a flush, Ace high)
elifnur2008: shows [6c Tc] (a pair of Sixes)
malboro735 collected $16.09 from pot
*** SUMMARY ***
Total pot $16.42 | Rake $0.33
Board [Ad 2d 9d 6d 7h]
Seat 1: elifnur2008 (button) (small blind) showed [6c Tc] and lost with a pair of Sixes
Seat 2: malboro735 (big blind) showed [Jc Qd] and won ($16.09) with a flush, Ace high


PokerStars Hand #147330162019:  Hold'em Limit ($3/$6 USD) - 2016/01/19 15:58:27 ET
Table 'Andromeda II' 2-max Seat #2 is the button
Seat 1: elifnur2008 ($147 in chips)
Seat 2: malboro735 ($17.21 in chips)
malboro735: posts small blind $1
elifnur2008: posts big blind $3
*** HOLE CARDS ***
malboro735: raises $3 to $6
elifnur2008: calls $3
*** FLOP *** [Ad 9c Th]
elifnur2008: checks
malboro735: bets $3
elifnur2008: calls $3
*** TURN *** [Ad 9c Th] [7d]
elifnur2008: checks
malboro735: checks
*** RIVER *** [Ad 9c Th 7d] [8d]
elifnur2008: bets $6
malboro735: folds
Uncalled bet ($6) returned to elifnur2008
elifnur2008 collected $17.64 from pot
elifnur2008: doesn't show hand
*** SUMMARY ***
Total pot $18 | Rake $0.36
Board [Ad 9c Th 7d 8d]
Seat 1: elifnur2008 (big blind) collected ($17.64)
Seat 2: malboro735 (button) (small blind) folded on the River


PokerStars Hand #147330154492:  Hold'em Limit ($3/$6 USD) - 2016/01/19 15:58:21 ET
Table 'Andromeda II' 2-max Seat #1 is the button
Seat 1: elifnur2008 ($148 in chips)
Seat 2: malboro735 ($16.21 in chips)
elifnur2008: posts small blind $1
malboro735: posts big blind $3
*** HOLE CARDS ***
elifnur2008: folds
Uncalled bet ($2) returned to malboro735
malboro735 collected $2 from pot
malboro735: doesn't show hand
*** SUMMARY ***
Total pot $2 | Rake $0
Seat 1: elifnur2008 (button) (small blind) folded before Flop
Seat 2: malboro735 (big blind) collected ($2)


PokerStars Hand #147330221682:  Hold'em Limit ($3/$6 USD) - 2016/01/19 15:59:29 ET
Table 'Andromeda II' 2-max Seat #2 is the button
Seat 1: elifnur2008 ($157.95 in chips)
Seat 2: malboro735 ($5.09 in chips)
malboro735: posts small blind $1
elifnur2008: posts big blind $3
*** HOLE CARDS ***
malboro735: raises $2.09 to $5.09 and is all-in
elifnur2008: calls $2.09
*** FLOP *** [Jh 3h 7d]
*** TURN *** [Jh 3h 7d] [9h]
*** RIVER *** [Jh 3h 7d 9h] [Qd]
*** SHOW DOWN ***
elifnur2008: shows [Qh 6c] (a pair of Queens)
malboro735: shows [4h Ac] (high card Ace)
elifnur2008 collected $9.98 from pot
*** SUMMARY ***
Total pot $10.18 | Rake $0.20
Board [Jh 3h 7d 9h Qd]
Seat 1: elifnur2008 (big blind) showed [Qh 6c] and won ($9.98) with a pair of Queens
Seat 2: malboro735 (button) (small blind) showed [4h Ac] and lost with high card Ace


PokerStars Hand #147330216056:  Hold'em Limit ($3/$6 USD) - 2016/01/19 15:59:22 ET
Table 'Andromeda II' 2-max Seat #1 is the button
Seat 1: elifnur2008 ($158.95 in chips)
Seat 2: malboro735 ($4.09 in chips)
elifnur2008: posts small blind $1
malboro735: posts big blind $3
*** HOLE CARDS ***
elifnur2008: folds
Uncalled bet ($2) returned to malboro735
malboro735 collected $2 from pot
malboro735: doesn't show hand
*** SUMMARY ***
Total pot $2 | Rake $0
Seat 1: elifnur2008 (button) (small blind) folded before Flop
Seat 2: malboro735 (big blind) collected ($2)


