PokerStars Hand #145712777388:  Hold'em Limit ($3/$6 USD) - 2015/12/21 18:14:46 ET
Table 'Andromeda II' 6-max Seat #4 is the button
Seat 1: chrissie ($53.96 in chips)
Seat 4: AzureCaper ($72 in chips)
AzureCaper: posts small blind $1
chrissie: posts big blind $3
*** HOLE CARDS ***
AzureCaper: raises $3 to $6
chrissie: calls $3
*** FLOP *** [5d 6c 7s]
chrissie: bets $3
TinaTurner72 joins the table at seat #2
AzureCaper: raises $3 to $6
chrissie: folds
Uncalled bet ($3) returned to AzureCaper
AzureCaper collected $17.64 from pot
AzureCaper: doesn't show hand
*** SUMMARY ***
Total pot $18 | Rake $0.36
Board [5d 6c 7s]
Seat 1: chrissie (big blind) folded on the Flop
Seat 4: AzureCaper (button) (small blind) collected ($17.64)


PokerStars Hand #145713826491:  Hold'em Limit ($3/$6 USD) - 2015/12/21 18:36:03 ET
Table 'Andromeda II' 6-max Seat #2 is the button
Seat 1: chrissie ($163.18 in chips)
Seat 2: TinaTurner72 ($136.60 in chips)
TinaTurner72: posts small blind $1
vestimokrec: is sitting out
AzureCaper: is sitting out
Karpik09: is sitting out
chrissie: posts big blind $3
*** HOLE CARDS ***
vestimokrec leaves the table
AzureCaper leaves the table
Karpik09 leaves the table
TinaTurner72: raises $3 to $6
chrissie: raises $3 to $9
Jannuh joins the table at seat #5
TinaTurner72: calls $3
*** FLOP *** [5h 8s 6s]
chrissie: bets $3
TinaTurner72: calls $3
*** TURN *** [5h 8s 6s] [5d]
chrissie: bets $6
TinaTurner72: calls $6
*** RIVER *** [5h 8s 6s 5d] [As]
chrissie: bets $6
TinaTurner72: calls $6
*** SHOW DOWN ***
chrissie: shows [7s 7c] (two pair, Sevens and Fives)
TinaTurner72: mucks hand
chrissie collected $47.50 from pot
*** SUMMARY ***
Total pot $48 | Rake $0.50
Board [5h 8s 6s 5d As]
Seat 1: chrissie (big blind) showed [7s 7c] and won ($47.50) with two pair, Sevens and Fives
Seat 2: TinaTurner72 (button) (small blind) mucked


PokerStars Hand #145713865514:  Hold'em Limit ($3/$6 USD) - 2015/12/21 18:36:53 ET
Table 'Andromeda II' 6-max Seat #1 is the button
Seat 1: chrissie ($186.68 in chips)
Seat 2: TinaTurner72 ($112.60 in chips)
chrissie: posts small blind $1
TinaTurner72: posts big blind $3
*** HOLE CARDS ***
chrissie: folds
Uncalled bet ($2) returned to TinaTurner72
TinaTurner72 collected $2 from pot
TinaTurner72: doesn't show hand
*** SUMMARY ***
Total pot $2 | Rake $0
Seat 1: chrissie (button) (small blind) folded before Flop
Seat 2: TinaTurner72 (big blind) collected ($2)


