PokerStars Hand #149695995179:  Hold'em Limit ($3/$6 USD) - 2016/03/01 19:17:50 ET
Table 'Aneas' 6-max Seat #5 is the button
Seat 5: Sagar_7 ($220.54 in chips)
Seat 6: tweemeterzes ($243.08 in chips)
Sagar_7: posts small blind $1
tweemeterzes: posts big blind $3
*** HOLE CARDS ***
Sagar_7: folds
Uncalled bet ($2) returned to tweemeterzes
tweemeterzes collected $2 from pot
tweemeterzes: doesn't show hand
*** SUMMARY ***
Total pot $2 | Rake $0
Seat 5: Sagar_7 (button) (small blind) folded before Flop
Seat 6: tweemeterzes (big blind) collected ($2)


PokerStars Hand #149695990902:  Hold'em Limit ($3/$6 USD) - 2016/03/01 19:17:44 ET
Table 'Aneas' 6-max Seat #6 is the button
Seat 5: Sagar_7 ($219.54 in chips)
Seat 6: tweemeterzes ($244.08 in chips)
tweemeterzes: posts small blind $1
Chessnok: is sitting out
VolkovDmitri: is sitting out
Sagar_7: posts big blind $3
*** HOLE CARDS ***
tweemeterzes: folds
Uncalled bet ($2) returned to Sagar_7
Sagar_7 collected $2 from pot
Sagar_7: doesn't show hand
*** SUMMARY ***
Total pot $2 | Rake $0
Seat 5: Sagar_7 (big blind) collected ($2)
Seat 6: tweemeterzes (button) (small blind) folded before Flop


PokerStars Hand #149696011985:  Hold'em Limit ($3/$6 USD) - 2016/03/01 19:18:16 ET
Table 'Aneas' 6-max Seat #6 is the button
Seat 4: VolkovDmitri ($141.89 in chips)
Seat 6: tweemeterzes ($240.08 in chips)
tweemeterzes: posts small blind $1
VolkovDmitri: posts big blind $3
*** HOLE CARDS ***
tweemeterzes: calls $2
VolkovDmitri: raises $3 to $6
tweemeterzes: calls $3
*** FLOP *** [9c 3c 7s]
VolkovDmitri: bets $3
tweemeterzes: calls $3
*** TURN *** [9c 3c 7s] [9d]
VolkovDmitri: bets $6
tweemeterzes: calls $6
*** RIVER *** [9c 3c 7s 9d] [8c]
VolkovDmitri: checks
tweemeterzes: bets $6
VolkovDmitri: folds
Uncalled bet ($6) returned to tweemeterzes
tweemeterzes collected $29.50 from pot
tweemeterzes: doesn't show hand
*** SUMMARY ***
Total pot $30 | Rake $0.50
Board [9c 3c 7s 9d 8c]
Seat 4: VolkovDmitri (big blind) folded on the River
Seat 6: tweemeterzes (button) (small blind) collected ($29.50)


PokerStars Hand #149696003798:  Hold'em Limit ($3/$6 USD) - 2016/03/01 19:18:04 ET
Table 'Aneas' 6-max Seat #4 is the button
Seat 4: VolkovDmitri ($138.89 in chips)
Seat 6: tweemeterzes ($243.08 in chips)
VolkovDmitri: posts small blind $1
Sagar_7: is sitting out
tweemeterzes: posts big blind $3
*** HOLE CARDS ***
VolkovDmitri: raises $3 to $6
tweemeterzes: folds
Uncalled bet ($3) returned to VolkovDmitri
VolkovDmitri collected $6 from pot
Sagar_7 leaves the table
VolkovDmitri: doesn't show hand
*** SUMMARY ***
Total pot $6 | Rake $0
Seat 4: VolkovDmitri (button) (small blind) collected ($6)
Seat 6: tweemeterzes (big blind) folded before Flop


PokerStars Hand #149696036304:  Hold'em Limit ($3/$6 USD) - 2016/03/01 19:18:54 ET
Table 'Aneas' 6-max Seat #6 is the button
Seat 4: VolkovDmitri ($125.89 in chips)
Seat 6: tweemeterzes ($255.58 in chips)
tweemeterzes: posts small blind $1
VolkovDmitri: posts big blind $3
*** HOLE CARDS ***
tweemeterzes: folds
Uncalled bet ($2) returned to VolkovDmitri
VolkovDmitri collected $2 from pot
VolkovDmitri: doesn't show hand
*** SUMMARY ***
Total pot $2 | Rake $0
Seat 4: VolkovDmitri (big blind) collected ($2)
Seat 6: tweemeterzes (button) (small blind) folded before Flop


PokerStars Hand #149696031670:  Hold'em Limit ($3/$6 USD) - 2016/03/01 19:18:46 ET
Table 'Aneas' 6-max Seat #4 is the button
Seat 4: VolkovDmitri ($126.89 in chips)
Seat 6: tweemeterzes ($254.58 in chips)
VolkovDmitri: posts small blind $1
tweemeterzes: posts big blind $3
*** HOLE CARDS ***
VolkovDmitri: folds
Uncalled bet ($2) returned to tweemeterzes
tweemeterzes collected $2 from pot
tweemeterzes: doesn't show hand
*** SUMMARY ***
Total pot $2 | Rake $0
Seat 4: VolkovDmitri (button) (small blind) folded before Flop
Seat 6: tweemeterzes (big blind) collected ($2)


