PokerStars Hand #149690850987:  Hold'em Limit ($3/$6 USD) - 2016/03/01 17:30:45 ET
Table 'Aneas' 6-max Seat #4 is the button
Seat 3: gabiruboy ($34.40 in chips)
Seat 4: VolkovDmitri ($134.50 in chips)
VolkovDmitri: posts small blind $1
gabiruboy: posts big blind $3
*** HOLE CARDS ***
VolkovDmitri: folds
Uncalled bet ($2) returned to gabiruboy
gabiruboy collected $2 from pot
*** SUMMARY ***
Total pot $2 | Rake $0
Seat 3: gabiruboy (big blind) collected ($2)
Seat 4: VolkovDmitri (button) (small blind) folded before Flop


PokerStars Hand #149690820641:  Hold'em Limit ($3/$6 USD) - 2016/03/01 17:30:17 ET
Table 'Aneas' 6-max Seat #3 is the button
Seat 3: gabiruboy ($49.40 in chips)
Seat 4: VolkovDmitri ($120 in chips)
gabiruboy: posts small blind $1
VolkovDmitri: posts big blind $3
*** HOLE CARDS ***
gabiruboy: raises $3 to $6
VolkovDmitri: raises $3 to $9
gabiruboy: calls $3
*** FLOP *** [7c 6c Ac]
VolkovDmitri: bets $3
gabiruboy: raises $3 to $6
VolkovDmitri: raises $3 to $9
gabiruboy: folds
Uncalled bet ($3) returned to VolkovDmitri
VolkovDmitri collected $29.50 from pot
VolkovDmitri: doesn't show hand
*** SUMMARY ***
Total pot $30 | Rake $0.50
Board [7c 6c Ac]
Seat 3: gabiruboy (button) (small blind) folded on the Flop
Seat 4: VolkovDmitri (big blind) collected ($29.50)


PokerStars Hand #149690796546:  Hold'em Limit ($3/$6 USD) - 2016/03/01 17:29:55 ET
Table 'Aneas' 6-max Seat #4 is the button
Seat 3: gabiruboy ($40.76 in chips)
Seat 4: VolkovDmitri ($120 in chips)
VolkovDmitri: posts small blind $1
gabiruboy: posts big blind $3
*** HOLE CARDS ***
VolkovDmitri: raises $3 to $6
gabiruboy: raises $3 to $9
VolkovDmitri: calls $3
*** FLOP *** [Qc 7c As]
gabiruboy: bets $3
VolkovDmitri: folds
Uncalled bet ($3) returned to gabiruboy
gabiruboy collected $17.64 from pot
*** SUMMARY ***
Total pot $18 | Rake $0.36
Board [Qc 7c As]
Seat 3: gabiruboy (big blind) collected ($17.64)
Seat 4: VolkovDmitri (button) (small blind) folded on the Flop


PokerStars Hand #149690889962:  Hold'em Limit ($3/$6 USD) - 2016/03/01 17:31:21 ET
Table 'Aneas' 6-max Seat #4 is the button
Seat 3: gabiruboy ($41.16 in chips)
Seat 4: VolkovDmitri ($127.50 in chips)
VolkovDmitri: posts small blind $1
gabiruboy: posts big blind $3
*** HOLE CARDS ***
VolkovDmitri: raises $3 to $6
gabiruboy: calls $3
*** FLOP *** [7d Ad 6s]
gabiruboy: checks
VolkovDmitri: bets $3
gabiruboy: calls $3
*** TURN *** [7d Ad 6s] [Qd]
gabiruboy: checks
VolkovDmitri: checks
*** RIVER *** [7d Ad 6s Qd] [3s]
gabiruboy: checks
VolkovDmitri: checks
*** SHOW DOWN ***
gabiruboy: shows [Jc 6h] (a pair of Sixes)
VolkovDmitri: mucks hand
gabiruboy collected $17.64 from pot
*** SUMMARY ***
Total pot $18 | Rake $0.36
Board [7d Ad 6s Qd 3s]
Seat 3: gabiruboy (big blind) showed [Jc 6h] and won ($17.64) with a pair of Sixes
Seat 4: VolkovDmitri (button) (small blind) mucked


PokerStars Hand #149690861692:  Hold'em Limit ($3/$6 USD) - 2016/03/01 17:30:55 ET
Table 'Aneas' 6-max Seat #3 is the button
Seat 3: gabiruboy ($35.40 in chips)
Seat 4: VolkovDmitri ($133.50 in chips)
gabiruboy: posts small blind $1
VolkovDmitri: posts big blind $3
*** HOLE CARDS ***
gabiruboy: raises $3 to $6
VolkovDmitri: calls $3
*** FLOP *** [4s Td Ac]
VolkovDmitri: checks
gabiruboy: checks
*** TURN *** [4s Td Ac] [Ad]
VolkovDmitri: checks
gabiruboy: bets $6
VolkovDmitri: folds
Uncalled bet ($6) returned to gabiruboy
gabiruboy collected $11.76 from pot
*** SUMMARY ***
Total pot $12 | Rake $0.24
Board [4s Td Ac Ad]
Seat 3: gabiruboy (button) (small blind) collected ($11.76)
Seat 4: VolkovDmitri (big blind) folded on the Turn


PokerStars Hand #149690920286:  Hold'em Limit ($3/$6 USD) - 2016/03/01 17:31:48 ET
Table 'Aneas' 6-max Seat #3 is the button
Seat 3: gabiruboy ($49.80 in chips)
Seat 4: VolkovDmitri ($120 in chips)
gabiruboy: posts small blind $1
VolkovDmitri: posts big blind $3
*** HOLE CARDS ***
gabiruboy: raises $3 to $6
VolkovDmitri: calls $3
*** FLOP *** [9s 5h 8s]
VolkovDmitri: checks
harrydonkey joins the table at seat #6
gabiruboy: bets $3
VolkovDmitri: folds
Uncalled bet ($3) returned to gabiruboy
gabiruboy collected $11.76 from pot
gabiruboy: doesn't show hand
*** SUMMARY ***
Total pot $12 | Rake $0.24
Board [9s 5h 8s]
Seat 3: gabiruboy (button) (small blind) collected ($11.76)
Seat 4: VolkovDmitri (big blind) folded on the Flop


PokerStars Hand #149691522630:  Hold'em Limit ($3/$6 USD) - 2016/03/01 17:41:43 ET
Table 'Aneas' 6-max Seat #6 is the button
Seat 4: VolkovDmitri ($201.78 in chips)
Seat 6: harrydonkey ($14.55 in chips)
harrydonkey: posts small blind $1
Chessnok: is sitting out
VolkovDmitri: posts big blind $3
*** HOLE CARDS ***
harrydonkey: raises $3 to $6
$i1ver joins the table at seat #3
VolkovDmitri: calls $3
*** FLOP *** [Th 5h 4d]
VolkovDmitri: checks
harrydonkey: bets $3
VolkovDmitri: folds
Uncalled bet ($3) returned to harrydonkey
harrydonkey collected $11.76 from pot
*** SUMMARY ***
Total pot $12 | Rake $0.24
Board [Th 5h 4d]
Seat 4: VolkovDmitri (big blind) folded on the Flop
Seat 6: harrydonkey (button) (small blind) collected ($11.76)


PokerStars Hand #149691553444:  Hold'em Limit ($3/$6 USD) - 2016/03/01 17:42:16 ET
Table 'Aneas' 6-max Seat #4 is the button
Seat 4: VolkovDmitri ($195.78 in chips)
Seat 6: harrydonkey ($20.31 in chips)
VolkovDmitri: posts small blind $1
harrydonkey: posts big blind $3
*** HOLE CARDS ***
VolkovDmitri: raises $3 to $6
harrydonkey: calls $3
*** FLOP *** [Ac 2s 2c]
harrydonkey: checks
VolkovDmitri: bets $3
harrydonkey: calls $3
*** TURN *** [Ac 2s 2c] [6s]
harrydonkey: checks
VolkovDmitri: checks
*** RIVER *** [Ac 2s 2c 6s] [7c]
harrydonkey: bets $6
VolkovDmitri: folds
Uncalled bet ($6) returned to harrydonkey
harrydonkey collected $17.64 from pot
*** SUMMARY ***
Total pot $18 | Rake $0.36
Board [Ac 2s 2c 6s 7c]
Seat 4: VolkovDmitri (button) (small blind) folded on the River
Seat 6: harrydonkey (big blind) collected ($17.64)


PokerStars Hand #149692342798:  Hold'em Limit ($3/$6 USD) - 2016/03/01 17:57:26 ET
Table 'Aneas' 6-max Seat #2 is the button
Seat 2: Lexi4Bet ($147.98 in chips)
Seat 4: VolkovDmitri ($165.94 in chips)
Lexi4Bet: posts small blind $1
VolkovDmitri: posts big blind $3
*** HOLE CARDS ***
Lexi4Bet: raises $3 to $6
VolkovDmitri: folds
Uncalled bet ($3) returned to Lexi4Bet
Lexi4Bet collected $6 from pot
*** SUMMARY ***
Total pot $6 | Rake $0
Seat 2: Lexi4Bet (button) (small blind) collected ($6)
Seat 4: VolkovDmitri (big blind) folded before Flop


PokerStars Hand #149692327685:  Hold'em Limit ($3/$6 USD) - 2016/03/01 17:57:05 ET
Table 'Aneas' 6-max Seat #4 is the button
Seat 2: Lexi4Bet ($133.48 in chips)
Seat 4: VolkovDmitri ($180.94 in chips)
VolkovDmitri: posts small blind $1
Chessnok: is sitting out
Lexi4Bet: posts big blind $3
*** HOLE CARDS ***
VolkovDmitri: raises $3 to $6
Lexi4Bet: calls $3
*** FLOP *** [7s 8d 3s]
Lexi4Bet: checks
VolkovDmitri: bets $3
Lexi4Bet: calls $3
*** TURN *** [7s 8d 3s] [2h]
Lexi4Bet: checks
VolkovDmitri: bets $6
Lexi4Bet: calls $6
*** RIVER *** [7s 8d 3s 2h] [9h]
Lexi4Bet: checks
VolkovDmitri: checks
*** SHOW DOWN ***
Lexi4Bet: shows [Qs As] (high card Ace)
VolkovDmitri: mucks hand
Lexi4Bet collected $29.50 from pot
*** SUMMARY ***
Total pot $30 | Rake $0.50
Board [7s 8d 3s 2h 9h]
Seat 2: Lexi4Bet (big blind) showed [Qs As] and won ($29.50) with high card Ace
Seat 4: VolkovDmitri (button) (small blind) mucked


PokerStars Hand #149692380962:  Hold'em Limit ($3/$6 USD) - 2016/03/01 17:58:19 ET
Table 'Aneas' 6-max Seat #4 is the button
Seat 2: Lexi4Bet ($138.62 in chips)
Seat 4: VolkovDmitri ($174.44 in chips)
VolkovDmitri: posts small blind $1
Lexi4Bet: posts big blind $3
*** HOLE CARDS ***
VolkovDmitri: raises $3 to $6
Lexi4Bet: calls $3
*** FLOP *** [Kh Kd 3h]
Lexi4Bet: checks
VolkovDmitri: bets $3
Lexi4Bet: calls $3
*** TURN *** [Kh Kd 3h] [6s]
Lexi4Bet: checks
VolkovDmitri: bets $6
Lexi4Bet: folds
Uncalled bet ($6) returned to VolkovDmitri
VolkovDmitri collected $17.64 from pot
VolkovDmitri: doesn't show hand
*** SUMMARY ***
Total pot $18 | Rake $0.36
Board [Kh Kd 3h 6s]
Seat 2: Lexi4Bet (big blind) folded on the Turn
Seat 4: VolkovDmitri (button) (small blind) collected ($17.64)


PokerStars Hand #149692362507:  Hold'em Limit ($3/$6 USD) - 2016/03/01 17:57:53 ET
Table 'Aneas' 6-max Seat #2 is the button
Seat 2: Lexi4Bet ($159.62 in chips)
Seat 4: VolkovDmitri ($153.94 in chips)
Lexi4Bet: posts small blind $1
VolkovDmitri: posts big blind $3
*** HOLE CARDS ***
Lexi4Bet: raises $3 to $6
VolkovDmitri: calls $3
*** FLOP *** [Ts Kd 4h]
VolkovDmitri: checks
Lexi4Bet: bets $3
VolkovDmitri: raises $3 to $6
Lexi4Bet: raises $3 to $9
VolkovDmitri: calls $3
*** TURN *** [Ts Kd 4h] [2c]
VolkovDmitri: checks
Lexi4Bet: checks
*** RIVER *** [Ts Kd 4h 2c] [4d]
VolkovDmitri: bets $6
Lexi4Bet: calls $6
*** SHOW DOWN ***
VolkovDmitri: shows [7s Kc] (two pair, Kings and Fours)
Lexi4Bet: mucks hand
VolkovDmitri collected $41.50 from pot
*** SUMMARY ***
Total pot $42 | Rake $0.50
Board [Ts Kd 4h 2c 4d]
Seat 2: Lexi4Bet (button) (small blind) mucked
Seat 4: VolkovDmitri (big blind) showed [7s Kc] and won ($41.50) with two pair, Kings and Fours


PokerStars Hand #149692347298:  Hold'em Limit ($3/$6 USD) - 2016/03/01 17:57:33 ET
Table 'Aneas' 6-max Seat #4 is the button
Seat 2: Lexi4Bet ($150.98 in chips)
Seat 4: VolkovDmitri ($162.94 in chips)
VolkovDmitri: posts small blind $1
Lexi4Bet: posts big blind $3
*** HOLE CARDS ***
VolkovDmitri: raises $3 to $6
Lexi4Bet: calls $3
*** FLOP *** [2d As Qs]
Lexi4Bet: checks
VolkovDmitri: bets $3
Lexi4Bet: calls $3
*** TURN *** [2d As Qs] [9c]
Lexi4Bet: checks
VolkovDmitri: checks
*** RIVER *** [2d As Qs 9c] [Td]
Lexi4Bet: bets $6
VolkovDmitri: folds
Uncalled bet ($6) returned to Lexi4Bet
Lexi4Bet collected $17.64 from pot
*** SUMMARY ***
Total pot $18 | Rake $0.36
Board [2d As Qs 9c Td]
Seat 2: Lexi4Bet (big blind) collected ($17.64)
Seat 4: VolkovDmitri (button) (small blind) folded on the River


PokerStars Hand #149692414934:  Hold'em Limit ($3/$6 USD) - 2016/03/01 17:59:07 ET
Table 'Aneas' 6-max Seat #4 is the button
Seat 2: Lexi4Bet ($159.12 in chips)
Seat 4: VolkovDmitri ($153.08 in chips)
VolkovDmitri: posts small blind $1
Lexi4Bet: posts big blind $3
*** HOLE CARDS ***
VolkovDmitri: raises $3 to $6
Lexi4Bet: calls $3
*** FLOP *** [6s 3s 5d]
Lexi4Bet: checks
VolkovDmitri: bets $3
Lexi4Bet: calls $3
*** TURN *** [6s 3s 5d] [7s]
Lexi4Bet: checks
VolkovDmitri: checks
*** RIVER *** [6s 3s 5d 7s] [3d]
Lexi4Bet: bets $6
VolkovDmitri: calls $6
*** SHOW DOWN ***
Lexi4Bet: shows [4h Ac] (a straight, Three to Seven)
VolkovDmitri: mucks hand
Lexi4Bet collected $29.50 from pot
*** SUMMARY ***
Total pot $30 | Rake $0.50
Board [6s 3s 5d 7s 3d]
Seat 2: Lexi4Bet (big blind) showed [4h Ac] and won ($29.50) with a straight, Three to Seven
Seat 4: VolkovDmitri (button) (small blind) mucked


PokerStars Hand #149692395723:  Hold'em Limit ($3/$6 USD) - 2016/03/01 17:58:40 ET
Table 'Aneas' 6-max Seat #2 is the button
Seat 2: Lexi4Bet ($129.62 in chips)
Seat 4: VolkovDmitri ($183.08 in chips)
Lexi4Bet: posts small blind $1
VolkovDmitri: posts big blind $3
*** HOLE CARDS ***
Lexi4Bet: raises $3 to $6
VolkovDmitri: calls $3
*** FLOP *** [7h 6s Qh]
VolkovDmitri: checks
Lexi4Bet: bets $3
VolkovDmitri: raises $3 to $6
Lexi4Bet: raises $3 to $9
VolkovDmitri: raises $3 to $12
Betting is capped
Lexi4Bet: calls $3
*** TURN *** [7h 6s Qh] [4d]
VolkovDmitri: bets $6
Lexi4Bet: calls $6
*** RIVER *** [7h 6s Qh 4d] [5c]
VolkovDmitri: checks
Lexi4Bet: bets $6
VolkovDmitri: calls $6
*** SHOW DOWN ***
Lexi4Bet: shows [8d 6c] (a straight, Four to Eight)
VolkovDmitri: mucks hand
Lexi4Bet collected $59.50 from pot
*** SUMMARY ***
Total pot $60 | Rake $0.50
Board [7h 6s Qh 4d 5c]
Seat 2: Lexi4Bet (button) (small blind) showed [8d 6c] and won ($59.50) with a straight, Four to Eight
Seat 4: VolkovDmitri (big blind) mucked


PokerStars Hand #149692449659:  Hold'em Limit ($3/$6 USD) - 2016/03/01 17:59:56 ET
Table 'Aneas' 6-max Seat #4 is the button
Seat 2: Lexi4Bet ($179.38 in chips)
Seat 4: VolkovDmitri ($132.08 in chips)
VolkovDmitri: posts small blind $1
Lexi4Bet: posts big blind $3
*** HOLE CARDS ***
VolkovDmitri: raises $3 to $6
Lexi4Bet: calls $3
*** FLOP *** [3h Kh 8c]
Lexi4Bet: checks
VolkovDmitri: bets $3
Lexi4Bet: calls $3
*** TURN *** [3h Kh 8c] [2h]
Lexi4Bet: checks
VolkovDmitri: bets $6
Lexi4Bet: calls $6
*** RIVER *** [3h Kh 8c 2h] [7d]
Lexi4Bet: checks
VolkovDmitri: bets $6
Lexi4Bet: calls $6
*** SHOW DOWN ***
VolkovDmitri: shows [7c 7s] (three of a kind, Sevens)
Lexi4Bet: mucks hand
VolkovDmitri collected $41.50 from pot
*** SUMMARY ***
Total pot $42 | Rake $0.50
Board [3h Kh 8c 2h 7d]
Seat 2: Lexi4Bet (big blind) mucked
Seat 4: VolkovDmitri (button) (small blind) showed [7c 7s] and won ($41.50) with three of a kind, Sevens


PokerStars Hand #149692439896:  Hold'em Limit ($3/$6 USD) - 2016/03/01 17:59:42 ET
Table 'Aneas' 6-max Seat #2 is the button
Seat 2: Lexi4Bet ($173.62 in chips)
Seat 4: VolkovDmitri ($138.08 in chips)
Lexi4Bet: posts small blind $1
VolkovDmitri: posts big blind $3
*** HOLE CARDS ***
Lexi4Bet: raises $3 to $6
VolkovDmitri: calls $3
*** FLOP *** [7h Qh 8d]
VolkovDmitri: checks
Lexi4Bet: bets $3
VolkovDmitri: folds
Uncalled bet ($3) returned to Lexi4Bet
Lexi4Bet collected $11.76 from pot
*** SUMMARY ***
Total pot $12 | Rake $0.24
Board [7h Qh 8d]
Seat 2: Lexi4Bet (button) (small blind) collected ($11.76)
Seat 4: VolkovDmitri (big blind) folded on the Flop


PokerStars Hand #149692502228:  Hold'em Limit ($3/$6 USD) - 2016/03/01 18:01:06 ET
Table 'Aneas' 6-max Seat #2 is the button
Seat 2: Lexi4Bet ($172.88 in chips)
Seat 4: VolkovDmitri ($137.34 in chips)
Lexi4Bet: posts small blind $1
VolkovDmitri: posts big blind $3
*** HOLE CARDS ***
Lexi4Bet: raises $3 to $6
VolkovDmitri: calls $3
*** FLOP *** [Tc 7s 7d]
VolkovDmitri: checks
Lexi4Bet: bets $3
VolkovDmitri: folds
Uncalled bet ($3) returned to Lexi4Bet
Lexi4Bet collected $11.76 from pot
*** SUMMARY ***
Total pot $12 | Rake $0.24
Board [Tc 7s 7d]
Seat 2: Lexi4Bet (button) (small blind) collected ($11.76)
Seat 4: VolkovDmitri (big blind) folded on the Flop


PokerStars Hand #149692485224:  Hold'em Limit ($3/$6 USD) - 2016/03/01 18:00:44 ET
Table 'Aneas' 6-max Seat #4 is the button
Seat 2: Lexi4Bet ($152.38 in chips)
Seat 4: VolkovDmitri ($158.34 in chips)
VolkovDmitri: posts small blind $1
Lexi4Bet: posts big blind $3
*** HOLE CARDS ***
VolkovDmitri: raises $3 to $6
Lexi4Bet: calls $3
*** FLOP *** [6d 3c 2d]
Lexi4Bet: checks
VolkovDmitri: bets $3
Lexi4Bet: calls $3
*** TURN *** [6d 3c 2d] [As]
Lexi4Bet: checks
VolkovDmitri: bets $6
Lexi4Bet: calls $6
*** RIVER *** [6d 3c 2d As] [Jh]
Lexi4Bet: checks
VolkovDmitri: bets $6
Lexi4Bet: calls $6
*** SHOW DOWN ***
VolkovDmitri: shows [6h 5c] (a pair of Sixes)
Lexi4Bet: shows [Qc 6s] (a pair of Sixes - Ace+Queen kicker)
Lexi4Bet collected $41.50 from pot
*** SUMMARY ***
Total pot $42 | Rake $0.50
Board [6d 3c 2d As Jh]
Seat 2: Lexi4Bet (big blind) showed [Qc 6s] and won ($41.50) with a pair of Sixes
Seat 4: VolkovDmitri (button) (small blind) showed [6h 5c] and lost with a pair of Sixes


PokerStars Hand #149692533104:  Hold'em Limit ($3/$6 USD) - 2016/03/01 18:01:44 ET
Table 'Aneas' 6-max Seat #2 is the button
Seat 2: Lexi4Bet ($172.64 in chips)
Seat 4: VolkovDmitri ($137.10 in chips)
Lexi4Bet: posts small blind $1
VolkovDmitri: posts big blind $3
*** HOLE CARDS ***
Lexi4Bet: raises $3 to $6
VolkovDmitri: calls $3
*** FLOP *** [Jh Kd 9s]
VolkovDmitri: checks
Lexi4Bet: bets $3
VolkovDmitri: raises $3 to $6
Lexi4Bet: calls $3
*** TURN *** [Jh Kd 9s] [Jc]
VolkovDmitri: bets $6
Lexi4Bet: raises $6 to $12
xxRGx joins the table at seat #6
VolkovDmitri: folds
Uncalled bet ($6) returned to Lexi4Bet
Lexi4Bet collected $35.50 from pot
*** SUMMARY ***
Total pot $36 | Rake $0.50
Board [Jh Kd 9s Jc]
Seat 2: Lexi4Bet (button) (small blind) collected ($35.50)
Seat 4: VolkovDmitri (big blind) folded on the Turn


