PokerStars Hand #176565778775:  Hold'em Limit ($3/$6 USD) - 2017/10/06 12:15:52 ET
Table 'Angetenar' 6-max Seat #6 is the button
Seat 3: Ag3r0n ($76 in chips)
Seat 6: leonardo112255 ($71 in chips)
leonardo112255: posts small blind $1
Ag3r0n: posts big blind $3
*** HOLE CARDS ***
leonardo112255: raises $3 to $6
Ag3r0n: calls $3
*** FLOP *** [2d Ts 2h]
Ag3r0n: checks
leonardo112255: checks
*** TURN *** [2d Ts 2h] [Ac]
Ag3r0n: checks
leonardo112255: bets $6
Ag3r0n: folds
Uncalled bet ($6) returned to leonardo112255
leonardo112255 collected $11.76 from pot
leonardo112255: doesn't show hand
*** SUMMARY ***
Total pot $12 | Rake $0.24
Board [2d Ts 2h Ac]
Seat 3: Ag3r0n (big blind) folded on the Turn
Seat 6: leonardo112255 (button) (small blind) collected ($11.76)


PokerStars Hand #176565773390:  Hold'em Limit ($3/$6 USD) - 2017/10/06 12:15:44 ET
Table 'Angetenar' 6-max Seat #3 is the button
Seat 3: Ag3r0n ($73 in chips)
Seat 6: leonardo112255 ($74 in chips)
Ag3r0n: posts small blind $1
leonardo112255: posts big blind $3
*** HOLE CARDS ***
Ag3r0n: raises $3 to $6
leonardo112255: folds
Uncalled bet ($3) returned to Ag3r0n
Ag3r0n collected $6 from pot
Ag3r0n: doesn't show hand
*** SUMMARY ***
Total pot $6 | Rake $0
Seat 3: Ag3r0n (button) (small blind) collected ($6)
Seat 6: leonardo112255 (big blind) folded before Flop


PokerStars Hand #176565767576:  Hold'em Limit ($3/$6 USD) - 2017/10/06 12:15:36 ET
Table 'Angetenar' 6-max Seat #6 is the button
Seat 3: Ag3r0n ($72 in chips)
Seat 6: leonardo112255 ($75 in chips)
leonardo112255: posts small blind $1
Ag3r0n: posts big blind $3
*** HOLE CARDS ***
leonardo112255: folds
Uncalled bet ($2) returned to Ag3r0n
Ag3r0n collected $2 from pot
Ag3r0n: doesn't show hand
*** SUMMARY ***
Total pot $2 | Rake $0
Seat 3: Ag3r0n (big blind) collected ($2)
Seat 6: leonardo112255 (button) (small blind) folded before Flop


PokerStars Hand #176565794045:  Hold'em Limit ($3/$6 USD) - 2017/10/06 12:16:14 ET
Table 'Angetenar' 6-max Seat #3 is the button
Seat 3: Ag3r0n ($72 in chips)
Seat 6: leonardo112255 ($76.76 in chips)
Ag3r0n: posts small blind $1
leonardo112255: posts big blind $3
*** HOLE CARDS ***
Ag3r0n: raises $3 to $6
leonardo112255: calls $3
*** FLOP *** [5s 7c Td]
leonardo112255: checks
Ag3r0n: bets $3
leonardo112255: calls $3
*** TURN *** [5s 7c Td] [Kh]
leonardo112255: checks
Ag3r0n: bets $6
leonardo112255: folds
Uncalled bet ($6) returned to Ag3r0n
Ag3r0n collected $17.64 from pot
Ag3r0n: doesn't show hand
*** SUMMARY ***
Total pot $18 | Rake $0.36
Board [5s 7c Td Kh]
Seat 3: Ag3r0n (button) (small blind) collected ($17.64)
Seat 6: leonardo112255 (big blind) folded on the Turn


PokerStars Hand #176565826245:  Hold'em Limit ($3/$6 USD) - 2017/10/06 12:17:01 ET
Table 'Angetenar' 6-max Seat #6 is the button
Seat 3: Ag3r0n ($76.64 in chips)
Seat 6: leonardo112255 ($71.76 in chips)
leonardo112255: posts small blind $1
Ag3r0n: posts big blind $3
*** HOLE CARDS ***
leonardo112255: calls $2
Ag3r0n: checks
*** FLOP *** [Ts Qd Td]
Ag3r0n: checks
leonardo112255: checks
*** TURN *** [Ts Qd Td] [Qs]
Ag3r0n: checks
leonardo112255: bets $6
Ag3r0n: folds
Uncalled bet ($6) returned to leonardo112255
leonardo112255 collected $5.88 from pot
leonardo112255: doesn't show hand
*** SUMMARY ***
Total pot $6 | Rake $0.12
Board [Ts Qd Td Qs]
Seat 3: Ag3r0n (big blind) folded on the Turn
Seat 6: leonardo112255 (button) (small blind) collected ($5.88)


PokerStars Hand #176565821615:  Hold'em Limit ($3/$6 USD) - 2017/10/06 12:16:54 ET
Table 'Angetenar' 6-max Seat #3 is the button
Seat 3: Ag3r0n ($77.64 in chips)
Seat 6: leonardo112255 ($70.76 in chips)
Ag3r0n: posts small blind $1
leonardo112255: posts big blind $3
*** HOLE CARDS ***
Ag3r0n: folds
Uncalled bet ($2) returned to leonardo112255
leonardo112255 collected $2 from pot
*** SUMMARY ***
Total pot $2 | Rake $0
Seat 3: Ag3r0n (button) (small blind) folded before Flop
Seat 6: leonardo112255 (big blind) collected ($2)


PokerStars Hand #176565817298:  Hold'em Limit ($3/$6 USD) - 2017/10/06 12:16:48 ET
Table 'Angetenar' 6-max Seat #6 is the button
Seat 3: Ag3r0n ($76.64 in chips)
Seat 6: leonardo112255 ($71.76 in chips)
leonardo112255: posts small blind $1
Ag3r0n: posts big blind $3
*** HOLE CARDS ***
leonardo112255: folds
Uncalled bet ($2) returned to Ag3r0n
Ag3r0n collected $2 from pot
Ag3r0n: doesn't show hand
*** SUMMARY ***
Total pot $2 | Rake $0
Seat 3: Ag3r0n (big blind) collected ($2)
Seat 6: leonardo112255 (button) (small blind) folded before Flop


PokerStars Hand #176565813411:  Hold'em Limit ($3/$6 USD) - 2017/10/06 12:16:42 ET
Table 'Angetenar' 6-max Seat #3 is the button
Seat 3: Ag3r0n ($77.64 in chips)
Seat 6: leonardo112255 ($70.76 in chips)
Ag3r0n: posts small blind $1
leonardo112255: posts big blind $3
*** HOLE CARDS ***
Ag3r0n: folds
Uncalled bet ($2) returned to leonardo112255
leonardo112255 collected $2 from pot
*** SUMMARY ***
Total pot $2 | Rake $0
Seat 3: Ag3r0n (button) (small blind) folded before Flop
Seat 6: leonardo112255 (big blind) collected ($2)


PokerStars Hand #176565808944:  Hold'em Limit ($3/$6 USD) - 2017/10/06 12:16:36 ET
Table 'Angetenar' 6-max Seat #6 is the button
Seat 3: Ag3r0n ($80.64 in chips)
Seat 6: leonardo112255 ($67.76 in chips)
leonardo112255: posts small blind $1
Ag3r0n: posts big blind $3
*** HOLE CARDS ***
leonardo112255: raises $3 to $6
Ag3r0n: folds
Uncalled bet ($3) returned to leonardo112255
leonardo112255 collected $6 from pot
*** SUMMARY ***
Total pot $6 | Rake $0
Seat 3: Ag3r0n (big blind) folded before Flop
Seat 6: leonardo112255 (button) (small blind) collected ($6)


PokerStars Hand #176565862025:  Hold'em Limit ($3/$6 USD) - 2017/10/06 12:17:53 ET
Table 'Angetenar' 6-max Seat #6 is the button
Seat 3: Ag3r0n ($82.28 in chips)
Seat 6: leonardo112255 ($65.64 in chips)
leonardo112255: posts small blind $1
Ag3r0n: posts big blind $3
*** HOLE CARDS ***
leonardo112255: raises $3 to $6
Ag3r0n: calls $3
*** FLOP *** [8d 4c 8s]
Ag3r0n: checks
leonardo112255: bets $3
Ag3r0n: calls $3
*** TURN *** [8d 4c 8s] [Qc]
Ag3r0n: checks
leonardo112255: bets $6
Ag3r0n: folds
Uncalled bet ($6) returned to leonardo112255
leonardo112255 collected $17.64 from pot
*** SUMMARY ***
Total pot $18 | Rake $0.36
Board [8d 4c 8s Qc]
Seat 3: Ag3r0n (big blind) folded on the Turn
Seat 6: leonardo112255 (button) (small blind) collected ($17.64)


PokerStars Hand #176565845307:  Hold'em Limit ($3/$6 USD) - 2017/10/06 12:17:29 ET
Table 'Angetenar' 6-max Seat #3 is the button
Seat 3: Ag3r0n ($73.64 in chips)
Seat 6: leonardo112255 ($74.64 in chips)
Ag3r0n: posts small blind $1
leonardo112255: posts big blind $3
*** HOLE CARDS ***
Ag3r0n: raises $3 to $6
leonardo112255: calls $3
*** FLOP *** [Td Ah 8h]
leonardo112255: checks
Ag3r0n: bets $3
leonardo112255: calls $3
*** TURN *** [Td Ah 8h] [Jc]
leonardo112255: checks
Ag3r0n: bets $6
leonardo112255: folds
Uncalled bet ($6) returned to Ag3r0n
Ag3r0n collected $17.64 from pot
Ag3r0n: doesn't show hand
*** SUMMARY ***
Total pot $18 | Rake $0.36
Board [Td Ah 8h Jc]
Seat 3: Ag3r0n (button) (small blind) collected ($17.64)
Seat 6: leonardo112255 (big blind) folded on the Turn


PokerStars Hand #176565878010:  Hold'em Limit ($3/$6 USD) - 2017/10/06 12:18:16 ET
Table 'Angetenar' 6-max Seat #3 is the button
Seat 3: Ag3r0n ($73.28 in chips)
Seat 6: leonardo112255 ($74.28 in chips)
Ag3r0n: posts small blind $1
leonardo112255: posts big blind $3
*** HOLE CARDS ***
Ag3r0n: raises $3 to $6
leonardo112255: calls $3
*** FLOP *** [2s 9h 4d]
leonardo112255: checks
Ag3r0n: bets $3
leonardo112255: calls $3
*** TURN *** [2s 9h 4d] [9c]
leonardo112255: checks
Ag3r0n: bets $6
leonardo112255: calls $6
*** RIVER *** [2s 9h 4d 9c] [5s]
leonardo112255: checks
Ag3r0n: bets $6
leonardo112255: raises $6 to $12
vestimokrec joins the table at seat #1
Ag3r0n: calls $6
*** SHOW DOWN ***
leonardo112255: shows [7d 7h] (two pair, Nines and Sevens)
Ag3r0n: mucks hand
leonardo112255 collected $53.50 from pot
*** SUMMARY ***
Total pot $54 | Rake $0.50
Board [2s 9h 4d 9c 5s]
Seat 3: Ag3r0n (button) (small blind) mucked
Seat 6: leonardo112255 (big blind) showed [7d 7h] and won ($53.50) with two pair, Nines and Sevens


PokerStars Hand #176578633570:  Hold'em Limit ($3/$6 USD) - 2017/10/06 17:11:15 ET
Table 'Angetenar' 6-max Seat #2 is the button
Seat 2: sonntagxxx ($57.63 in chips)
Seat 5: iskambil ($41.35 in chips)
Vitalisek will be allowed to play after the button
sonntagxxx: posts small blind $1
iskambil: posts big blind $3
*** HOLE CARDS ***
LouisB joins the table at seat #1
sonntagxxx: folds
Uncalled bet ($2) returned to iskambil
iskambil collected $2 from pot
iskambil: doesn't show hand
*** SUMMARY ***
Total pot $2 | Rake $0
Seat 2: sonntagxxx (button) (small blind) folded before Flop
Seat 5: iskambil (big blind) collected ($2)


