PokerStars Hand #168768608199:  Hold'em Limit ($3/$6 USD) - 2017/04/08 17:41:46 ET
Table 'Anhui' 6-max Seat #1 is the button
Seat 1: Chessnok ($120 in chips)
Seat 4: Burgal15 ($120 in chips)
Chessnok: posts small blind $1
Burgal15: posts big blind $3
*** HOLE CARDS ***
Chessnok: raises $3 to $6
Burgal15: calls $3
*** FLOP *** [6h 6c 3d]
Burgal15: checks
Chessnok: bets $3
Burgal15: calls $3
*** TURN *** [6h 6c 3d] [2d]
Burgal15: checks
Chessnok: checks
*** RIVER *** [6h 6c 3d 2d] [6s]
Burgal15: bets $6
Chessnok: calls $6
*** SHOW DOWN ***
Burgal15: shows [Td 5h] (three of a kind, Sixes)
Chessnok: shows [Th Ks] (three of a kind, Sixes - King kicker)
Chessnok collected $29.50 from pot
*** SUMMARY ***
Total pot $30 | Rake $0.50
Board [6h 6c 3d 2d 6s]
Seat 1: Chessnok (button) (small blind) showed [Th Ks] and won ($29.50) with three of a kind, Sixes
Seat 4: Burgal15 (big blind) showed [Td 5h] and lost with three of a kind, Sixes


PokerStars Hand #168768623231:  Hold'em Limit ($3/$6 USD) - 2017/04/08 17:42:05 ET
Table 'Anhui' 6-max Seat #4 is the button
Seat 1: Chessnok ($134.50 in chips)
Seat 4: Burgal15 ($105 in chips)
Burgal15: posts small blind $1
Chessnok: posts big blind $3
*** HOLE CARDS ***
Burgal15: raises $3 to $6
Chessnok: calls $3
*** FLOP *** [5c Ac Qh]
Chessnok: checks
Burgal15 is disconnected
Burgal15 has timed out while disconnected
Burgal15: checks
*** TURN *** [5c Ac Qh] [6h]
Chessnok: checks
Burgal15: bets $6
Chessnok: calls $6
*** RIVER *** [5c Ac Qh 6h] [5s]
Chessnok: bets $6
Burgal15: folds
Uncalled bet ($6) returned to Chessnok
Chessnok collected $23.52 from pot
Chessnok: doesn't show hand
*** SUMMARY ***
Total pot $24 | Rake $0.48
Board [5c Ac Qh 6h 5s]
Seat 1: Chessnok (big blind) collected ($23.52)
Seat 4: Burgal15 (button) (small blind) folded on the River


PokerStars Hand #168768810113:  Hold'em Limit ($3/$6 USD) - 2017/04/08 17:46:02 ET
Table 'Anhui' 6-max Seat #4 is the button
Seat 4: Burgal15 ($104.52 in chips)
Seat 5: tvandenbroek ($23.72 in chips)
Burgal15: posts small blind $1
tvandenbroek: posts big blind $3
*** HOLE CARDS ***
Burgal15: raises $3 to $6
tvandenbroek: calls $3
*** FLOP *** [6d 2c Qd]
tvandenbroek: bets $3
Burgal15: folds
Uncalled bet ($3) returned to tvandenbroek
tvandenbroek collected $11.76 from pot
tvandenbroek: doesn't show hand
*** SUMMARY ***
Total pot $12 | Rake $0.24
Board [6d 2c Qd]
Seat 4: Burgal15 (button) (small blind) folded on the Flop
Seat 5: tvandenbroek (big blind) collected ($11.76)


PokerStars Hand #168768786731:  Hold'em Limit ($3/$6 USD) - 2017/04/08 17:45:32 ET
Table 'Anhui' 6-max Seat #5 is the button
Seat 4: Burgal15 ($93 in chips)
Seat 5: tvandenbroek ($35.72 in chips)
tvandenbroek: posts small blind $1
Burgal15: posts big blind $3
*** HOLE CARDS ***
tvandenbroek: calls $2
Burgal15: checks
*** FLOP *** [5s Jd 3d]
Burgal15: checks
tvandenbroek: bets $3
Burgal15: calls $3
*** TURN *** [5s Jd 3d] [Qs]
Burgal15: checks
tvandenbroek: checks
*** RIVER *** [5s Jd 3d Qs] [Kh]
Burgal15: checks
tvandenbroek: bets $6
Burgal15: calls $6
*** SHOW DOWN ***
tvandenbroek: shows [7h 6d] (high card King)
Burgal15: shows [9c 3c] (a pair of Threes)
Burgal15 collected $23.52 from pot
*** SUMMARY ***
Total pot $24 | Rake $0.48
Board [5s Jd 3d Qs Kh]
Seat 4: Burgal15 (big blind) showed [9c 3c] and won ($23.52) with a pair of Threes
Seat 5: tvandenbroek (button) (small blind) showed [7h 6d] and lost with high card King


PokerStars Hand #168768863858:  Hold'em Limit ($3/$6 USD) - 2017/04/08 17:47:12 ET
Table 'Anhui' 6-max Seat #4 is the button
Seat 4: Burgal15 ($94.40 in chips)
Seat 5: tvandenbroek ($33.24 in chips)
Burgal15: posts small blind $1
tvandenbroek: posts big blind $3
*** HOLE CARDS ***
Burgal15: raises $3 to $6
tvandenbroek: folds
Uncalled bet ($3) returned to Burgal15
Burgal15 collected $6 from pot
Burgal15: doesn't show hand
*** SUMMARY ***
Total pot $6 | Rake $0
Seat 4: Burgal15 (button) (small blind) collected ($6)
Seat 5: tvandenbroek (big blind) folded before Flop


PokerStars Hand #168768849598:  Hold'em Limit ($3/$6 USD) - 2017/04/08 17:46:53 ET
Table 'Anhui' 6-max Seat #5 is the button
Seat 4: Burgal15 ($91.52 in chips)
Seat 5: tvandenbroek ($36.24 in chips)
tvandenbroek: posts small blind $1
Burgal15: posts big blind $3
*** HOLE CARDS ***
tvandenbroek: calls $2
Burgal15: checks
*** FLOP *** [3s 9d 2h]
Burgal15: checks
tvandenbroek: checks
*** TURN *** [3s 9d 2h] [4s]
Burgal15: bets $6
tvandenbroek: folds
Uncalled bet ($6) returned to Burgal15
Burgal15 collected $5.88 from pot
Burgal15: doesn't show hand
*** SUMMARY ***
Total pot $6 | Rake $0.12
Board [3s 9d 2h 4s]
Seat 4: Burgal15 (big blind) collected ($5.88)
Seat 5: tvandenbroek (button) (small blind) folded on the Turn


PokerStars Hand #168768844392:  Hold'em Limit ($3/$6 USD) - 2017/04/08 17:46:47 ET
Table 'Anhui' 6-max Seat #4 is the button
Seat 4: Burgal15 ($92.52 in chips)
Seat 5: tvandenbroek ($35.24 in chips)
Burgal15: posts small blind $1
tvandenbroek: posts big blind $3
*** HOLE CARDS ***
Burgal15: folds
Uncalled bet ($2) returned to tvandenbroek
tvandenbroek collected $2 from pot
tvandenbroek: doesn't show hand
*** SUMMARY ***
Total pot $2 | Rake $0
Seat 4: Burgal15 (button) (small blind) folded before Flop
Seat 5: tvandenbroek (big blind) collected ($2)


PokerStars Hand #168768824594:  Hold'em Limit ($3/$6 USD) - 2017/04/08 17:46:21 ET
Table 'Anhui' 6-max Seat #5 is the button
Seat 4: Burgal15 ($98.52 in chips)
Seat 5: tvandenbroek ($29.48 in chips)
tvandenbroek: posts small blind $1
Burgal15: posts big blind $3
*** HOLE CARDS ***
tvandenbroek: raises $3 to $6
Burgal15: calls $3
*** FLOP *** [2c 3s Ts]
Burgal15: checks
tvandenbroek: checks
*** TURN *** [2c 3s Ts] [5c]
Burgal15: checks
tvandenbroek: bets $6
Burgal15: folds
Uncalled bet ($6) returned to tvandenbroek
tvandenbroek collected $11.76 from pot
tvandenbroek: doesn't show hand
*** SUMMARY ***
Total pot $12 | Rake $0.24
Board [2c 3s Ts 5c]
Seat 4: Burgal15 (big blind) folded on the Turn
Seat 5: tvandenbroek (button) (small blind) collected ($11.76)


PokerStars Hand #168768902871:  Hold'em Limit ($3/$6 USD) - 2017/04/08 17:48:03 ET
Table 'Anhui' 6-max Seat #5 is the button
Seat 4: Burgal15 ($76.15 in chips)
Seat 5: tvandenbroek ($50.49 in chips)
tvandenbroek: posts small blind $1
Burgal15: posts big blind $3
*** HOLE CARDS ***
tvandenbroek: folds
Uncalled bet ($2) returned to Burgal15
Burgal15 collected $2 from pot
Burgal15: doesn't show hand
*** SUMMARY ***
Total pot $2 | Rake $0
Seat 4: Burgal15 (big blind) collected ($2)
Seat 5: tvandenbroek (button) (small blind) folded before Flop


PokerStars Hand #168768884996:  Hold'em Limit ($3/$6 USD) - 2017/04/08 17:47:39 ET
Table 'Anhui' 6-max Seat #4 is the button
Seat 4: Burgal15 ($76.40 in chips)
Seat 5: tvandenbroek ($50.74 in chips)
Burgal15: posts small blind $1
tvandenbroek: posts big blind $3
*** HOLE CARDS ***
Burgal15: raises $3 to $6
tvandenbroek: calls $3
*** FLOP *** [2s 6h Qh]
tvandenbroek: checks
Burgal15: bets $3
tvandenbroek: calls $3
*** TURN *** [2s 6h Qh] [2c]
tvandenbroek: checks
Burgal15: bets $6
tvandenbroek: calls $6
*** RIVER *** [2s 6h Qh 2c] [Kd]
tvandenbroek: checks
Burgal15: bets $6
tvandenbroek: calls $6
*** SHOW DOWN ***
Burgal15: shows [Th Qc] (two pair, Queens and Deuces)
tvandenbroek: shows [Qd 9h] (two pair, Queens and Deuces)
tvandenbroek collected $20.75 from pot
Burgal15 collected $20.75 from pot
*** SUMMARY ***
Total pot $42 | Rake $0.50
Board [2s 6h Qh 2c Kd]
Seat 4: Burgal15 (button) (small blind) showed [Th Qc] and won ($20.75) with two pair, Queens and Deuces
Seat 5: tvandenbroek (big blind) showed [Qd 9h] and won ($20.75) with two pair, Queens and Deuces


PokerStars Hand #168768869088:  Hold'em Limit ($3/$6 USD) - 2017/04/08 17:47:19 ET
Table 'Anhui' 6-max Seat #5 is the button
Seat 4: Burgal15 ($97.40 in chips)
Seat 5: tvandenbroek ($30.24 in chips)
tvandenbroek: posts small blind $1
Burgal15: posts big blind $3
*** HOLE CARDS ***
tvandenbroek: raises $3 to $6
Burgal15: calls $3
*** FLOP *** [9s 6h 3d]
Burgal15: checks
tvandenbroek: bets $3
Burgal15: calls $3
*** TURN *** [9s 6h 3d] [3s]
Burgal15: checks
tvandenbroek: bets $6
Burgal15: calls $6
*** RIVER *** [9s 6h 3d 3s] [3h]
Burgal15: checks
tvandenbroek: bets $6
Burgal15: calls $6
*** SHOW DOWN ***
tvandenbroek: shows [Ac Qh] (three of a kind, Threes)
Burgal15: mucks hand
tvandenbroek collected $41.50 from pot
*** SUMMARY ***
Total pot $42 | Rake $0.50
Board [9s 6h 3d 3s 3h]
Seat 4: Burgal15 (big blind) mucked
Seat 5: tvandenbroek (button) (small blind) showed [Ac Qh] and won ($41.50) with three of a kind, Threes


