PokerStars Hand #144758086909:  Hold'em Limit ($3/$6 USD) - 2015/12/03 10:34:46 ET
Table 'Ani II' 10-max Seat #5 is the button
Seat 5: simper11 ($120 in chips)
Seat 6: Marco197197 ($89.66 in chips)
simper11: posts small blind $1
Marco197197: posts big blind $3
*** HOLE CARDS ***
simper11: raises $3 to $6
Marco197197: calls $3
*** FLOP *** [6s Ad 9h]
Marco197197: checks
simper11: bets $3
Marco197197: calls $3
*** TURN *** [6s Ad 9h] [7d]
Marco197197: bets $6
simper11: raises $6 to $12
Marco197197: calls $6
*** RIVER *** [6s Ad 9h 7d] [Jd]
Marco197197: bets $6
simper11: calls $6
*** SHOW DOWN ***
Marco197197: shows [9c Jc] (two pair, Jacks and Nines)
simper11: mucks hand
Marco197197 collected $53.50 from pot
*** SUMMARY ***
Total pot $54 | Rake $0.50
Board [6s Ad 9h 7d Jd]
Seat 5: simper11 (button) (small blind) mucked
Seat 6: Marco197197 (big blind) showed [9c Jc] and won ($53.50) with two pair, Jacks and Nines


PokerStars Hand #144758078700:  Hold'em Limit ($3/$6 USD) - 2015/12/03 10:34:35 ET
Table 'Ani II' 10-max Seat #6 is the button
Seat 5: simper11 ($120 in chips)
Seat 6: Marco197197 ($83.90 in chips)
Marco197197: posts small blind $1
simper11: posts big blind $3
*** HOLE CARDS ***
Marco197197: raises $3 to $6
simper11: calls $3
*** FLOP *** [9d 3c Jh]
simper11: checks
Marco197197: bets $3
simper11: folds
Uncalled bet ($3) returned to Marco197197
Marco197197 collected $11.76 from pot
*** SUMMARY ***
Total pot $12 | Rake $0.24
Board [9d 3c Jh]
Seat 5: simper11 (big blind) folded on the Flop
Seat 6: Marco197197 (button) (small blind) collected ($11.76)


PokerStars Hand #144758071593:  Hold'em Limit ($3/$6 USD) - 2015/12/03 10:34:25 ET
Table 'Ani II' 10-max Seat #5 is the button
Seat 5: simper11 ($120 in chips)
Seat 6: Marco197197 ($75.26 in chips)
simper11: posts small blind $1
Marco197197: posts big blind $3
*** HOLE CARDS ***
simper11: raises $3 to $6
Marco197197: raises $3 to $9
simper11: calls $3
*** FLOP *** [4h Ks 9h]
Marco197197: bets $3
simper11: folds
Uncalled bet ($3) returned to Marco197197
Marco197197 collected $17.64 from pot
*** SUMMARY ***
Total pot $18 | Rake $0.36
Board [4h Ks 9h]
Seat 5: simper11 (button) (small blind) folded on the Flop
Seat 6: Marco197197 (big blind) collected ($17.64)


PokerStars Hand #144758060651:  Hold'em Limit ($3/$6 USD) - 2015/12/03 10:34:10 ET
Table 'Ani II' 10-max Seat #6 is the button
Seat 5: simper11 ($120 in chips)
Seat 6: Marco197197 ($72.38 in chips)
Marco197197: posts small blind $1
simper11: posts big blind $3
*** HOLE CARDS ***
Marco197197: calls $2
simper11: checks
*** FLOP *** [Jc 3d 8h]
simper11: checks
Marco197197: checks
*** TURN *** [Jc 3d 8h] [Qc]
simper11: checks
Marco197197: checks
*** RIVER *** [Jc 3d 8h Qc] [2h]
simper11: checks
Marco197197: bets $6
simper11: folds
Uncalled bet ($6) returned to Marco197197
Marco197197 collected $5.88 from pot
*** SUMMARY ***
Total pot $6 | Rake $0.12
Board [Jc 3d 8h Qc 2h]
Seat 5: simper11 (big blind) folded on the River
Seat 6: Marco197197 (button) (small blind) collected ($5.88)


PokerStars Hand #144758112714:  Hold'em Limit ($3/$6 USD) - 2015/12/03 10:35:22 ET
Table 'Ani II' 10-max Seat #5 is the button
Seat 5: simper11 ($140.50 in chips)
Seat 6: Marco197197 ($95.16 in chips)
simper11: posts small blind $1
Marco197197: posts big blind $3
*** HOLE CARDS ***
simper11: raises $3 to $6
Marco197197: calls $3
*** FLOP *** [5h Ac 2h]
Marco197197: bets $3
simper11: raises $3 to $6
Marco197197: calls $3
*** TURN *** [5h Ac 2h] [9d]
Marco197197: checks
simper11: bets $6
Marco197197: calls $6
*** RIVER *** [5h Ac 2h 9d] [5s]
Marco197197: bets $6
simper11: calls $6
*** SHOW DOWN ***
Marco197197: shows [Ad Js] (two pair, Aces and Fives)
simper11: mucks hand
Marco197197 collected $47.50 from pot
*** SUMMARY ***
Total pot $48 | Rake $0.50
Board [5h Ac 2h 9d 5s]
Seat 5: simper11 (button) (small blind) mucked
Seat 6: Marco197197 (big blind) showed [Ad Js] and won ($47.50) with two pair, Aces and Fives


PokerStars Hand #144758098648:  Hold'em Limit ($3/$6 USD) - 2015/12/03 10:35:02 ET
Table 'Ani II' 10-max Seat #6 is the button
Seat 5: simper11 ($120 in chips)
Seat 6: Marco197197 ($116.16 in chips)
Marco197197: posts small blind $1
B_loJkl joins the table at seat #7
simper11: posts big blind $3
*** HOLE CARDS ***
Marco197197: calls $2
simper11: checks
*** FLOP *** [4d Jc 5h]
simper11: checks
Marco197197: checks
*** TURN *** [4d Jc 5h] [6h]
simper11: bets $6
Marco197197: raises $6 to $12
simper11: raises $6 to $18
Marco197197: calls $6
*** RIVER *** [4d Jc 5h 6h] [9d]
simper11: bets $6
Marco197197: folds
Uncalled bet ($6) returned to simper11
simper11 collected $41.50 from pot
simper11: doesn't show hand
*** SUMMARY ***
Total pot $42 | Rake $0.50
Board [4d Jc 5h 6h 9d]
Seat 5: simper11 (big blind) collected ($41.50)
Seat 6: Marco197197 (button) (small blind) folded on the River


PokerStars Hand #144758726216:  Hold'em Limit ($3/$6 USD) - 2015/12/03 10:49:24 ET
Table 'Ani II' 10-max Seat #5 is the button
Seat 5: simper11 ($226.50 in chips)
Seat 8: Airbag999 ($110.19 in chips)
simper11: posts small blind $1
B_loJkl: is sitting out
Airbag999: posts big blind $3
*** HOLE CARDS ***
simper11: folds
Uncalled bet ($2) returned to Airbag999
Airbag999 collected $2 from pot
Airbag999: doesn't show hand
*** SUMMARY ***
Total pot $2 | Rake $0
Seat 5: simper11 (button) (small blind) folded before Flop
Seat 8: Airbag999 (big blind) collected ($2)


PokerStars Hand #144758730213:  Hold'em Limit ($3/$6 USD) - 2015/12/03 10:49:30 ET
Table 'Ani II' 10-max Seat #8 is the button
Seat 5: simper11 ($225.50 in chips)
Seat 8: Airbag999 ($111.19 in chips)
Airbag999: posts small blind $1
simper11: posts big blind $3
*** HOLE CARDS ***
Airbag999: folds
Uncalled bet ($2) returned to simper11
simper11 collected $2 from pot
simper11: doesn't show hand
*** SUMMARY ***
Total pot $2 | Rake $0
Seat 5: simper11 (big blind) collected ($2)
Seat 8: Airbag999 (button) (small blind) folded before Flop


PokerStars Hand #144758735138:  Hold'em Limit ($3/$6 USD) - 2015/12/03 10:49:37 ET
Table 'Ani II' 10-max Seat #5 is the button
Seat 5: simper11 ($226.50 in chips)
Seat 8: Airbag999 ($110.19 in chips)
simper11: posts small blind $1
Airbag999: posts big blind $3
*** HOLE CARDS ***
simper11: raises $3 to $6
Airbag999: folds
Uncalled bet ($3) returned to simper11
simper11 collected $6 from pot
simper11: doesn't show hand
*** SUMMARY ***
Total pot $6 | Rake $0
Seat 5: simper11 (button) (small blind) collected ($6)
Seat 8: Airbag999 (big blind) folded before Flop


