PokerStars Hand #168039753570:  Hold'em Limit ($3/$6 USD) - 2017/03/24 10:54:44 ET
Table 'Ani' 6-max Seat #3 is the button
Seat 3: ARARAT ANAPA ($50.92 in chips)
Seat 4: VolkovDmitri ($120 in chips)
ARARAT ANAPA: posts small blind $1
VolkovDmitri: posts big blind $3
*** HOLE CARDS ***
ARARAT ANAPA: raises $3 to $6
VolkovDmitri: calls $3
*** FLOP *** [7d 9s Ad]
VolkovDmitri: checks
ARARAT ANAPA: checks
*** TURN *** [7d 9s Ad] [8h]
Ale4o joins the table at seat #5
VolkovDmitri: bets $6
ARARAT ANAPA: raises $6 to $12
VolkovDmitri: calls $6
*** RIVER *** [7d 9s Ad 8h] [Kd]
VolkovDmitri: checks
ARARAT ANAPA: bets $6
VolkovDmitri: folds
Uncalled bet ($6) returned to ARARAT ANAPA
ARARAT ANAPA collected $35.50 from pot
ARARAT ANAPA: doesn't show hand
*** SUMMARY ***
Total pot $36 | Rake $0.50
Board [7d 9s Ad 8h Kd]
Seat 3: ARARAT ANAPA (button) (small blind) collected ($35.50)
Seat 4: VolkovDmitri (big blind) folded on the River


PokerStars Hand #168041476107:  Hold'em Limit ($3/$6 USD) - 2017/03/24 11:40:49 ET
Table 'Ani' 6-max Seat #1 is the button
Seat 1: huracan mdp ($258.53 in chips)
Seat 2: Psynto ($132.33 in chips)
huracan mdp: posts small blind $1
Psynto: posts big blind $3
*** HOLE CARDS ***
huracan mdp: raises $3 to $6
Psynto: calls $3
*** FLOP *** [3d 4d 3c]
Psynto: checks
huracan mdp: checks
*** TURN *** [3d 4d 3c] [2c]
kirste78 joins the table at seat #5
Psynto: checks
huracan mdp: bets $6
Psynto: folds
Uncalled bet ($6) returned to huracan mdp
huracan mdp collected $11.76 from pot
*** SUMMARY ***
Total pot $12 | Rake $0.24
Board [3d 4d 3c 2c]
Seat 1: huracan mdp (button) (small blind) collected ($11.76)
Seat 2: Psynto (big blind) folded on the Turn


PokerStars Hand #168041457816:  Hold'em Limit ($3/$6 USD) - 2017/03/24 11:40:20 ET
Table 'Ani' 6-max Seat #2 is the button
Seat 1: huracan mdp ($279.53 in chips)
Seat 2: Psynto ($111.83 in chips)
Psynto: posts small blind $1
VolkovDmitri: is sitting out
huracan mdp: posts big blind $3
*** HOLE CARDS ***
Psynto: raises $3 to $6
huracan mdp: calls $3
*** FLOP *** [Qh 2h 6d]
huracan mdp: bets $3
Psynto: calls $3
*** TURN *** [Qh 2h 6d] [3h]
huracan mdp: bets $6
Psynto: calls $6
*** RIVER *** [Qh 2h 6d 3h] [Qc]
huracan mdp: bets $6
Psynto: calls $6
*** SHOW DOWN ***
huracan mdp: shows [7d 5h] (a pair of Queens)
Psynto: shows [7c Ac] (a pair of Queens - Ace kicker)
Psynto collected $41.50 from pot
*** SUMMARY ***
Total pot $42 | Rake $0.50
Board [Qh 2h 6d 3h Qc]
Seat 1: huracan mdp (big blind) showed [7d 5h] and lost with a pair of Queens
Seat 2: Psynto (button) (small blind) showed [7c Ac] and won ($41.50) with a pair of Queens


PokerStars Hand #168041987757:  Hold'em Limit ($3/$6 USD) - 2017/03/24 11:54:01 ET
Table 'Ani' 6-max Seat #5 is the button
Seat 2: Psynto ($230.78 in chips)
Seat 5: kirste78 ($70.90 in chips)
kirste78: posts small blind $1
aade1ante: is sitting out
Psynto: posts big blind $3
*** HOLE CARDS ***
kirste78: calls $2
RockKillerTY leaves the table
Psynto: checks
*** FLOP *** [Qs As Js]
Psynto: checks
kirste78: bets $3
Psynto: calls $3
*** TURN *** [Qs As Js] [4c]
Psynto: checks
kirste78: bets $6
Psynto: calls $6
*** RIVER *** [Qs As Js 4c] [Ks]
Psynto: checks
kirste78: bets $6
Psynto: calls $6
*** SHOW DOWN ***
kirste78: shows [7s 4s] (a flush, Ace high)
Psynto: mucks hand
kirste78 collected $35.50 from pot
*** SUMMARY ***
Total pot $36 | Rake $0.50
Board [Qs As Js 4c Ks]
Seat 2: Psynto (big blind) mucked
Seat 5: kirste78 (button) (small blind) showed [7s 4s] and won ($35.50) with a flush, Ace high


PokerStars Hand #168042028786:  Hold'em Limit ($3/$6 USD) - 2017/03/24 11:55:05 ET
Table 'Ani' 6-max Seat #5 is the button
Seat 2: Psynto ($257.92 in chips)
Seat 5: kirste78 ($42.40 in chips)
kirste78: posts small blind $1
Psynto: posts big blind $3
*** HOLE CARDS ***
kirste78: calls $2
Psynto: checks
*** FLOP *** [8h 6d Js]
Psynto: checks
kirste78: checks
*** TURN *** [8h 6d Js] [2d]
Psynto: checks
kirste78: bets $6
Psynto: folds
Uncalled bet ($6) returned to kirste78
kirste78 collected $5.88 from pot
kirste78: doesn't show hand
*** SUMMARY ***
Total pot $6 | Rake $0.12
Board [8h 6d Js 2d]
Seat 2: Psynto (big blind) folded on the Turn
Seat 5: kirste78 (button) (small blind) collected ($5.88)


PokerStars Hand #168042000119:  Hold'em Limit ($3/$6 USD) - 2017/03/24 11:54:20 ET
Table 'Ani' 6-max Seat #2 is the button
Seat 2: Psynto ($212.78 in chips)
Seat 5: kirste78 ($88.40 in chips)
Psynto: posts small blind $1
kirste78: posts big blind $3
*** HOLE CARDS ***
Psynto: raises $3 to $6
kirste78: calls $3
*** FLOP *** [8d 5d Tc]
kirste78: checks
Psynto: bets $3
kirste78: calls $3
*** TURN *** [8d 5d Tc] [5s]
kirste78: checks
Psynto: bets $6
kirste78: folds
Uncalled bet ($6) returned to Psynto
Psynto collected $17.64 from pot
Psynto: doesn't show hand
*** SUMMARY ***
Total pot $18 | Rake $0.36
Board [8d 5d Tc 5s]
Seat 2: Psynto (button) (small blind) collected ($17.64)
Seat 5: kirste78 (big blind) folded on the Turn


PokerStars Hand #168042010384:  Hold'em Limit ($3/$6 USD) - 2017/03/24 11:54:36 ET
Table 'Ani' 6-max Seat #5 is the button
Seat 2: Psynto ($221.42 in chips)
Seat 5: kirste78 ($79.40 in chips)
kirste78: posts small blind $1
Psynto: posts big blind $3
*** HOLE CARDS ***
kirste78: folds
Uncalled bet ($2) returned to Psynto
Psynto collected $2 from pot
Psynto: doesn't show hand
*** SUMMARY ***
Total pot $2 | Rake $0
Seat 2: Psynto (big blind) collected ($2)
Seat 5: kirste78 (button) (small blind) folded before Flop


PokerStars Hand #168042013597:  Hold'em Limit ($3/$6 USD) - 2017/03/24 11:54:41 ET
Table 'Ani' 6-max Seat #2 is the button
Seat 2: Psynto ($222.42 in chips)
Seat 5: kirste78 ($78.40 in chips)
Psynto: posts small blind $1
kirste78: posts big blind $3
*** HOLE CARDS ***
Psynto: raises $3 to $6
kirste78: raises $3 to $9
Psynto: calls $3
*** FLOP *** [8c 3d Td]
kirste78: bets $3
Psynto: calls $3
*** TURN *** [8c 3d Td] [6d]
kirste78: bets $6
Psynto: raises $6 to $12
kirste78: calls $6
*** RIVER *** [8c 3d Td 6d] [4c]
kirste78: bets $6
Psynto: raises $6 to $12
kirste78: calls $6
*** SHOW DOWN ***
Psynto: shows [Tc Ts] (three of a kind, Tens)
kaart1 joins the table at seat #3
kirste78: mucks hand
Psynto collected $71.50 from pot
*** SUMMARY ***
Total pot $72 | Rake $0.50
Board [8c 3d Td 6d 4c]
Seat 2: Psynto (button) (small blind) showed [Tc Ts] and won ($71.50) with three of a kind, Tens
Seat 5: kirste78 (big blind) mucked


PokerStars Hand #168042752469:  Hold'em Limit ($3/$6 USD) - 2017/03/24 12:14:11 ET
Table 'Ani' 6-max Seat #2 is the button
Seat 1: Mr10P ($53.13 in chips)
Seat 2: Psynto ($254.93 in chips)
Psynto: posts small blind $1
Mr10P: posts big blind $3
*** HOLE CARDS ***
Psynto: raises $3 to $6
Mr10P: raises $3 to $9
Psynto: calls $3
*** FLOP *** [Jc 4d 2s]
Mr10P: bets $3
Psynto: calls $3
*** TURN *** [Jc 4d 2s] [Qc]
Mr10P: bets $6
Psynto: folds
Uncalled bet ($6) returned to Mr10P
Mr10P collected $23.52 from pot
*** SUMMARY ***
Total pot $24 | Rake $0.48
Board [Jc 4d 2s Qc]
Seat 1: Mr10P (big blind) collected ($23.52)
Seat 2: Psynto (button) (small blind) folded on the Turn


PokerStars Hand #168042749568:  Hold'em Limit ($3/$6 USD) - 2017/03/24 12:14:06 ET
Table 'Ani' 6-max Seat #1 is the button
Seat 1: Mr10P ($54.13 in chips)
Seat 2: Psynto ($253.93 in chips)
Mr10P: posts small blind $1
Psynto: posts big blind $3
*** HOLE CARDS ***
Mr10P: folds
Uncalled bet ($2) returned to Psynto
Psynto collected $2 from pot
Psynto: doesn't show hand
*** SUMMARY ***
Total pot $2 | Rake $0
Seat 1: Mr10P (button) (small blind) folded before Flop
Seat 2: Psynto (big blind) collected ($2)


PokerStars Hand #168042739371:  Hold'em Limit ($3/$6 USD) - 2017/03/24 12:13:51 ET
Table 'Ani' 6-max Seat #2 is the button
Seat 1: Mr10P ($78.13 in chips)
Seat 2: Psynto ($230.43 in chips)
Psynto: posts small blind $1
Mr10P: posts big blind $3
*** HOLE CARDS ***
Psynto: raises $3 to $6
Mr10P: raises $3 to $9
Jigorek1989 leaves the table
Psynto: calls $3
*** FLOP *** [7c 3s Kc]
Mr10P: bets $3
Psynto: calls $3
*** TURN *** [7c 3s Kc] [8s]
Mr10P: bets $6
Psynto: calls $6
*** RIVER *** [7c 3s Kc 8s] [3c]
Mr10P: bets $6
Psynto: calls $6
*** SHOW DOWN ***
Mr10P: shows [As 2c] (a pair of Threes)
Psynto: shows [4s 4d] (two pair, Fours and Threes)
Psynto collected $47.50 from pot
*** SUMMARY ***
Total pot $48 | Rake $0.50
Board [7c 3s Kc 8s 3c]
Seat 1: Mr10P (big blind) showed [As 2c] and lost with a pair of Threes
Seat 2: Psynto (button) (small blind) showed [4s 4d] and won ($47.50) with two pair, Fours and Threes


PokerStars Hand #168042759518:  Hold'em Limit ($3/$6 USD) - 2017/03/24 12:14:21 ET
Table 'Ani' 6-max Seat #1 is the button
Seat 1: Mr10P ($64.65 in chips)
Seat 2: Psynto ($242.93 in chips)
Mr10P: posts small blind $1
Psynto: posts big blind $3
*** HOLE CARDS ***
Mr10P: raises $3 to $6
Psynto: calls $3
*** FLOP *** [3c 8d 8h]
Psynto: checks
Mr10P: bets $3
Psynto: calls $3
*** TURN *** [3c 8d 8h] [Ac]
Psynto: checks
Mr10P: bets $6
Psynto: calls $6
*** RIVER *** [3c 8d 8h Ac] [8s]
Psynto: checks
Mr10P: bets $6
Psynto: calls $6
*** SHOW DOWN ***
Mr10P: shows [6d 8c] (four of a kind, Eights)
Psynto: mucks hand
Mr10P collected $41.50 from pot
*** SUMMARY ***
Total pot $42 | Rake $0.50
Board [3c 8d 8h Ac 8s]
Seat 1: Mr10P (button) (small blind) showed [6d 8c] and won ($41.50) with four of a kind, Eights
Seat 2: Psynto (big blind) mucked


PokerStars Hand #168042768723:  Hold'em Limit ($3/$6 USD) - 2017/03/24 12:14:35 ET
Table 'Ani' 6-max Seat #2 is the button
Seat 1: Mr10P ($85.15 in chips)
Seat 2: Psynto ($221.93 in chips)
Psynto: posts small blind $1
Mr10P: posts big blind $3
*** HOLE CARDS ***
Psynto: folds
Uncalled bet ($2) returned to Mr10P
Mr10P collected $2 from pot
*** SUMMARY ***
Total pot $2 | Rake $0
Seat 1: Mr10P (big blind) collected ($2)
Seat 2: Psynto (button) (small blind) folded before Flop


PokerStars Hand #168042798316:  Hold'em Limit ($3/$6 USD) - 2017/03/24 12:15:19 ET
Table 'Ani' 6-max Seat #2 is the button
Seat 1: Mr10P ($22.91 in chips)
Seat 2: Psynto ($282.93 in chips)
Psynto: posts small blind $1
Mr10P: posts big blind $3
*** HOLE CARDS ***
Psynto: raises $3 to $6
Mr10P: raises $3 to $9
Psynto: calls $3
*** FLOP *** [Td Js 4c]
Mr10P: bets $3
Psynto: calls $3
*** TURN *** [Td Js 4c] [6h]
Mr10P: bets $6
Psynto: calls $6
*** RIVER *** [Td Js 4c 6h] [5h]
Mr10P: bets $4.91 and is all-in
Psynto: calls $4.91
*** SHOW DOWN ***
Mr10P: shows [Ah Qh] (high card Ace)
Psynto: shows [Kd 8c] (high card King)
Mr10P collected $45.32 from pot
*** SUMMARY ***
Total pot $45.82 | Rake $0.50
Board [Td Js 4c 6h 5h]
Seat 1: Mr10P (big blind) showed [Ah Qh] and won ($45.32) with high card Ace
Seat 2: Psynto (button) (small blind) showed [Kd 8c] and lost with high card King


PokerStars Hand #168042781688:  Hold'em Limit ($3/$6 USD) - 2017/03/24 12:14:54 ET
Table 'Ani' 6-max Seat #2 is the button
Seat 1: Mr10P ($41.15 in chips)
Seat 2: Psynto ($265.43 in chips)
Psynto: posts small blind $1
Mr10P: posts big blind $3
*** HOLE CARDS ***
Psynto: raises $3 to $6
Mr10P: raises $3 to $9
Psynto: calls $3
*** FLOP *** [Kd 3h 8s]
Mr10P: bets $3
Psynto: calls $3
*** TURN *** [Kd 3h 8s] [7c]
Mr10P: bets $6
Psynto: calls $6
*** RIVER *** [Kd 3h 8s 7c] [6d]
Mr10P: bets $6
Psynto: calls $6
*** SHOW DOWN ***
Mr10P: shows [6s Ts] (a pair of Sixes)
Psynto: shows [7s 4s] (a pair of Sevens)
Psynto collected $47.50 from pot
*** SUMMARY ***
Total pot $48 | Rake $0.50
Board [Kd 3h 8s 7c 6d]
Seat 1: Mr10P (big blind) showed [6s Ts] and lost with a pair of Sixes
Seat 2: Psynto (button) (small blind) showed [7s 4s] and won ($47.50) with a pair of Sevens


PokerStars Hand #168042771292:  Hold'em Limit ($3/$6 USD) - 2017/03/24 12:14:39 ET
Table 'Ani' 6-max Seat #1 is the button
Seat 1: Mr10P ($86.15 in chips)
Seat 2: Psynto ($220.93 in chips)
Mr10P: posts small blind $1
Psynto: posts big blind $3
*** HOLE CARDS ***
Mr10P: raises $3 to $6
Psynto: calls $3
*** FLOP *** [5s Kd 4s]
Psynto: checks
Mr10P: bets $3
Psynto: calls $3
*** TURN *** [5s Kd 4s] [7h]
Psynto: checks
Mr10P: bets $6
Psynto: raises $6 to $12
Mr10P: raises $6 to $18
Psynto: raises $6 to $24
Betting is capped
Mr10P: calls $6
*** RIVER *** [5s Kd 4s 7h] [8d]
Psynto: bets $6
Mr10P: raises $6 to $12
Psynto: calls $6
*** SHOW DOWN ***
Mr10P: shows [7d Ks] (two pair, Kings and Sevens)
Psynto: shows [8s Kc] (two pair, Kings and Eights)
Psynto collected $89.50 from pot
*** SUMMARY ***
Total pot $90 | Rake $0.50
Board [5s Kd 4s 7h 8d]
Seat 1: Mr10P (button) (small blind) showed [7d Ks] and lost with two pair, Kings and Sevens
Seat 2: Psynto (big blind) showed [8s Kc] and won ($89.50) with two pair, Kings and Eights


PokerStars Hand #168042792130:  Hold'em Limit ($3/$6 USD) - 2017/03/24 12:15:10 ET
Table 'Ani' 6-max Seat #1 is the button
Seat 1: Mr10P ($17.15 in chips)
Seat 2: Psynto ($288.93 in chips)
Mr10P: posts small blind $1
Psynto: posts big blind $3
*** HOLE CARDS ***
Mr10P: raises $3 to $6
Psynto: calls $3
*** FLOP *** [6h 5s Qd]
Psynto: checks
Mr10P: bets $3
Psynto: folds
Uncalled bet ($3) returned to Mr10P
Mr10P collected $11.76 from pot
*** SUMMARY ***
Total pot $12 | Rake $0.24
Board [6h 5s Qd]
Seat 1: Mr10P (button) (small blind) collected ($11.76)
Seat 2: Psynto (big blind) folded on the Flop


PokerStars Hand #168042809425:  Hold'em Limit ($3/$6 USD) - 2017/03/24 12:15:36 ET
Table 'Ani' 6-max Seat #1 is the button
Seat 1: Mr10P ($45.32 in chips)
Seat 2: Psynto ($260.02 in chips)
Mr10P: posts small blind $1
Psynto: posts big blind $3
*** HOLE CARDS ***
Mr10P: raises $3 to $6
Psynto: calls $3
*** FLOP *** [Jd Ad 6c]
Psynto: checks
Mr10P: checks
*** TURN *** [Jd Ad 6c] [Qh]
Psynto: checks
Mr10P: checks
*** RIVER *** [Jd Ad 6c Qh] [5h]
Psynto: bets $6
Mr10P: calls $6
*** SHOW DOWN ***
Psynto: shows [Qs 6h] (two pair, Queens and Sixes)
Mr10P: mucks hand
Psynto collected $23.52 from pot
*** SUMMARY ***
Total pot $24 | Rake $0.48
Board [Jd Ad 6c Qh 5h]
Seat 1: Mr10P (button) (small blind) mucked
Seat 2: Psynto (big blind) showed [Qs 6h] and won ($23.52) with two pair, Queens and Sixes


PokerStars Hand #168042820853:  Hold'em Limit ($3/$6 USD) - 2017/03/24 12:15:53 ET
Table 'Ani' 6-max Seat #2 is the button
Seat 1: Mr10P ($33.32 in chips)
Seat 2: Psynto ($271.54 in chips)
Psynto: posts small blind $1
Mr10P: posts big blind $3
*** HOLE CARDS ***
Psynto: raises $3 to $6
Mr10P: calls $3
*** FLOP *** [9s Qc 8h]
Mr10P: checks
Psynto: bets $3
Mr10P: calls $3
*** TURN *** [9s Qc 8h] [Qh]
Mr10P: checks
Psynto: checks
*** RIVER *** [9s Qc 8h Qh] [3d]
Mr10P: bets $6
Psynto: calls $6
*** SHOW DOWN ***
Mr10P: shows [2c 8c] (two pair, Queens and Eights)
Psynto: mucks hand
Mr10P collected $29.50 from pot
*** SUMMARY ***
Total pot $30 | Rake $0.50
Board [9s Qc 8h Qh 3d]
Seat 1: Mr10P (big blind) showed [2c 8c] and won ($29.50) with two pair, Queens and Eights
Seat 2: Psynto (button) (small blind) mucked


PokerStars Hand #168042829404:  Hold'em Limit ($3/$6 USD) - 2017/03/24 12:16:05 ET
Table 'Ani' 6-max Seat #1 is the button
Seat 1: Mr10P ($47.82 in chips)
Seat 2: Psynto ($256.54 in chips)
Mr10P: posts small blind $1
Psynto: posts big blind $3
*** HOLE CARDS ***
Mr10P: raises $3 to $6
Psynto: folds
Uncalled bet ($3) returned to Mr10P
Mr10P collected $6 from pot
*** SUMMARY ***
Total pot $6 | Rake $0
Seat 1: Mr10P (button) (small blind) collected ($6)
Seat 2: Psynto (big blind) folded before Flop


PokerStars Hand #168042832523:  Hold'em Limit ($3/$6 USD) - 2017/03/24 12:16:10 ET
Table 'Ani' 6-max Seat #2 is the button
Seat 1: Mr10P ($50.82 in chips)
Seat 2: Psynto ($253.54 in chips)
Psynto: posts small blind $1
Mr10P: posts big blind $3
*** HOLE CARDS ***
Psynto: raises $3 to $6
Mr10P: calls $3
*** FLOP *** [Ts Kh 8d]
Mr10P: checks
Psynto: bets $3
Mr10P: calls $3
*** TURN *** [Ts Kh 8d] [9h]
Mr10P: checks
Psynto: bets $6
Mr10P: calls $6
*** RIVER *** [Ts Kh 8d 9h] [4c]
Mr10P: checks
Psynto: bets $6
Mr10P: calls $6
*** SHOW DOWN ***
Psynto: shows [Kc Ad] (a pair of Kings)
Mr10P: mucks hand
Psynto collected $41.50 from pot
*** SUMMARY ***
Total pot $42 | Rake $0.50
Board [Ts Kh 8d 9h 4c]
Seat 1: Mr10P (big blind) mucked
Seat 2: Psynto (button) (small blind) showed [Kc Ad] and won ($41.50) with a pair of Kings


PokerStars Hand #168042843304:  Hold'em Limit ($3/$6 USD) - 2017/03/24 12:16:26 ET
Table 'Ani' 6-max Seat #1 is the button
Seat 1: Mr10P ($29.82 in chips)
Seat 2: Psynto ($274.04 in chips)
Mr10P: posts small blind $1
Psynto: posts big blind $3
*** HOLE CARDS ***
Mr10P: raises $3 to $6
Psynto: calls $3
*** FLOP *** [4c Jc Qc]
Psynto: checks
Mr10P: bets $3
Psynto: calls $3
*** TURN *** [4c Jc Qc] [2h]
Psynto: checks
Mr10P: checks
*** RIVER *** [4c Jc Qc 2h] [3c]
Psynto: checks
Mr10P: checks
*** SHOW DOWN ***
Psynto: shows [Ks Th] (high card King)
Mr10P: shows [6h Jd] (a pair of Jacks)
Mr10P collected $17.64 from pot
*** SUMMARY ***
Total pot $18 | Rake $0.36
Board [4c Jc Qc 2h 3c]
Seat 1: Mr10P (button) (small blind) showed [6h Jd] and won ($17.64) with a pair of Jacks
Seat 2: Psynto (big blind) showed [Ks Th] and lost with high card King


PokerStars Hand #168042863201:  Hold'em Limit ($3/$6 USD) - 2017/03/24 12:16:56 ET
Table 'Ani' 6-max Seat #1 is the button
Seat 1: Mr10P ($20.46 in chips)
Seat 2: Psynto ($282.54 in chips)
Mr10P: posts small blind $1
Psynto: posts big blind $3
*** HOLE CARDS ***
Mr10P: raises $3 to $6
Psynto: calls $3
*** FLOP *** [Js 9d Kd]
Psynto: checks
Mr10P: bets $3
Psynto: folds
Uncalled bet ($3) returned to Mr10P
Mr10P collected $11.76 from pot
*** SUMMARY ***
Total pot $12 | Rake $0.24
Board [Js 9d Kd]
Seat 1: Mr10P (button) (small blind) collected ($11.76)
Seat 2: Psynto (big blind) folded on the Flop


PokerStars Hand #168042853509:  Hold'em Limit ($3/$6 USD) - 2017/03/24 12:16:41 ET
Table 'Ani' 6-max Seat #2 is the button
Seat 1: Mr10P ($38.46 in chips)
Seat 2: Psynto ($265.04 in chips)
Psynto: posts small blind $1
Mr10P: posts big blind $3
*** HOLE CARDS ***
Psynto: raises $3 to $6
Mr10P: raises $3 to $9
Psynto: calls $3
*** FLOP *** [Qd 5c 2h]
Mr10P: bets $3
Psynto: calls $3
*** TURN *** [Qd 5c 2h] [8c]
Mr10P: bets $6
Psynto: raises $6 to $12
Mr10P: folds
Uncalled bet ($6) returned to Psynto
Psynto collected $35.50 from pot
Psynto: doesn't show hand
*** SUMMARY ***
Total pot $36 | Rake $0.50
Board [Qd 5c 2h 8c]
Seat 1: Mr10P (big blind) folded on the Turn
Seat 2: Psynto (button) (small blind) collected ($35.50)


PokerStars Hand #168042868655:  Hold'em Limit ($3/$6 USD) - 2017/03/24 12:17:04 ET
Table 'Ani' 6-max Seat #2 is the button
Seat 1: Mr10P ($26.22 in chips)
Seat 2: Psynto ($276.54 in chips)
Psynto: posts small blind $1
Mr10P: posts big blind $3
*** HOLE CARDS ***
Psynto: raises $3 to $6
Mr10P: calls $3
*** FLOP *** [3d Th 4c]
Mr10P: checks
Psynto: bets $3
Mr10P: calls $3
*** TURN *** [3d Th 4c] [Ac]
Mr10P: checks
Psynto: checks
*** RIVER *** [3d Th 4c Ac] [Ts]
Mr10P: checks
Psynto: checks
*** SHOW DOWN ***
Mr10P: shows [Qh 6h] (a pair of Tens)
Psynto: mucks hand
Mr10P collected $17.64 from pot
*** SUMMARY ***
Total pot $18 | Rake $0.36
Board [3d Th 4c Ac Ts]
Seat 1: Mr10P (big blind) showed [Qh 6h] and won ($17.64) with a pair of Tens
Seat 2: Psynto (button) (small blind) mucked


