PokerStars Hand #150601378906:  Hold'em Limit ($3/$6 USD) - 2016/03/19 13:57:56 ET
Table 'Ani' 6-max Seat #4 is the button
Seat 3: 5PRUT5 ($34 in chips)
Seat 4: MTails ($121 in chips)
MTails: posts small blind $1
5PRUT5: posts big blind $3
*** HOLE CARDS ***
MTails: raises $3 to $6
5PRUT5: raises $3 to $9
MTails: calls $3
*** FLOP *** [7c 5s Kc]
5PRUT5 is connected
5PRUT5: bets $3
MTails: calls $3
*** TURN *** [7c 5s Kc] [8s]
5PRUT5: bets $6
MTails: folds
Uncalled bet ($6) returned to 5PRUT5
5PRUT5 collected $23.52 from pot
5PRUT5: doesn't show hand
*** SUMMARY ***
Total pot $24 | Rake $0.48
Board [7c 5s Kc 8s]
Seat 3: 5PRUT5 (big blind) collected ($23.52)
Seat 4: MTails (button) (small blind) folded on the Turn


PokerStars Hand #150601420135:  Hold'em Limit ($3/$6 USD) - 2016/03/19 13:58:50 ET
Table 'Ani' 6-max Seat #3 is the button
Seat 3: 5PRUT5 ($45.52 in chips)
Seat 4: MTails ($109 in chips)
5PRUT5: posts small blind $1
MTails: posts big blind $3
*** HOLE CARDS ***
5PRUT5: folds
Uncalled bet ($2) returned to MTails
MTails collected $2 from pot
MTails: doesn't show hand
*** SUMMARY ***
Total pot $2 | Rake $0
Seat 3: 5PRUT5 (button) (small blind) folded before Flop
Seat 4: MTails (big blind) collected ($2)


PokerStars Hand #150601424384:  Hold'em Limit ($3/$6 USD) - 2016/03/19 13:58:55 ET
Table 'Ani' 6-max Seat #4 is the button
Seat 3: 5PRUT5 ($44.52 in chips)
Seat 4: MTails ($110 in chips)
MTails: posts small blind $1
5PRUT5: posts big blind $3
*** HOLE CARDS ***
MTails: raises $3 to $6
5PRUT5: calls $3
*** FLOP *** [9d 3s 5d]
5PRUT5: checks
MTails: bets $3
5PRUT5: calls $3
*** TURN *** [9d 3s 5d] [7d]
5PRUT5: checks
MTails: bets $6
5PRUT5: calls $6
*** RIVER *** [9d 3s 5d 7d] [Qs]
5PRUT5: checks
MTails: bets $6
5PRUT5: folds
Uncalled bet ($6) returned to MTails
MTails collected $29.50 from pot
*** SUMMARY ***
Total pot $30 | Rake $0.50
Board [9d 3s 5d 7d Qs]
Seat 3: 5PRUT5 (big blind) folded on the River
Seat 4: MTails (button) (small blind) collected ($29.50)


PokerStars Hand #150601464360:  Hold'em Limit ($3/$6 USD) - 2016/03/19 13:59:46 ET
Table 'Ani' 6-max Seat #4 is the button
Seat 3: 5PRUT5 ($53.02 in chips)
Seat 4: MTails ($100.50 in chips)
MTails: posts small blind $1
5PRUT5: posts big blind $3
*** HOLE CARDS ***
MTails: raises $3 to $6
5PRUT5: folds
Uncalled bet ($3) returned to MTails
MTails collected $6 from pot
Chessnok joins the table at seat #5
*** SUMMARY ***
Total pot $6 | Rake $0
Seat 3: 5PRUT5 (big blind) folded before Flop
Seat 4: MTails (button) (small blind) collected ($6)


PokerStars Hand #150601446501:  Hold'em Limit ($3/$6 USD) - 2016/03/19 13:59:23 ET
Table 'Ani' 6-max Seat #3 is the button
Seat 3: 5PRUT5 ($29.52 in chips)
Seat 4: MTails ($124.50 in chips)
5PRUT5: posts small blind $1
MTails: posts big blind $3
*** HOLE CARDS ***
5PRUT5: calls $2
MTails: raises $3 to $6
5PRUT5: raises $3 to $9
MTails: calls $3
*** FLOP *** [6s 9s Jc]
MTails: checks
5PRUT5: bets $3
MTails: raises $3 to $6
5PRUT5: raises $3 to $9
MTails: calls $3
*** TURN *** [6s 9s Jc] [Kh]
MTails: checks
5PRUT5: bets $6
MTails: calls $6
*** RIVER *** [6s 9s Jc Kh] [Tc]
MTails: checks
5PRUT5: bets $5.52 and is all-in
MTails: folds
Uncalled bet ($5.52) returned to 5PRUT5
5PRUT5 collected $47.50 from pot
5PRUT5: doesn't show hand
*** SUMMARY ***
Total pot $48 | Rake $0.50
Board [6s 9s Jc Kh Tc]
Seat 3: 5PRUT5 (button) (small blind) collected ($47.50)
Seat 4: MTails (big blind) folded on the River


PokerStars Hand #150601468557:  Hold'em Limit ($3/$6 USD) - 2016/03/19 13:59:51 ET
Table 'Ani' 6-max Seat #3 is the button
Seat 3: 5PRUT5 ($50.02 in chips)
Seat 4: MTails ($103.50 in chips)
5PRUT5: posts small blind $1
MTails: posts big blind $3
*** HOLE CARDS ***
5PRUT5: raises $3 to $6
MTails: calls $3
*** FLOP *** [As Th Tc]
MTails: checks
5PRUT5: bets $3
MTails: folds
Uncalled bet ($3) returned to 5PRUT5
5PRUT5 collected $11.76 from pot
5PRUT5: doesn't show hand
*** SUMMARY ***
Total pot $12 | Rake $0.24
Board [As Th Tc]
Seat 3: 5PRUT5 (button) (small blind) collected ($11.76)
Seat 4: MTails (big blind) folded on the Flop


PokerStars Hand #150602000683:  Hold'em Limit ($3/$6 USD) - 2016/03/19 14:08:44 ET
Table 'Ani' 6-max Seat #5 is the button
Seat 3: Agniosius ($172.88 in chips)
Seat 5: Chessnok ($76.43 in chips)
Chessnok: posts small blind $1
Ale4o: is sitting out
Agniosius: posts big blind $3
*** HOLE CARDS ***
Ale4o leaves the table
Chessnok: raises $3 to $6
Agniosius: folds
Uncalled bet ($3) returned to Chessnok
Chessnok collected $6 from pot
Chessnok: doesn't show hand
*** SUMMARY ***
Total pot $6 | Rake $0
Seat 3: Agniosius (big blind) folded before Flop
Seat 5: Chessnok (button) (small blind) collected ($6)


PokerStars Hand #150602048295:  Hold'em Limit ($3/$6 USD) - 2016/03/19 14:09:30 ET
Table 'Ani' 6-max Seat #5 is the button
Seat 3: Agniosius ($129.88 in chips)
Seat 5: Chessnok ($118.93 in chips)
Chessnok: posts small blind $1
Agniosius: posts big blind $3
*** HOLE CARDS ***
MARIBORO8 joins the table at seat #2
Chessnok: folds
Uncalled bet ($2) returned to Agniosius
Agniosius collected $2 from pot
Ale4o joins the table at seat #4
Agniosius: doesn't show hand
*** SUMMARY ***
Total pot $2 | Rake $0
Seat 3: Agniosius (big blind) collected ($2)
Seat 5: Chessnok (button) (small blind) folded before Flop


PokerStars Hand #150602042020:  Hold'em Limit ($3/$6 USD) - 2016/03/19 14:09:24 ET
Table 'Ani' 6-max Seat #3 is the button
Seat 3: Agniosius ($126.88 in chips)
Seat 5: Chessnok ($121.93 in chips)
Agniosius: posts small blind $1
Chessnok: posts big blind $3
*** HOLE CARDS ***
Agniosius: raises $3 to $6
Chessnok: folds
Uncalled bet ($3) returned to Agniosius
Agniosius collected $6 from pot
Agniosius: doesn't show hand
*** SUMMARY ***
Total pot $6 | Rake $0
Seat 3: Agniosius (button) (small blind) collected ($6)
Seat 5: Chessnok (big blind) folded before Flop


PokerStars Hand #150602013101:  Hold'em Limit ($3/$6 USD) - 2016/03/19 14:08:56 ET
Table 'Ani' 6-max Seat #5 is the button
Seat 3: Agniosius ($168.88 in chips)
Seat 5: Chessnok ($80.43 in chips)
Chessnok: posts small blind $1
Agniosius: posts big blind $3
*** HOLE CARDS ***
Chessnok: raises $3 to $6
Agniosius: calls $3
*** FLOP *** [Th Qs 8c]
Agniosius: checks
Fess7791 joins the table at seat #1
Chessnok: bets $3
Agniosius: raises $3 to $6
Chessnok: calls $3
*** TURN *** [Th Qs 8c] [Jd]
Agniosius: bets $6
Chessnok: raises $6 to $12
Agniosius: raises $6 to $18
Chessnok: raises $6 to $24
Betting is capped
Agniosius: calls $6
*** RIVER *** [Th Qs 8c Jd] [5s]
Agniosius: checks
Chessnok: bets $6
Agniosius: calls $6
*** SHOW DOWN ***
Chessnok: shows [Kc 9h] (a straight, Nine to King)
Agniosius: mucks hand
Chessnok collected $83.50 from pot
*** SUMMARY ***
Total pot $84 | Rake $0.50
Board [Th Qs 8c Jd 5s]
Seat 3: Agniosius (big blind) mucked
Seat 5: Chessnok (button) (small blind) showed [Kc 9h] and won ($83.50) with a straight, Nine to King


PokerStars Hand #150602008165:  Hold'em Limit ($3/$6 USD) - 2016/03/19 14:08:51 ET
Table 'Ani' 6-max Seat #3 is the button
Seat 3: Agniosius ($169.88 in chips)
Seat 5: Chessnok ($79.43 in chips)
Agniosius: posts small blind $1
Chessnok: posts big blind $3
*** HOLE CARDS ***
Agniosius: folds
Uncalled bet ($2) returned to Chessnok
Chessnok collected $2 from pot
Chessnok: doesn't show hand
*** SUMMARY ***
Total pot $2 | Rake $0
Seat 3: Agniosius (button) (small blind) folded before Flop
Seat 5: Chessnok (big blind) collected ($2)


PokerStars Hand #150602484666:  Hold'em Limit ($3/$6 USD) - 2016/03/19 14:16:35 ET
Table 'Ani' 6-max Seat #3 is the button
Seat 3: Agniosius ($158.79 in chips)
Seat 5: Chessnok ($121.16 in chips)
Agniosius: posts small blind $1
Chessnok: posts big blind $3
*** HOLE CARDS ***
Agniosius: folds
Uncalled bet ($2) returned to Chessnok
Chessnok collected $2 from pot
Chessnok: doesn't show hand
*** SUMMARY ***
Total pot $2 | Rake $0
Seat 3: Agniosius (button) (small blind) folded before Flop
Seat 5: Chessnok (big blind) collected ($2)


PokerStars Hand #150602474349:  Hold'em Limit ($3/$6 USD) - 2016/03/19 14:16:25 ET
Table 'Ani' 6-max Seat #5 is the button
Seat 3: Agniosius ($157.79 in chips)
Seat 5: Chessnok ($122.16 in chips)
Chessnok: posts small blind $1
Agniosius: posts big blind $3
*** HOLE CARDS ***
Chessnok: folds
Uncalled bet ($2) returned to Agniosius
Agniosius collected $2 from pot
Agniosius: doesn't show hand
*** SUMMARY ***
Total pot $2 | Rake $0
Seat 3: Agniosius (big blind) collected ($2)
Seat 5: Chessnok (button) (small blind) folded before Flop


PokerStars Hand #150602469625:  Hold'em Limit ($3/$6 USD) - 2016/03/19 14:16:20 ET
Table 'Ani' 6-max Seat #3 is the button
Seat 3: Agniosius ($158.79 in chips)
Seat 5: Chessnok ($121.16 in chips)
Agniosius: posts small blind $1
Ale4o: is sitting out
Chessnok: posts big blind $3
*** HOLE CARDS ***
Agniosius: folds
Uncalled bet ($2) returned to Chessnok
Ale4o leaves the table
Chessnok collected $2 from pot
Chessnok: doesn't show hand
*** SUMMARY ***
Total pot $2 | Rake $0
Seat 3: Agniosius (button) (small blind) folded before Flop
Seat 5: Chessnok (big blind) collected ($2)


PokerStars Hand #150602551743:  Hold'em Limit ($3/$6 USD) - 2016/03/19 14:17:34 ET
Table 'Ani' 6-max Seat #3 is the button
Seat 3: Agniosius ($188.05 in chips)
Seat 5: Chessnok ($91.16 in chips)
Agniosius: posts small blind $1
Chessnok: posts big blind $3
*** HOLE CARDS ***
Agniosius: raises $3 to $6
Chessnok: raises $3 to $9
Agniosius: calls $3
*** FLOP *** [Ad 7h Jd]
Chessnok: bets $3
Agniosius: raises $3 to $6
Chessnok: calls $3
*** TURN *** [Ad 7h Jd] [5d]
Chessnok: checks
Agniosius: bets $6
Chessnok: calls $6
*** RIVER *** [Ad 7h Jd 5d] [8h]
Chessnok: checks
Agniosius: bets $6
Chessnok: calls $6
*** SHOW DOWN ***
Agniosius: shows [Qd 3d] (a flush, Ace high)
Chessnok: mucks hand
Agniosius collected $53.50 from pot
*** SUMMARY ***
Total pot $54 | Rake $0.50
Board [Ad 7h Jd 5d 8h]
Seat 3: Agniosius (button) (small blind) showed [Qd 3d] and won ($53.50) with a flush, Ace high
Seat 5: Chessnok (big blind) mucked


PokerStars Hand #150602547275:  Hold'em Limit ($3/$6 USD) - 2016/03/19 14:17:30 ET
Table 'Ani' 6-max Seat #5 is the button
Seat 3: Agniosius ($187.05 in chips)
Seat 5: Chessnok ($92.16 in chips)
Chessnok: posts small blind $1
Agniosius: posts big blind $3
*** HOLE CARDS ***
Chessnok: folds
Uncalled bet ($2) returned to Agniosius
Agniosius collected $2 from pot
Agniosius: doesn't show hand
*** SUMMARY ***
Total pot $2 | Rake $0
Seat 3: Agniosius (big blind) collected ($2)
Seat 5: Chessnok (button) (small blind) folded before Flop


PokerStars Hand #150602525647:  Hold'em Limit ($3/$6 USD) - 2016/03/19 14:17:09 ET
Table 'Ani' 6-max Seat #3 is the button
Seat 3: Agniosius ($181.29 in chips)
Seat 5: Chessnok ($98.16 in chips)
Agniosius: posts small blind $1
Chessnok: posts big blind $3
*** HOLE CARDS ***
Agniosius: raises $3 to $6
Chessnok: calls $3
*** FLOP *** [Jd 8d 3d]
Chessnok: checks
Agniosius: bets $3
Chessnok: folds
Uncalled bet ($3) returned to Agniosius
Agniosius collected $11.76 from pot
Agniosius: doesn't show hand
*** SUMMARY ***
Total pot $12 | Rake $0.24
Board [Jd 8d 3d]
Seat 3: Agniosius (button) (small blind) collected ($11.76)
Seat 5: Chessnok (big blind) folded on the Flop


PokerStars Hand #150602490588:  Hold'em Limit ($3/$6 USD) - 2016/03/19 14:16:40 ET
Table 'Ani' 6-max Seat #5 is the button
Seat 3: Agniosius ($157.79 in chips)
Seat 5: Chessnok ($122.16 in chips)
Chessnok: posts small blind $1
Agniosius: posts big blind $3
*** HOLE CARDS ***
Chessnok: raises $3 to $6
Agniosius: calls $3
*** FLOP *** [5h 6h Ts]
Agniosius: checks
Chessnok: bets $3
Agniosius: raises $3 to $6
Chessnok: calls $3
*** TURN *** [5h 6h Ts] [3d]
Agniosius: bets $6
Chessnok: calls $6
*** RIVER *** [5h 6h Ts 3d] [Kc]
Agniosius: bets $6
Chessnok: calls $6
*** SHOW DOWN ***
Agniosius: shows [6c Ks] (two pair, Kings and Sixes)
Chessnok: mucks hand
Agniosius collected $47.50 from pot
*** SUMMARY ***
Total pot $48 | Rake $0.50
Board [5h 6h Ts 3d Kc]
Seat 3: Agniosius (big blind) showed [6c Ks] and won ($47.50) with two pair, Kings and Sixes
Seat 5: Chessnok (button) (small blind) mucked


PokerStars Hand #150602601515:  Hold'em Limit ($3/$6 USD) - 2016/03/19 14:18:23 ET
Table 'Ani' 6-max Seat #3 is the button
Seat 3: Agniosius ($195.55 in chips)
Seat 5: Chessnok ($82.66 in chips)
Agniosius: posts small blind $1
Chessnok: posts big blind $3
*** HOLE CARDS ***
Agniosius: folds
Uncalled bet ($2) returned to Chessnok
Chessnok collected $2 from pot
Chessnok: doesn't show hand
*** SUMMARY ***
Total pot $2 | Rake $0
Seat 3: Agniosius (button) (small blind) folded before Flop
Seat 5: Chessnok (big blind) collected ($2)


PokerStars Hand #150602595764:  Hold'em Limit ($3/$6 USD) - 2016/03/19 14:18:17 ET
Table 'Ani' 6-max Seat #5 is the button
Seat 3: Agniosius ($198.55 in chips)
Seat 5: Chessnok ($79.66 in chips)
Chessnok: posts small blind $1
Agniosius: posts big blind $3
*** HOLE CARDS ***
Chessnok: raises $3 to $6
Agniosius: folds
Uncalled bet ($3) returned to Chessnok
Chessnok collected $6 from pot
Chessnok: doesn't show hand
*** SUMMARY ***
Total pot $6 | Rake $0
Seat 3: Agniosius (big blind) folded before Flop
Seat 5: Chessnok (button) (small blind) collected ($6)


PokerStars Hand #150602590001:  Hold'em Limit ($3/$6 USD) - 2016/03/19 14:18:12 ET
Table 'Ani' 6-max Seat #3 is the button
Seat 3: Agniosius ($199.55 in chips)
Seat 5: Chessnok ($78.66 in chips)
Agniosius: posts small blind $1
Chessnok: posts big blind $3
*** HOLE CARDS ***
Agniosius: folds
Uncalled bet ($2) returned to Chessnok
Chessnok collected $2 from pot
Chessnok: doesn't show hand
*** SUMMARY ***
Total pot $2 | Rake $0
Seat 3: Agniosius (button) (small blind) folded before Flop
Seat 5: Chessnok (big blind) collected ($2)


PokerStars Hand #150602572117:  Hold'em Limit ($3/$6 USD) - 2016/03/19 14:17:54 ET
Table 'Ani' 6-max Seat #5 is the button
Seat 3: Agniosius ($214.55 in chips)
Seat 5: Chessnok ($64.16 in chips)
Chessnok: posts small blind $1
Agniosius: posts big blind $3
*** HOLE CARDS ***
Chessnok: raises $3 to $6
Agniosius: calls $3
*** FLOP *** [6s 3h Ac]
Agniosius: checks
Chessnok: bets $3
Agniosius: calls $3
*** TURN *** [6s 3h Ac] [3s]
Agniosius: checks
Chessnok: bets $6
Agniosius: calls $6
*** RIVER *** [6s 3h Ac 3s] [Jc]
Agniosius: checks
Chessnok: bets $6
Agniosius: folds
Uncalled bet ($6) returned to Chessnok
Chessnok collected $29.50 from pot
Chessnok: doesn't show hand
*** SUMMARY ***
Total pot $30 | Rake $0.50
Board [6s 3h Ac 3s Jc]
Seat 3: Agniosius (big blind) folded on the River
Seat 5: Chessnok (button) (small blind) collected ($29.50)


PokerStars Hand #150602682515:  Hold'em Limit ($3/$6 USD) - 2016/03/19 14:19:42 ET
Table 'Ani' 6-max Seat #3 is the button
Seat 3: Agniosius ($210.70 in chips)
Seat 5: Chessnok ($66.41 in chips)
Agniosius: posts small blind $1
Chessnok: posts big blind $3
*** HOLE CARDS ***
Agniosius: raises $3 to $6
Chessnok: calls $3
*** FLOP *** [3d 9s 8d]
Chessnok: checks
Agniosius: bets $3
Chessnok: folds
Uncalled bet ($3) returned to Agniosius
Agniosius collected $11.76 from pot
Agniosius: doesn't show hand
*** SUMMARY ***
Total pot $12 | Rake $0.24
Board [3d 9s 8d]
Seat 3: Agniosius (button) (small blind) collected ($11.76)
Seat 5: Chessnok (big blind) folded on the Flop


PokerStars Hand #150602677214:  Hold'em Limit ($3/$6 USD) - 2016/03/19 14:19:36 ET
Table 'Ani' 6-max Seat #5 is the button
Seat 3: Agniosius ($209.70 in chips)
Seat 5: Chessnok ($67.41 in chips)
Chessnok: posts small blind $1
Agniosius: posts big blind $3
*** HOLE CARDS ***
Chessnok: folds
Uncalled bet ($2) returned to Agniosius
Agniosius collected $2 from pot
Agniosius: doesn't show hand
*** SUMMARY ***
Total pot $2 | Rake $0
Seat 3: Agniosius (big blind) collected ($2)
Seat 5: Chessnok (button) (small blind) folded before Flop


PokerStars Hand #150602672338:  Hold'em Limit ($3/$6 USD) - 2016/03/19 14:19:32 ET
Table 'Ani' 6-max Seat #3 is the button
Seat 3: Agniosius ($210.70 in chips)
Seat 5: Chessnok ($66.41 in chips)
Agniosius: posts small blind $1
Chessnok: posts big blind $3
*** HOLE CARDS ***
Agniosius: folds
Uncalled bet ($2) returned to Chessnok
Chessnok collected $2 from pot
Chessnok: doesn't show hand
*** SUMMARY ***
Total pot $2 | Rake $0
Seat 3: Agniosius (button) (small blind) folded before Flop
Seat 5: Chessnok (big blind) collected ($2)


PokerStars Hand #150602665585:  Hold'em Limit ($3/$6 USD) - 2016/03/19 14:19:25 ET
Table 'Ani' 6-max Seat #5 is the button
Seat 3: Agniosius ($213.70 in chips)
Seat 5: Chessnok ($63.41 in chips)
Chessnok: posts small blind $1
Agniosius: posts big blind $3
*** HOLE CARDS ***
Chessnok: raises $3 to $6
Agniosius: folds
Uncalled bet ($3) returned to Chessnok
Chessnok collected $6 from pot
Chessnok: doesn't show hand
*** SUMMARY ***
Total pot $6 | Rake $0
Seat 3: Agniosius (big blind) folded before Flop
Seat 5: Chessnok (button) (small blind) collected ($6)


PokerStars Hand #150602655781:  Hold'em Limit ($3/$6 USD) - 2016/03/19 14:19:16 ET
Table 'Ani' 6-max Seat #3 is the button
Seat 3: Agniosius ($207.94 in chips)
Seat 5: Chessnok ($69.41 in chips)
Agniosius: posts small blind $1
Chessnok: posts big blind $3
*** HOLE CARDS ***
Agniosius: raises $3 to $6
Chessnok: calls $3
*** FLOP *** [3c Kd Jh]
Chessnok: checks
Agniosius: bets $3
Chessnok: folds
Uncalled bet ($3) returned to Agniosius
Agniosius collected $11.76 from pot
Agniosius: doesn't show hand
*** SUMMARY ***
Total pot $12 | Rake $0.24
Board [3c Kd Jh]
Seat 3: Agniosius (button) (small blind) collected ($11.76)
Seat 5: Chessnok (big blind) folded on the Flop


PokerStars Hand #150602651202:  Hold'em Limit ($3/$6 USD) - 2016/03/19 14:19:11 ET
Table 'Ani' 6-max Seat #5 is the button
Seat 3: Agniosius ($206.94 in chips)
Seat 5: Chessnok ($70.41 in chips)
Chessnok: posts small blind $1
Agniosius: posts big blind $3
*** HOLE CARDS ***
Chessnok: folds
Uncalled bet ($2) returned to Agniosius
Agniosius collected $2 from pot
Agniosius: doesn't show hand
*** SUMMARY ***
Total pot $2 | Rake $0
Seat 3: Agniosius (big blind) collected ($2)
Seat 5: Chessnok (button) (small blind) folded before Flop


PokerStars Hand #150602644453:  Hold'em Limit ($3/$6 USD) - 2016/03/19 14:19:05 ET
Table 'Ani' 6-max Seat #3 is the button
Seat 3: Agniosius ($203.94 in chips)
Seat 5: Chessnok ($73.41 in chips)
Agniosius: posts small blind $1
Chessnok: posts big blind $3
*** HOLE CARDS ***
Agniosius: raises $3 to $6
Chessnok: folds
Uncalled bet ($3) returned to Agniosius
Agniosius collected $6 from pot
Agniosius: doesn't show hand
*** SUMMARY ***
Total pot $6 | Rake $0
Seat 3: Agniosius (button) (small blind) collected ($6)
Seat 5: Chessnok (big blind) folded before Flop


PokerStars Hand #150602640339:  Hold'em Limit ($3/$6 USD) - 2016/03/19 14:19:01 ET
Table 'Ani' 6-max Seat #5 is the button
Seat 3: Agniosius ($202.94 in chips)
Seat 5: Chessnok ($74.41 in chips)
Chessnok: posts small blind $1
Agniosius: posts big blind $3
*** HOLE CARDS ***
Chessnok: folds
Uncalled bet ($2) returned to Agniosius
Agniosius collected $2 from pot
Agniosius: doesn't show hand
*** SUMMARY ***
Total pot $2 | Rake $0
Seat 3: Agniosius (big blind) collected ($2)
Seat 5: Chessnok (button) (small blind) folded before Flop


PokerStars Hand #150602623817:  Hold'em Limit ($3/$6 USD) - 2016/03/19 14:18:44 ET
Table 'Ani' 6-max Seat #3 is the button
Seat 3: Agniosius ($203.19 in chips)
Seat 5: Chessnok ($74.66 in chips)
Agniosius: posts small blind $1
Chessnok: posts big blind $3
*** HOLE CARDS ***
Agniosius: calls $2
Chessnok: raises $3 to $6
Agniosius: calls $3
*** FLOP *** [8c 2s 8s]
Chessnok: bets $3
Agniosius: calls $3
*** TURN *** [8c 2s 8s] [Qh]
Chessnok: bets $6
Agniosius: calls $6
*** RIVER *** [8c 2s 8s Qh] [Jc]
Chessnok: bets $6
Agniosius: raises $6 to $12
Chessnok: raises $6 to $18
Agniosius: raises $6 to $24
Betting is capped
Chessnok: calls $6
*** SHOW DOWN ***
Agniosius: shows [9d Tc] (a straight, Eight to Queen)
Chessnok: shows [9h Ts] (a straight, Eight to Queen)
Chessnok collected $38.75 from pot
Agniosius collected $38.75 from pot
*** SUMMARY ***
Total pot $78 | Rake $0.50
Board [8c 2s 8s Qh Jc]
Seat 3: Agniosius (button) (small blind) showed [9d Tc] and won ($38.75) with a straight, Eight to Queen
Seat 5: Chessnok (big blind) showed [9h Ts] and won ($38.75) with a straight, Eight to Queen


PokerStars Hand #150603628772:  Hold'em Limit ($3/$6 USD) - 2016/03/19 14:35:11 ET
Table 'Ani' 6-max Seat #3 is the button
Seat 3: Agniosius ($227.69 in chips)
Seat 5: Chessnok ($86.70 in chips)
Agniosius: posts small blind $1
Ale4o: is sitting out
Chessnok: posts big blind $3
*** HOLE CARDS ***
Agniosius: raises $3 to $6
Ale4o leaves the table
Chessnok: calls $3
*** FLOP *** [5c Ad 7c]
Chessnok: checks
Agniosius: bets $3
Chessnok: calls $3
*** TURN *** [5c Ad 7c] [2s]
Chessnok: checks
Agniosius: bets $6
Chessnok: folds
Uncalled bet ($6) returned to Agniosius
Agniosius collected $17.64 from pot
Agniosius: doesn't show hand
*** SUMMARY ***
Total pot $18 | Rake $0.36
Board [5c Ad 7c 2s]
Seat 3: Agniosius (button) (small blind) collected ($17.64)
Seat 5: Chessnok (big blind) folded on the Turn


PokerStars Hand #150603646234:  Hold'em Limit ($3/$6 USD) - 2016/03/19 14:35:28 ET
Table 'Ani' 6-max Seat #5 is the button
Seat 3: Agniosius ($236.33 in chips)
Seat 5: Chessnok ($77.70 in chips)
Chessnok: posts small blind $1
Agniosius: posts big blind $3
*** HOLE CARDS ***
Chessnok: raises $3 to $6
Agniosius: raises $3 to $9
Chessnok: calls $3
*** FLOP *** [Qh 7d 4s]
Agniosius: bets $3
Chessnok: raises $3 to $6
Agniosius: calls $3
*** TURN *** [Qh 7d 4s] [Tc]
Agniosius: checks
Chessnok: bets $6
Agniosius: calls $6
*** RIVER *** [Qh 7d 4s Tc] [2s]
Agniosius: checks
Chessnok: bets $6
Agniosius: calls $6
*** SHOW DOWN ***
Chessnok: shows [8h 8s] (a pair of Eights)
Agniosius: mucks hand
Chessnok collected $53.50 from pot
*** SUMMARY ***
Total pot $54 | Rake $0.50
Board [Qh 7d 4s Tc 2s]
Seat 3: Agniosius (big blind) mucked
Seat 5: Chessnok (button) (small blind) showed [8h 8s] and won ($53.50) with a pair of Eights


PokerStars Hand #150603670555:  Hold'em Limit ($3/$6 USD) - 2016/03/19 14:35:52 ET
Table 'Ani' 6-max Seat #3 is the button
Seat 3: Agniosius ($209.33 in chips)
Seat 5: Chessnok ($104.20 in chips)
Agniosius: posts small blind $1
Chessnok: posts big blind $3
*** HOLE CARDS ***
Agniosius: raises $3 to $6
Chessnok: calls $3
*** FLOP *** [6d 2h 2s]
Chessnok: checks
Agniosius: bets $3
Chessnok: calls $3
*** TURN *** [6d 2h 2s] [4s]
Chessnok: checks
Agniosius: bets $6
Chessnok: raises $6 to $12
Agniosius: calls $6
*** RIVER *** [6d 2h 2s 4s] [8c]
Chessnok: bets $6
Agniosius: calls $6
*** SHOW DOWN ***
Chessnok: shows [Jc 4c] (two pair, Fours and Deuces)
Agniosius: mucks hand
Chessnok collected $53.50 from pot
*** SUMMARY ***
Total pot $54 | Rake $0.50
Board [6d 2h 2s 4s 8c]
Seat 3: Agniosius (button) (small blind) mucked
Seat 5: Chessnok (big blind) showed [Jc 4c] and won ($53.50) with two pair, Fours and Deuces


PokerStars Hand #150603690152:  Hold'em Limit ($3/$6 USD) - 2016/03/19 14:36:11 ET
Table 'Ani' 6-max Seat #5 is the button
Seat 3: Agniosius ($182.33 in chips)
Seat 5: Chessnok ($130.70 in chips)
Chessnok: posts small blind $1
Agniosius: posts big blind $3
*** HOLE CARDS ***
Chessnok: raises $3 to $6
Agniosius: raises $3 to $9
Chessnok: calls $3
*** FLOP *** [Td 9h Ts]
Agniosius: bets $3
Chessnok: raises $3 to $6
Agniosius: calls $3
*** TURN *** [Td 9h Ts] [5h]
Agniosius: checks
Chessnok: checks
*** RIVER *** [Td 9h Ts 5h] [9s]
Agniosius: checks
Chessnok: checks
*** SHOW DOWN ***
Agniosius: shows [Qc Ac] (two pair, Tens and Nines)
Chessnok: mucks hand
Agniosius collected $29.50 from pot
*** SUMMARY ***
Total pot $30 | Rake $0.50
Board [Td 9h Ts 5h 9s]
Seat 3: Agniosius (big blind) showed [Qc Ac] and won ($29.50) with two pair, Tens and Nines
Seat 5: Chessnok (button) (small blind) mucked


PokerStars Hand #150603720316:  Hold'em Limit ($3/$6 USD) - 2016/03/19 14:36:40 ET
Table 'Ani' 6-max Seat #3 is the button
Seat 3: Agniosius ($196.83 in chips)
Seat 5: Chessnok ($115.70 in chips)
Agniosius: posts small blind $1
Chessnok: posts big blind $3
*** HOLE CARDS ***
Agniosius: calls $2
Chessnok: checks
*** FLOP *** [Qs 5c 8c]
Chessnok: checks
Agniosius: bets $3
Chessnok: calls $3
*** TURN *** [Qs 5c 8c] [9c]
Chessnok: checks
Agniosius: bets $6
Chessnok: calls $6
*** RIVER *** [Qs 5c 8c 9c] [5s]
Chessnok: checks
Agniosius: bets $6
Chessnok: folds
Uncalled bet ($6) returned to Agniosius
Agniosius collected $23.52 from pot
Agniosius: doesn't show hand
*** SUMMARY ***
Total pot $24 | Rake $0.48
Board [Qs 5c 8c 9c 5s]
Seat 3: Agniosius (button) (small blind) collected ($23.52)
Seat 5: Chessnok (big blind) folded on the River


PokerStars Hand #150603744083:  Hold'em Limit ($3/$6 USD) - 2016/03/19 14:37:03 ET
Table 'Ani' 6-max Seat #5 is the button
Seat 3: Agniosius ($208.35 in chips)
Seat 5: Chessnok ($103.70 in chips)
Chessnok: posts small blind $1
Agniosius: posts big blind $3
*** HOLE CARDS ***
Chessnok: raises $3 to $6
Agniosius: calls $3
*** FLOP *** [Qd Qs Qc]
Agniosius: checks
Chessnok: bets $3
Agniosius: calls $3
*** TURN *** [Qd Qs Qc] [2h]
Agniosius: checks
Chessnok: bets $6
Agniosius: folds
Uncalled bet ($6) returned to Chessnok
Chessnok collected $17.64 from pot
Chessnok: doesn't show hand
*** SUMMARY ***
Total pot $18 | Rake $0.36
Board [Qd Qs Qc 2h]
Seat 3: Agniosius (big blind) folded on the Turn
Seat 5: Chessnok (button) (small blind) collected ($17.64)


PokerStars Hand #150603766469:  Hold'em Limit ($3/$6 USD) - 2016/03/19 14:37:24 ET
Table 'Ani' 6-max Seat #5 is the button
Seat 3: Agniosius ($198.35 in chips)
Seat 5: Chessnok ($113.34 in chips)
Chessnok: posts small blind $1
Agniosius: posts big blind $3
*** HOLE CARDS ***
Chessnok: folds
Uncalled bet ($2) returned to Agniosius
Agniosius collected $2 from pot
Agniosius: doesn't show hand
*** SUMMARY ***
Total pot $2 | Rake $0
Seat 3: Agniosius (big blind) collected ($2)
Seat 5: Chessnok (button) (small blind) folded before Flop


PokerStars Hand #150603761353:  Hold'em Limit ($3/$6 USD) - 2016/03/19 14:37:19 ET
Table 'Ani' 6-max Seat #3 is the button
Seat 3: Agniosius ($199.35 in chips)
Seat 5: Chessnok ($112.34 in chips)
Agniosius: posts small blind $1
Chessnok: posts big blind $3
*** HOLE CARDS ***
Agniosius: folds
Uncalled bet ($2) returned to Chessnok
Chessnok collected $2 from pot
Chessnok: doesn't show hand
*** SUMMARY ***
Total pot $2 | Rake $0
Seat 3: Agniosius (button) (small blind) folded before Flop
Seat 5: Chessnok (big blind) collected ($2)


PokerStars Hand #150603784350:  Hold'em Limit ($3/$6 USD) - 2016/03/19 14:37:41 ET
Table 'Ani' 6-max Seat #3 is the button
Seat 3: Agniosius ($195.35 in chips)
Seat 5: Chessnok ($116.34 in chips)
Agniosius: posts small blind $1
Chessnok: posts big blind $3
*** HOLE CARDS ***
Agniosius: raises $3 to $6
Chessnok: calls $3
*** FLOP *** [Th Kd 9s]
Chessnok: checks
Agniosius: bets $3
Chessnok: raises $3 to $6
Agniosius: folds
Uncalled bet ($3) returned to Chessnok
Chessnok collected $17.64 from pot
Chessnok: doesn't show hand
*** SUMMARY ***
Total pot $18 | Rake $0.36
Board [Th Kd 9s]
Seat 3: Agniosius (button) (small blind) folded on the Flop
Seat 5: Chessnok (big blind) collected ($17.64)


PokerStars Hand #150603776660:  Hold'em Limit ($3/$6 USD) - 2016/03/19 14:37:34 ET
Table 'Ani' 6-max Seat #5 is the button
Seat 3: Agniosius ($198.35 in chips)
Seat 5: Chessnok ($113.34 in chips)
Chessnok: posts small blind $1
Agniosius: posts big blind $3
*** HOLE CARDS ***
Chessnok: raises $3 to $6
Agniosius: folds
Uncalled bet ($3) returned to Chessnok
Chessnok collected $6 from pot
Chessnok: doesn't show hand
*** SUMMARY ***
Total pot $6 | Rake $0
Seat 3: Agniosius (big blind) folded before Flop
Seat 5: Chessnok (button) (small blind) collected ($6)


PokerStars Hand #150603772054:  Hold'em Limit ($3/$6 USD) - 2016/03/19 14:37:29 ET
Table 'Ani' 6-max Seat #3 is the button
Seat 3: Agniosius ($199.35 in chips)
Seat 5: Chessnok ($112.34 in chips)
Agniosius: posts small blind $1
Chessnok: posts big blind $3
*** HOLE CARDS ***
Agniosius: folds
Uncalled bet ($2) returned to Chessnok
Chessnok collected $2 from pot
Chessnok: doesn't show hand
*** SUMMARY ***
Total pot $2 | Rake $0
Seat 3: Agniosius (button) (small blind) folded before Flop
Seat 5: Chessnok (big blind) collected ($2)


PokerStars Hand #150603836121:  Hold'em Limit ($3/$6 USD) - 2016/03/19 14:38:31 ET
Table 'Ani' 6-max Seat #3 is the button
Seat 3: Agniosius ($208.85 in chips)
Seat 5: Chessnok ($101.98 in chips)
Agniosius: posts small blind $1
Chessnok: posts big blind $3
*** HOLE CARDS ***
Agniosius: calls $2
Chessnok: checks
*** FLOP *** [Tc 8s Ts]
Chessnok: checks
Agniosius: checks
*** TURN *** [Tc 8s Ts] [3h]
Chessnok: checks
Agniosius: bets $6
Chessnok: calls $6
*** RIVER *** [Tc 8s Ts 3h] [Th]
Chessnok: checks
Agniosius: bets $6
Chessnok: calls $6
*** SHOW DOWN ***
Agniosius: shows [6c Td] (four of a kind, Tens)
Chessnok: mucks hand
Agniosius collected $29.50 from pot
*** SUMMARY ***
Total pot $30 | Rake $0.50
Board [Tc 8s Ts 3h Th]
Seat 3: Agniosius (button) (small blind) showed [6c Td] and won ($29.50) with four of a kind, Tens
Seat 5: Chessnok (big blind) mucked


PokerStars Hand #150603813214:  Hold'em Limit ($3/$6 USD) - 2016/03/19 14:38:09 ET
Table 'Ani' 6-max Seat #5 is the button
Seat 3: Agniosius ($182.35 in chips)
Seat 5: Chessnok ($128.98 in chips)
Chessnok: posts small blind $1
Agniosius: posts big blind $3
*** HOLE CARDS ***
Chessnok: raises $3 to $6
Agniosius: calls $3
*** FLOP *** [3s 8h 3h]
Agniosius: checks
Chessnok: bets $3
Agniosius: calls $3
*** TURN *** [3s 8h 3h] [Ts]
Agniosius: checks
Chessnok: bets $6
Agniosius: raises $6 to $12
Chessnok: calls $6
*** RIVER *** [3s 8h 3h Ts] [Qs]
Agniosius: bets $6
Chessnok: calls $6
*** SHOW DOWN ***
Agniosius: shows [9c Td] (two pair, Tens and Threes)
Chessnok: mucks hand
Agniosius collected $53.50 from pot
*** SUMMARY ***
Total pot $54 | Rake $0.50
Board [3s 8h 3h Ts Qs]
Seat 3: Agniosius (big blind) showed [9c Td] and won ($53.50) with two pair, Tens and Threes
Seat 5: Chessnok (button) (small blind) mucked


PokerStars Hand #150603808102:  Hold'em Limit ($3/$6 USD) - 2016/03/19 14:38:04 ET
Table 'Ani' 6-max Seat #3 is the button
Seat 3: Agniosius ($183.35 in chips)
Seat 5: Chessnok ($127.98 in chips)
Agniosius: posts small blind $1
Chessnok: posts big blind $3
*** HOLE CARDS ***
Agniosius: folds
Uncalled bet ($2) returned to Chessnok
Chessnok collected $2 from pot
Chessnok: doesn't show hand
*** SUMMARY ***
Total pot $2 | Rake $0
Seat 3: Agniosius (button) (small blind) folded before Flop
Seat 5: Chessnok (big blind) collected ($2)


PokerStars Hand #150603800607:  Hold'em Limit ($3/$6 USD) - 2016/03/19 14:37:57 ET
Table 'Ani' 6-max Seat #5 is the button
Seat 3: Agniosius ($186.35 in chips)
Seat 5: Chessnok ($124.98 in chips)
Chessnok: posts small blind $1
Agniosius: posts big blind $3
*** HOLE CARDS ***
Chessnok: raises $3 to $6
Agniosius: folds
Uncalled bet ($3) returned to Chessnok
Chessnok collected $6 from pot
Chessnok: doesn't show hand
*** SUMMARY ***
Total pot $6 | Rake $0
Seat 3: Agniosius (big blind) folded before Flop
Seat 5: Chessnok (button) (small blind) collected ($6)


PokerStars Hand #150603905448:  Hold'em Limit ($3/$6 USD) - 2016/03/19 14:39:39 ET
Table 'Ani' 6-max Seat #5 is the button
Seat 3: Agniosius ($205.99 in chips)
Seat 5: Chessnok ($103.48 in chips)
Chessnok: posts small blind $1
Agniosius: posts big blind $3
*** HOLE CARDS ***
Chessnok: raises $3 to $6
Agniosius: calls $3
*** FLOP *** [3c Kh 7c]
Agniosius: checks
Chessnok: bets $3
Agniosius: folds
Uncalled bet ($3) returned to Chessnok
Chessnok collected $11.76 from pot
Chessnok: doesn't show hand
*** SUMMARY ***
Total pot $12 | Rake $0.24
Board [3c Kh 7c]
Seat 3: Agniosius (big blind) folded on the Flop
Seat 5: Chessnok (button) (small blind) collected ($11.76)


PokerStars Hand #150603900344:  Hold'em Limit ($3/$6 USD) - 2016/03/19 14:39:34 ET
Table 'Ani' 6-max Seat #3 is the button
Seat 3: Agniosius ($206.99 in chips)
Seat 5: Chessnok ($102.48 in chips)
Agniosius: posts small blind $1
Chessnok: posts big blind $3
*** HOLE CARDS ***
Agniosius: folds
Uncalled bet ($2) returned to Chessnok
Chessnok collected $2 from pot
Chessnok: doesn't show hand
*** SUMMARY ***
Total pot $2 | Rake $0
Seat 3: Agniosius (button) (small blind) folded before Flop
Seat 5: Chessnok (big blind) collected ($2)


PokerStars Hand #150603886352:  Hold'em Limit ($3/$6 USD) - 2016/03/19 14:39:20 ET
Table 'Ani' 6-max Seat #5 is the button
Seat 3: Agniosius ($198.35 in chips)
Seat 5: Chessnok ($111.48 in chips)
Chessnok: posts small blind $1
Agniosius: posts big blind $3
*** HOLE CARDS ***
Chessnok: raises $3 to $6
Agniosius: raises $3 to $9
Chessnok: calls $3
*** FLOP *** [7h 9s Ad]
Agniosius: bets $3
Chessnok: folds
Uncalled bet ($3) returned to Agniosius
Agniosius collected $17.64 from pot
Agniosius: doesn't show hand
*** SUMMARY ***
Total pot $18 | Rake $0.36
Board [7h 9s Ad]
Seat 3: Agniosius (big blind) collected ($17.64)
Seat 5: Chessnok (button) (small blind) folded on the Flop


PokerStars Hand #150603881016:  Hold'em Limit ($3/$6 USD) - 2016/03/19 14:39:15 ET
Table 'Ani' 6-max Seat #3 is the button
Seat 3: Agniosius ($199.35 in chips)
Seat 5: Chessnok ($110.48 in chips)
Agniosius: posts small blind $1
Chessnok: posts big blind $3
*** HOLE CARDS ***
Agniosius: folds
Uncalled bet ($2) returned to Chessnok
Chessnok collected $2 from pot
Chessnok: doesn't show hand
*** SUMMARY ***
Total pot $2 | Rake $0
Seat 3: Agniosius (button) (small blind) folded before Flop
Seat 5: Chessnok (big blind) collected ($2)


PokerStars Hand #150603859357:  Hold'em Limit ($3/$6 USD) - 2016/03/19 14:38:54 ET
Table 'Ani' 6-max Seat #5 is the button
Seat 3: Agniosius ($223.35 in chips)
Seat 5: Chessnok ($86.98 in chips)
Chessnok: posts small blind $1
Agniosius: posts big blind $3
*** HOLE CARDS ***
Chessnok: raises $3 to $6
Agniosius: raises $3 to $9
Chessnok: calls $3
*** FLOP *** [5s 3d 2d]
Agniosius: bets $3
Chessnok: calls $3
*** TURN *** [5s 3d 2d] [5h]
Agniosius: bets $6
Chessnok: calls $6
*** RIVER *** [5s 3d 2d 5h] [7c]
Agniosius: bets $6
Chessnok: calls $6
*** SHOW DOWN ***
Agniosius: shows [Ah Td] (a pair of Fives)
Chessnok: shows [Kc 2h] (two pair, Fives and Deuces)
Chessnok collected $47.50 from pot
*** SUMMARY ***
Total pot $48 | Rake $0.50
Board [5s 3d 2d 5h 7c]
Seat 3: Agniosius (big blind) showed [Ah Td] and lost with a pair of Fives
Seat 5: Chessnok (button) (small blind) showed [Kc 2h] and won ($47.50) with two pair, Fives and Deuces


PokerStars Hand #150603916436:  Hold'em Limit ($3/$6 USD) - 2016/03/19 14:39:50 ET
Table 'Ani' 6-max Seat #3 is the button
Seat 3: Agniosius ($199.99 in chips)
Seat 5: Chessnok ($109.24 in chips)
Agniosius: posts small blind $1
Chessnok: posts big blind $3
*** HOLE CARDS ***
Agniosius: raises $3 to $6
Chessnok: calls $3
*** FLOP *** [8s 6s 2c]
Chessnok: checks
$eledka joins the table at seat #4
Agniosius: checks
*** TURN *** [8s 6s 2c] [4h]
AzureCaper joins the table at seat #6
Chessnok: bets $6
Agniosius: calls $6
*** RIVER *** [8s 6s 2c 4h] [2d]
Chessnok: bets $6
Agniosius: calls $6
*** SHOW DOWN ***
Chessnok: shows [8c 3c] (two pair, Eights and Deuces)
Agniosius: mucks hand
Chessnok collected $35.50 from pot
*** SUMMARY ***
Total pot $36 | Rake $0.50
Board [8s 6s 2c 4h 2d]
Seat 3: Agniosius (button) (small blind) mucked
Seat 5: Chessnok (big blind) showed [8c 3c] and won ($35.50) with two pair, Eights and Deuces


PokerStars Hand #150606557801:  Hold'em Limit ($3/$6 USD) - 2016/03/19 15:23:56 ET
Table 'Ani' 6-max Seat #3 is the button
Seat 3: krytalex ($72 in chips)
Seat 5: Chessnok ($85.59 in chips)
krytalex: posts small blind $1
Chessnok: posts big blind $3
*** HOLE CARDS ***
Ale4o leaves the table
krytalex: raises $3 to $6
Chessnok: raises $3 to $9
krytalex: calls $3
*** FLOP *** [8d Qd Qs]
Ale4o joins the table at seat #6
Chessnok: bets $3
krytalex: calls $3
*** TURN *** [8d Qd Qs] [6d]
Chessnok: checks
krytalex: bets $6
Chessnok: calls $6
*** RIVER *** [8d Qd Qs 6d] [7h]
Chessnok: checks
krytalex: bets $6
Chessnok: calls $6
*** SHOW DOWN ***
krytalex: shows [4c Qh] (three of a kind, Queens)
Chessnok: mucks hand
krytalex collected $47.50 from pot
*** SUMMARY ***
Total pot $48 | Rake $0.50
Board [8d Qd Qs 6d 7h]
Seat 3: krytalex (button) (small blind) showed [4c Qh] and won ($47.50) with three of a kind, Queens
Seat 5: Chessnok (big blind) mucked


PokerStars Hand #150610720419:  Hold'em Limit ($3/$6 USD) - 2016/03/19 16:33:05 ET
Table 'Ani' 6-max Seat #5 is the button
Seat 5: Chessnok ($111.40 in chips)
Seat 6: BasilAnochin ($11.68 in chips)
Chessnok: posts small blind $1
BasilAnochin: posts big blind $3
*** HOLE CARDS ***
Chessnok: folds
Uncalled bet ($2) returned to BasilAnochin
BasilAnochin collected $2 from pot
*** SUMMARY ***
Total pot $2 | Rake $0
Seat 5: Chessnok (button) (small blind) folded before Flop
Seat 6: BasilAnochin (big blind) collected ($2)


PokerStars Hand #150610737475:  Hold'em Limit ($3/$6 USD) - 2016/03/19 16:33:22 ET
Table 'Ani' 6-max Seat #6 is the button
Seat 5: Chessnok ($110.40 in chips)
Seat 6: BasilAnochin ($12.68 in chips)
BasilAnochin: posts small blind $1
Chessnok: posts big blind $3
*** HOLE CARDS ***
BasilAnochin: raises $3 to $6
Chessnok: calls $3
*** FLOP *** [Qc Jc 4c]
Chessnok: checks
BasilAnochin: bets $3
Chessnok: raises $3 to $6
BasilAnochin: raises $0.68 to $6.68 and is all-in
Chessnok: calls $0.68
*** TURN *** [Qc Jc 4c] [Kd]
*** RIVER *** [Qc Jc 4c Kd] [Ks]
*** SHOW DOWN ***
Chessnok: shows [3c 2c] (a flush, Queen high)
BasilAnochin: shows [Ac Th] (a straight, Ten to Ace)
Chessnok collected $24.86 from pot
*** SUMMARY ***
Total pot $25.36 | Rake $0.50
Board [Qc Jc 4c Kd Ks]
Seat 5: Chessnok (big blind) showed [3c 2c] and won ($24.86) with a flush, Queen high
Seat 6: BasilAnochin (button) (small blind) showed [Ac Th] and lost with a straight, Ten to Ace


