PokerStars Hand #163457229303:  Hold'em Limit ($3/$6 USD) - 2016/12/24 13:48:11 ET
Table 'Ani' 6-max Seat #2 is the button
Seat 1: VolkovDmitri ($120 in chips)
Seat 2: SlapChopp ($126.40 in chips)
SlapChopp: posts small blind $1
VolkovDmitri: posts big blind $3
*** HOLE CARDS ***
SlapChopp: raises $3 to $6
VolkovDmitri: calls $3
*** FLOP *** [4h 6s Ad]
VolkovDmitri: checks
SlapChopp: bets $3
VolkovDmitri: calls $3
*** TURN *** [4h 6s Ad] [6c]
VolkovDmitri: checks
SlapChopp: checks
*** RIVER *** [4h 6s Ad 6c] [Ks]
VolkovDmitri: checks
SlapChopp: checks
*** SHOW DOWN ***
VolkovDmitri: shows [9s Qd] (a pair of Sixes)
SlapChopp: shows [4c 7s] (two pair, Sixes and Fours)
SlapChopp collected $17.64 from pot
*** SUMMARY ***
Total pot $18 | Rake $0.36
Board [4h 6s Ad 6c Ks]
Seat 1: VolkovDmitri (big blind) showed [9s Qd] and lost with a pair of Sixes
Seat 2: SlapChopp (button) (small blind) showed [4c 7s] and won ($17.64) with two pair, Sixes and Fours


PokerStars Hand #163457276741:  Hold'em Limit ($3/$6 USD) - 2016/12/24 13:49:01 ET
Table 'Ani' 6-max Seat #2 is the button
Seat 1: VolkovDmitri ($120 in chips)
Seat 2: SlapChopp ($158.54 in chips)
SlapChopp: posts small blind $1
VolkovDmitri: posts big blind $3
*** HOLE CARDS ***
SlapChopp: folds
Uncalled bet ($2) returned to VolkovDmitri
VolkovDmitri collected $2 from pot
VolkovDmitri: doesn't show hand
*** SUMMARY ***
Total pot $2 | Rake $0
Seat 1: VolkovDmitri (big blind) collected ($2)
Seat 2: SlapChopp (button) (small blind) folded before Flop


PokerStars Hand #163457254958:  Hold'em Limit ($3/$6 USD) - 2016/12/24 13:48:34 ET
Table 'Ani' 6-max Seat #1 is the button
Seat 1: VolkovDmitri ($120 in chips)
Seat 2: SlapChopp ($135.04 in chips)
VolkovDmitri: posts small blind $1
SlapChopp: posts big blind $3
*** HOLE CARDS ***
VolkovDmitri: raises $3 to $6
SlapChopp: calls $3
*** FLOP *** [3c Td Jc]
SlapChopp: checks
VolkovDmitri: bets $3
SlapChopp: raises $3 to $6
VolkovDmitri: calls $3
*** TURN *** [3c Td Jc] [8c]
SlapChopp: bets $6
VolkovDmitri: calls $6
*** RIVER *** [3c Td Jc 8c] [Jh]
SlapChopp: bets $6
VolkovDmitri: calls $6
*** SHOW DOWN ***
SlapChopp: shows [Jd 4h] (three of a kind, Jacks)
VolkovDmitri: mucks hand
SlapChopp collected $47.50 from pot
*** SUMMARY ***
Total pot $48 | Rake $0.50
Board [3c Td Jc 8c Jh]
Seat 1: VolkovDmitri (button) (small blind) mucked
Seat 2: SlapChopp (big blind) showed [Jd 4h] and won ($47.50) with three of a kind, Jacks


PokerStars Hand #163457283544:  Hold'em Limit ($3/$6 USD) - 2016/12/24 13:49:10 ET
Table 'Ani' 6-max Seat #1 is the button
Seat 1: VolkovDmitri ($121 in chips)
Seat 2: SlapChopp ($157.54 in chips)
VolkovDmitri: posts small blind $1
SlapChopp: posts big blind $3
*** HOLE CARDS ***
VolkovDmitri: raises $3 to $6
SlapChopp: calls $3
*** FLOP *** [8h Qd 9d]
SlapChopp: checks
VolkovDmitri: bets $3
SlapChopp: calls $3
*** TURN *** [8h Qd 9d] [Th]
SlapChopp: checks
VolkovDmitri: checks
*** RIVER *** [8h Qd 9d Th] [5d]
SlapChopp: checks
VolkovDmitri: checks
*** SHOW DOWN ***
SlapChopp: shows [8s 4s] (a pair of Eights)
VolkovDmitri: mucks hand
SlapChopp collected $17.64 from pot
*** SUMMARY ***
Total pot $18 | Rake $0.36
Board [8h Qd 9d Th 5d]
Seat 1: VolkovDmitri (button) (small blind) mucked
Seat 2: SlapChopp (big blind) showed [8s 4s] and won ($17.64) with a pair of Eights


PokerStars Hand #163457306678:  Hold'em Limit ($3/$6 USD) - 2016/12/24 13:49:38 ET
Table 'Ani' 6-max Seat #2 is the button
Seat 1: VolkovDmitri ($120 in chips)
Seat 2: SlapChopp ($166.18 in chips)
SlapChopp: posts small blind $1
VolkovDmitri: posts big blind $3
*** HOLE CARDS ***
SlapChopp: raises $3 to $6
VolkovDmitri: calls $3
*** FLOP *** [Qd 3h 9s]
VolkovDmitri: checks
SlapChopp: bets $3
VolkovDmitri: raises $3 to $6
SlapChopp: raises $3 to $9
VolkovDmitri: folds
Uncalled bet ($3) returned to SlapChopp
SlapChopp collected $23.52 from pot
SlapChopp: doesn't show hand
*** SUMMARY ***
Total pot $24 | Rake $0.48
Board [Qd 3h 9s]
Seat 1: VolkovDmitri (big blind) folded on the Flop
Seat 2: SlapChopp (button) (small blind) collected ($23.52)


PokerStars Hand #163457324711:  Hold'em Limit ($3/$6 USD) - 2016/12/24 13:50:00 ET
Table 'Ani' 6-max Seat #1 is the button
Seat 1: VolkovDmitri ($120 in chips)
Seat 2: SlapChopp ($177.70 in chips)
VolkovDmitri: posts small blind $1
SlapChopp: posts big blind $3
*** HOLE CARDS ***
VolkovDmitri: raises $3 to $6
SlapChopp: calls $3
*** FLOP *** [6s 9c 5d]
SlapChopp: checks
VolkovDmitri: bets $3
SlapChopp: calls $3
*** TURN *** [6s 9c 5d] [4d]
SlapChopp: checks
VolkovDmitri: bets $6
SlapChopp: raises $6 to $12
VolkovDmitri: calls $6
*** RIVER *** [6s 9c 5d 4d] [As]
SlapChopp: bets $6
VolkovDmitri: calls $6
*** SHOW DOWN ***
SlapChopp: shows [7d Jd] (high card Ace)
VolkovDmitri: shows [Qs Qd] (a pair of Queens)
VolkovDmitri collected $53.50 from pot
*** SUMMARY ***
Total pot $54 | Rake $0.50
Board [6s 9c 5d 4d As]
Seat 1: VolkovDmitri (button) (small blind) showed [Qs Qd] and won ($53.50) with a pair of Queens
Seat 2: SlapChopp (big blind) showed [7d Jd] and lost with high card Ace


PokerStars Hand #163457376243:  Hold'em Limit ($3/$6 USD) - 2016/12/24 13:51:06 ET
Table 'Ani' 6-max Seat #1 is the button
Seat 1: VolkovDmitri ($137.50 in chips)
Seat 2: SlapChopp ($159.34 in chips)
VolkovDmitri: posts small blind $1
SlapChopp: posts big blind $3
*** HOLE CARDS ***
VolkovDmitri: raises $3 to $6
SlapChopp: folds
Uncalled bet ($3) returned to VolkovDmitri
VolkovDmitri collected $6 from pot
VolkovDmitri: doesn't show hand
*** SUMMARY ***
Total pot $6 | Rake $0
Seat 1: VolkovDmitri (button) (small blind) collected ($6)
Seat 2: SlapChopp (big blind) folded before Flop


PokerStars Hand #163457348978:  Hold'em Limit ($3/$6 USD) - 2016/12/24 13:50:31 ET
Table 'Ani' 6-max Seat #2 is the button
Seat 1: VolkovDmitri ($146.50 in chips)
Seat 2: SlapChopp ($150.70 in chips)
SlapChopp: posts small blind $1
VolkovDmitri: posts big blind $3
*** HOLE CARDS ***
SlapChopp: raises $3 to $6
VolkovDmitri: calls $3
*** FLOP *** [3s Kd 7c]
VolkovDmitri: checks
SlapChopp: bets $3
VolkovDmitri: calls $3
*** TURN *** [3s Kd 7c] [8h]
VolkovDmitri: checks
SlapChopp: bets $6
VolkovDmitri: folds
Uncalled bet ($6) returned to SlapChopp
SlapChopp collected $17.64 from pot
SlapChopp: doesn't show hand
*** SUMMARY ***
Total pot $18 | Rake $0.36
Board [3s Kd 7c 8h]
Seat 1: VolkovDmitri (big blind) folded on the Turn
Seat 2: SlapChopp (button) (small blind) collected ($17.64)


PokerStars Hand #163457381975:  Hold'em Limit ($3/$6 USD) - 2016/12/24 13:51:13 ET
Table 'Ani' 6-max Seat #2 is the button
Seat 1: VolkovDmitri ($140.50 in chips)
Seat 2: SlapChopp ($156.34 in chips)
SlapChopp: posts small blind $1
VolkovDmitri: posts big blind $3
*** HOLE CARDS ***
SlapChopp: raises $3 to $6
VolkovDmitri: folds
Uncalled bet ($3) returned to SlapChopp
SlapChopp collected $6 from pot
SlapChopp: doesn't show hand
*** SUMMARY ***
Total pot $6 | Rake $0
Seat 1: VolkovDmitri (big blind) folded before Flop
Seat 2: SlapChopp (button) (small blind) collected ($6)


PokerStars Hand #163457388748:  Hold'em Limit ($3/$6 USD) - 2016/12/24 13:51:22 ET
Table 'Ani' 6-max Seat #1 is the button
Seat 1: VolkovDmitri ($137.50 in chips)
Seat 2: SlapChopp ($159.34 in chips)
VolkovDmitri: posts small blind $1
SlapChopp: posts big blind $3
*** HOLE CARDS ***
VolkovDmitri: raises $3 to $6
SlapChopp: raises $3 to $9
VolkovDmitri: calls $3
*** FLOP *** [8s 7s Jh]
SlapChopp: bets $3
VolkovDmitri: raises $3 to $6
SlapChopp: calls $3
*** TURN *** [8s 7s Jh] [2c]
SlapChopp: checks
VolkovDmitri: bets $6
SlapChopp: calls $6
*** RIVER *** [8s 7s Jh 2c] [9d]
SlapChopp: checks
VolkovDmitri: checks
*** SHOW DOWN ***
SlapChopp: shows [9c 9s] (three of a kind, Nines)
VolkovDmitri: mucks hand
SlapChopp collected $41.50 from pot
*** SUMMARY ***
Total pot $42 | Rake $0.50
Board [8s 7s Jh 2c 9d]
Seat 1: VolkovDmitri (button) (small blind) mucked
Seat 2: SlapChopp (big blind) showed [9c 9s] and won ($41.50) with three of a kind, Nines


PokerStars Hand #163457450318:  Hold'em Limit ($3/$6 USD) - 2016/12/24 13:52:42 ET
Table 'Ani' 6-max Seat #2 is the button
Seat 1: VolkovDmitri ($120 in chips)
Seat 2: SlapChopp ($179.84 in chips)
SlapChopp: posts small blind $1
VolkovDmitri: posts big blind $3
*** HOLE CARDS ***
SlapChopp: folds
Uncalled bet ($2) returned to VolkovDmitri
VolkovDmitri collected $2 from pot
VolkovDmitri: doesn't show hand
*** SUMMARY ***
Total pot $2 | Rake $0
Seat 1: VolkovDmitri (big blind) collected ($2)
Seat 2: SlapChopp (button) (small blind) folded before Flop


PokerStars Hand #163457454715:  Hold'em Limit ($3/$6 USD) - 2016/12/24 13:52:48 ET
Table 'Ani' 6-max Seat #1 is the button
Seat 1: VolkovDmitri ($121 in chips)
Seat 2: SlapChopp ($178.84 in chips)
VolkovDmitri: posts small blind $1
SlapChopp: posts big blind $3
*** HOLE CARDS ***
VolkovDmitri: raises $3 to $6
SlapChopp: calls $3
*** FLOP *** [4d 8h Jc]
SlapChopp: checks
VolkovDmitri: bets $3
SlapChopp: calls $3
*** TURN *** [4d 8h Jc] [4h]
SlapChopp: checks
VolkovDmitri: checks
*** RIVER *** [4d 8h Jc 4h] [2c]
SlapChopp: bets $6
VolkovDmitri: folds
Uncalled bet ($6) returned to SlapChopp
SlapChopp collected $17.64 from pot
SlapChopp: doesn't show hand
*** SUMMARY ***
Total pot $18 | Rake $0.36
Board [4d 8h Jc 4h 2c]
Seat 1: VolkovDmitri (button) (small blind) folded on the River
Seat 2: SlapChopp (big blind) collected ($17.64)


PokerStars Hand #163457488409:  Hold'em Limit ($3/$6 USD) - 2016/12/24 13:53:31 ET
Table 'Ani' 6-max Seat #1 is the button
Seat 1: VolkovDmitri ($125.76 in chips)
Seat 2: SlapChopp ($181.48 in chips)
VolkovDmitri: posts small blind $1
SlapChopp: posts big blind $3
*** HOLE CARDS ***
VolkovDmitri: raises $3 to $6
SlapChopp: calls $3
*** FLOP *** [2s Ts 7c]
SlapChopp: checks
VolkovDmitri: bets $3
SlapChopp: calls $3
*** TURN *** [2s Ts 7c] [Tc]
SlapChopp: checks
VolkovDmitri: checks
*** RIVER *** [2s Ts 7c Tc] [7h]
SlapChopp: checks
VolkovDmitri: checks
*** SHOW DOWN ***
SlapChopp: shows [Kh 4s] (two pair, Tens and Sevens)
VolkovDmitri: mucks hand
SlapChopp collected $17.64 from pot
*** SUMMARY ***
Total pot $18 | Rake $0.36
Board [2s Ts 7c Tc 7h]
Seat 1: VolkovDmitri (button) (small blind) mucked
Seat 2: SlapChopp (big blind) showed [Kh 4s] and won ($17.64) with two pair, Tens and Sevens


PokerStars Hand #163457477539:  Hold'em Limit ($3/$6 USD) - 2016/12/24 13:53:18 ET
Table 'Ani' 6-max Seat #2 is the button
Seat 1: VolkovDmitri ($120 in chips)
Seat 2: SlapChopp ($187.48 in chips)
SlapChopp: posts small blind $1
VolkovDmitri: posts big blind $3
*** HOLE CARDS ***
SlapChopp: raises $3 to $6
VolkovDmitri: calls $3
*** FLOP *** [Jd Qs As]
VolkovDmitri: bets $3
SlapChopp: folds
Uncalled bet ($3) returned to VolkovDmitri
VolkovDmitri collected $11.76 from pot
VolkovDmitri: doesn't show hand
*** SUMMARY ***
Total pot $12 | Rake $0.24
Board [Jd Qs As]
Seat 1: VolkovDmitri (big blind) collected ($11.76)
Seat 2: SlapChopp (button) (small blind) folded on the Flop


PokerStars Hand #163457514889:  Hold'em Limit ($3/$6 USD) - 2016/12/24 13:54:06 ET
Table 'Ani' 6-max Seat #2 is the button
Seat 1: VolkovDmitri ($120 in chips)
Seat 2: SlapChopp ($190.12 in chips)
SlapChopp: posts small blind $1
VolkovDmitri: posts big blind $3
*** HOLE CARDS ***
SlapChopp: raises $3 to $6
VolkovDmitri: calls $3
*** FLOP *** [3c 2d Qd]
VolkovDmitri: checks
SlapChopp: bets $3
VolkovDmitri: calls $3
*** TURN *** [3c 2d Qd] [6d]
TheRivRat22 joins the table at seat #3
VolkovDmitri: checks
SlapChopp: checks
*** RIVER *** [3c 2d Qd 6d] [Td]
VolkovDmitri: checks
SlapChopp: checks
*** SHOW DOWN ***
VolkovDmitri: shows [Ad 4h] (a flush, Ace high)
SlapChopp: mucks hand
VolkovDmitri collected $17.64 from pot
*** SUMMARY ***
Total pot $18 | Rake $0.36
Board [3c 2d Qd 6d Td]
Seat 1: VolkovDmitri (big blind) showed [Ad 4h] and won ($17.64) with a flush, Ace high
Seat 2: SlapChopp (button) (small blind) mucked


PokerStars Hand #163457543904:  Hold'em Limit ($3/$6 USD) - 2016/12/24 13:54:43 ET
Table 'Ani' 6-max Seat #1 is the button
Seat 1: VolkovDmitri ($128.64 in chips)
Seat 2: SlapChopp ($181.12 in chips)
VolkovDmitri: posts small blind $1
SlapChopp: posts big blind $3
*** HOLE CARDS ***
VolkovDmitri: raises $3 to $6
SlapChopp: calls $3
*** FLOP *** [Jh Ah 6s]
SlapChopp: checks
VolkovDmitri: bets $3
SlapChopp: folds
Uncalled bet ($3) returned to VolkovDmitri
VolkovDmitri collected $11.76 from pot
VolkovDmitri: doesn't show hand
*** SUMMARY ***
Total pot $12 | Rake $0.24
Board [Jh Ah 6s]
Seat 1: VolkovDmitri (button) (small blind) collected ($11.76)
Seat 2: SlapChopp (big blind) folded on the Flop


PokerStars Hand #163457788006:  Hold'em Limit ($3/$6 USD) - 2016/12/24 14:00:44 ET
Table 'Ani' 6-max Seat #2 is the button
Seat 1: VolkovDmitri ($138.57 in chips)
Seat 2: SlapChopp ($171.19 in chips)
SlapChopp: posts small blind $1
VolkovDmitri: posts big blind $3
*** HOLE CARDS ***
SlapChopp: raises $3 to $6
VolkovDmitri: calls $3
*** FLOP *** [3s 2s 5d]
VolkovDmitri: bets $3
SlapChopp: raises $3 to $6
VolkovDmitri: calls $3
*** TURN *** [3s 2s 5d] [4h]
VolkovDmitri: checks
SlapChopp: checks
*** RIVER *** [3s 2s 5d 4h] [8c]
VolkovDmitri: checks
SlapChopp: bets $6
VolkovDmitri: folds
Uncalled bet ($6) returned to SlapChopp
SlapChopp collected $23.52 from pot
SlapChopp: doesn't show hand
*** SUMMARY ***
Total pot $24 | Rake $0.48
Board [3s 2s 5d 4h 8c]
Seat 1: VolkovDmitri (big blind) folded on the River
Seat 2: SlapChopp (button) (small blind) collected ($23.52)


PokerStars Hand #163457871325:  Hold'em Limit ($3/$6 USD) - 2016/12/24 14:02:36 ET
Table 'Ani' 6-max Seat #1 is the button
Seat 1: VolkovDmitri ($120 in chips)
Seat 2: SlapChopp ($200.21 in chips)
VolkovDmitri: posts small blind $1
SlapChopp: posts big blind $3
*** HOLE CARDS ***
VolkovDmitri: raises $3 to $6
SlapChopp: calls $3
*** FLOP *** [Ks Tc 8h]
SlapChopp: checks
VolkovDmitri: bets $3
SlapChopp: calls $3
*** TURN *** [Ks Tc 8h] [4d]
chebob joins the table at seat #3
SlapChopp: checks
VolkovDmitri: checks
*** RIVER *** [Ks Tc 8h 4d] [9h]
BeaGarcia505 joins the table at seat #4
SlapChopp: checks
VolkovDmitri: bets $6
SlapChopp: calls $6
*** SHOW DOWN ***
VolkovDmitri: shows [7c Jh] (a straight, Seven to Jack)
SlapChopp: mucks hand
VolkovDmitri collected $29.50 from pot
*** SUMMARY ***
Total pot $30 | Rake $0.50
Board [Ks Tc 8h 4d 9h]
Seat 1: VolkovDmitri (button) (small blind) showed [7c Jh] and won ($29.50) with a straight, Seven to Jack
Seat 2: SlapChopp (big blind) mucked


PokerStars Hand #163457866026:  Hold'em Limit ($3/$6 USD) - 2016/12/24 14:02:29 ET
Table 'Ani' 6-max Seat #2 is the button
Seat 1: VolkovDmitri ($120 in chips)
Seat 2: SlapChopp ($197.21 in chips)
SlapChopp: posts small blind $1
VolkovDmitri: posts big blind $3
*** HOLE CARDS ***
SlapChopp: raises $3 to $6
VolkovDmitri: folds
Uncalled bet ($3) returned to SlapChopp
SlapChopp collected $6 from pot
SlapChopp: doesn't show hand
*** SUMMARY ***
Total pot $6 | Rake $0
Seat 1: VolkovDmitri (big blind) folded before Flop
Seat 2: SlapChopp (button) (small blind) collected ($6)


PokerStars Hand #163457820507:  Hold'em Limit ($3/$6 USD) - 2016/12/24 14:01:29 ET
Table 'Ani' 6-max Seat #1 is the button
Seat 1: VolkovDmitri ($126.57 in chips)
Seat 2: SlapChopp ($182.71 in chips)
VolkovDmitri: posts small blind $1
SlapChopp: posts big blind $3
*** HOLE CARDS ***
VolkovDmitri: raises $3 to $6
SlapChopp: calls $3
*** FLOP *** [Ac 8c 9c]
SlapChopp: checks
VolkovDmitri: bets $3
SlapChopp: calls $3
*** TURN *** [Ac 8c 9c] [6h]
SlapChopp: checks
VolkovDmitri: checks
*** RIVER *** [Ac 8c 9c 6h] [5s]
SlapChopp: bets $6
VolkovDmitri: calls $6
*** SHOW DOWN ***
SlapChopp: shows [7c Kh] (a straight, Five to Nine)
VolkovDmitri: mucks hand
SlapChopp collected $29.50 from pot
*** SUMMARY ***
Total pot $30 | Rake $0.50
Board [Ac 8c 9c 6h 5s]
Seat 1: VolkovDmitri (button) (small blind) mucked
Seat 2: SlapChopp (big blind) showed [7c Kh] and won ($29.50) with a straight, Five to Nine


PokerStars Hand #163458284720:  Hold'em Limit ($3/$6 USD) - 2016/12/24 14:11:33 ET
Table 'Ani' 6-max Seat #5 is the button
Seat 2: SlapChopp ($214.36 in chips)
Seat 5: SmellyToes4u ($93 in chips)
SmellyToes4u: posts small blind $1
SlapChopp: posts big blind $3
*** HOLE CARDS ***
SmellyToes4u: raises $3 to $6
SlapChopp: calls $3
*** FLOP *** [9c Kc 3h]
SlapChopp: checks
SmellyToes4u: bets $3
SlapChopp: folds
Uncalled bet ($3) returned to SmellyToes4u
SmellyToes4u collected $11.76 from pot
SmellyToes4u: doesn't show hand
*** SUMMARY ***
Total pot $12 | Rake $0.24
Board [9c Kc 3h]
Seat 2: SlapChopp (big blind) folded on the Flop
Seat 5: SmellyToes4u (button) (small blind) collected ($11.76)


PokerStars Hand #163458280965:  Hold'em Limit ($3/$6 USD) - 2016/12/24 14:11:28 ET
Table 'Ani' 6-max Seat #2 is the button
Seat 2: SlapChopp ($215.36 in chips)
Seat 5: SmellyToes4u ($92 in chips)
SlapChopp: posts small blind $1
SmellyToes4u: posts big blind $3
*** HOLE CARDS ***
SlapChopp: folds
Uncalled bet ($2) returned to SmellyToes4u
SmellyToes4u collected $2 from pot
SmellyToes4u: doesn't show hand
*** SUMMARY ***
Total pot $2 | Rake $0
Seat 2: SlapChopp (button) (small blind) folded before Flop
Seat 5: SmellyToes4u (big blind) collected ($2)


PokerStars Hand #163458276097:  Hold'em Limit ($3/$6 USD) - 2016/12/24 14:11:22 ET
Table 'Ani' 6-max Seat #5 is the button
Seat 2: SlapChopp ($214.36 in chips)
Seat 5: SmellyToes4u ($93 in chips)
SmellyToes4u: posts small blind $1
lanford: is sitting out
SlapChopp: posts big blind $3
*** HOLE CARDS ***
lanford leaves the table
SmellyToes4u: folds
Uncalled bet ($2) returned to SlapChopp
SlapChopp collected $2 from pot
SlapChopp: doesn't show hand
*** SUMMARY ***
Total pot $2 | Rake $0
Seat 2: SlapChopp (big blind) collected ($2)
Seat 5: SmellyToes4u (button) (small blind) folded before Flop


PokerStars Hand #163458324479:  Hold'em Limit ($3/$6 USD) - 2016/12/24 14:12:25 ET
Table 'Ani' 6-max Seat #5 is the button
Seat 2: SlapChopp ($225.86 in chips)
Seat 5: SmellyToes4u ($80.76 in chips)
SmellyToes4u: posts small blind $1
SlapChopp: posts big blind $3
*** HOLE CARDS ***
SmellyToes4u: raises $3 to $6
SlapChopp: calls $3
*** FLOP *** [7c 4c 2h]
SlapChopp: checks
SmellyToes4u: bets $3
SlapChopp: calls $3
*** TURN *** [7c 4c 2h] [Ac]
SlapChopp: checks
SmellyToes4u: bets $6
SlapChopp: folds
Uncalled bet ($6) returned to SmellyToes4u
SmellyToes4u collected $17.64 from pot
SmellyToes4u: doesn't show hand
*** SUMMARY ***
Total pot $18 | Rake $0.36
Board [7c 4c 2h Ac]
Seat 2: SlapChopp (big blind) folded on the Turn
Seat 5: SmellyToes4u (button) (small blind) collected ($17.64)


PokerStars Hand #163458340574:  Hold'em Limit ($3/$6 USD) - 2016/12/24 14:12:46 ET
Table 'Ani' 6-max Seat #2 is the button
Seat 2: SlapChopp ($216.86 in chips)
Seat 5: SmellyToes4u ($89.40 in chips)
SlapChopp: posts small blind $1
SmellyToes4u: posts big blind $3
*** HOLE CARDS ***
SlapChopp: raises $3 to $6
SmellyToes4u: raises $3 to $9
SlapChopp: raises $3 to $12
Betting is capped
SmellyToes4u: calls $3
*** FLOP *** [4d 5s 6c]
SmellyToes4u: checks
SlapChopp: bets $3
SmellyToes4u: calls $3
*** TURN *** [4d 5s 6c] [Qd]
SmellyToes4u: checks
SlapChopp: bets $6
SmellyToes4u: folds
Uncalled bet ($6) returned to SlapChopp
SlapChopp collected $29.50 from pot
SlapChopp: doesn't show hand
*** SUMMARY ***
Total pot $30 | Rake $0.50
Board [4d 5s 6c Qd]
Seat 2: SlapChopp (button) (small blind) collected ($29.50)
Seat 5: SmellyToes4u (big blind) folded on the Turn


PokerStars Hand #163458358836:  Hold'em Limit ($3/$6 USD) - 2016/12/24 14:13:10 ET
Table 'Ani' 6-max Seat #5 is the button
Seat 2: SlapChopp ($231.36 in chips)
Seat 5: SmellyToes4u ($74.40 in chips)
SmellyToes4u: posts small blind $1
SlapChopp: posts big blind $3
*** HOLE CARDS ***
SmellyToes4u: folds
Uncalled bet ($2) returned to SlapChopp
SlapChopp collected $2 from pot
*** SUMMARY ***
Total pot $2 | Rake $0
Seat 2: SlapChopp (big blind) collected ($2)
Seat 5: SmellyToes4u (button) (small blind) folded before Flop


PokerStars Hand #163458297085:  Hold'em Limit ($3/$6 USD) - 2016/12/24 14:11:49 ET
Table 'Ani' 6-max Seat #2 is the button
Seat 2: SlapChopp ($208.36 in chips)
Seat 5: SmellyToes4u ($98.76 in chips)
SlapChopp: posts small blind $1
SmellyToes4u: posts big blind $3
*** HOLE CARDS ***
SlapChopp: raises $3 to $6
SmellyToes4u: raises $3 to $9
SlapChopp: calls $3
*** FLOP *** [8h 9d 8d]
SmellyToes4u: bets $3
SlapChopp: calls $3
*** TURN *** [8h 9d 8d] [9s]
SmellyToes4u: bets $6
SlapChopp: calls $6
*** RIVER *** [8h 9d 8d 9s] [3h]
SmellyToes4u: checks
SlapChopp: bets $6
SmellyToes4u: folds
Uncalled bet ($6) returned to SlapChopp
SlapChopp collected $35.50 from pot
SlapChopp: doesn't show hand
*** SUMMARY ***
Total pot $36 | Rake $0.50
Board [8h 9d 8d 9s 3h]
Seat 2: SlapChopp (button) (small blind) collected ($35.50)
Seat 5: SmellyToes4u (big blind) folded on the River


