PokerStars Hand #145059686027:  Hold'em Limit ($3/$6 USD) - 2015/12/09 2:23:42 ET
Table 'Anitra' 6-max Seat #6 is the button
Seat 4: scorpio04 ($72 in chips)
Seat 6: FeiteFrank ($94.88 in chips)
FeiteFrank: posts small blind $1
VolkovDmitri: is sitting out
Agrotait: is sitting out
scorpio04: posts big blind $3
*** HOLE CARDS ***
VolkovDmitri leaves the table
Agrotait leaves the table
FeiteFrank: raises $3 to $6
scorpio04: raises $3 to $9
FeiteFrank: calls $3
*** FLOP *** [9d 7h 3c]
scorpio04: bets $3
FeiteFrank: calls $3
*** TURN *** [9d 7h 3c] [Th]
scorpio04: checks
FeiteFrank: bets $6
scorpio04: calls $6
*** RIVER *** [9d 7h 3c Th] [Td]
scorpio04: checks
FeiteFrank: bets $6
scorpio04: calls $6
*** SHOW DOWN ***
FeiteFrank: shows [7s Qd] (two pair, Tens and Sevens)
scorpio04: mucks hand
FeiteFrank collected $47.50 from pot
*** SUMMARY ***
Total pot $48 | Rake $0.50
Board [9d 7h 3c Th Td]
Seat 4: scorpio04 (big blind) mucked
Seat 6: FeiteFrank (button) (small blind) showed [7s Qd] and won ($47.50) with two pair, Tens and Sevens


PokerStars Hand #145059694874:  Hold'em Limit ($3/$6 USD) - 2015/12/09 2:24:15 ET
Table 'Anitra' 6-max Seat #6 is the button
Seat 4: scorpio04 ($72 in chips)
Seat 6: FeiteFrank ($127.02 in chips)
FeiteFrank: posts small blind $1
scorpio04: posts big blind $3
*** HOLE CARDS ***
FeiteFrank: folds
Uncalled bet ($2) returned to scorpio04
scorpio04 collected $2 from pot
scorpio04: doesn't show hand
*** SUMMARY ***
Total pot $2 | Rake $0
Seat 4: scorpio04 (big blind) collected ($2)
Seat 6: FeiteFrank (button) (small blind) folded before Flop


PokerStars Hand #145059691518:  Hold'em Limit ($3/$6 USD) - 2015/12/09 2:24:02 ET
Table 'Anitra' 6-max Seat #4 is the button
Seat 4: scorpio04 ($72 in chips)
Seat 6: FeiteFrank ($118.38 in chips)
scorpio04: posts small blind $1
FeiteFrank: posts big blind $3
*** HOLE CARDS ***
scorpio04: raises $3 to $6
FeiteFrank: raises $3 to $9
scorpio04: calls $3
*** FLOP *** [Jc 6h 7c]
FeiteFrank: bets $3
scorpio04: folds
Uncalled bet ($3) returned to FeiteFrank
FeiteFrank collected $17.64 from pot
*** SUMMARY ***
Total pot $18 | Rake $0.36
Board [Jc 6h 7c]
Seat 4: scorpio04 (button) (small blind) folded on the Flop
Seat 6: FeiteFrank (big blind) collected ($17.64)


