PokerStars Hand #175188491754:  Hold'em Limit ($3/$6 USD) - 2017/09/04 6:44:05 ET
Table 'Anius II' 6-max Seat #5 is the button
Seat 4: Anchig ($84 in chips)
Seat 5: dalton135 ($155.50 in chips)
dalton135: posts small blind $1
Anchig: posts big blind $3
*** HOLE CARDS ***
dalton135: folds
Uncalled bet ($2) returned to Anchig
Anchig collected $2 from pot
Anchig: doesn't show hand
*** SUMMARY ***
Total pot $2 | Rake $0
Seat 4: Anchig (big blind) collected ($2)
Seat 5: dalton135 (button) (small blind) folded before Flop


PokerStars Hand #175188481746:  Hold'em Limit ($3/$6 USD) - 2017/09/04 6:43:40 ET
Table 'Anius II' 6-max Seat #4 is the button
Seat 4: Anchig ($120 in chips)
Seat 5: dalton135 ($120 in chips)
Anchig: posts small blind $1
dalton135: posts big blind $3
*** HOLE CARDS ***
Anchig: raises $3 to $6
dalton135: raises $3 to $9
Anchig: calls $3
*** FLOP *** [5h 4c 7d]
dalton135: bets $3
Anchig: calls $3
*** TURN *** [5h 4c 7d] [4d]
dalton135: bets $6
Anchig: raises $6 to $12
dalton135: raises $6 to $18
Anchig: calls $6
*** RIVER *** [5h 4c 7d 4d] [Ks]
dalton135: bets $6
Anchig: calls $6
*** SHOW DOWN ***
dalton135: shows [Kc Kh] (a full house, Kings full of Fours)
Anchig: mucks hand
dalton135 collected $71.50 from pot
*** SUMMARY ***
Total pot $72 | Rake $0.50
Board [5h 4c 7d 4d Ks]
Seat 4: Anchig (button) (small blind) mucked
Seat 5: dalton135 (big blind) showed [Kc Kh] and won ($71.50) with a full house, Kings full of Fours


PokerStars Hand #175188515864:  Hold'em Limit ($3/$6 USD) - 2017/09/04 6:45:07 ET
Table 'Anius II' 6-max Seat #5 is the button
Seat 4: Anchig ($117.02 in chips)
Seat 5: dalton135 ($121.50 in chips)
dalton135: posts small blind $1
Anchig: posts big blind $3
*** HOLE CARDS ***
dalton135: folds
Uncalled bet ($2) returned to Anchig
Anchig collected $2 from pot
Anchig: doesn't show hand
*** SUMMARY ***
Total pot $2 | Rake $0
Seat 4: Anchig (big blind) collected ($2)
Seat 5: dalton135 (button) (small blind) folded before Flop


PokerStars Hand #175188512691:  Hold'em Limit ($3/$6 USD) - 2017/09/04 6:44:59 ET
Table 'Anius II' 6-max Seat #4 is the button
Seat 4: Anchig ($114.02 in chips)
Seat 5: dalton135 ($124.50 in chips)
Anchig: posts small blind $1
dalton135: posts big blind $3
*** HOLE CARDS ***
Anchig: raises $3 to $6
dalton135: folds
Uncalled bet ($3) returned to Anchig
Anchig collected $6 from pot
Anchig: doesn't show hand
*** SUMMARY ***
Total pot $6 | Rake $0
Seat 4: Anchig (button) (small blind) collected ($6)
Seat 5: dalton135 (big blind) folded before Flop


PokerStars Hand #175188507642:  Hold'em Limit ($3/$6 USD) - 2017/09/04 6:44:46 ET
Table 'Anius II' 6-max Seat #5 is the button
Seat 4: Anchig ($102.50 in chips)
Seat 5: dalton135 ($136.50 in chips)
dalton135: posts small blind $1
Anchig: posts big blind $3
*** HOLE CARDS ***
dalton135: raises $3 to $6
Anchig: raises $3 to $9
dalton135: calls $3
*** FLOP *** [Kd Ts Ac]
Anchig: bets $3
dalton135: calls $3
*** TURN *** [Kd Ts Ac] [9d]
Anchig: bets $6
dalton135: folds
Uncalled bet ($6) returned to Anchig
Anchig collected $23.52 from pot
Anchig: doesn't show hand
*** SUMMARY ***
Total pot $24 | Rake $0.48
Board [Kd Ts Ac 9d]
Seat 4: Anchig (big blind) collected ($23.52)
Seat 5: dalton135 (button) (small blind) folded on the Turn


PokerStars Hand #175188493684:  Hold'em Limit ($3/$6 USD) - 2017/09/04 6:44:10 ET
Table 'Anius II' 6-max Seat #4 is the button
Seat 4: Anchig ($85 in chips)
Seat 5: dalton135 ($154.50 in chips)
Anchig: posts small blind $1
dalton135: posts big blind $3
*** HOLE CARDS ***
Anchig: raises $3 to $6
dalton135: calls $3
*** FLOP *** [Js Kh 4c]
dalton135: checks
Anchig: checks
*** TURN *** [Js Kh 4c] [8d]
dalton135: bets $6
Anchig: calls $6
*** RIVER *** [Js Kh 4c 8d] [Qs]
dalton135: bets $6
Anchig: calls $6
*** SHOW DOWN ***
dalton135: shows [6s 3c] (high card King)
Anchig: shows [Jd 7s] (a pair of Jacks)
Anchig collected $35.50 from pot
*** SUMMARY ***
Total pot $36 | Rake $0.50
Board [Js Kh 4c 8d Qs]
Seat 4: Anchig (button) (small blind) showed [Jd 7s] and won ($35.50) with a pair of Jacks
Seat 5: dalton135 (big blind) showed [6s 3c] and lost with high card King


PokerStars Hand #175188535089:  Hold'em Limit ($3/$6 USD) - 2017/09/04 6:45:56 ET
Table 'Anius II' 6-max Seat #4 is the button
Seat 4: Anchig ($124.78 in chips)
Seat 5: dalton135 ($113.50 in chips)
Anchig: posts small blind $1
dalton135: posts big blind $3
*** HOLE CARDS ***
Anchig: raises $3 to $6
dalton135: raises $3 to $9
Anchig: calls $3
*** FLOP *** [7d 9d 8h]
dalton135: bets $3
Anchig: calls $3
*** TURN *** [7d 9d 8h] [Th]
dalton135: bets $6
Anchig: raises $6 to $12
dalton135: folds
Uncalled bet ($6) returned to Anchig
Anchig collected $35.50 from pot
Anchig: doesn't show hand
*** SUMMARY ***
Total pot $36 | Rake $0.50
Board [7d 9d 8h Th]
Seat 4: Anchig (button) (small blind) collected ($35.50)
Seat 5: dalton135 (big blind) folded on the Turn


PokerStars Hand #175188533360:  Hold'em Limit ($3/$6 USD) - 2017/09/04 6:45:52 ET
Table 'Anius II' 6-max Seat #5 is the button
Seat 4: Anchig ($123.78 in chips)
Seat 5: dalton135 ($114.50 in chips)
dalton135: posts small blind $1
Anchig: posts big blind $3
*** HOLE CARDS ***
dalton135: folds
Uncalled bet ($2) returned to Anchig
Anchig collected $2 from pot
Anchig: doesn't show hand
*** SUMMARY ***
Total pot $2 | Rake $0
Seat 4: Anchig (big blind) collected ($2)
Seat 5: dalton135 (button) (small blind) folded before Flop


PokerStars Hand #175188525155:  Hold'em Limit ($3/$6 USD) - 2017/09/04 6:45:31 ET
Table 'Anius II' 6-max Seat #4 is the button
Seat 4: Anchig ($118.02 in chips)
Seat 5: dalton135 ($120.50 in chips)
Anchig: posts small blind $1
dalton135: posts big blind $3
*** HOLE CARDS ***
Anchig: raises $3 to $6
dalton135: calls $3
*** FLOP *** [Kc Js 9d]
dalton135: checks
Anchig: bets $3
dalton135: folds
Uncalled bet ($3) returned to Anchig
Anchig collected $11.76 from pot
Anchig: doesn't show hand
*** SUMMARY ***
Total pot $12 | Rake $0.24
Board [Kc Js 9d]
Seat 4: Anchig (button) (small blind) collected ($11.76)
Seat 5: dalton135 (big blind) folded on the Flop


PokerStars Hand #175188522597:  Hold'em Limit ($3/$6 USD) - 2017/09/04 6:45:25 ET
Table 'Anius II' 6-max Seat #5 is the button
Seat 4: Anchig ($117.02 in chips)
Seat 5: dalton135 ($121.50 in chips)
dalton135: posts small blind $1
Anchig: posts big blind $3
*** HOLE CARDS ***
dalton135: folds
Uncalled bet ($2) returned to Anchig
Anchig collected $2 from pot
Anchig: doesn't show hand
*** SUMMARY ***
Total pot $2 | Rake $0
Seat 4: Anchig (big blind) collected ($2)
Seat 5: dalton135 (button) (small blind) folded before Flop


PokerStars Hand #175188518413:  Hold'em Limit ($3/$6 USD) - 2017/09/04 6:45:14 ET
Table 'Anius II' 6-max Seat #4 is the button
Seat 4: Anchig ($118.02 in chips)
Seat 5: dalton135 ($120.50 in chips)
Anchig: posts small blind $1
dalton135: posts big blind $3
*** HOLE CARDS ***
Anchig: folds
Uncalled bet ($2) returned to dalton135
dalton135 collected $2 from pot
dalton135: doesn't show hand
*** SUMMARY ***
Total pot $2 | Rake $0
Seat 4: Anchig (button) (small blind) folded before Flop
Seat 5: dalton135 (big blind) collected ($2)


PokerStars Hand #175188566368:  Hold'em Limit ($3/$6 USD) - 2017/09/04 6:47:17 ET
Table 'Anius II' 6-max Seat #4 is the button
Seat 4: Anchig ($149.80 in chips)
Seat 5: dalton135 ($87.50 in chips)
Anchig: posts small blind $1
dalton135: posts big blind $3
*** HOLE CARDS ***
Anchig: folds
Uncalled bet ($2) returned to dalton135
dalton135 collected $2 from pot
dalton135: doesn't show hand
*** SUMMARY ***
Total pot $2 | Rake $0
Seat 4: Anchig (button) (small blind) folded before Flop
Seat 5: dalton135 (big blind) collected ($2)


PokerStars Hand #175188555145:  Hold'em Limit ($3/$6 USD) - 2017/09/04 6:46:48 ET
Table 'Anius II' 6-max Seat #5 is the button
Seat 4: Anchig ($138.28 in chips)
Seat 5: dalton135 ($99.50 in chips)
dalton135: posts small blind $1
Anchig: posts big blind $3
*** HOLE CARDS ***
dalton135: raises $3 to $6
Anchig: raises $3 to $9
dalton135: calls $3
*** FLOP *** [Tc Qd 7h]
Anchig: bets $3
dalton135: calls $3
*** TURN *** [Tc Qd 7h] [9s]
Anchig: bets $6
dalton135: folds
Uncalled bet ($6) returned to Anchig
Anchig collected $23.52 from pot
Anchig: doesn't show hand
*** SUMMARY ***
Total pot $24 | Rake $0.48
Board [Tc Qd 7h 9s]
Seat 4: Anchig (big blind) collected ($23.52)
Seat 5: dalton135 (button) (small blind) folded on the Turn


PokerStars Hand #175188550716:  Hold'em Limit ($3/$6 USD) - 2017/09/04 6:46:37 ET
Table 'Anius II' 6-max Seat #4 is the button
Seat 4: Anchig ($139.28 in chips)
Seat 5: dalton135 ($98.50 in chips)
Anchig: posts small blind $1
dalton135: posts big blind $3
*** HOLE CARDS ***
Anchig: folds
Uncalled bet ($2) returned to dalton135
dalton135 collected $2 from pot
dalton135: doesn't show hand
*** SUMMARY ***
Total pot $2 | Rake $0
Seat 4: Anchig (button) (small blind) folded before Flop
Seat 5: dalton135 (big blind) collected ($2)


PokerStars Hand #175188544345:  Hold'em Limit ($3/$6 USD) - 2017/09/04 6:46:20 ET
Table 'Anius II' 6-max Seat #5 is the button
Seat 4: Anchig ($142.28 in chips)
Seat 5: dalton135 ($95.50 in chips)
dalton135: posts small blind $1
Anchig: posts big blind $3
*** HOLE CARDS ***
dalton135: raises $3 to $6
Anchig: folds
Uncalled bet ($3) returned to dalton135
dalton135 collected $6 from pot
dalton135: doesn't show hand
*** SUMMARY ***
Total pot $6 | Rake $0
Seat 4: Anchig (big blind) folded before Flop
Seat 5: dalton135 (button) (small blind) collected ($6)


PokerStars Hand #175188575897:  Hold'em Limit ($3/$6 USD) - 2017/09/04 6:47:40 ET
Table 'Anius II' 6-max Seat #4 is the button
Seat 4: Anchig ($142.80 in chips)
Seat 5: dalton135 ($94.26 in chips)
Anchig: posts small blind $1
dalton135: posts big blind $3
*** HOLE CARDS ***
Anchig: raises $3 to $6
dalton135: raises $3 to $9
Anchig: calls $3
*** FLOP *** [Js 2s 4d]
dalton135: bets $3
Anchig: folds
Uncalled bet ($3) returned to dalton135
dalton135 collected $17.64 from pot
dalton135: doesn't show hand
*** SUMMARY ***
Total pot $18 | Rake $0.36
Board [Js 2s 4d]
Seat 4: Anchig (button) (small blind) folded on the Flop
Seat 5: dalton135 (big blind) collected ($17.64)


PokerStars Hand #175188568145:  Hold'em Limit ($3/$6 USD) - 2017/09/04 6:47:21 ET
Table 'Anius II' 6-max Seat #5 is the button
Seat 4: Anchig ($148.80 in chips)
Seat 5: dalton135 ($88.50 in chips)
dalton135: posts small blind $1
Anchig: posts big blind $3
*** HOLE CARDS ***
Lsalimov joins the table at seat #6
dalton135: raises $3 to $6
Anchig: calls $3
*** FLOP *** [Jc Ah Td]
Anchig: checks
dalton135: bets $3
Anchig: folds
Uncalled bet ($3) returned to dalton135
dalton135 collected $11.76 from pot
dalton135: doesn't show hand
*** SUMMARY ***
Total pot $12 | Rake $0.24
Board [Jc Ah Td]
Seat 4: Anchig (big blind) folded on the Flop
Seat 5: dalton135 (button) (small blind) collected ($11.76)


PokerStars Hand #175188609463:  Hold'em Limit ($3/$6 USD) - 2017/09/04 6:49:05 ET
Table 'Anius II' 6-max Seat #6 is the button
Seat 5: dalton135 ($128.04 in chips)
Seat 6: Lsalimov ($76 in chips)
Lsalimov: posts small blind $1
dalton135: posts big blind $3
*** HOLE CARDS ***
Lsalimov: raises $3 to $6
dalton135: calls $3
*** FLOP *** [8c Th Qc]
dalton135: bets $3
Lsalimov: calls $3
*** TURN *** [8c Th Qc] [2c]
dalton135: bets $6
Lsalimov: folds
Uncalled bet ($6) returned to dalton135
dalton135 collected $17.64 from pot
dalton135: doesn't show hand
*** SUMMARY ***
Total pot $18 | Rake $0.36
Board [8c Th Qc 2c]
Seat 5: dalton135 (big blind) collected ($17.64)
Seat 6: Lsalimov (button) (small blind) folded on the Turn


PokerStars Hand #175188607678:  Hold'em Limit ($3/$6 USD) - 2017/09/04 6:49:01 ET
Table 'Anius II' 6-max Seat #5 is the button
Seat 5: dalton135 ($129.04 in chips)
Seat 6: Lsalimov ($75 in chips)
dalton135: posts small blind $1
Lsalimov: posts big blind $3
*** HOLE CARDS ***
dalton135: folds
Uncalled bet ($2) returned to Lsalimov
Lsalimov collected $2 from pot
Lsalimov: doesn't show hand
*** SUMMARY ***
Total pot $2 | Rake $0
Seat 5: dalton135 (button) (small blind) folded before Flop
Seat 6: Lsalimov (big blind) collected ($2)


PokerStars Hand #175188605821:  Hold'em Limit ($3/$6 USD) - 2017/09/04 6:48:56 ET
Table 'Anius II' 6-max Seat #6 is the button
Seat 5: dalton135 ($132.04 in chips)
Seat 6: Lsalimov ($72 in chips)
Lsalimov: posts small blind $1
dalton135: posts big blind $3
*** HOLE CARDS ***
Lsalimov: raises $3 to $6
dalton135: folds
Uncalled bet ($3) returned to Lsalimov
Lsalimov collected $6 from pot
Lsalimov: doesn't show hand
*** SUMMARY ***
Total pot $6 | Rake $0
Seat 5: dalton135 (big blind) folded before Flop
Seat 6: Lsalimov (button) (small blind) collected ($6)


PokerStars Hand #175188598635:  Hold'em Limit ($3/$6 USD) - 2017/09/04 6:48:38 ET
Table 'Anius II' 6-max Seat #5 is the button
Seat 5: dalton135 ($102.54 in chips)
Seat 6: Lsalimov ($77.76 in chips)
dalton135: posts small blind $1
Lsalimov: posts big blind $3
*** HOLE CARDS ***
dalton135: raises $3 to $6
Lsalimov: raises $3 to $9
dalton135: calls $3
*** FLOP *** [8d 9s Tc]
Lsalimov: bets $3
dalton135: raises $3 to $6
Lsalimov: raises $3 to $9
dalton135: calls $3
*** TURN *** [8d 9s Tc] [8c]
Lsalimov: bets $6
dalton135: calls $6
*** RIVER *** [8d 9s Tc 8c] [7h]
Lsalimov: checks
dalton135: bets $6
Lsalimov: calls $6
*** SHOW DOWN ***
dalton135: shows [Ad Td] (two pair, Tens and Eights)
Lsalimov: mucks hand
dalton135 collected $59.50 from pot
*** SUMMARY ***
Total pot $60 | Rake $0.50
Board [8d 9s Tc 8c 7h]
Seat 5: dalton135 (button) (small blind) showed [Ad Td] and won ($59.50) with two pair, Tens and Eights
Seat 6: Lsalimov (big blind) mucked


PokerStars Hand #175188593401:  Hold'em Limit ($3/$6 USD) - 2017/09/04 6:48:25 ET
Table 'Anius II' 6-max Seat #6 is the button
Seat 5: dalton135 ($108.54 in chips)
Seat 6: Lsalimov ($72 in chips)
Lsalimov: posts small blind $1
Anchig: is sitting out
dalton135: posts big blind $3
*** HOLE CARDS ***
Lsalimov: raises $3 to $6
dalton135: calls $3
*** FLOP *** [As Qh 7d]
dalton135: checks
Lsalimov: bets $3
dalton135: folds
Uncalled bet ($3) returned to Lsalimov
Lsalimov collected $11.76 from pot
Lsalimov: doesn't show hand
Anchig leaves the table
*** SUMMARY ***
Total pot $12 | Rake $0.24
Board [As Qh 7d]
Seat 5: dalton135 (big blind) folded on the Flop
Seat 6: Lsalimov (button) (small blind) collected ($11.76)


PokerStars Hand #175188636676:  Hold'em Limit ($3/$6 USD) - 2017/09/04 6:50:14 ET
Table 'Anius II' 6-max Seat #5 is the button
Seat 5: dalton135 ($159.68 in chips)
Seat 6: Lsalimov ($89.28 in chips)
dalton135: posts small blind $1
Lsalimov: posts big blind $3
*** HOLE CARDS ***
dalton135: raises $3 to $6
Lsalimov: calls $3
*** FLOP *** [8d Td Ad]
Lsalimov: checks
dalton135: bets $3
Lsalimov: folds
Uncalled bet ($3) returned to dalton135
dalton135 collected $11.76 from pot
dalton135: doesn't show hand
*** SUMMARY ***
Total pot $12 | Rake $0.24
Board [8d Td Ad]
Seat 5: dalton135 (button) (small blind) collected ($11.76)
Seat 6: Lsalimov (big blind) folded on the Flop


PokerStars Hand #175188631366:  Hold'em Limit ($3/$6 USD) - 2017/09/04 6:50:01 ET
Table 'Anius II' 6-max Seat #6 is the button
Seat 5: dalton135 ($168.68 in chips)
Seat 6: Lsalimov ($80.64 in chips)
Lsalimov: posts small blind $1
dalton135: posts big blind $3
*** HOLE CARDS ***
Lsalimov: raises $3 to $6
dalton135: calls $3
*** FLOP *** [7h 4c Ad]
dalton135: checks
Lsalimov: bets $3
dalton135: calls $3
*** TURN *** [7h 4c Ad] [Th]
dalton135: checks
Lsalimov: bets $6
dalton135: folds
Uncalled bet ($6) returned to Lsalimov
Lsalimov collected $17.64 from pot
Lsalimov: doesn't show hand
*** SUMMARY ***
Total pot $18 | Rake $0.36
Board [7h 4c Ad Th]
Seat 5: dalton135 (big blind) folded on the Turn
Seat 6: Lsalimov (button) (small blind) collected ($17.64)


PokerStars Hand #175188627824:  Hold'em Limit ($3/$6 USD) - 2017/09/04 6:49:51 ET
Table 'Anius II' 6-max Seat #5 is the button
Seat 5: dalton135 ($177.68 in chips)
Seat 6: Lsalimov ($72 in chips)
dalton135: posts small blind $1
Lsalimov: posts big blind $3
*** HOLE CARDS ***
dalton135: raises $3 to $6
Lsalimov: calls $3
*** FLOP *** [Kc Js Qh]
Lsalimov: checks
dalton135: bets $3
Lsalimov: raises $3 to $6
dalton135: folds
Uncalled bet ($3) returned to Lsalimov
Lsalimov collected $17.64 from pot
Lsalimov: doesn't show hand
*** SUMMARY ***
Total pot $18 | Rake $0.36
Board [Kc Js Qh]
Seat 5: dalton135 (button) (small blind) folded on the Flop
Seat 6: Lsalimov (big blind) collected ($17.64)


PokerStars Hand #175188619278:  Hold'em Limit ($3/$6 USD) - 2017/09/04 6:49:30 ET
Table 'Anius II' 6-max Seat #6 is the button
Seat 5: dalton135 ($151.18 in chips)
Seat 6: Lsalimov ($72 in chips)
Lsalimov: posts small blind $1
dalton135: posts big blind $3
*** HOLE CARDS ***
Lsalimov: raises $3 to $6
dalton135: calls $3
*** FLOP *** [Jh 9c Tc]
dalton135: bets $3
Lsalimov: calls $3
*** TURN *** [Jh 9c Tc] [4s]
dalton135: bets $6
Lsalimov: calls $6
*** RIVER *** [Jh 9c Tc 4s] [5c]
dalton135: bets $6
Lsalimov: raises $6 to $12
dalton135: calls $6
*** SHOW DOWN ***
Lsalimov: shows [2d Qd] (high card Queen)
dalton135: shows [9h 6d] (a pair of Nines)
dalton135 collected $53.50 from pot
*** SUMMARY ***
Total pot $54 | Rake $0.50
Board [Jh 9c Tc 4s 5c]
Seat 5: dalton135 (big blind) showed [9h 6d] and won ($53.50) with a pair of Nines
Seat 6: Lsalimov (button) (small blind) showed [2d Qd] and lost with high card Queen


PokerStars Hand #175188614185:  Hold'em Limit ($3/$6 USD) - 2017/09/04 6:49:17 ET
Table 'Anius II' 6-max Seat #5 is the button
Seat 5: dalton135 ($136.68 in chips)
Seat 6: Lsalimov ($72 in chips)
dalton135: posts small blind $1
Lsalimov: posts big blind $3
*** HOLE CARDS ***
dalton135: raises $3 to $6
Lsalimov: calls $3
*** FLOP *** [4h Ah 5d]
Lsalimov: checks
dalton135: bets $3
Lsalimov: raises $3 to $6
dalton135: raises $3 to $9
Lsalimov: calls $3
*** TURN *** [4h Ah 5d] [7s]
Lsalimov: checks
dalton135: bets $6
Lsalimov: folds
Uncalled bet ($6) returned to dalton135
dalton135 collected $29.50 from pot
dalton135: doesn't show hand
*** SUMMARY ***
Total pot $30 | Rake $0.50
Board [4h Ah 5d 7s]
Seat 5: dalton135 (button) (small blind) collected ($29.50)
Seat 6: Lsalimov (big blind) folded on the Turn


PokerStars Hand #175188662329:  Hold'em Limit ($3/$6 USD) - 2017/09/04 6:51:13 ET
Table 'Anius II' 6-max Seat #5 is the button
Seat 5: dalton135 ($131.08 in chips)
Seat 6: Lsalimov ($116.54 in chips)
dalton135: posts small blind $1
Lsalimov: posts big blind $3
*** HOLE CARDS ***
dalton135: folds
Uncalled bet ($2) returned to Lsalimov
Lsalimov collected $2 from pot
Lsalimov: doesn't show hand
*** SUMMARY ***
Total pot $2 | Rake $0
Seat 5: dalton135 (button) (small blind) folded before Flop
Seat 6: Lsalimov (big blind) collected ($2)


PokerStars Hand #175188660137:  Hold'em Limit ($3/$6 USD) - 2017/09/04 6:51:07 ET
Table 'Anius II' 6-max Seat #6 is the button
Seat 5: dalton135 ($134.08 in chips)
Seat 6: Lsalimov ($113.54 in chips)
Lsalimov: posts small blind $1
dalton135: posts big blind $3
*** HOLE CARDS ***
Lsalimov: raises $3 to $6
dalton135: folds
Uncalled bet ($3) returned to Lsalimov
Lsalimov collected $6 from pot
Lsalimov: doesn't show hand
*** SUMMARY ***
Total pot $6 | Rake $0
Seat 5: dalton135 (big blind) folded before Flop
Seat 6: Lsalimov (button) (small blind) collected ($6)


PokerStars Hand #175188655433:  Hold'em Limit ($3/$6 USD) - 2017/09/04 6:51:01 ET
Table 'Anius II' 6-max Seat #5 is the button
Seat 5: dalton135 ($135.08 in chips)
Seat 6: Lsalimov ($112.54 in chips)
dalton135: posts small blind $1
Lsalimov: posts big blind $3
*** HOLE CARDS ***
dalton135: folds
Uncalled bet ($2) returned to Lsalimov
Lsalimov collected $2 from pot
Lsalimov: doesn't show hand
*** SUMMARY ***
Total pot $2 | Rake $0
Seat 5: dalton135 (button) (small blind) folded before Flop
Seat 6: Lsalimov (big blind) collected ($2)


PokerStars Hand #175188651671:  Hold'em Limit ($3/$6 USD) - 2017/09/04 6:50:52 ET
Table 'Anius II' 6-max Seat #6 is the button
Seat 5: dalton135 ($141.08 in chips)
Seat 6: Lsalimov ($106.78 in chips)
Lsalimov: posts small blind $1
dalton135: posts big blind $3
*** HOLE CARDS ***
Lsalimov: raises $3 to $6
dalton135: calls $3
*** FLOP *** [9d Kc Qd]
dalton135: checks
Lsalimov: bets $3
dalton135: folds
Uncalled bet ($3) returned to Lsalimov
Lsalimov collected $11.76 from pot
Lsalimov: doesn't show hand
*** SUMMARY ***
Total pot $12 | Rake $0.24
Board [9d Kc Qd]
Seat 5: dalton135 (big blind) folded on the Flop
Seat 6: Lsalimov (button) (small blind) collected ($11.76)


PokerStars Hand #175188645796:  Hold'em Limit ($3/$6 USD) - 2017/09/04 6:50:37 ET
Table 'Anius II' 6-max Seat #5 is the button
Seat 5: dalton135 ($174.08 in chips)
Seat 6: Lsalimov ($74.28 in chips)
dalton135: posts small blind $1
Lsalimov: posts big blind $3
*** HOLE CARDS ***
dalton135: raises $3 to $6
Lsalimov: raises $3 to $9
dalton135: calls $3
*** FLOP *** [7d Qc Jh]
Lsalimov: bets $3
dalton135: raises $3 to $6
Lsalimov: calls $3
*** TURN *** [7d Qc Jh] [7s]
Lsalimov: checks
dalton135: bets $6
Lsalimov: raises $6 to $12
dalton135: calls $6
*** RIVER *** [7d Qc Jh 7s] [Ts]
Lsalimov: bets $6
dalton135: calls $6
*** SHOW DOWN ***
Lsalimov: shows [7c As] (three of a kind, Sevens)
dalton135: mucks hand
Lsalimov collected $65.50 from pot
*** SUMMARY ***
Total pot $66 | Rake $0.50
Board [7d Qc Jh 7s Ts]
Seat 5: dalton135 (button) (small blind) mucked
Seat 6: Lsalimov (big blind) showed [7c As] and won ($65.50) with three of a kind, Sevens


PokerStars Hand #175188639878:  Hold'em Limit ($3/$6 USD) - 2017/09/04 6:50:22 ET
Table 'Anius II' 6-max Seat #6 is the button
Seat 5: dalton135 ($165.44 in chips)
Seat 6: Lsalimov ($83.28 in chips)
Lsalimov: posts small blind $1
dalton135: posts big blind $3
*** HOLE CARDS ***
Lsalimov: raises $3 to $6
dalton135: calls $3
*** FLOP *** [4d Ah Ks]
dalton135: checks
Lsalimov: bets $3
dalton135: calls $3
*** TURN *** [4d Ah Ks] [9c]
dalton135: checks
Lsalimov: checks
*** RIVER *** [4d Ah Ks 9c] [Qc]
dalton135: bets $6
Lsalimov: folds
Uncalled bet ($6) returned to dalton135
dalton135 collected $17.64 from pot
dalton135: doesn't show hand
*** SUMMARY ***
Total pot $18 | Rake $0.36
Board [4d Ah Ks 9c Qc]
Seat 5: dalton135 (big blind) collected ($17.64)
Seat 6: Lsalimov (button) (small blind) folded on the River


PokerStars Hand #175188682863:  Hold'em Limit ($3/$6 USD) - 2017/09/04 6:52:04 ET
Table 'Anius II' 6-max Seat #6 is the button
Seat 5: dalton135 ($166.72 in chips)
Seat 6: Lsalimov ($79.54 in chips)
Lsalimov: posts small blind $1
dalton135: posts big blind $3
*** HOLE CARDS ***
Lsalimov: raises $3 to $6
dalton135: calls $3
*** FLOP *** [As 3c Qc]
dalton135: checks
Lsalimov: bets $3
dalton135: calls $3
*** TURN *** [As 3c Qc] [3h]
dalton135: checks
Lsalimov: checks
*** RIVER *** [As 3c Qc 3h] [5s]
dalton135: bets $6
Lsalimov: calls $6
*** SHOW DOWN ***
dalton135: shows [Qs Jd] (two pair, Queens and Threes)
Lsalimov: mucks hand
dalton135 collected $29.50 from pot
*** SUMMARY ***
Total pot $30 | Rake $0.50
Board [As 3c Qc 3h 5s]
Seat 5: dalton135 (big blind) showed [Qs Jd] and won ($29.50) with two pair, Queens and Threes
Seat 6: Lsalimov (button) (small blind) mucked


PokerStars Hand #175188681061:  Hold'em Limit ($3/$6 USD) - 2017/09/04 6:52:00 ET
Table 'Anius II' 6-max Seat #5 is the button
Seat 5: dalton135 ($167.72 in chips)
Seat 6: Lsalimov ($78.54 in chips)
dalton135: posts small blind $1
Lsalimov: posts big blind $3
*** HOLE CARDS ***
dalton135: folds
Uncalled bet ($2) returned to Lsalimov
Lsalimov collected $2 from pot
Lsalimov: doesn't show hand
*** SUMMARY ***
Total pot $2 | Rake $0
Seat 5: dalton135 (button) (small blind) folded before Flop
Seat 6: Lsalimov (big blind) collected ($2)


PokerStars Hand #175188675673:  Hold'em Limit ($3/$6 USD) - 2017/09/04 6:51:46 ET
Table 'Anius II' 6-max Seat #6 is the button
Seat 5: dalton135 ($153.22 in chips)
Seat 6: Lsalimov ($93.54 in chips)
Lsalimov: posts small blind $1
dalton135: posts big blind $3
*** HOLE CARDS ***
Lsalimov: raises $3 to $6
dalton135: calls $3
*** FLOP *** [7h 2h 8s]
dalton135: checks
Lsalimov: bets $3
dalton135: calls $3
*** TURN *** [7h 2h 8s] [Js]
dalton135: checks
Lsalimov: bets $6
dalton135: raises $6 to $12
Lsalimov: folds
Uncalled bet ($6) returned to dalton135
dalton135 collected $29.50 from pot
dalton135: doesn't show hand
*** SUMMARY ***
Total pot $30 | Rake $0.50
Board [7h 2h 8s Js]
Seat 5: dalton135 (big blind) collected ($29.50)
Seat 6: Lsalimov (button) (small blind) folded on the Turn


PokerStars Hand #175188670559:  Hold'em Limit ($3/$6 USD) - 2017/09/04 6:51:34 ET
Table 'Anius II' 6-max Seat #5 is the button
Seat 5: dalton135 ($144.58 in chips)
Seat 6: Lsalimov ($102.54 in chips)
dalton135: posts small blind $1
Lsalimov: posts big blind $3
*** HOLE CARDS ***
dalton135: raises $3 to $6
Lsalimov: calls $3
*** FLOP *** [4d 2s 8d]
Lsalimov: checks
dalton135: bets $3
Lsalimov: calls $3
*** TURN *** [4d 2s 8d] [Td]
Lsalimov: checks
dalton135: bets $6
Lsalimov: folds
Uncalled bet ($6) returned to dalton135
dalton135 collected $17.64 from pot
dalton135: doesn't show hand
*** SUMMARY ***
Total pot $18 | Rake $0.36
Board [4d 2s 8d Td]
Seat 5: dalton135 (button) (small blind) collected ($17.64)
Seat 6: Lsalimov (big blind) folded on the Turn


PokerStars Hand #175188664056:  Hold'em Limit ($3/$6 USD) - 2017/09/04 6:51:17 ET
Table 'Anius II' 6-max Seat #6 is the button
Seat 5: dalton135 ($130.08 in chips)
Seat 6: Lsalimov ($117.54 in chips)
Lsalimov: posts small blind $1
dalton135: posts big blind $3
*** HOLE CARDS ***
Lsalimov: raises $3 to $6
dalton135: calls $3
*** FLOP *** [2c Qs 8c]
dalton135: checks
Lsalimov: bets $3
dalton135: calls $3
*** TURN *** [2c Qs 8c] [Kc]
dalton135: checks
Lsalimov: bets $6
dalton135: calls $6
*** RIVER *** [2c Qs 8c Kc] [Th]
dalton135: checks
Lsalimov: checks
*** SHOW DOWN ***
dalton135: shows [Qd 6d] (a pair of Queens)
Lsalimov: mucks hand
dalton135 collected $29.50 from pot
*** SUMMARY ***
Total pot $30 | Rake $0.50
Board [2c Qs 8c Kc Th]
Seat 5: dalton135 (big blind) showed [Qd 6d] and won ($29.50) with a pair of Queens
Seat 6: Lsalimov (button) (small blind) mucked


PokerStars Hand #175188708092:  Hold'em Limit ($3/$6 USD) - 2017/09/04 6:53:07 ET
Table 'Anius II' 6-max Seat #5 is the button
Seat 5: dalton135 ($189.22 in chips)
Seat 6: Lsalimov ($107.02 in chips)
dalton135: posts small blind $1
Lsalimov: posts big blind $3
*** HOLE CARDS ***
dalton135: folds
Uncalled bet ($2) returned to Lsalimov
Lsalimov collected $2 from pot
Lsalimov: doesn't show hand
*** SUMMARY ***
Total pot $2 | Rake $0
Seat 5: dalton135 (button) (small blind) folded before Flop
Seat 6: Lsalimov (big blind) collected ($2)


PokerStars Hand #175188702520:  Hold'em Limit ($3/$6 USD) - 2017/09/04 6:52:53 ET
Table 'Anius II' 6-max Seat #6 is the button
Seat 5: dalton135 ($213.22 in chips)
Seat 6: Lsalimov ($83.52 in chips)
Lsalimov: posts small blind $1
dalton135: posts big blind $3
*** HOLE CARDS ***
Lsalimov: raises $3 to $6
dalton135: raises $3 to $9
Lsalimov: calls $3
*** FLOP *** [As Js 6s]
dalton135: bets $3
Lsalimov: calls $3
*** TURN *** [As Js 6s] [3h]
dalton135: bets $6
Lsalimov: raises $6 to $12
dalton135: calls $6
*** RIVER *** [As Js 6s 3h] [2c]
dalton135: checks
Lsalimov: bets $6
dalton135: folds
Uncalled bet ($6) returned to Lsalimov
Lsalimov collected $47.50 from pot
Lsalimov: doesn't show hand
*** SUMMARY ***
Total pot $48 | Rake $0.50
Board [As Js 6s 3h 2c]
Seat 5: dalton135 (big blind) folded on the River
Seat 6: Lsalimov (button) (small blind) collected ($47.50)


PokerStars Hand #175188698778:  Hold'em Limit ($3/$6 USD) - 2017/09/04 6:52:44 ET
Table 'Anius II' 6-max Seat #5 is the button
Seat 5: dalton135 ($225.22 in chips)
Seat 6: Lsalimov ($72 in chips)
dalton135: posts small blind $1
Lsalimov: posts big blind $3
*** HOLE CARDS ***
dalton135: raises $3 to $6
Lsalimov: raises $3 to $9
dalton135: calls $3
*** FLOP *** [Qd 3s 4h]
Lsalimov: bets $3
dalton135: calls $3
*** TURN *** [Qd 3s 4h] [As]
Lsalimov: bets $6
dalton135: folds
Uncalled bet ($6) returned to Lsalimov
Lsalimov collected $23.52 from pot
Lsalimov: doesn't show hand
*** SUMMARY ***
Total pot $24 | Rake $0.48
Board [Qd 3s 4h As]
Seat 5: dalton135 (button) (small blind) folded on the Turn
Seat 6: Lsalimov (big blind) collected ($23.52)


PokerStars Hand #175188693947:  Hold'em Limit ($3/$6 USD) - 2017/09/04 6:52:32 ET
Table 'Anius II' 6-max Seat #6 is the button
Seat 5: dalton135 ($204.72 in chips)
Seat 6: Lsalimov ($72 in chips)
Lsalimov: posts small blind $1
dalton135: posts big blind $3
*** HOLE CARDS ***
Lsalimov: raises $3 to $6
dalton135: calls $3
*** FLOP *** [2d 7h Ah]
dalton135: bets $3
Lsalimov: calls $3
*** TURN *** [2d 7h Ah] [Th]
dalton135: bets $6
Lsalimov: calls $6
*** RIVER *** [2d 7h Ah Th] [9c]
dalton135: bets $6
Lsalimov: calls $6
*** SHOW DOWN ***
dalton135: shows [Jc 9d] (a pair of Nines)
Lsalimov: mucks hand
dalton135 collected $41.50 from pot
*** SUMMARY ***
Total pot $42 | Rake $0.50
Board [2d 7h Ah Th 9c]
Seat 5: dalton135 (big blind) showed [Jc 9d] and won ($41.50) with a pair of Nines
Seat 6: Lsalimov (button) (small blind) mucked


PokerStars Hand #175188687985:  Hold'em Limit ($3/$6 USD) - 2017/09/04 6:52:17 ET
Table 'Anius II' 6-max Seat #5 is the button
Seat 5: dalton135 ($181.22 in chips)
Seat 6: Lsalimov ($72 in chips)
dalton135: posts small blind $1
Lsalimov: posts big blind $3
*** HOLE CARDS ***
dalton135: raises $3 to $6
Lsalimov: raises $3 to $9
dalton135: calls $3
*** FLOP *** [Kh Qd 2d]
Lsalimov: bets $3
dalton135: calls $3
*** TURN *** [Kh Qd 2d] [Ad]
Lsalimov: bets $6
dalton135: raises $6 to $12
Lsalimov: calls $6
*** RIVER *** [Kh Qd 2d Ad] [9c]
Lsalimov: checks
dalton135: bets $6
Lsalimov: folds
Uncalled bet ($6) returned to dalton135
dalton135 collected $47.50 from pot
dalton135: doesn't show hand
*** SUMMARY ***
Total pot $48 | Rake $0.50
Board [Kh Qd 2d Ad 9c]
Seat 5: dalton135 (button) (small blind) collected ($47.50)
Seat 6: Lsalimov (big blind) folded on the River


PokerStars Hand #175188736467:  Hold'em Limit ($3/$6 USD) - 2017/09/04 6:54:18 ET
Table 'Anius II' 6-max Seat #5 is the button
Seat 5: dalton135 ($102.22 in chips)
Seat 6: Lsalimov ($191.92 in chips)
dalton135: posts small blind $1
Lsalimov: posts big blind $3
*** HOLE CARDS ***
dalton135: folds
Uncalled bet ($2) returned to Lsalimov
Lsalimov collected $2 from pot
Lsalimov: doesn't show hand
*** SUMMARY ***
Total pot $2 | Rake $0
Seat 5: dalton135 (button) (small blind) folded before Flop
Seat 6: Lsalimov (big blind) collected ($2)


PokerStars Hand #175188730304:  Hold'em Limit ($3/$6 USD) - 2017/09/04 6:54:02 ET
Table 'Anius II' 6-max Seat #6 is the button
Seat 5: dalton135 ($135.22 in chips)
Seat 6: Lsalimov ($159.42 in chips)
Lsalimov: posts small blind $1
dalton135: posts big blind $3
*** HOLE CARDS ***
Lsalimov: raises $3 to $6
dalton135: raises $3 to $9
Lsalimov: calls $3
*** FLOP *** [3h 5c 4s]
dalton135: bets $3
Lsalimov: raises $3 to $6
dalton135: calls $3
*** TURN *** [3h 5c 4s] [4d]
dalton135: bets $6
Lsalimov: raises $6 to $12
dalton135: calls $6
*** RIVER *** [3h 5c 4s 4d] [Th]
dalton135: checks
Lsalimov: bets $6
dalton135: calls $6
*** SHOW DOWN ***
Lsalimov: shows [As Ah] (two pair, Aces and Fours)
dalton135: mucks hand
Lsalimov collected $65.50 from pot
*** SUMMARY ***
Total pot $66 | Rake $0.50
Board [3h 5c 4s 4d Th]
Seat 5: dalton135 (big blind) mucked
Seat 6: Lsalimov (button) (small blind) showed [As Ah] and won ($65.50) with two pair, Aces and Fours


PokerStars Hand #175188726418:  Hold'em Limit ($3/$6 USD) - 2017/09/04 6:53:53 ET
Table 'Anius II' 6-max Seat #5 is the button
Seat 5: dalton135 ($144.22 in chips)
Seat 6: Lsalimov ($150.78 in chips)
dalton135: posts small blind $1
Lsalimov: posts big blind $3
*** HOLE CARDS ***
dalton135: raises $3 to $6
Lsalimov: calls $3
*** FLOP *** [Ad 9d 2h]
Lsalimov: checks
dalton135: bets $3
Lsalimov: raises $3 to $6
dalton135: folds
Uncalled bet ($3) returned to Lsalimov
Lsalimov collected $17.64 from pot
Lsalimov: doesn't show hand
*** SUMMARY ***
Total pot $18 | Rake $0.36
Board [Ad 9d 2h]
Seat 5: dalton135 (button) (small blind) folded on the Flop
Seat 6: Lsalimov (big blind) collected ($17.64)


PokerStars Hand #175188723078:  Hold'em Limit ($3/$6 USD) - 2017/09/04 6:53:44 ET
Table 'Anius II' 6-max Seat #6 is the button
Seat 5: dalton135 ($150.22 in chips)
Seat 6: Lsalimov ($145.02 in chips)
Lsalimov: posts small blind $1
dalton135: posts big blind $3
*** HOLE CARDS ***
Lsalimov: raises $3 to $6
dalton135: calls $3
*** FLOP *** [5h Kh Jd]
dalton135: checks
Lsalimov: bets $3
dalton135: folds
Uncalled bet ($3) returned to Lsalimov
Lsalimov collected $11.76 from pot
Lsalimov: doesn't show hand
*** SUMMARY ***
Total pot $12 | Rake $0.24
Board [5h Kh Jd]
Seat 5: dalton135 (big blind) folded on the Flop
Seat 6: Lsalimov (button) (small blind) collected ($11.76)


PokerStars Hand #175188721288:  Hold'em Limit ($3/$6 USD) - 2017/09/04 6:53:40 ET
Table 'Anius II' 6-max Seat #5 is the button
Seat 5: dalton135 ($151.22 in chips)
Seat 6: Lsalimov ($144.02 in chips)
dalton135: posts small blind $1
Lsalimov: posts big blind $3
*** HOLE CARDS ***
dalton135: folds
Uncalled bet ($2) returned to Lsalimov
Lsalimov collected $2 from pot
Lsalimov: doesn't show hand
*** SUMMARY ***
Total pot $2 | Rake $0
Seat 5: dalton135 (button) (small blind) folded before Flop
Seat 6: Lsalimov (big blind) collected ($2)


PokerStars Hand #175188716975:  Hold'em Limit ($3/$6 USD) - 2017/09/04 6:53:29 ET
Table 'Anius II' 6-max Seat #6 is the button
Seat 5: dalton135 ($169.22 in chips)
Seat 6: Lsalimov ($126.52 in chips)
Lsalimov: posts small blind $1
dalton135: posts big blind $3
*** HOLE CARDS ***
Lsalimov: raises $3 to $6
dalton135: calls $3
*** FLOP *** [7c Qh 9h]
dalton135: checks
Lsalimov: checks
*** TURN *** [7c Qh 9h] [5h]
dalton135: bets $6
Lsalimov: calls $6
*** RIVER *** [7c Qh 9h 5h] [3h]
dalton135: bets $6
Lsalimov: calls $6
*** SHOW DOWN ***
dalton135: shows [7h Tc] (a flush, Queen high)
Lsalimov: shows [Jh 6c] (a flush, Queen high - Jack higher)
Lsalimov collected $35.50 from pot
*** SUMMARY ***
Total pot $36 | Rake $0.50
Board [7c Qh 9h 5h 3h]
Seat 5: dalton135 (big blind) showed [7h Tc] and lost with a flush, Queen high
Seat 6: Lsalimov (button) (small blind) showed [Jh 6c] and won ($35.50) with a flush, Queen high


PokerStars Hand #175188715032:  Hold'em Limit ($3/$6 USD) - 2017/09/04 6:53:24 ET
Table 'Anius II' 6-max Seat #5 is the button
Seat 5: dalton135 ($170.22 in chips)
Seat 6: Lsalimov ($125.52 in chips)
dalton135: posts small blind $1
Lsalimov: posts big blind $3
*** HOLE CARDS ***
dalton135: folds
Uncalled bet ($2) returned to Lsalimov
Lsalimov collected $2 from pot
Lsalimov: doesn't show hand
*** SUMMARY ***
Total pot $2 | Rake $0
Seat 5: dalton135 (button) (small blind) folded before Flop
Seat 6: Lsalimov (big blind) collected ($2)


PokerStars Hand #175188709989:  Hold'em Limit ($3/$6 USD) - 2017/09/04 6:53:12 ET
Table 'Anius II' 6-max Seat #6 is the button
Seat 5: dalton135 ($188.22 in chips)
Seat 6: Lsalimov ($108.02 in chips)
Lsalimov: posts small blind $1
dalton135: posts big blind $3
*** HOLE CARDS ***
Lsalimov: raises $3 to $6
dalton135: calls $3
*** FLOP *** [2h As Td]
dalton135: checks
Lsalimov: bets $3
dalton135: raises $3 to $6
Lsalimov: calls $3
*** TURN *** [2h As Td] [8d]
dalton135: bets $6
Lsalimov: raises $6 to $12
dalton135: folds
Uncalled bet ($6) returned to Lsalimov
Lsalimov collected $35.50 from pot
Lsalimov: doesn't show hand
*** SUMMARY ***
Total pot $36 | Rake $0.50
Board [2h As Td 8d]
Seat 5: dalton135 (big blind) folded on the Turn
Seat 6: Lsalimov (button) (small blind) collected ($35.50)


PokerStars Hand #175188756968:  Hold'em Limit ($3/$6 USD) - 2017/09/04 6:55:11 ET
Table 'Anius II' 6-max Seat #6 is the button
Seat 5: dalton135 ($116.24 in chips)
Seat 6: Lsalimov ($176.44 in chips)
Lsalimov: posts small blind $1
dalton135: posts big blind $3
*** HOLE CARDS ***
Lsalimov: raises $3 to $6
dalton135: folds
Uncalled bet ($3) returned to Lsalimov
Lsalimov collected $6 from pot
Lsalimov: doesn't show hand
*** SUMMARY ***
Total pot $6 | Rake $0
Seat 5: dalton135 (big blind) folded before Flop
Seat 6: Lsalimov (button) (small blind) collected ($6)


PokerStars Hand #175188752365:  Hold'em Limit ($3/$6 USD) - 2017/09/04 6:54:59 ET
Table 'Anius II' 6-max Seat #5 is the button
Seat 5: dalton135 ($128.24 in chips)
Seat 6: Lsalimov ($164.92 in chips)
dalton135: posts small blind $1
Lsalimov: posts big blind $3
*** HOLE CARDS ***
dalton135: raises $3 to $6
Lsalimov: raises $3 to $9
dalton135: calls $3
*** FLOP *** [Qs Js 7h]
Lsalimov: bets $3
dalton135: calls $3
*** TURN *** [Qs Js 7h] [Kd]
Lsalimov: bets $6
dalton135: folds
Uncalled bet ($6) returned to Lsalimov
Lsalimov collected $23.52 from pot
Lsalimov: doesn't show hand
*** SUMMARY ***
Total pot $24 | Rake $0.48
Board [Qs Js 7h Kd]
Seat 5: dalton135 (button) (small blind) folded on the Turn
Seat 6: Lsalimov (big blind) collected ($23.52)


PokerStars Hand #175188750492:  Hold'em Limit ($3/$6 USD) - 2017/09/04 6:54:54 ET
Table 'Anius II' 6-max Seat #6 is the button
Seat 5: dalton135 ($131.24 in chips)
Seat 6: Lsalimov ($161.92 in chips)
Lsalimov: posts small blind $1
dalton135: posts big blind $3
*** HOLE CARDS ***
Lsalimov: raises $3 to $6
dalton135: folds
Uncalled bet ($3) returned to Lsalimov
Lsalimov collected $6 from pot
Lsalimov: doesn't show hand
*** SUMMARY ***
Total pot $6 | Rake $0
Seat 5: dalton135 (big blind) folded before Flop
Seat 6: Lsalimov (button) (small blind) collected ($6)


PokerStars Hand #175188748763:  Hold'em Limit ($3/$6 USD) - 2017/09/04 6:54:49 ET
Table 'Anius II' 6-max Seat #5 is the button
Seat 5: dalton135 ($132.24 in chips)
Seat 6: Lsalimov ($160.92 in chips)
dalton135: posts small blind $1
Lsalimov: posts big blind $3
*** HOLE CARDS ***
dalton135: folds
Uncalled bet ($2) returned to Lsalimov
Lsalimov collected $2 from pot
Lsalimov: doesn't show hand
*** SUMMARY ***
Total pot $2 | Rake $0
Seat 5: dalton135 (button) (small blind) folded before Flop
Seat 6: Lsalimov (big blind) collected ($2)


PokerStars Hand #175188742253:  Hold'em Limit ($3/$6 USD) - 2017/09/04 6:54:33 ET
Table 'Anius II' 6-max Seat #5 is the button
Seat 5: dalton135 ($112.74 in chips)
Seat 6: Lsalimov ($180.92 in chips)
dalton135: posts small blind $1
Lsalimov: posts big blind $3
*** HOLE CARDS ***
dalton135: folds
Uncalled bet ($2) returned to Lsalimov
Lsalimov collected $2 from pot
Lsalimov: doesn't show hand
*** SUMMARY ***
Total pot $2 | Rake $0
Seat 5: dalton135 (button) (small blind) folded before Flop
Seat 6: Lsalimov (big blind) collected ($2)


PokerStars Hand #175188738169:  Hold'em Limit ($3/$6 USD) - 2017/09/04 6:54:22 ET
Table 'Anius II' 6-max Seat #6 is the button
Seat 5: dalton135 ($101.22 in chips)
Seat 6: Lsalimov ($192.92 in chips)
Lsalimov: posts small blind $1
dalton135: posts big blind $3
*** HOLE CARDS ***
Lsalimov: raises $3 to $6
dalton135: raises $3 to $9
Lsalimov: calls $3
*** FLOP *** [Ac 6d 8h]
dalton135: bets $3
Lsalimov: calls $3
*** TURN *** [Ac 6d 8h] [7h]
dalton135: bets $6
Lsalimov: folds
Uncalled bet ($6) returned to dalton135
dalton135 collected $23.52 from pot
dalton135: doesn't show hand
*** SUMMARY ***
Total pot $24 | Rake $0.48
Board [Ac 6d 8h 7h]
Seat 5: dalton135 (big blind) collected ($23.52)
Seat 6: Lsalimov (button) (small blind) folded on the Turn


PokerStars Hand #175188776444:  Hold'em Limit ($3/$6 USD) - 2017/09/04 6:56:06 ET
Table 'Anius II' 6-max Seat #6 is the button
Seat 5: dalton135 ($82.88 in chips)
Seat 6: Lsalimov ($208.44 in chips)
Lsalimov: posts small blind $1
dalton135: posts big blind $3
*** HOLE CARDS ***
Lsalimov: raises $3 to $6
dalton135: raises $3 to $9
Lsalimov: calls $3
*** FLOP *** [2c Qc 7c]
dalton135: bets $3
Lsalimov: raises $3 to $6
dalton135: folds
Uncalled bet ($3) returned to Lsalimov
Lsalimov collected $23.52 from pot
Lsalimov: doesn't show hand
*** SUMMARY ***
Total pot $24 | Rake $0.48
Board [2c Qc 7c]
Seat 5: dalton135 (big blind) folded on the Flop
Seat 6: Lsalimov (button) (small blind) collected ($23.52)


PokerStars Hand #175188769702:  Hold'em Limit ($3/$6 USD) - 2017/09/04 6:55:47 ET
Table 'Anius II' 6-max Seat #5 is the button
Seat 5: dalton135 ($97.88 in chips)
Seat 6: Lsalimov ($193.94 in chips)
dalton135: posts small blind $1
Lsalimov: posts big blind $3
*** HOLE CARDS ***
dalton135: raises $3 to $6
Lsalimov: calls $3
*** FLOP *** [3s 6s 2h]
Lsalimov: checks
dalton135: bets $3
Lsalimov: calls $3
*** TURN *** [3s 6s 2h] [8s]
Lsalimov: checks
dalton135: checks
*** RIVER *** [3s 6s 2h 8s] [8h]
Lsalimov: bets $6
dalton135: calls $6
*** SHOW DOWN ***
Lsalimov: shows [3h 8d] (a full house, Eights full of Threes)
dalton135: mucks hand
Lsalimov collected $29.50 from pot
*** SUMMARY ***
Total pot $30 | Rake $0.50
Board [3s 6s 2h 8s 8h]
Seat 5: dalton135 (button) (small blind) mucked
Seat 6: Lsalimov (big blind) showed [3h 8d] and won ($29.50) with a full house, Eights full of Threes


PokerStars Hand #175188765131:  Hold'em Limit ($3/$6 USD) - 2017/09/04 6:55:34 ET
Table 'Anius II' 6-max Seat #6 is the button
Seat 5: dalton135 ($89.24 in chips)
Seat 6: Lsalimov ($202.94 in chips)
Lsalimov: posts small blind $1
dalton135: posts big blind $3
*** HOLE CARDS ***
Lsalimov: raises $3 to $6
dalton135: calls $3
*** FLOP *** [6d 6s Jd]
dalton135: checks
Lsalimov: bets $3
dalton135: calls $3
*** TURN *** [6d 6s Jd] [3c]
dalton135: checks
Lsalimov: checks
*** RIVER *** [6d 6s Jd 3c] [4d]
dalton135: bets $6
Lsalimov: folds
Uncalled bet ($6) returned to dalton135
dalton135 collected $17.64 from pot
dalton135: doesn't show hand
*** SUMMARY ***
Total pot $18 | Rake $0.36
Board [6d 6s Jd 3c 4d]
Seat 5: dalton135 (big blind) collected ($17.64)
Seat 6: Lsalimov (button) (small blind) folded on the River


PokerStars Hand #175188759076:  Hold'em Limit ($3/$6 USD) - 2017/09/04 6:55:16 ET
Table 'Anius II' 6-max Seat #5 is the button
Seat 5: dalton135 ($113.24 in chips)
Seat 6: Lsalimov ($179.44 in chips)
dalton135: posts small blind $1
Lsalimov: posts big blind $3
*** HOLE CARDS ***
dalton135: raises $3 to $6
Lsalimov: calls $3
*** FLOP *** [2h 4s Ts]
Lsalimov: checks
dalton135: bets $3
Lsalimov: raises $3 to $6
dalton135: calls $3
*** TURN *** [2h 4s Ts] [Ah]
Lsalimov: bets $6
dalton135: calls $6
*** RIVER *** [2h 4s Ts Ah] [9s]
Lsalimov: bets $6
dalton135: calls $6
*** SHOW DOWN ***
Lsalimov: shows [Js 5s] (a flush, Jack high)
dalton135: mucks hand
Lsalimov collected $47.50 from pot
*** SUMMARY ***
Total pot $48 | Rake $0.50
Board [2h 4s Ts Ah 9s]
Seat 5: dalton135 (button) (small blind) mucked
Seat 6: Lsalimov (big blind) showed [Js 5s] and won ($47.50) with a flush, Jack high


PokerStars Hand #175188791276:  Hold'em Limit ($3/$6 USD) - 2017/09/04 6:56:48 ET
Table 'Anius II' 6-max Seat #5 is the button
Seat 5: dalton135 ($79.38 in chips)
Seat 6: Lsalimov ($210.72 in chips)
dalton135: posts small blind $1
t9pkin joins the table at seat #1
Lsalimov is disconnected
Lsalimov is connected
Lsalimov: posts big blind $3
*** HOLE CARDS ***
dalton135: folds
Uncalled bet ($2) returned to Lsalimov
Lsalimov collected $2 from pot
Lsalimov: doesn't show hand
*** SUMMARY ***
Total pot $2 | Rake $0
Seat 5: dalton135 (button) (small blind) folded before Flop
Seat 6: Lsalimov (big blind) collected ($2)


PokerStars Hand #175188787460:  Hold'em Limit ($3/$6 USD) - 2017/09/04 6:56:37 ET
Table 'Anius II' 6-max Seat #6 is the button
Seat 5: dalton135 ($85.38 in chips)
Seat 6: Lsalimov ($204.96 in chips)
Lsalimov: posts small blind $1
dalton135: posts big blind $3
*** HOLE CARDS ***
Lsalimov: raises $3 to $6
dalton135: calls $3
*** FLOP *** [7h Qd Ah]
dalton135: checks
Lsalimov: bets $3
dalton135: folds
Uncalled bet ($3) returned to Lsalimov
Lsalimov collected $11.76 from pot
Lsalimov: doesn't show hand
*** SUMMARY ***
Total pot $12 | Rake $0.24
Board [7h Qd Ah]
Seat 5: dalton135 (big blind) folded on the Flop
Seat 6: Lsalimov (button) (small blind) collected ($11.76)


PokerStars Hand #175188781950:  Hold'em Limit ($3/$6 USD) - 2017/09/04 6:56:21 ET
Table 'Anius II' 6-max Seat #5 is the button
Seat 5: dalton135 ($70.88 in chips)
Seat 6: Lsalimov ($219.96 in chips)
dalton135: posts small blind $1
Lsalimov: posts big blind $3
*** HOLE CARDS ***
dalton135: raises $3 to $6
Lsalimov: calls $3
*** FLOP *** [Js 7h 5h]
Lsalimov: checks
dalton135: bets $3
Lsalimov: calls $3
*** TURN *** [Js 7h 5h] [Qh]
Lsalimov: checks
dalton135: bets $6
Lsalimov: calls $6
*** RIVER *** [Js 7h 5h Qh] [As]
Lsalimov: checks
dalton135: bets $6
Lsalimov: folds
Uncalled bet ($6) returned to dalton135
dalton135 collected $29.50 from pot
dalton135: doesn't show hand
*** SUMMARY ***
Total pot $30 | Rake $0.50
Board [Js 7h 5h Qh As]
Seat 5: dalton135 (button) (small blind) collected ($29.50)
Seat 6: Lsalimov (big blind) folded on the River


PokerStars Hand #175188864713:  Hold'em Limit ($3/$6 USD) - 2017/09/04 7:00:11 ET
Table 'Anius II' 6-max Seat #5 is the button
Seat 5: dalton135 ($114.42 in chips)
Seat 6: Lsalimov ($188.89 in chips)
dalton135: posts small blind $1
Lsalimov: posts big blind $3
*** HOLE CARDS ***
dalton135: raises $3 to $6
Lsalimov: folds
Uncalled bet ($3) returned to dalton135
dalton135 collected $6 from pot
dalton135: doesn't show hand
*** SUMMARY ***
Total pot $6 | Rake $0
Seat 5: dalton135 (button) (small blind) collected ($6)
Seat 6: Lsalimov (big blind) folded before Flop


PokerStars Hand #175188843481:  Hold'em Limit ($3/$6 USD) - 2017/09/04 6:59:13 ET
Table 'Anius II' 6-max Seat #6 is the button
Seat 5: dalton135 ($91.28 in chips)
Seat 6: Lsalimov ($212.89 in chips)
Lsalimov: posts small blind $1
t9pkin: is sitting out
dalton135: posts big blind $3
*** HOLE CARDS ***
Lsalimov: raises $3 to $6
t9pkin leaves the table
dalton135: raises $3 to $9
Lsalimov: calls $3
*** FLOP *** [3s Ts 6c]
dalton135: bets $3
Lsalimov: calls $3
*** TURN *** [3s Ts 6c] [2d]
dalton135: bets $6
Lsalimov: calls $6
*** RIVER *** [3s Ts 6c 2d] [Qd]
dalton135: bets $6
Lsalimov: folds
Uncalled bet ($6) returned to dalton135
dalton135 collected $35.50 from pot
dalton135: doesn't show hand
*** SUMMARY ***
Total pot $36 | Rake $0.50
Board [3s Ts 6c 2d Qd]
Seat 5: dalton135 (big blind) collected ($35.50)
Seat 6: Lsalimov (button) (small blind) folded on the River


PokerStars Hand #175188851713:  Hold'em Limit ($3/$6 USD) - 2017/09/04 6:59:36 ET
Table 'Anius II' 6-max Seat #5 is the button
Seat 5: dalton135 ($108.78 in chips)
Seat 6: Lsalimov ($194.89 in chips)
dalton135: posts small blind $1
Lsalimov: posts big blind $3
*** HOLE CARDS ***
dalton135: raises $3 to $6
Lsalimov: calls $3
*** FLOP *** [5s 7d Ah]
Lsalimov: checks
dalton135: bets $3
Lsalimov: calls $3
*** TURN *** [5s 7d Ah] [9c]
Lsalimov: checks
dalton135: bets $6
Lsalimov: folds
Uncalled bet ($6) returned to dalton135
dalton135 collected $17.64 from pot
*** SUMMARY ***
Total pot $18 | Rake $0.36
Board [5s 7d Ah 9c]
Seat 5: dalton135 (button) (small blind) collected ($17.64)
Seat 6: Lsalimov (big blind) folded on the Turn


PokerStars Hand #175188860502:  Hold'em Limit ($3/$6 USD) - 2017/09/04 7:00:00 ET
Table 'Anius II' 6-max Seat #6 is the button
Seat 5: dalton135 ($117.42 in chips)
Seat 6: Lsalimov ($185.89 in chips)
Lsalimov: posts small blind $1
dalton135: posts big blind $3
*** HOLE CARDS ***
Lsalimov: raises $3 to $6
dalton135: folds
Uncalled bet ($3) returned to Lsalimov
Lsalimov collected $6 from pot
Lsalimov: doesn't show hand
*** SUMMARY ***
Total pot $6 | Rake $0
Seat 5: dalton135 (big blind) folded before Flop
Seat 6: Lsalimov (button) (small blind) collected ($6)


PokerStars Hand #175188866838:  Hold'em Limit ($3/$6 USD) - 2017/09/04 7:00:17 ET
Table 'Anius II' 6-max Seat #6 is the button
Seat 5: dalton135 ($117.42 in chips)
Seat 6: Lsalimov ($185.89 in chips)
Lsalimov: posts small blind $1
dalton135: posts big blind $3
*** HOLE CARDS ***
Lsalimov: raises $3 to $6
dalton135: calls $3
*** FLOP *** [7d Qh 4d]
dalton135: bets $3
Lsalimov: raises $3 to $6
dalton135: calls $3
*** TURN *** [7d Qh 4d] [3s]
dalton135: bets $6
Lsalimov: calls $6
*** RIVER *** [7d Qh 4d 3s] [3c]
dalton135: bets $6
Lsalimov: folds
Uncalled bet ($6) returned to dalton135
dalton135 collected $35.50 from pot
dalton135: doesn't show hand
*** SUMMARY ***
Total pot $36 | Rake $0.50
Board [7d Qh 4d 3s 3c]
Seat 5: dalton135 (big blind) collected ($35.50)
Seat 6: Lsalimov (button) (small blind) folded on the River


PokerStars Hand #175188872694:  Hold'em Limit ($3/$6 USD) - 2017/09/04 7:00:33 ET
Table 'Anius II' 6-max Seat #5 is the button
Seat 5: dalton135 ($134.92 in chips)
Seat 6: Lsalimov ($167.89 in chips)
dalton135: posts small blind $1
Lsalimov: posts big blind $3
*** HOLE CARDS ***
dalton135: calls $2
Lsalimov: raises $3 to $6
dalton135: calls $3
*** FLOP *** [2h Td 7h]
Lsalimov: bets $3
dalton135: raises $3 to $6
Lsalimov: calls $3
*** TURN *** [2h Td 7h] [Jd]
Lsalimov: checks
dalton135: bets $6
Lsalimov: calls $6
*** RIVER *** [2h Td 7h Jd] [5s]
Lsalimov: checks
dalton135: bets $6
Lsalimov: folds
Uncalled bet ($6) returned to dalton135
dalton135 collected $35.50 from pot
dalton135: doesn't show hand
*** SUMMARY ***
Total pot $36 | Rake $0.50
Board [2h Td 7h Jd 5s]
Seat 5: dalton135 (button) (small blind) collected ($35.50)
Seat 6: Lsalimov (big blind) folded on the River


PokerStars Hand #175188881074:  Hold'em Limit ($3/$6 USD) - 2017/09/04 7:00:54 ET
Table 'Anius II' 6-max Seat #6 is the button
Seat 5: dalton135 ($152.42 in chips)
Seat 6: Lsalimov ($149.89 in chips)
Lsalimov: posts small blind $1
dalton135: posts big blind $3
*** HOLE CARDS ***
Lsalimov: raises $3 to $6
dalton135: raises $3 to $9
Lsalimov: calls $3
*** FLOP *** [3c 4c 8s]
dalton135: bets $3
Lsalimov: raises $3 to $6
dalton135: calls $3
*** TURN *** [3c 4c 8s] [Td]
dalton135: bets $6
Lsalimov: raises $6 to $12
dalton135: raises $6 to $18
Lsalimov: calls $6
*** RIVER *** [3c 4c 8s Td] [Qc]
dalton135: bets $6
Lsalimov: calls $6
*** SHOW DOWN ***
dalton135: shows [Qs Tc] (two pair, Queens and Tens)
Lsalimov: mucks hand
dalton135 collected $77.50 from pot
*** SUMMARY ***
Total pot $78 | Rake $0.50
Board [3c 4c 8s Td Qc]
Seat 5: dalton135 (big blind) showed [Qs Tc] and won ($77.50) with two pair, Queens and Tens
Seat 6: Lsalimov (button) (small blind) mucked


PokerStars Hand #175188888818:  Hold'em Limit ($3/$6 USD) - 2017/09/04 7:01:14 ET
Table 'Anius II' 6-max Seat #5 is the button
Seat 5: dalton135 ($190.92 in chips)
Seat 6: Lsalimov ($110.89 in chips)
dalton135: posts small blind $1
Lsalimov: posts big blind $3
*** HOLE CARDS ***
dalton135: calls $2
Lsalimov: checks
*** FLOP *** [4d 8s 7d]
Lsalimov: checks
dalton135: bets $3
Lsalimov: calls $3
*** TURN *** [4d 8s 7d] [Qs]
Lsalimov: checks
dalton135: checks
*** RIVER *** [4d 8s 7d Qs] [Td]
Lsalimov: checks
dalton135: checks
*** SHOW DOWN ***
Lsalimov: shows [Kh 9s] (high card King)
dalton135: mucks hand
Lsalimov collected $11.76 from pot
*** SUMMARY ***
Total pot $12 | Rake $0.24
Board [4d 8s 7d Qs Td]
Seat 5: dalton135 (button) (small blind) mucked
Seat 6: Lsalimov (big blind) showed [Kh 9s] and won ($11.76) with high card King


PokerStars Hand #175188895443:  Hold'em Limit ($3/$6 USD) - 2017/09/04 7:01:31 ET
Table 'Anius II' 6-max Seat #6 is the button
Seat 5: dalton135 ($184.92 in chips)
Seat 6: Lsalimov ($116.65 in chips)
Lsalimov: posts small blind $1
dalton135: posts big blind $3
*** HOLE CARDS ***
Lsalimov: raises $3 to $6
dalton135: calls $3
*** FLOP *** [7c 6s 6c]
dalton135: checks
Lsalimov: checks
*** TURN *** [7c 6s 6c] [5s]
dalton135: bets $6
Lsalimov: calls $6
*** RIVER *** [7c 6s 6c 5s] [8d]
dalton135: bets $6
Lsalimov: raises $6 to $12
dalton135: calls $6
*** SHOW DOWN ***
Lsalimov: shows [4s 9h] (a straight, Five to Nine)
dalton135: mucks hand
Lsalimov collected $47.50 from pot
*** SUMMARY ***
Total pot $48 | Rake $0.50
Board [7c 6s 6c 5s 8d]
Seat 5: dalton135 (big blind) mucked
Seat 6: Lsalimov (button) (small blind) showed [4s 9h] and won ($47.50) with a straight, Five to Nine


PokerStars Hand #175188912898:  Hold'em Limit ($3/$6 USD) - 2017/09/04 7:02:15 ET
Table 'Anius II' 6-max Seat #5 is the button
Seat 5: dalton135 ($168.56 in chips)
Seat 6: Lsalimov ($132.15 in chips)
dalton135: posts small blind $1
Lsalimov: posts big blind $3
*** HOLE CARDS ***
dalton135: raises $3 to $6
Lsalimov: folds
Uncalled bet ($3) returned to dalton135
dalton135 collected $6 from pot
dalton135: doesn't show hand
*** SUMMARY ***
Total pot $6 | Rake $0
Seat 5: dalton135 (button) (small blind) collected ($6)
Seat 6: Lsalimov (big blind) folded before Flop


PokerStars Hand #175188906030:  Hold'em Limit ($3/$6 USD) - 2017/09/04 7:01:58 ET
Table 'Anius II' 6-max Seat #6 is the button
Seat 5: dalton135 ($159.92 in chips)
Seat 6: Lsalimov ($141.15 in chips)
Lsalimov: posts small blind $1
dalton135: posts big blind $3
*** HOLE CARDS ***
Lsalimov: raises $3 to $6
dalton135: raises $3 to $9
Lsalimov: calls $3
*** FLOP *** [7s Qs Th]
dalton135: bets $3
Lsalimov: folds
Uncalled bet ($3) returned to dalton135
dalton135 collected $17.64 from pot
dalton135: doesn't show hand
*** SUMMARY ***
Total pot $18 | Rake $0.36
Board [7s Qs Th]
Seat 5: dalton135 (big blind) collected ($17.64)
Seat 6: Lsalimov (button) (small blind) folded on the Flop


PokerStars Hand #175188904367:  Hold'em Limit ($3/$6 USD) - 2017/09/04 7:01:54 ET
Table 'Anius II' 6-max Seat #5 is the button
Seat 5: dalton135 ($160.92 in chips)
Seat 6: Lsalimov ($140.15 in chips)
dalton135: posts small blind $1
Lsalimov: posts big blind $3
*** HOLE CARDS ***
dalton135: folds
Uncalled bet ($2) returned to Lsalimov
Lsalimov collected $2 from pot
Lsalimov: doesn't show hand
*** SUMMARY ***
Total pot $2 | Rake $0
Seat 5: dalton135 (button) (small blind) folded before Flop
Seat 6: Lsalimov (big blind) collected ($2)


PokerStars Hand #175188915227:  Hold'em Limit ($3/$6 USD) - 2017/09/04 7:02:21 ET
Table 'Anius II' 6-max Seat #6 is the button
Seat 5: dalton135 ($171.56 in chips)
Seat 6: Lsalimov ($129.15 in chips)
Lsalimov: posts small blind $1
dalton135: posts big blind $3
*** HOLE CARDS ***
Lsalimov: raises $3 to $6
dalton135: calls $3
*** FLOP *** [5c Ts 6d]
dalton135: checks
Lsalimov: bets $3
dalton135: raises $3 to $6
Lsalimov: calls $3
*** TURN *** [5c Ts 6d] [7s]
dalton135: bets $6
Lsalimov: calls $6
*** RIVER *** [5c Ts 6d 7s] [Qd]
dalton135: bets $6
Lsalimov: calls $6
*** SHOW DOWN ***
dalton135: shows [Qh Td] (two pair, Queens and Tens)
Lsalimov: mucks hand
dalton135 collected $47.50 from pot
*** SUMMARY ***
Total pot $48 | Rake $0.50
Board [5c Ts 6d 7s Qd]
Seat 5: dalton135 (big blind) showed [Qh Td] and won ($47.50) with two pair, Queens and Tens
Seat 6: Lsalimov (button) (small blind) mucked


PokerStars Hand #175188928990:  Hold'em Limit ($3/$6 USD) - 2017/09/04 7:02:56 ET
Table 'Anius II' 6-max Seat #6 is the button
Seat 5: dalton135 ($174.06 in chips)
Seat 6: Lsalimov ($125.65 in chips)
Lsalimov: posts small blind $1
dalton135: posts big blind $3
*** HOLE CARDS ***
Lsalimov: raises $3 to $6
dalton135: folds
Uncalled bet ($3) returned to Lsalimov
Lsalimov collected $6 from pot
Lsalimov: doesn't show hand
*** SUMMARY ***
Total pot $6 | Rake $0
Seat 5: dalton135 (big blind) folded before Flop
Seat 6: Lsalimov (button) (small blind) collected ($6)


PokerStars Hand #175188921254:  Hold'em Limit ($3/$6 USD) - 2017/09/04 7:02:36 ET
Table 'Anius II' 6-max Seat #5 is the button
Seat 5: dalton135 ($195.06 in chips)
Seat 6: Lsalimov ($105.15 in chips)
dalton135: posts small blind $1
Lsalimov: posts big blind $3
*** HOLE CARDS ***
dalton135: raises $3 to $6
Lsalimov: calls $3
*** FLOP *** [Ks Jd Js]
Lsalimov: checks
dalton135: bets $3
Lsalimov: calls $3
*** TURN *** [Ks Jd Js] [6d]
Lsalimov: checks
dalton135: bets $6
Lsalimov: raises $6 to $12
dalton135: calls $6
*** RIVER *** [Ks Jd Js 6d] [6c]
Lsalimov: bets $6
dalton135: folds [Qs As]
Uncalled bet ($6) returned to Lsalimov
Lsalimov collected $41.50 from pot
Lsalimov: doesn't show hand
*** SUMMARY ***
Total pot $42 | Rake $0.50
Board [Ks Jd Js 6d 6c]
Seat 5: dalton135 (button) (small blind) folded on the River
Seat 6: Lsalimov (big blind) collected ($41.50)


PokerStars Hand #175188931335:  Hold'em Limit ($3/$6 USD) - 2017/09/04 7:03:02 ET
Table 'Anius II' 6-max Seat #5 is the button
Seat 5: dalton135 ($171.06 in chips)
Seat 6: Lsalimov ($128.65 in chips)
dalton135: posts small blind $1
Lsalimov: posts big blind $3
*** HOLE CARDS ***
dalton135: folds
Uncalled bet ($2) returned to Lsalimov
Lsalimov collected $2 from pot
Lsalimov: doesn't show hand
*** SUMMARY ***
Total pot $2 | Rake $0
Seat 5: dalton135 (button) (small blind) folded before Flop
Seat 6: Lsalimov (big blind) collected ($2)


PokerStars Hand #175188936587:  Hold'em Limit ($3/$6 USD) - 2017/09/04 7:03:15 ET
Table 'Anius II' 6-max Seat #5 is the button
Seat 5: dalton135 ($175.82 in chips)
Seat 6: Lsalimov ($123.65 in chips)
dalton135: posts small blind $1
Lsalimov: posts big blind $3
*** HOLE CARDS ***
dalton135: raises $3 to $6
Lsalimov: calls $3
*** FLOP *** [8s Kd Qs]
Lsalimov: checks
dalton135: bets $3
Lsalimov: folds
Uncalled bet ($3) returned to dalton135
dalton135 collected $11.76 from pot
dalton135: doesn't show hand
*** SUMMARY ***
Total pot $12 | Rake $0.24
Board [8s Kd Qs]
Seat 5: dalton135 (button) (small blind) collected ($11.76)
Seat 6: Lsalimov (big blind) folded on the Flop


PokerStars Hand #175188933067:  Hold'em Limit ($3/$6 USD) - 2017/09/04 7:03:06 ET
Table 'Anius II' 6-max Seat #6 is the button
Seat 5: dalton135 ($170.06 in chips)
Seat 6: Lsalimov ($129.65 in chips)
Lsalimov: posts small blind $1
dalton135: posts big blind $3
*** HOLE CARDS ***
Lsalimov: raises $3 to $6
dalton135: calls $3
*** FLOP *** [2d 2s 8h]
dalton135: bets $3
Lsalimov: folds
Uncalled bet ($3) returned to dalton135
dalton135 collected $11.76 from pot
dalton135: doesn't show hand
*** SUMMARY ***
Total pot $12 | Rake $0.24
Board [2d 2s 8h]
Seat 5: dalton135 (big blind) collected ($11.76)
Seat 6: Lsalimov (button) (small blind) folded on the Flop


PokerStars Hand #175188940325:  Hold'em Limit ($3/$6 USD) - 2017/09/04 7:03:24 ET
Table 'Anius II' 6-max Seat #6 is the button
Seat 5: dalton135 ($181.58 in chips)
Seat 6: Lsalimov ($117.65 in chips)
Lsalimov: posts small blind $1
dalton135: posts big blind $3
*** HOLE CARDS ***
Lsalimov: raises $3 to $6
dalton135: raises $3 to $9
Lsalimov: calls $3
*** FLOP *** [Tc 9c 7h]
dalton135: bets $3
Lsalimov: raises $3 to $6
dalton135: calls $3
*** TURN *** [Tc 9c 7h] [8d]
dalton135: checks
Lsalimov: bets $6
dalton135: folds
Uncalled bet ($6) returned to Lsalimov
Lsalimov collected $29.50 from pot
Lsalimov: doesn't show hand
*** SUMMARY ***
Total pot $30 | Rake $0.50
Board [Tc 9c 7h 8d]
Seat 5: dalton135 (big blind) folded on the Turn
Seat 6: Lsalimov (button) (small blind) collected ($29.50)


PokerStars Hand #175188949407:  Hold'em Limit ($3/$6 USD) - 2017/09/04 7:03:47 ET
Table 'Anius II' 6-max Seat #6 is the button
Seat 5: dalton135 ($165.58 in chips)
Seat 6: Lsalimov ($133.15 in chips)
Lsalimov: posts small blind $1
dalton135: posts big blind $3
*** HOLE CARDS ***
Lsalimov: raises $3 to $6
dalton135: folds
Uncalled bet ($3) returned to Lsalimov
Lsalimov collected $6 from pot
Lsalimov: doesn't show hand
*** SUMMARY ***
Total pot $6 | Rake $0
Seat 5: dalton135 (big blind) folded before Flop
Seat 6: Lsalimov (button) (small blind) collected ($6)


PokerStars Hand #175188945976:  Hold'em Limit ($3/$6 USD) - 2017/09/04 7:03:38 ET
Table 'Anius II' 6-max Seat #5 is the button
Seat 5: dalton135 ($166.58 in chips)
Seat 6: Lsalimov ($132.15 in chips)
dalton135: posts small blind $1
Lsalimov: posts big blind $3
*** HOLE CARDS ***
dalton135: folds
Uncalled bet ($2) returned to Lsalimov
Lsalimov collected $2 from pot
Lsalimov: doesn't show hand
*** SUMMARY ***
Total pot $2 | Rake $0
Seat 5: dalton135 (button) (small blind) folded before Flop
Seat 6: Lsalimov (big blind) collected ($2)


PokerStars Hand #175188951718:  Hold'em Limit ($3/$6 USD) - 2017/09/04 7:03:53 ET
Table 'Anius II' 6-max Seat #5 is the button
Seat 5: dalton135 ($162.58 in chips)
Seat 6: Lsalimov ($136.15 in chips)
dalton135: posts small blind $1
Lsalimov: posts big blind $3
*** HOLE CARDS ***
dalton135: raises $3 to $6
Lsalimov: calls $3
*** FLOP *** [4s 3h 9c]
Lsalimov: checks
dalton135: checks
*** TURN *** [4s 3h 9c] [9d]
Lsalimov: checks
dalton135: bets $6
Lsalimov: folds
Uncalled bet ($6) returned to dalton135
dalton135 collected $11.76 from pot
dalton135: doesn't show hand
*** SUMMARY ***
Total pot $12 | Rake $0.24
Board [4s 3h 9c 9d]
Seat 5: dalton135 (button) (small blind) collected ($11.76)
Seat 6: Lsalimov (big blind) folded on the Turn


PokerStars Hand #175188956760:  Hold'em Limit ($3/$6 USD) - 2017/09/04 7:04:06 ET
Table 'Anius II' 6-max Seat #6 is the button
Seat 5: dalton135 ($168.34 in chips)
Seat 6: Lsalimov ($130.15 in chips)
Lsalimov: posts small blind $1
dalton135: posts big blind $3
*** HOLE CARDS ***
Lsalimov: raises $3 to $6
dalton135: raises $3 to $9
Lsalimov: calls $3
*** FLOP *** [8d Jc 8s]
dalton135: bets $3
Lsalimov: raises $3 to $6
dalton135: calls $3
*** TURN *** [8d Jc 8s] [4h]
dalton135: checks
Lsalimov: bets $6
dalton135: raises $6 to $12
Lsalimov: raises $6 to $18
dalton135: calls $6
*** RIVER *** [8d Jc 8s 4h] [2h]
dalton135: checks
Lsalimov: bets $6
dalton135: calls $6
*** SHOW DOWN ***
Lsalimov: shows [5h 8h] (three of a kind, Eights)
dalton135: mucks hand
Lsalimov collected $77.50 from pot
*** SUMMARY ***
Total pot $78 | Rake $0.50
Board [8d Jc 8s 4h 2h]
Seat 5: dalton135 (big blind) mucked
Seat 6: Lsalimov (button) (small blind) showed [5h 8h] and won ($77.50) with three of a kind, Eights


PokerStars Hand #175188965733:  Hold'em Limit ($3/$6 USD) - 2017/09/04 7:04:28 ET
Table 'Anius II' 6-max Seat #5 is the button
Seat 5: dalton135 ($129.34 in chips)
Seat 6: Lsalimov ($168.65 in chips)
dalton135: posts small blind $1
Lsalimov: posts big blind $3
*** HOLE CARDS ***
dalton135: raises $3 to $6
Lsalimov: calls $3
*** FLOP *** [Qs 5s 5c]
Lsalimov: checks
dalton135: bets $3
Korish9506 joins the table at seat #2
Lsalimov: raises $3 to $6
dalton135: calls $3
*** TURN *** [Qs 5s 5c] [9h]
Lsalimov: bets $6
dalton135: calls $6
*** RIVER *** [Qs 5s 5c 9h] [Ts]
Lsalimov: bets $6
dalton135: raises $6 to $12
Lsalimov: calls $6
*** SHOW DOWN ***
dalton135: shows [4s 2s] (a flush, Queen high)
Lsalimov: mucks hand
dalton135 collected $59.50 from pot
*** SUMMARY ***
Total pot $60 | Rake $0.50
Board [Qs 5s 5c 9h Ts]
Seat 5: dalton135 (button) (small blind) showed [4s 2s] and won ($59.50) with a flush, Queen high
Seat 6: Lsalimov (big blind) mucked


PokerStars Hand #175189227866:  Hold'em Limit ($3/$6 USD) - 2017/09/04 7:15:15 ET
Table 'Anius II' 6-max Seat #1 is the button
Seat 1: zimin10 ($109.81 in chips)
Seat 2: nedo1414 ($120 in chips)
zimin10: posts small blind $1
nedo1414: posts big blind $3
*** HOLE CARDS ***
zimin10: folds
Uncalled bet ($2) returned to nedo1414
nedo1414 collected $2 from pot
nedo1414: doesn't show hand
Lsalimov joins the table at seat #4
*** SUMMARY ***
Total pot $2 | Rake $0
Seat 1: zimin10 (button) (small blind) folded before Flop
Seat 2: nedo1414 (big blind) collected ($2)


PokerStars Hand #175189225499:  Hold'em Limit ($3/$6 USD) - 2017/09/04 7:15:09 ET
Table 'Anius II' 6-max Seat #2 is the button
Seat 1: zimin10 ($108.81 in chips)
Seat 2: nedo1414 ($121 in chips)
nedo1414: posts small blind $1
aade1ante: is sitting out
Lsalimov: is sitting out
zimin10: posts big blind $3
*** HOLE CARDS ***
nedo1414: folds
Uncalled bet ($2) returned to zimin10
zimin10 collected $2 from pot
Lsalimov leaves the table
*** SUMMARY ***
Total pot $2 | Rake $0
Seat 1: zimin10 (big blind) collected ($2)
Seat 2: nedo1414 (button) (small blind) folded before Flop


PokerStars Hand #175189253033:  Hold'em Limit ($3/$6 USD) - 2017/09/04 7:16:17 ET
Table 'Anius II' 6-max Seat #4 is the button
Seat 2: nedo1414 ($116 in chips)
Seat 4: Lsalimov ($77 in chips)
Lsalimov: posts small blind $1
nedo1414: posts big blind $3
*** HOLE CARDS ***
Lsalimov: raises $3 to $6
zimin10 joins the table at seat #3
nedo1414: folds
Uncalled bet ($3) returned to Lsalimov
Lsalimov collected $6 from pot
Lsalimov: doesn't show hand
*** SUMMARY ***
Total pot $6 | Rake $0
Seat 2: nedo1414 (big blind) folded before Flop
Seat 4: Lsalimov (button) (small blind) collected ($6)


PokerStars Hand #175189299077:  Hold'em Limit ($3/$6 USD) - 2017/09/04 7:18:09 ET
Table 'Anius II' 6-max Seat #2 is the button
Seat 2: nedo1414 ($92.94 in chips)
Seat 4: Lsalimov ($113.35 in chips)
nedo1414: posts small blind $1
Lsalimov: posts big blind $3
*** HOLE CARDS ***
nedo1414: raises $3 to $6
Lsalimov: calls $3
*** FLOP *** [7d 5d 3s]
Lsalimov: checks
nedo1414: bets $3
Lsalimov: folds
Uncalled bet ($3) returned to nedo1414
nedo1414 collected $11.76 from pot
nedo1414: doesn't show hand
*** SUMMARY ***
Total pot $12 | Rake $0.24
Board [7d 5d 3s]
Seat 2: nedo1414 (button) (small blind) collected ($11.76)
Seat 4: Lsalimov (big blind) folded on the Flop


PokerStars Hand #175189293842:  Hold'em Limit ($3/$6 USD) - 2017/09/04 7:17:56 ET
Table 'Anius II' 6-max Seat #4 is the button
Seat 2: nedo1414 ($93.19 in chips)
Seat 4: Lsalimov ($113.60 in chips)
Lsalimov: posts small blind $1
nedo1414: posts big blind $3
*** HOLE CARDS ***
Lsalimov: raises $3 to $6
nedo1414: calls $3
*** FLOP *** [Qd Td 8c]
nedo1414: checks
Lsalimov: bets $3
nedo1414: raises $3 to $6
Lsalimov: calls $3
*** TURN *** [Qd Td 8c] [7s]
nedo1414: bets $6
Lsalimov: calls $6
*** RIVER *** [Qd Td 8c 7s] [3c]
nedo1414: bets $6
Lsalimov: calls $6
*** SHOW DOWN ***
nedo1414: shows [4h Th] (a pair of Tens)
Lsalimov: shows [4d Tc] (a pair of Tens)
nedo1414 collected $23.75 from pot
Lsalimov collected $23.75 from pot
*** SUMMARY ***
Total pot $48 | Rake $0.50
Board [Qd Td 8c 7s 3c]
Seat 2: nedo1414 (big blind) showed [4h Th] and won ($23.75) with a pair of Tens
Seat 4: Lsalimov (button) (small blind) showed [4d Tc] and won ($23.75) with a pair of Tens


PokerStars Hand #175189290361:  Hold'em Limit ($3/$6 USD) - 2017/09/04 7:17:48 ET
Table 'Anius II' 6-max Seat #2 is the button
Seat 2: nedo1414 ($102.19 in chips)
Seat 4: Lsalimov ($104.96 in chips)
nedo1414: posts small blind $1
Lsalimov: posts big blind $3
*** HOLE CARDS ***
nedo1414: raises $3 to $6
Lsalimov: raises $3 to $9
nedo1414: calls $3
*** FLOP *** [2h 4d Tc]
Lsalimov: bets $3
nedo1414: folds
Uncalled bet ($3) returned to Lsalimov
Lsalimov collected $17.64 from pot
Lsalimov: doesn't show hand
*** SUMMARY ***
Total pot $18 | Rake $0.36
Board [2h 4d Tc]
Seat 2: nedo1414 (button) (small blind) folded on the Flop
Seat 4: Lsalimov (big blind) collected ($17.64)


PokerStars Hand #175189284524:  Hold'em Limit ($3/$6 USD) - 2017/09/04 7:17:34 ET
Table 'Anius II' 6-max Seat #4 is the button
Seat 2: nedo1414 ($126.19 in chips)
Seat 4: Lsalimov ($81.46 in chips)
Lsalimov: posts small blind $1
nedo1414: posts big blind $3
*** HOLE CARDS ***
Lsalimov: raises $3 to $6
nedo1414: raises $3 to $9
Lsalimov: calls $3
*** FLOP *** [Qs 7h 2s]
nedo1414: bets $3
Lsalimov: calls $3
*** TURN *** [Qs 7h 2s] [8c]
nedo1414: checks
Lsalimov: bets $6
nedo1414: calls $6
*** RIVER *** [Qs 7h 2s 8c] [Kc]
nedo1414: checks
Lsalimov: bets $6
nedo1414: calls $6
*** SHOW DOWN ***
Lsalimov: shows [7d Qd] (two pair, Queens and Sevens)
nedo1414: mucks hand
Lsalimov collected $47.50 from pot
*** SUMMARY ***
Total pot $48 | Rake $0.50
Board [Qs 7h 2s 8c Kc]
Seat 2: nedo1414 (big blind) mucked
Seat 4: Lsalimov (button) (small blind) showed [7d Qd] and won ($47.50) with two pair, Queens and Sevens


PokerStars Hand #175189278848:  Hold'em Limit ($3/$6 USD) - 2017/09/04 7:17:20 ET
Table 'Anius II' 6-max Seat #2 is the button
Seat 2: nedo1414 ($120.43 in chips)
Seat 4: Lsalimov ($87.46 in chips)
nedo1414: posts small blind $1
zimin10: is sitting out
Lsalimov: posts big blind $3
*** HOLE CARDS ***
nedo1414: raises $3 to $6
Lsalimov: calls $3
*** FLOP *** [5d Th Tc]
Lsalimov: checks
nedo1414: bets $3
zimin10 leaves the table
Lsalimov: folds
Uncalled bet ($3) returned to nedo1414
nedo1414 collected $11.76 from pot
nedo1414: doesn't show hand
*** SUMMARY ***
Total pot $12 | Rake $0.24
Board [5d Th Tc]
Seat 2: nedo1414 (button) (small blind) collected ($11.76)
Seat 4: Lsalimov (big blind) folded on the Flop


PokerStars Hand #175189324334:  Hold'em Limit ($3/$6 USD) - 2017/09/04 7:19:11 ET
Table 'Anius II' 6-max Seat #4 is the button
Seat 2: nedo1414 ($136.96 in chips)
Seat 4: Lsalimov ($127.35 in chips)
Lsalimov: posts small blind $1
nedo1414: posts big blind $3
*** HOLE CARDS ***
Lsalimov: folds
Uncalled bet ($2) returned to nedo1414
nedo1414 collected $2 from pot
*** SUMMARY ***
Total pot $2 | Rake $0
Seat 2: nedo1414 (big blind) collected ($2)
Seat 4: Lsalimov (button) (small blind) folded before Flop


PokerStars Hand #175189321434:  Hold'em Limit ($3/$6 USD) - 2017/09/04 7:19:04 ET
Table 'Anius II' 6-max Seat #2 is the button
Seat 2: nedo1414 ($131.20 in chips)
Seat 4: Lsalimov ($133.35 in chips)
nedo1414: posts small blind $1
Lsalimov: posts big blind $3
*** HOLE CARDS ***
nedo1414: raises $3 to $6
Lsalimov: calls $3
*** FLOP *** [2h 8h 2d]
Lsalimov: checks
nedo1414: bets $3
Lsalimov: folds
Uncalled bet ($3) returned to nedo1414
nedo1414 collected $11.76 from pot
nedo1414: doesn't show hand
*** SUMMARY ***
Total pot $12 | Rake $0.24
Board [2h 8h 2d]
Seat 2: nedo1414 (button) (small blind) collected ($11.76)
Seat 4: Lsalimov (big blind) folded on the Flop


PokerStars Hand #175189314979:  Hold'em Limit ($3/$6 USD) - 2017/09/04 7:18:48 ET
Table 'Anius II' 6-max Seat #4 is the button
Seat 2: nedo1414 ($53.70 in chips)
Seat 4: Lsalimov ($151.35 in chips)
Lsalimov: posts small blind $1
nedo1414: posts big blind $3
*** HOLE CARDS ***
Lsalimov: raises $3 to $6
nedo1414: raises $3 to $9
Lsalimov: calls $3
*** FLOP *** [7d 6c Kh]
nedo1414: bets $3
Lsalimov: calls $3
*** TURN *** [7d 6c Kh] [4d]
nedo1414: bets $6
Lsalimov: calls $6
*** RIVER *** [7d 6c Kh 4d] [Ac]
nedo1414: bets $6
Lsalimov: folds
Uncalled bet ($6) returned to nedo1414
nedo1414 collected $35.50 from pot
nedo1414: doesn't show hand
*** SUMMARY ***
Total pot $36 | Rake $0.50
Board [7d 6c Kh 4d Ac]
Seat 2: nedo1414 (big blind) collected ($35.50)
Seat 4: Lsalimov (button) (small blind) folded on the River


PokerStars Hand #175189309704:  Hold'em Limit ($3/$6 USD) - 2017/09/04 7:18:35 ET
Table 'Anius II' 6-max Seat #2 is the button
Seat 2: nedo1414 ($74.70 in chips)
Seat 4: Lsalimov ($130.85 in chips)
nedo1414: posts small blind $1
Lsalimov: posts big blind $3
*** HOLE CARDS ***
nedo1414: raises $3 to $6
Lsalimov: calls $3
*** FLOP *** [8s 9c Kh]
Lsalimov: checks
nedo1414: bets $3
Lsalimov: calls $3
*** TURN *** [8s 9c Kh] [5s]
Lsalimov: checks
nedo1414: bets $6
Lsalimov: calls $6
*** RIVER *** [8s 9c Kh 5s] [9h]
Lsalimov: checks
nedo1414: bets $6
Lsalimov: calls $6
*** SHOW DOWN ***
nedo1414: shows [5h 3h] (two pair, Nines and Fives)
Lsalimov: shows [8h 7c] (two pair, Nines and Eights)
Lsalimov collected $41.50 from pot
*** SUMMARY ***
Total pot $42 | Rake $0.50
Board [8s 9c Kh 5s 9h]
Seat 2: nedo1414 (button) (small blind) showed [5h 3h] and lost with two pair, Nines and Fives
Seat 4: Lsalimov (big blind) showed [8h 7c] and won ($41.50) with two pair, Nines and Eights


PokerStars Hand #175189302595:  Hold'em Limit ($3/$6 USD) - 2017/09/04 7:18:18 ET
Table 'Anius II' 6-max Seat #4 is the button
Seat 2: nedo1414 ($98.70 in chips)
Seat 4: Lsalimov ($107.35 in chips)
Lsalimov: posts small blind $1
nedo1414: posts big blind $3
*** HOLE CARDS ***
Lsalimov: raises $3 to $6
nedo1414: raises $3 to $9
Lsalimov: calls $3
*** FLOP *** [Jh 5c 3c]
nedo1414: bets $3
Lsalimov: calls $3
*** TURN *** [Jh 5c 3c] [7h]
nedo1414: bets $6
Lsalimov: raises $6 to $12
nedo1414: calls $6
*** RIVER *** [Jh 5c 3c 7h] [8s]
nedo1414: checks
Lsalimov: checks
*** SHOW DOWN ***
nedo1414: shows [6d 2d] (high card Jack)
Lsalimov: shows [4d Kc] (high card King)
Lsalimov collected $47.50 from pot
*** SUMMARY ***
Total pot $48 | Rake $0.50
Board [Jh 5c 3c 7h 8s]
Seat 2: nedo1414 (big blind) showed [6d 2d] and lost with high card Jack
Seat 4: Lsalimov (button) (small blind) showed [4d Kc] and won ($47.50) with high card King


PokerStars Hand #175189345478:  Hold'em Limit ($3/$6 USD) - 2017/09/04 7:20:01 ET
Table 'Anius II' 6-max Seat #2 is the button
Seat 2: nedo1414 ($119.60 in chips)
Seat 4: Lsalimov ($143.85 in chips)
nedo1414: posts small blind $1
Lsalimov: posts big blind $3
*** HOLE CARDS ***
nedo1414: raises $3 to $6
Lsalimov: calls $3
*** FLOP *** [Jd 7c 4c]
Lsalimov: checks
nedo1414: bets $3
Lsalimov: raises $3 to $6
nedo1414: calls $3
*** TURN *** [Jd 7c 4c] [Ad]
Lsalimov: bets $6
nedo1414: raises $6 to $12
Lsalimov: calls $6
*** RIVER *** [Jd 7c 4c Ad] [Td]
Lsalimov: checks
nedo1414: bets $6
Lsalimov: folds
Uncalled bet ($6) returned to nedo1414
nedo1414 collected $47.50 from pot
nedo1414: doesn't show hand
*** SUMMARY ***
Total pot $48 | Rake $0.50
Board [Jd 7c 4c Ad Td]
Seat 2: nedo1414 (button) (small blind) collected ($47.50)
Seat 4: Lsalimov (big blind) folded on the River


PokerStars Hand #175189341540:  Hold'em Limit ($3/$6 USD) - 2017/09/04 7:19:52 ET
Table 'Anius II' 6-max Seat #4 is the button
Seat 2: nedo1414 ($110.96 in chips)
Seat 4: Lsalimov ($152.85 in chips)
Lsalimov: posts small blind $1
nedo1414: posts big blind $3
*** HOLE CARDS ***
Lsalimov: raises $3 to $6
nedo1414: raises $3 to $9
Lsalimov: calls $3
*** FLOP *** [Tc 4d Ts]
nedo1414: bets $3
Lsalimov: folds
Uncalled bet ($3) returned to nedo1414
nedo1414 collected $17.64 from pot
*** SUMMARY ***
Total pot $18 | Rake $0.36
Board [Tc 4d Ts]
Seat 2: nedo1414 (big blind) collected ($17.64)
Seat 4: Lsalimov (button) (small blind) folded on the Flop


PokerStars Hand #175189326230:  Hold'em Limit ($3/$6 USD) - 2017/09/04 7:19:15 ET
Table 'Anius II' 6-max Seat #2 is the button
Seat 2: nedo1414 ($137.96 in chips)
Seat 4: Lsalimov ($126.35 in chips)
nedo1414: posts small blind $1
Lsalimov: posts big blind $3
*** HOLE CARDS ***
nedo1414: raises $3 to $6
Lsalimov: raises $3 to $9
nedo1414: raises $3 to $12
Betting is capped
Lsalimov: calls $3
*** FLOP *** [2h 7d Js]
Lsalimov: checks
nedo1414: bets $3
Lsalimov: calls $3
*** TURN *** [2h 7d Js] [Jh]
Lsalimov: checks
nedo1414: checks
*** RIVER *** [2h 7d Js Jh] [Ah]
Lsalimov: checks
nedo1414: bets $6
Lsalimov: raises $6 to $12
nedo1414: calls $6
*** SHOW DOWN ***
Lsalimov: shows [Kh Th] (a flush, Ace high)
nedo1414: mucks hand
Lsalimov collected $53.50 from pot
*** SUMMARY ***
Total pot $54 | Rake $0.50
Board [2h 7d Js Jh Ah]
Seat 2: nedo1414 (button) (small blind) mucked
Seat 4: Lsalimov (big blind) showed [Kh Th] and won ($53.50) with a flush, Ace high


PokerStars Hand #175189359386:  Hold'em Limit ($3/$6 USD) - 2017/09/04 7:20:35 ET
Table 'Anius II' 6-max Seat #4 is the button
Seat 2: nedo1414 ($157.62 in chips)
Seat 4: Lsalimov ($104.85 in chips)
Lsalimov: posts small blind $1
nedo1414: posts big blind $3
*** HOLE CARDS ***
Lsalimov: raises $3 to $6
nedo1414: calls $3
*** FLOP *** [Th Kh Qc]
nedo1414: checks
Lsalimov: bets $3
nedo1414: folds
Uncalled bet ($3) returned to Lsalimov
Lsalimov collected $11.76 from pot
Lsalimov: doesn't show hand
*** SUMMARY ***
Total pot $12 | Rake $0.24
Board [Th Kh Qc]
Seat 2: nedo1414 (big blind) folded on the Flop
Seat 4: Lsalimov (button) (small blind) collected ($11.76)


PokerStars Hand #175189357322:  Hold'em Limit ($3/$6 USD) - 2017/09/04 7:20:30 ET
Table 'Anius II' 6-max Seat #2 is the button
Seat 2: nedo1414 ($154.62 in chips)
Seat 4: Lsalimov ($107.85 in chips)
nedo1414: posts small blind $1
Lsalimov: posts big blind $3
*** HOLE CARDS ***
nedo1414: raises $3 to $6
Lsalimov: folds
Uncalled bet ($3) returned to nedo1414
patrikskjold joins the table at seat #3
nedo1414 collected $6 from pot
nedo1414: doesn't show hand
*** SUMMARY ***
Total pot $6 | Rake $0
Seat 2: nedo1414 (button) (small blind) collected ($6)
Seat 4: Lsalimov (big blind) folded before Flop


PokerStars Hand #175189352660:  Hold'em Limit ($3/$6 USD) - 2017/09/04 7:20:18 ET
Table 'Anius II' 6-max Seat #4 is the button
Seat 2: nedo1414 ($143.10 in chips)
Seat 4: Lsalimov ($119.85 in chips)
Lsalimov: posts small blind $1
nedo1414: posts big blind $3
*** HOLE CARDS ***
Lsalimov: raises $3 to $6
nedo1414: calls $3
*** FLOP *** [2s 5c Ac]
nedo1414: checks
Lsalimov: bets $3
nedo1414: raises $3 to $6
Lsalimov: calls $3
*** TURN *** [2s 5c Ac] [6s]
nedo1414: bets $6
Lsalimov: folds
Uncalled bet ($6) returned to nedo1414
nedo1414 collected $23.52 from pot
nedo1414: doesn't show hand
*** SUMMARY ***
Total pot $24 | Rake $0.48
Board [2s 5c Ac 6s]
Seat 2: nedo1414 (big blind) collected ($23.52)
Seat 4: Lsalimov (button) (small blind) folded on the Turn


PokerStars Hand #175189399556:  Hold'em Limit ($3/$6 USD) - 2017/09/04 7:22:12 ET
Table 'Anius II' 6-max Seat #4 is the button
Seat 2: nedo1414 ($119.31 in chips)
Seat 4: Lsalimov ($180.36 in chips)
Lsalimov: posts small blind $1
nedo1414: posts big blind $3
*** HOLE CARDS ***
Lsalimov: folds
Uncalled bet ($2) returned to nedo1414
nedo1414 collected $2 from pot
nedo1414: doesn't show hand
*** SUMMARY ***
Total pot $2 | Rake $0
Seat 2: nedo1414 (big blind) collected ($2)
Seat 4: Lsalimov (button) (small blind) folded before Flop


PokerStars Hand #175189396565:  Hold'em Limit ($3/$6 USD) - 2017/09/04 7:22:05 ET
Table 'Anius II' 6-max Seat #2 is the button
Seat 2: nedo1414 ($113.55 in chips)
Seat 4: Lsalimov ($186.36 in chips)
nedo1414: posts small blind $1
Lsalimov: posts big blind $3
*** HOLE CARDS ***
nedo1414: raises $3 to $6
Lsalimov: calls $3
*** FLOP *** [6c 2d 6h]
Lsalimov: checks
nedo1414: bets $3
Lsalimov: folds
Uncalled bet ($3) returned to nedo1414
nedo1414 collected $11.76 from pot
nedo1414: doesn't show hand
*** SUMMARY ***
Total pot $12 | Rake $0.24
Board [6c 2d 6h]
Seat 2: nedo1414 (button) (small blind) collected ($11.76)
Seat 4: Lsalimov (big blind) folded on the Flop


PokerStars Hand #175189406748:  Hold'em Limit ($3/$6 USD) - 2017/09/04 7:22:29 ET
Table 'Anius II' 6-max Seat #4 is the button
Seat 2: nedo1414 ($108.31 in chips)
Seat 4: Lsalimov ($190.88 in chips)
Lsalimov: posts small blind $1
nedo1414: posts big blind $3
*** HOLE CARDS ***
Lsalimov: raises $3 to $6
nedo1414: calls $3
*** FLOP *** [As Kc Js]
nedo1414: checks
Lsalimov: bets $3
nedo1414: raises $3 to $6
Lsalimov: raises $3 to $9
nedo1414: calls $3
*** TURN *** [As Kc Js] [9d]
nedo1414: checks
Lsalimov: bets $6
nedo1414: calls $6
*** RIVER *** [As Kc Js 9d] [3c]
nedo1414: checks
Lsalimov: checks
*** SHOW DOWN ***
nedo1414: shows [9s 4s] (a pair of Nines)
Lsalimov: mucks hand
nedo1414 collected $41.50 from pot
*** SUMMARY ***
Total pot $42 | Rake $0.50
Board [As Kc Js 9d 3c]
Seat 2: nedo1414 (big blind) showed [9s 4s] and won ($41.50) with a pair of Nines
Seat 4: Lsalimov (button) (small blind) mucked


PokerStars Hand #175189402219:  Hold'em Limit ($3/$6 USD) - 2017/09/04 7:22:18 ET
Table 'Anius II' 6-max Seat #2 is the button
Seat 2: nedo1414 ($120.31 in chips)
Seat 4: Lsalimov ($179.36 in chips)
nedo1414: posts small blind $1
Lsalimov: posts big blind $3
*** HOLE CARDS ***
nedo1414: raises $3 to $6
Lsalimov: calls $3
*** FLOP *** [3s Ah 2c]
Lsalimov: checks
nedo1414: bets $3
Lsalimov: raises $3 to $6
nedo1414: calls $3
*** TURN *** [3s Ah 2c] [3d]
Lsalimov: bets $6
nedo1414: folds
Uncalled bet ($6) returned to Lsalimov
Lsalimov collected $23.52 from pot
Lsalimov: doesn't show hand
*** SUMMARY ***
Total pot $24 | Rake $0.48
Board [3s Ah 2c 3d]
Seat 2: nedo1414 (button) (small blind) folded on the Turn
Seat 4: Lsalimov (big blind) collected ($23.52)


PokerStars Hand #175189445660:  Hold'em Limit ($3/$6 USD) - 2017/09/04 7:24:03 ET
Table 'Anius II' 6-max Seat #2 is the button
Seat 2: nedo1414 ($44.81 in chips)
Seat 3: patrikskjold ($131.18 in chips)
nedo1414: posts small blind $1
patrikskjold: posts big blind $3
*** HOLE CARDS ***
nedo1414: raises $3 to $6
patrikskjold: calls $3
*** FLOP *** [2d Qh Qc]
patrikskjold: checks
nedo1414: bets $3
patrikskjold: calls $3
*** TURN *** [2d Qh Qc] [8c]
patrikskjold: checks
nedo1414: checks
*** RIVER *** [2d Qh Qc 8c] [3h]
patrikskjold: bets $6
nedo1414: folds
Uncalled bet ($6) returned to patrikskjold
patrikskjold collected $17.64 from pot
patrikskjold: doesn't show hand
*** SUMMARY ***
Total pot $18 | Rake $0.36
Board [2d Qh Qc 8c 3h]
Seat 2: nedo1414 (button) (small blind) folded on the River
Seat 3: patrikskjold (big blind) collected ($17.64)


PokerStars Hand #175189440265:  Hold'em Limit ($3/$6 USD) - 2017/09/04 7:23:50 ET
Table 'Anius II' 6-max Seat #3 is the button
Seat 2: nedo1414 ($65.81 in chips)
Seat 3: patrikskjold ($110.68 in chips)
patrikskjold: posts small blind $1
nedo1414: posts big blind $3
*** HOLE CARDS ***
patrikskjold: raises $3 to $6
nedo1414: calls $3
*** FLOP *** [Kh 7h 7c]
nedo1414: checks
patrikskjold: bets $3
nedo1414: calls $3
*** TURN *** [Kh 7h 7c] [9s]
nedo1414: checks
patrikskjold: bets $6
nedo1414: calls $6
*** RIVER *** [Kh 7h 7c 9s] [Jd]
nedo1414: checks
patrikskjold: bets $6
nedo1414: calls $6
*** SHOW DOWN ***
patrikskjold: shows [8c 7d] (three of a kind, Sevens)
nedo1414: mucks hand
patrikskjold collected $41.50 from pot
*** SUMMARY ***
Total pot $42 | Rake $0.50
Board [Kh 7h 7c 9s Jd]
Seat 2: nedo1414 (big blind) mucked
Seat 3: patrikskjold (button) (small blind) showed [8c 7d] and won ($41.50) with three of a kind, Sevens


PokerStars Hand #175189433165:  Hold'em Limit ($3/$6 USD) - 2017/09/04 7:23:33 ET
Table 'Anius II' 6-max Seat #2 is the button
Seat 2: nedo1414 ($92.81 in chips)
Seat 3: patrikskjold ($84.18 in chips)
nedo1414: posts small blind $1
patrikskjold: posts big blind $3
*** HOLE CARDS ***
nedo1414: raises $3 to $6
patrikskjold: calls $3
*** FLOP *** [Ad 6c 3h]
patrikskjold: checks
nedo1414: bets $3
patrikskjold: raises $3 to $6
nedo1414: raises $3 to $9
patrikskjold: calls $3
*** TURN *** [Ad 6c 3h] [Jc]
patrikskjold: checks
nedo1414: bets $6
patrikskjold: calls $6
*** RIVER *** [Ad 6c 3h Jc] [Jh]
patrikskjold: checks
nedo1414: bets $6
patrikskjold: calls $6
*** SHOW DOWN ***
nedo1414: shows [4d 5c] (a pair of Jacks)
patrikskjold: shows [3d Kc] (two pair, Jacks and Threes)
patrikskjold collected $53.50 from pot
*** SUMMARY ***
Total pot $54 | Rake $0.50
Board [Ad 6c 3h Jc Jh]
Seat 2: nedo1414 (button) (small blind) showed [4d 5c] and lost with a pair of Jacks
Seat 3: patrikskjold (big blind) showed [3d Kc] and won ($53.50) with two pair, Jacks and Threes


PokerStars Hand #175189427005:  Hold'em Limit ($3/$6 USD) - 2017/09/04 7:23:18 ET
Table 'Anius II' 6-max Seat #3 is the button
Seat 2: nedo1414 ($122.81 in chips)
Seat 3: patrikskjold ($54.68 in chips)
patrikskjold: posts small blind $1
Lsalimov: is sitting out
nedo1414: posts big blind $3
*** HOLE CARDS ***
patrikskjold: raises $3 to $6
nedo1414: raises $3 to $9
patrikskjold: calls $3
*** FLOP *** [Jd Ac 2d]
Lsalimov leaves the table
nedo1414: bets $3
patrikskjold: calls $3
*** TURN *** [Jd Ac 2d] [6s]
nedo1414: bets $6
patrikskjold: raises $6 to $12
nedo1414: calls $6
*** RIVER *** [Jd Ac 2d 6s] [9d]
nedo1414: checks
patrikskjold: bets $6
nedo1414: calls $6
*** SHOW DOWN ***
patrikskjold: shows [2h Js] (two pair, Jacks and Deuces)
nedo1414: mucks hand
patrikskjold collected $59.50 from pot
*** SUMMARY ***
Total pot $60 | Rake $0.50
Board [Jd Ac 2d 6s 9d]
Seat 2: nedo1414 (big blind) mucked
Seat 3: patrikskjold (button) (small blind) showed [2h Js] and won ($59.50) with two pair, Jacks and Deuces


PokerStars Hand #175189472269:  Hold'em Limit ($3/$6 USD) - 2017/09/04 7:25:07 ET
Table 'Anius II' 6-max Seat #3 is the button
Seat 2: nedo1414 ($142.95 in chips)
Seat 3: patrikskjold ($151.08 in chips)
patrikskjold: posts small blind $1
nedo1414: posts big blind $3
*** HOLE CARDS ***
patrikskjold: raises $3 to $6
nedo1414: raises $3 to $9
patrikskjold: calls $3
*** FLOP *** [Kd Ad Td]
nedo1414: bets $3
patrikskjold: calls $3
*** TURN *** [Kd Ad Td] [3h]
nedo1414: bets $6
patrikskjold: calls $6
*** RIVER *** [Kd Ad Td 3h] [Qh]
nedo1414: bets $6
patrikskjold: folds
Uncalled bet ($6) returned to nedo1414
nedo1414 collected $35.50 from pot
nedo1414: doesn't show hand
*** SUMMARY ***
Total pot $36 | Rake $0.50
Board [Kd Ad Td 3h Qh]
Seat 2: nedo1414 (big blind) collected ($35.50)
Seat 3: patrikskjold (button) (small blind) folded on the River


PokerStars Hand #175189467702:  Hold'em Limit ($3/$6 USD) - 2017/09/04 7:24:56 ET
Table 'Anius II' 6-max Seat #2 is the button
Seat 2: nedo1414 ($134.31 in chips)
Seat 3: patrikskjold ($160.08 in chips)
nedo1414: posts small blind $1
patrikskjold: posts big blind $3
*** HOLE CARDS ***
nedo1414: raises $3 to $6
patrikskjold: calls $3
*** FLOP *** [9h 2c 7s]
patrikskjold: checks
nedo1414: bets $3
patrikskjold: calls $3
*** TURN *** [9h 2c 7s] [6c]
patrikskjold: checks
nedo1414: bets $6
patrikskjold: folds
Uncalled bet ($6) returned to nedo1414
nedo1414 collected $17.64 from pot
nedo1414: doesn't show hand
*** SUMMARY ***
Total pot $18 | Rake $0.36
Board [9h 2c 7s 6c]
Seat 2: nedo1414 (button) (small blind) collected ($17.64)
Seat 3: patrikskjold (big blind) folded on the Turn


PokerStars Hand #175189464444:  Hold'em Limit ($3/$6 USD) - 2017/09/04 7:24:48 ET
Table 'Anius II' 6-max Seat #3 is the button
Seat 2: nedo1414 ($140.31 in chips)
Seat 3: patrikskjold ($154.32 in chips)
patrikskjold: posts small blind $1
nedo1414: posts big blind $3
*** HOLE CARDS ***
patrikskjold: raises $3 to $6
nedo1414: calls $3
*** FLOP *** [2d 2s Jh]
nedo1414: checks
patrikskjold: bets $3
nedo1414: folds
Uncalled bet ($3) returned to patrikskjold
patrikskjold collected $11.76 from pot
patrikskjold: doesn't show hand
*** SUMMARY ***
Total pot $12 | Rake $0.24
Board [2d 2s Jh]
Seat 2: nedo1414 (big blind) folded on the Flop
Seat 3: patrikskjold (button) (small blind) collected ($11.76)


PokerStars Hand #175189456394:  Hold'em Limit ($3/$6 USD) - 2017/09/04 7:24:29 ET
Table 'Anius II' 6-max Seat #2 is the button
Seat 2: nedo1414 ($65.81 in chips)
Seat 3: patrikskjold ($169.32 in chips)
nedo1414: posts small blind $1
patrikskjold: posts big blind $3
*** HOLE CARDS ***
nedo1414: raises $3 to $6
patrikskjold: calls $3
*** FLOP *** [5c 7d 3s]
patrikskjold: checks
nedo1414: bets $3
patrikskjold: calls $3
*** TURN *** [5c 7d 3s] [Ts]
patrikskjold: checks
nedo1414: bets $6
patrikskjold: calls $6
*** RIVER *** [5c 7d 3s Ts] [6d]
patrikskjold: checks
nedo1414: checks
*** SHOW DOWN ***
patrikskjold: shows [6s Qd] (a pair of Sixes)
nedo1414: shows [9s Th] (a pair of Tens)
nedo1414 collected $29.50 from pot
*** SUMMARY ***
Total pot $30 | Rake $0.50
Board [5c 7d 3s Ts 6d]
Seat 2: nedo1414 (button) (small blind) showed [9s Th] and won ($29.50) with a pair of Tens
Seat 3: patrikskjold (big blind) showed [6s Qd] and lost with a pair of Sixes


PokerStars Hand #175189450720:  Hold'em Limit ($3/$6 USD) - 2017/09/04 7:24:15 ET
Table 'Anius II' 6-max Seat #3 is the button
Seat 2: nedo1414 ($95.81 in chips)
Seat 3: patrikskjold ($139.82 in chips)
patrikskjold: posts small blind $1
nedo1414: posts big blind $3
*** HOLE CARDS ***
patrikskjold: raises $3 to $6
nedo1414: raises $3 to $9
patrikskjold: calls $3
*** FLOP *** [2d Jc 4h]
nedo1414: bets $3
patrikskjold: calls $3
*** TURN *** [2d Jc 4h] [Qd]
nedo1414: bets $6
patrikskjold: raises $6 to $12
nedo1414: calls $6
*** RIVER *** [2d Jc 4h Qd] [3s]
nedo1414: checks
patrikskjold: bets $6
nedo1414: calls $6
*** SHOW DOWN ***
patrikskjold: shows [8d Qc] (a pair of Queens)
nedo1414: mucks hand
patrikskjold collected $59.50 from pot
*** SUMMARY ***
Total pot $60 | Rake $0.50
Board [2d Jc 4h Qd 3s]
Seat 2: nedo1414 (big blind) mucked
Seat 3: patrikskjold (button) (small blind) showed [8d Qc] and won ($59.50) with a pair of Queens


PokerStars Hand #175189496733:  Hold'em Limit ($3/$6 USD) - 2017/09/04 7:26:05 ET
Table 'Anius II' 6-max Seat #3 is the button
Seat 2: nedo1414 ($168.95 in chips)
Seat 3: patrikskjold ($123.36 in chips)
patrikskjold: posts small blind $1
nedo1414: posts big blind $3
*** HOLE CARDS ***
patrikskjold: raises $3 to $6
nedo1414: calls $3
*** FLOP *** [5h 3c 4s]
nedo1414: checks
patrikskjold: bets $3
nedo1414: calls $3
*** TURN *** [5h 3c 4s] [3d]
nedo1414: checks
patrikskjold: bets $6
nedo1414: calls $6
*** RIVER *** [5h 3c 4s 3d] [Tc]
nedo1414: checks
patrikskjold: bets $6
nedo1414: calls $6
*** SHOW DOWN ***
patrikskjold: shows [5c Kd] (two pair, Fives and Threes)
nedo1414: mucks hand
patrikskjold collected $41.50 from pot
*** SUMMARY ***
Total pot $42 | Rake $0.50
Board [5h 3c 4s 3d Tc]
Seat 2: nedo1414 (big blind) mucked
Seat 3: patrikskjold (button) (small blind) showed [5c Kd] and won ($41.50) with two pair, Fives and Threes


PokerStars Hand #175189489292:  Hold'em Limit ($3/$6 USD) - 2017/09/04 7:25:47 ET
Table 'Anius II' 6-max Seat #2 is the button
Seat 2: nedo1414 ($142.45 in chips)
Seat 3: patrikskjold ($150.36 in chips)
nedo1414: posts small blind $1
patrikskjold: posts big blind $3
*** HOLE CARDS ***
nedo1414: raises $3 to $6
patrikskjold: raises $3 to $9
nedo1414: raises $3 to $12
Betting is capped
patrikskjold: calls $3
*** FLOP *** [7s 9c Kc]
patrikskjold: checks
nedo1414: bets $3
patrikskjold: calls $3
*** TURN *** [7s 9c Kc] [3s]
patrikskjold: checks
nedo1414: bets $6
patrikskjold: calls $6
*** RIVER *** [7s 9c Kc 3s] [5d]
patrikskjold: checks
nedo1414: bets $6
patrikskjold: calls $6
*** SHOW DOWN ***
nedo1414: shows [Ad Ah] (a pair of Aces)
patrikskjold: mucks hand
nedo1414 collected $53.50 from pot
*** SUMMARY ***
Total pot $54 | Rake $0.50
Board [7s 9c Kc 3s 5d]
Seat 2: nedo1414 (button) (small blind) showed [Ad Ah] and won ($53.50) with a pair of Aces
Seat 3: patrikskjold (big blind) mucked


PokerStars Hand #175189483963:  Hold'em Limit ($3/$6 USD) - 2017/09/04 7:25:35 ET
Table 'Anius II' 6-max Seat #3 is the button
Seat 2: nedo1414 ($151.45 in chips)
Seat 3: patrikskjold ($141.72 in chips)
patrikskjold: posts small blind $1
nedo1414: posts big blind $3
*** HOLE CARDS ***
patrikskjold: raises $3 to $6
nedo1414: calls $3
*** FLOP *** [8h 4c 9h]
nedo1414: checks
patrikskjold: bets $3
nedo1414: calls $3
*** TURN *** [8h 4c 9h] [6h]
nedo1414: checks
patrikskjold: bets $6
nedo1414: folds
Uncalled bet ($6) returned to patrikskjold
patrikskjold collected $17.64 from pot
patrikskjold: doesn't show hand
*** SUMMARY ***
Total pot $18 | Rake $0.36
Board [8h 4c 9h 6h]
Seat 2: nedo1414 (big blind) folded on the Turn
Seat 3: patrikskjold (button) (small blind) collected ($17.64)


PokerStars Hand #175189479118:  Hold'em Limit ($3/$6 USD) - 2017/09/04 7:25:23 ET
Table 'Anius II' 6-max Seat #2 is the button
Seat 2: nedo1414 ($160.45 in chips)
Seat 3: patrikskjold ($133.08 in chips)
nedo1414: posts small blind $1
patrikskjold: posts big blind $3
*** HOLE CARDS ***
nedo1414: raises $3 to $6
patrikskjold: calls $3
*** FLOP *** [Qs 8s 7d]
patrikskjold: checks
nedo1414: bets $3
patrikskjold: calls $3
*** TURN *** [Qs 8s 7d] [5h]
patrikskjold: checks
nedo1414: checks
*** RIVER *** [Qs 8s 7d 5h] [2c]
patrikskjold: bets $6
nedo1414: folds
Uncalled bet ($6) returned to patrikskjold
patrikskjold collected $17.64 from pot
patrikskjold: doesn't show hand
*** SUMMARY ***
Total pot $18 | Rake $0.36
Board [Qs 8s 7d 5h 2c]
Seat 2: nedo1414 (button) (small blind) folded on the River
Seat 3: patrikskjold (big blind) collected ($17.64)


PokerStars Hand #175189529016:  Hold'em Limit ($3/$6 USD) - 2017/09/04 7:27:21 ET
Table 'Anius II' 6-max Seat #2 is the button
Seat 2: nedo1414 ($192.45 in chips)
Seat 3: patrikskjold ($169.86 in chips)
nedo1414: posts small blind $1
patrikskjold: posts big blind $3
*** HOLE CARDS ***
nedo1414: folds
Uncalled bet ($2) returned to patrikskjold
patrikskjold collected $2 from pot
patrikskjold: doesn't show hand
*** SUMMARY ***
Total pot $2 | Rake $0
Seat 2: nedo1414 (button) (small blind) folded before Flop
Seat 3: patrikskjold (big blind) collected ($2)


PokerStars Hand #175189524061:  Hold'em Limit ($3/$6 USD) - 2017/09/04 7:27:09 ET
Table 'Anius II' 6-max Seat #3 is the button
Seat 2: nedo1414 ($168.95 in chips)
Seat 3: patrikskjold ($193.86 in chips)
patrikskjold: posts small blind $1
nedo1414: posts big blind $3
*** HOLE CARDS ***
patrikskjold: raises $3 to $6
nedo1414: raises $3 to $9
patrikskjold: calls $3
*** FLOP *** [Ad 9h 4c]
nedo1414: bets $3
patrikskjold: calls $3
*** TURN *** [Ad 9h 4c] [5h]
nedo1414: bets $6
patrikskjold: calls $6
*** RIVER *** [Ad 9h 4c 5h] [Ks]
nedo1414: bets $6
patrikskjold: calls $6
*** SHOW DOWN ***
nedo1414: shows [Ac 5s] (two pair, Aces and Fives)
patrikskjold: mucks hand
NewRocker joins the table at seat #4
nedo1414 collected $47.50 from pot
*** SUMMARY ***
Total pot $48 | Rake $0.50
Board [Ad 9h 4c 5h Ks]
Seat 2: nedo1414 (big blind) showed [Ac 5s] and won ($47.50) with two pair, Aces and Fives
Seat 3: patrikskjold (button) (small blind) mucked


PokerStars Hand #175189521055:  Hold'em Limit ($3/$6 USD) - 2017/09/04 7:27:02 ET
Table 'Anius II' 6-max Seat #2 is the button
Seat 2: nedo1414 ($97.95 in chips)
Seat 3: patrikskjold ($192.86 in chips)
nedo1414: posts small blind $1
patrikskjold: posts big blind $3
*** HOLE CARDS ***
nedo1414: folds
Uncalled bet ($2) returned to patrikskjold
patrikskjold collected $2 from pot
patrikskjold: doesn't show hand
*** SUMMARY ***
Total pot $2 | Rake $0
Seat 2: nedo1414 (button) (small blind) folded before Flop
Seat 3: patrikskjold (big blind) collected ($2)


PokerStars Hand #175189519144:  Hold'em Limit ($3/$6 USD) - 2017/09/04 7:26:58 ET
Table 'Anius II' 6-max Seat #3 is the button
Seat 2: nedo1414 ($96.95 in chips)
Seat 3: patrikskjold ($193.86 in chips)
patrikskjold: posts small blind $1
nedo1414: posts big blind $3
*** HOLE CARDS ***
patrikskjold: folds
Uncalled bet ($2) returned to nedo1414
nedo1414 collected $2 from pot
nedo1414: doesn't show hand
*** SUMMARY ***
Total pot $2 | Rake $0
Seat 2: nedo1414 (big blind) collected ($2)
Seat 3: patrikskjold (button) (small blind) folded before Flop


PokerStars Hand #175189516386:  Hold'em Limit ($3/$6 USD) - 2017/09/04 7:26:51 ET
Table 'Anius II' 6-max Seat #2 is the button
Seat 2: nedo1414 ($93.95 in chips)
Seat 3: patrikskjold ($196.86 in chips)
nedo1414: posts small blind $1
patrikskjold: posts big blind $3
*** HOLE CARDS ***
nedo1414: raises $3 to $6
patrikskjold: folds
Uncalled bet ($3) returned to nedo1414
nedo1414 collected $6 from pot
nedo1414: doesn't show hand
*** SUMMARY ***
Total pot $6 | Rake $0
Seat 2: nedo1414 (button) (small blind) collected ($6)
Seat 3: patrikskjold (big blind) folded before Flop


PokerStars Hand #175189510267:  Hold'em Limit ($3/$6 USD) - 2017/09/04 7:26:37 ET
Table 'Anius II' 6-max Seat #3 is the button
Seat 2: nedo1414 ($123.95 in chips)
Seat 3: patrikskjold ($167.36 in chips)
patrikskjold: posts small blind $1
nedo1414: posts big blind $3
*** HOLE CARDS ***
patrikskjold: raises $3 to $6
nedo1414: raises $3 to $9
patrikskjold: calls $3
*** FLOP *** [Kd 5d 4h]
nedo1414: bets $3
patrikskjold: calls $3
*** TURN *** [Kd 5d 4h] [Th]
nedo1414: bets $6
patrikskjold: raises $6 to $12
nedo1414: calls $6
*** RIVER *** [Kd 5d 4h Th] [5s]
nedo1414: checks
patrikskjold: bets $6
nedo1414: calls $6
*** SHOW DOWN ***
patrikskjold: shows [Ah Kh] (two pair, Kings and Fives)
nedo1414: mucks hand
patrikskjold collected $59.50 from pot
*** SUMMARY ***
Total pot $60 | Rake $0.50
Board [Kd 5d 4h Th 5s]
Seat 2: nedo1414 (big blind) mucked
Seat 3: patrikskjold (button) (small blind) showed [Ah Kh] and won ($59.50) with two pair, Kings and Fives


PokerStars Hand #175189504869:  Hold'em Limit ($3/$6 USD) - 2017/09/04 7:26:24 ET
Table 'Anius II' 6-max Seat #2 is the button
Seat 2: nedo1414 ($147.95 in chips)
Seat 3: patrikskjold ($143.86 in chips)
nedo1414: posts small blind $1
patrikskjold: posts big blind $3
*** HOLE CARDS ***
nedo1414: raises $3 to $6
patrikskjold: raises $3 to $9
nedo1414: calls $3
*** FLOP *** [6h 6c 9s]
patrikskjold: bets $3
nedo1414: calls $3
*** TURN *** [6h 6c 9s] [2h]
patrikskjold: bets $6
nedo1414: calls $6
*** RIVER *** [6h 6c 9s 2h] [Ah]
patrikskjold: bets $6
nedo1414: calls $6
*** SHOW DOWN ***
patrikskjold: shows [Ts 6d] (three of a kind, Sixes)
nedo1414: mucks hand
patrikskjold collected $47.50 from pot
*** SUMMARY ***
Total pot $48 | Rake $0.50
Board [6h 6c 9s 2h Ah]
Seat 2: nedo1414 (button) (small blind) mucked
Seat 3: patrikskjold (big blind) showed [Ts 6d] and won ($47.50) with three of a kind, Sixes


PokerStars Hand #175189539656:  Hold'em Limit ($3/$6 USD) - 2017/09/04 7:27:46 ET
Table 'Anius II' 6-max Seat #2 is the button
Seat 2: nedo1414 ($207.70 in chips)
Seat 4: NewRocker ($116 in chips)
nedo1414: posts small blind $1
patrikskjold: is sitting out
NewRocker: posts big blind $3
*** HOLE CARDS ***
nedo1414: raises $3 to $6
patrikskjold leaves the table
NewRocker: folds
Uncalled bet ($3) returned to nedo1414
nedo1414 collected $6 from pot
nedo1414: doesn't show hand
*** SUMMARY ***
Total pot $6 | Rake $0
Seat 2: nedo1414 (button) (small blind) collected ($6)
Seat 4: NewRocker (big blind) folded before Flop


PokerStars Hand #175189542353:  Hold'em Limit ($3/$6 USD) - 2017/09/04 7:27:52 ET
Table 'Anius II' 6-max Seat #4 is the button
Seat 2: nedo1414 ($210.70 in chips)
Seat 4: NewRocker ($113 in chips)
NewRocker: posts small blind $1
nedo1414: posts big blind $3
*** HOLE CARDS ***
NewRocker: calls $2
nedo1414: raises $3 to $6
NewRocker: calls $3
*** FLOP *** [4c 3h 4h]
nedo1414: bets $3
NewRocker: calls $3
*** TURN *** [4c 3h 4h] [Ks]
nedo1414: bets $6
NewRocker: calls $6
*** RIVER *** [4c 3h 4h Ks] [6c]
nedo1414: checks
NewRocker: bets $6
nedo1414: calls $6
*** SHOW DOWN ***
NewRocker: shows [Kc 6h] (two pair, Kings and Sixes)
nedo1414: mucks hand
NewRocker collected $41.50 from pot
*** SUMMARY ***
Total pot $42 | Rake $0.50
Board [4c 3h 4h Ks 6c]
Seat 2: nedo1414 (big blind) mucked
Seat 4: NewRocker (button) (small blind) showed [Kc 6h] and won ($41.50) with two pair, Kings and Sixes


