PokerStars Hand #171779510546:  Hold'em Limit ($3/$6 USD) - 2017/06/14 16:48:49 ET
Table 'Anius III' 10-max Seat #2 is the button
Seat 2: perten ($51.82 in chips)
Seat 5: simper11 ($145.41 in chips)
perten: posts small blind $1
simper11: posts big blind $3
*** HOLE CARDS ***
perten: folds
Uncalled bet ($2) returned to simper11
simper11 collected $2 from pot
simper11: doesn't show hand
*** SUMMARY ***
Total pot $2 | Rake $0
Seat 2: perten (button) (small blind) folded before Flop
Seat 5: simper11 (big blind) collected ($2)


PokerStars Hand #171779516370:  Hold'em Limit ($3/$6 USD) - 2017/06/14 16:48:56 ET
Table 'Anius III' 10-max Seat #5 is the button
Seat 2: perten ($50.82 in chips)
Seat 5: simper11 ($146.41 in chips)
simper11: posts small blind $1
perten: posts big blind $3
*** HOLE CARDS ***
simper11: raises $3 to $6
perten: raises $3 to $9
simper11: calls $3
*** FLOP *** [2c 7c 6h]
perten: bets $3
simper11: calls $3
*** TURN *** [2c 7c 6h] [Ac]
perten: bets $6
simper11: calls $6
*** RIVER *** [2c 7c 6h Ac] [9s]
perten: bets $6
simper11: calls $6
*** SHOW DOWN ***
perten: shows [8c Ah] (a pair of Aces)
simper11: mucks hand
perten collected $47.50 from pot
*** SUMMARY ***
Total pot $48 | Rake $0.50
Board [2c 7c 6h Ac 9s]
Seat 2: perten (big blind) showed [8c Ah] and won ($47.50) with a pair of Aces
Seat 5: simper11 (button) (small blind) mucked


PokerStars Hand #171779527421:  Hold'em Limit ($3/$6 USD) - 2017/06/14 16:49:10 ET
Table 'Anius III' 10-max Seat #2 is the button
Seat 2: perten ($74.32 in chips)
Seat 5: simper11 ($122.41 in chips)
perten: posts small blind $1
simper11: posts big blind $3
*** HOLE CARDS ***
perten: raises $3 to $6
simper11: folds
Uncalled bet ($3) returned to perten
perten collected $6 from pot
perten: doesn't show hand
*** SUMMARY ***
Total pot $6 | Rake $0
Seat 2: perten (button) (small blind) collected ($6)
Seat 5: simper11 (big blind) folded before Flop


PokerStars Hand #171779531025:  Hold'em Limit ($3/$6 USD) - 2017/06/14 16:49:15 ET
Table 'Anius III' 10-max Seat #5 is the button
Seat 2: perten ($77.32 in chips)
Seat 5: simper11 ($120 in chips)
simper11: posts small blind $1
perten: posts big blind $3
*** HOLE CARDS ***
simper11: raises $3 to $6
perten: calls $3
*** FLOP *** [9d 2h 9h]
perten: checks
simper11: bets $3
perten: calls $3
*** TURN *** [9d 2h 9h] [Jh]
perten: checks
simper11: bets $6
perten: calls $6
*** RIVER *** [9d 2h 9h Jh] [Ts]
perten: checks
simper11: checks
*** SHOW DOWN ***
perten: shows [2c 3c] (two pair, Nines and Deuces)
simper11: mucks hand
perten collected $29.50 from pot
*** SUMMARY ***
Total pot $30 | Rake $0.50
Board [9d 2h 9h Jh Ts]
Seat 2: perten (big blind) showed [2c 3c] and won ($29.50) with two pair, Nines and Deuces
Seat 5: simper11 (button) (small blind) mucked


PokerStars Hand #171779544617:  Hold'em Limit ($3/$6 USD) - 2017/06/14 16:49:31 ET
Table 'Anius III' 10-max Seat #2 is the button
Seat 2: perten ($91.82 in chips)
Seat 5: simper11 ($112.56 in chips)
perten: posts small blind $1
simper11: posts big blind $3
*** HOLE CARDS ***
perten: raises $3 to $6
simper11: calls $3
*** FLOP *** [3c 6s 2h]
simper11: checks
perten: bets $3
simper11: raises $3 to $6
perten: raises $3 to $9
simper11: raises $3 to $12
Betting is capped
perten: calls $3
*** TURN *** [3c 6s 2h] [Qd]
simper11: bets $6
perten: raises $6 to $12
simper11: calls $6
*** RIVER *** [3c 6s 2h Qd] [5d]
simper11: checks
perten: checks
*** SHOW DOWN ***
simper11: shows [6d Ks] (a pair of Sixes)
perten: mucks hand
simper11 collected $59.50 from pot
*** SUMMARY ***
Total pot $60 | Rake $0.50
Board [3c 6s 2h Qd 5d]
Seat 2: perten (button) (small blind) mucked
Seat 5: simper11 (big blind) showed [6d Ks] and won ($59.50) with a pair of Sixes


PokerStars Hand #171779558046:  Hold'em Limit ($3/$6 USD) - 2017/06/14 16:49:48 ET
Table 'Anius III' 10-max Seat #5 is the button
Seat 2: perten ($61.82 in chips)
Seat 5: simper11 ($142.06 in chips)
simper11: posts small blind $1
perten: posts big blind $3
*** HOLE CARDS ***
simper11: raises $3 to $6
perten: calls $3
*** FLOP *** [8c 4s Tc]
perten: checks
simper11: bets $3
perten: folds
Uncalled bet ($3) returned to simper11
simper11 collected $11.76 from pot
simper11: doesn't show hand
*** SUMMARY ***
Total pot $12 | Rake $0.24
Board [8c 4s Tc]
Seat 2: perten (big blind) folded on the Flop
Seat 5: simper11 (button) (small blind) collected ($11.76)


PokerStars Hand #171779569655:  Hold'em Limit ($3/$6 USD) - 2017/06/14 16:50:01 ET
Table 'Anius III' 10-max Seat #2 is the button
Seat 2: perten ($55.82 in chips)
Seat 5: simper11 ($147.82 in chips)
perten: posts small blind $1
simper11: posts big blind $3
*** HOLE CARDS ***
perten: raises $3 to $6
simper11: raises $3 to $9
perten: raises $3 to $12
Betting is capped
simper11: calls $3
*** FLOP *** [Td Ad 9h]
simper11: checks
perten: bets $3
simper11: raises $3 to $6
perten: calls $3
*** TURN *** [Td Ad 9h] [6s]
simper11: bets $6
perten: calls $6
*** RIVER *** [Td Ad 9h 6s] [2d]
simper11: bets $6
perten: folds
Uncalled bet ($6) returned to simper11
simper11 collected $47.50 from pot
simper11: doesn't show hand
*** SUMMARY ***
Total pot $48 | Rake $0.50
Board [Td Ad 9h 6s 2d]
Seat 2: perten (button) (small blind) folded on the River
Seat 5: simper11 (big blind) collected ($47.50)


PokerStars Hand #171779593246:  Hold'em Limit ($3/$6 USD) - 2017/06/14 16:50:31 ET
Table 'Anius III' 10-max Seat #5 is the button
Seat 2: perten ($31.82 in chips)
Seat 5: simper11 ($171.32 in chips)
simper11: posts small blind $1
perten: posts big blind $3
*** HOLE CARDS ***
simper11: raises $3 to $6
perten: folds
Uncalled bet ($3) returned to simper11
simper11 collected $6 from pot
simper11: doesn't show hand
*** SUMMARY ***
Total pot $6 | Rake $0
Seat 2: perten (big blind) folded before Flop
Seat 5: simper11 (button) (small blind) collected ($6)


PokerStars Hand #171779607611:  Hold'em Limit ($3/$6 USD) - 2017/06/14 16:50:48 ET
Table 'Anius III' 10-max Seat #5 is the button
Seat 2: perten ($34.58 in chips)
Seat 5: simper11 ($168.32 in chips)
simper11: posts small blind $1
perten: posts big blind $3
*** HOLE CARDS ***
simper11: folds
Uncalled bet ($2) returned to perten
CatPuppy1999 joins the table at seat #3
perten collected $2 from pot
perten: doesn't show hand
*** SUMMARY ***
Total pot $2 | Rake $0
Seat 2: perten (big blind) collected ($2)
Seat 5: simper11 (button) (small blind) folded before Flop


PokerStars Hand #171779598067:  Hold'em Limit ($3/$6 USD) - 2017/06/14 16:50:36 ET
Table 'Anius III' 10-max Seat #2 is the button
Seat 2: perten ($28.82 in chips)
Seat 5: simper11 ($174.32 in chips)
perten: posts small blind $1
simper11: posts big blind $3
*** HOLE CARDS ***
perten: raises $3 to $6
simper11: calls $3
*** FLOP *** [Jh Kh Kd]
simper11: checks
perten: bets $3
simper11: folds
Uncalled bet ($3) returned to perten
perten collected $11.76 from pot
perten: doesn't show hand
*** SUMMARY ***
Total pot $12 | Rake $0.24
Board [Jh Kh Kd]
Seat 2: perten (button) (small blind) collected ($11.76)
Seat 5: simper11 (big blind) folded on the Flop


PokerStars Hand #171779777800:  Hold'em Limit ($3/$6 USD) - 2017/06/14 16:54:23 ET
Table 'Anius III' 10-max Seat #2 is the button
Seat 2: perten ($38.15 in chips)
Seat 5: simper11 ($161.67 in chips)
perten: posts small blind $1
CatPuppy1999: is sitting out
simper11: posts big blind $3
*** HOLE CARDS ***
perten: raises $3 to $6
simper11: calls $3
*** FLOP *** [Js Ts 6d]
simper11: checks
perten: bets $3
simper11: calls $3
*** TURN *** [Js Ts 6d] [7c]
simper11: checks
perten: checks
*** RIVER *** [Js Ts 6d 7c] [6s]
simper11: bets $6
perten: folds
Uncalled bet ($6) returned to simper11
simper11 collected $17.64 from pot
simper11: doesn't show hand
*** SUMMARY ***
Total pot $18 | Rake $0.36
Board [Js Ts 6d 7c 6s]
Seat 2: perten (button) (small blind) folded on the River
Seat 5: simper11 (big blind) collected ($17.64)


PokerStars Hand #171779792192:  Hold'em Limit ($3/$6 USD) - 2017/06/14 16:54:41 ET
Table 'Anius III' 10-max Seat #5 is the button
Seat 2: perten ($29.15 in chips)
Seat 5: simper11 ($170.31 in chips)
simper11: posts small blind $1
perten: posts big blind $3
*** HOLE CARDS ***
simper11: folds
Uncalled bet ($2) returned to perten
perten collected $2 from pot
perten: doesn't show hand
*** SUMMARY ***
Total pot $2 | Rake $0
Seat 2: perten (big blind) collected ($2)
Seat 5: simper11 (button) (small blind) folded before Flop


PokerStars Hand #171779865929:  Hold'em Limit ($3/$6 USD) - 2017/06/14 16:56:26 ET
Table 'Anius III' 10-max Seat #3 is the button
Seat 3: CatPuppy1999 ($89.71 in chips)
Seat 5: simper11 ($190.33 in chips)
CatPuppy1999: posts small blind $1
simper11: posts big blind $3
*** HOLE CARDS ***
CatPuppy1999: raises $3 to $6
simper11: calls $3
*** FLOP *** [5c Kc 3h]
simper11: checks
perten leaves the table
CatPuppy1999: bets $3
simper11: calls $3
*** TURN *** [5c Kc 3h] [6s]
simper11: checks
CatPuppy1999: bets $6
AKPPKA joins the table at seat #6
simper11: folds
Uncalled bet ($6) returned to CatPuppy1999
CatPuppy1999 collected $17.64 from pot
CatPuppy1999: doesn't show hand
*** SUMMARY ***
Total pot $18 | Rake $0.36
Board [5c Kc 3h 6s]
Seat 3: CatPuppy1999 (button) (small blind) collected ($17.64)
Seat 5: simper11 (big blind) folded on the Turn


PokerStars Hand #171779902208:  Hold'em Limit ($3/$6 USD) - 2017/06/14 16:57:22 ET
Table 'Anius III' 10-max Seat #5 is the button
Seat 5: simper11 ($170.33 in chips)
Seat 6: AKPPKA ($31.36 in chips)
simper11: posts small blind $1
AKPPKA: posts big blind $3
*** HOLE CARDS ***
simper11: raises $3 to $6
AKPPKA: calls $3
*** FLOP *** [3d 4h Jc]
AKPPKA: bets $3
simper11: calls $3
*** TURN *** [3d 4h Jc] [2c]
AKPPKA: bets $6
simper11: raises $6 to $12
AKPPKA: raises $6 to $18
simper11: raises $6 to $24
Betting is capped
AKPPKA: calls $4.36 and is all-in
Uncalled bet ($1.64) returned to simper11
*** RIVER *** [3d 4h Jc 2c] [4s]
*** SHOW DOWN ***
AKPPKA: shows [Qs 3s] (two pair, Fours and Threes)
simper11: shows [Jd Ts] (two pair, Jacks and Fours)
simper11 collected $62.22 from pot
*** SUMMARY ***
Total pot $62.72 | Rake $0.50
Board [3d 4h Jc 2c 4s]
Seat 5: simper11 (button) (small blind) showed [Jd Ts] and won ($62.22) with two pair, Jacks and Fours
Seat 6: AKPPKA (big blind) showed [Qs 3s] and lost with two pair, Fours and Threes


PokerStars Hand #171779898032:  Hold'em Limit ($3/$6 USD) - 2017/06/14 16:57:15 ET
Table 'Anius III' 10-max Seat #6 is the button
Seat 5: simper11 ($169.33 in chips)
Seat 6: AKPPKA ($32.36 in chips)
AKPPKA: posts small blind $1
CatPuppy1999: is sitting out
simper11: posts big blind $3
*** HOLE CARDS ***
CatPuppy1999 leaves the table
AKPPKA: folds
Uncalled bet ($2) returned to simper11
CatPuppy1999 joins the table at seat #7
simper11 collected $2 from pot
simper11: doesn't show hand
*** SUMMARY ***
Total pot $2 | Rake $0
Seat 5: simper11 (big blind) collected ($2)
Seat 6: AKPPKA (button) (small blind) folded before Flop


PokerStars Hand #171779922663:  Hold'em Limit ($3/$6 USD) - 2017/06/14 16:57:53 ET
Table 'Anius III' 10-max Seat #7 is the button
Seat 5: simper11 ($201.19 in chips)
Seat 7: CatPuppy1999 ($72 in chips)
CatPuppy1999: posts small blind $1
simper11: posts big blind $3
*** HOLE CARDS ***
CatPuppy1999: raises $3 to $6
simper11: raises $3 to $9
CatPuppy1999: calls $3
*** FLOP *** [6s Tc 3h]
simper11: checks
CatPuppy1999: bets $3
simper11: calls $3
*** TURN *** [6s Tc 3h] [7h]
AKPPKA leaves the table
simper11: checks
CatPuppy1999: bets $6
simper11: calls $6
*** RIVER *** [6s Tc 3h 7h] [2h]
simper11: checks
CatPuppy1999: bets $6
simper11: calls $6
*** SHOW DOWN ***
CatPuppy1999: shows [Ad 4s] (high card Ace)
simper11: shows [Jh 7d] (a pair of Sevens)
simper11 collected $47.50 from pot
*** SUMMARY ***
Total pot $48 | Rake $0.50
Board [6s Tc 3h 7h 2h]
Seat 5: simper11 (big blind) showed [Jh 7d] and won ($47.50) with a pair of Sevens
Seat 7: CatPuppy1999 (button) (small blind) showed [Ad 4s] and lost with high card Ace


PokerStars Hand #171779960646:  Hold'em Limit ($3/$6 USD) - 2017/06/14 16:58:51 ET
Table 'Anius III' 10-max Seat #7 is the button
Seat 5: simper11 ($215.69 in chips)
Seat 7: CatPuppy1999 ($80.64 in chips)
CatPuppy1999: posts small blind $1
simper11: posts big blind $3
*** HOLE CARDS ***
CatPuppy1999: raises $3 to $6
simper11: calls $3
*** FLOP *** [Ts 6h 2d]
simper11: checks
CatPuppy1999: checks
*** TURN *** [Ts 6h 2d] [Jd]
simper11: bets $6
CatPuppy1999: raises $6 to $12
simper11: calls $6
*** RIVER *** [Ts 6h 2d Jd] [2c]
simper11: checks
CatPuppy1999: bets $6
simper11: calls $6
*** SHOW DOWN ***
CatPuppy1999: shows [Jc Qh] (two pair, Jacks and Deuces)
simper11: mucks hand
CatPuppy1999 collected $47.50 from pot
*** SUMMARY ***
Total pot $48 | Rake $0.50
Board [Ts 6h 2d Jd 2c]
Seat 5: simper11 (big blind) mucked
Seat 7: CatPuppy1999 (button) (small blind) showed [Jc Qh] and won ($47.50) with two pair, Jacks and Deuces


PokerStars Hand #171779948787:  Hold'em Limit ($3/$6 USD) - 2017/06/14 16:58:33 ET
Table 'Anius III' 10-max Seat #5 is the button
Seat 5: simper11 ($224.69 in chips)
Seat 7: CatPuppy1999 ($72 in chips)
simper11: posts small blind $1
CatPuppy1999: posts big blind $3
*** HOLE CARDS ***
simper11: raises $3 to $6
CatPuppy1999: calls $3
*** FLOP *** [7c 9h Ac]
CatPuppy1999: checks
simper11: bets $3
CatPuppy1999: raises $3 to $6
simper11: folds
Uncalled bet ($3) returned to CatPuppy1999
CatPuppy1999 collected $17.64 from pot
CatPuppy1999: doesn't show hand
*** SUMMARY ***
Total pot $18 | Rake $0.36
Board [7c 9h Ac]
Seat 5: simper11 (button) (small blind) folded on the Flop
Seat 7: CatPuppy1999 (big blind) collected ($17.64)


PokerStars Hand #171780000334:  Hold'em Limit ($3/$6 USD) - 2017/06/14 16:59:51 ET
Table 'Anius III' 10-max Seat #7 is the button
Seat 5: simper11 ($172.69 in chips)
Seat 7: CatPuppy1999 ($122.42 in chips)
CatPuppy1999: posts small blind $1
simper11: posts big blind $3
*** HOLE CARDS ***
CatPuppy1999: raises $3 to $6
simper11: calls $3
*** FLOP *** [Ad As Ah]
simper11: checks
CatPuppy1999: checks
*** TURN *** [Ad As Ah] [Js]
simper11: checks
CatPuppy1999: checks
*** RIVER *** [Ad As Ah Js] [8c]
simper11: checks
CatPuppy1999: checks
*** SHOW DOWN ***
simper11: shows [5c 2c] (three of a kind, Aces)
CatPuppy1999: shows [Qh 7d] (three of a kind, Aces - Queen kicker)
CatPuppy1999 collected $11.76 from pot
*** SUMMARY ***
Total pot $12 | Rake $0.24
Board [Ad As Ah Js 8c]
Seat 5: simper11 (big blind) showed [5c 2c] and lost with three of a kind, Aces
Seat 7: CatPuppy1999 (button) (small blind) showed [Qh 7d] and won ($11.76) with three of a kind, Aces


PokerStars Hand #171779997421:  Hold'em Limit ($3/$6 USD) - 2017/06/14 16:59:46 ET
Table 'Anius III' 10-max Seat #5 is the button
Seat 5: simper11 ($173.69 in chips)
Seat 7: CatPuppy1999 ($121.42 in chips)
simper11: posts small blind $1
CatPuppy1999: posts big blind $3
*** HOLE CARDS ***
simper11: folds
Uncalled bet ($2) returned to CatPuppy1999
CatPuppy1999 collected $2 from pot
CatPuppy1999: doesn't show hand
*** SUMMARY ***
Total pot $2 | Rake $0
Seat 5: simper11 (button) (small blind) folded before Flop
Seat 7: CatPuppy1999 (big blind) collected ($2)


PokerStars Hand #171779986019:  Hold'em Limit ($3/$6 USD) - 2017/06/14 16:59:29 ET
Table 'Anius III' 10-max Seat #7 is the button
Seat 5: simper11 ($179.69 in chips)
Seat 7: CatPuppy1999 ($115.66 in chips)
CatPuppy1999: posts small blind $1
simper11: posts big blind $3
*** HOLE CARDS ***
CatPuppy1999: raises $3 to $6
simper11: calls $3
*** FLOP *** [Ks Jh Tc]
simper11: checks
CatPuppy1999: bets $3
simper11: folds
Uncalled bet ($3) returned to CatPuppy1999
CatPuppy1999 collected $11.76 from pot
CatPuppy1999: doesn't show hand
*** SUMMARY ***
Total pot $12 | Rake $0.24
Board [Ks Jh Tc]
Seat 5: simper11 (big blind) folded on the Flop
Seat 7: CatPuppy1999 (button) (small blind) collected ($11.76)


PokerStars Hand #171779974083:  Hold'em Limit ($3/$6 USD) - 2017/06/14 16:59:11 ET
Table 'Anius III' 10-max Seat #5 is the button
Seat 5: simper11 ($191.69 in chips)
Seat 7: CatPuppy1999 ($104.14 in chips)
simper11: posts small blind $1
CatPuppy1999: posts big blind $3
*** HOLE CARDS ***
simper11: raises $3 to $6
CatPuppy1999: calls $3
*** FLOP *** [4s 3h 5h]
CatPuppy1999: checks
simper11: bets $3
CatPuppy1999: raises $3 to $6
simper11: calls $3
*** TURN *** [4s 3h 5h] [2s]
CatPuppy1999: bets $6
simper11: folds
Uncalled bet ($6) returned to CatPuppy1999
CatPuppy1999 collected $23.52 from pot
CatPuppy1999: doesn't show hand
*** SUMMARY ***
Total pot $24 | Rake $0.48
Board [4s 3h 5h 2s]
Seat 5: simper11 (button) (small blind) folded on the Turn
Seat 7: CatPuppy1999 (big blind) collected ($23.52)


PokerStars Hand #171780014592:  Hold'em Limit ($3/$6 USD) - 2017/06/14 17:00:13 ET
Table 'Anius III' 10-max Seat #5 is the button
Seat 5: simper11 ($166.69 in chips)
Seat 7: CatPuppy1999 ($128.18 in chips)
simper11: posts small blind $1
CatPuppy1999: posts big blind $3
*** HOLE CARDS ***
simper11: raises $3 to $6
CatPuppy1999: calls $3
*** FLOP *** [4h 6c 5c]
CatPuppy1999: checks
simper11: bets $3
CatPuppy1999: calls $3
*** TURN *** [4h 6c 5c] [7h]
CatPuppy1999: checks
simper11: bets $6
FFSACKETT joins the table at seat #9
CatPuppy1999: calls $6
*** RIVER *** [4h 6c 5c 7h] [2d]
CatPuppy1999: checks
simper11: checks
*** SHOW DOWN ***
CatPuppy1999: shows [3h 3d] (a straight, Three to Seven)
simper11: mucks hand
CatPuppy1999 collected $29.50 from pot
*** SUMMARY ***
Total pot $30 | Rake $0.50
Board [4h 6c 5c 7h 2d]
Seat 5: simper11 (button) (small blind) mucked
Seat 7: CatPuppy1999 (big blind) showed [3h 3d] and won ($29.50) with a straight, Three to Seven


PokerStars Hand #171781794622:  Hold'em Limit ($3/$6 USD) - 2017/06/14 17:37:58 ET
Table 'Anius III' 10-max Seat #1 is the button
Seat 1: Vincenzo Vs ($48.73 in chips)
Seat 7: CatPuppy1999 ($273.92 in chips)
Vincenzo Vs: posts small blind $1
CatPuppy1999: posts big blind $3
*** HOLE CARDS ***
Vincenzo Vs: folds
Uncalled bet ($2) returned to CatPuppy1999
CatPuppy1999 collected $2 from pot
CatPuppy1999: doesn't show hand
*** SUMMARY ***
Total pot $2 | Rake $0
Seat 1: Vincenzo Vs (button) (small blind) folded before Flop
Seat 7: CatPuppy1999 (big blind) collected ($2)


PokerStars Hand #171781789897:  Hold'em Limit ($3/$6 USD) - 2017/06/14 17:37:52 ET
Table 'Anius III' 10-max Seat #7 is the button
Seat 1: Vincenzo Vs ($47.73 in chips)
Seat 7: CatPuppy1999 ($274.92 in chips)
CatPuppy1999: posts small blind $1
Vincenzo Vs: posts big blind $3
*** HOLE CARDS ***
CatPuppy1999: folds
Uncalled bet ($2) returned to Vincenzo Vs
Vincenzo Vs collected $2 from pot
*** SUMMARY ***
Total pot $2 | Rake $0
Seat 1: Vincenzo Vs (big blind) collected ($2)
Seat 7: CatPuppy1999 (button) (small blind) folded before Flop


PokerStars Hand #171781778404:  Hold'em Limit ($3/$6 USD) - 2017/06/14 17:37:37 ET
Table 'Anius III' 10-max Seat #1 is the button
Seat 1: Vincenzo Vs ($48.73 in chips)
Seat 7: CatPuppy1999 ($273.92 in chips)
Vincenzo Vs: posts small blind $1
vestimokrec: is sitting out
CatPuppy1999: posts big blind $3
*** HOLE CARDS ***
vestimokrec leaves the table
Vincenzo Vs: folds
Uncalled bet ($2) returned to CatPuppy1999
CatPuppy1999 collected $2 from pot
CatPuppy1999: doesn't show hand
*** SUMMARY ***
Total pot $2 | Rake $0
Seat 1: Vincenzo Vs (button) (small blind) folded before Flop
Seat 7: CatPuppy1999 (big blind) collected ($2)


PokerStars Hand #171781800744:  Hold'em Limit ($3/$6 USD) - 2017/06/14 17:38:07 ET
Table 'Anius III' 10-max Seat #7 is the button
Seat 1: Vincenzo Vs ($47.73 in chips)
Seat 7: CatPuppy1999 ($274.92 in chips)
CatPuppy1999: posts small blind $1
Vincenzo Vs: posts big blind $3
*** HOLE CARDS ***
CatPuppy1999: raises $3 to $6
Vincenzo Vs: calls $3
*** FLOP *** [4h 3d 8c]
Vincenzo Vs: checks
CatPuppy1999: bets $3
Vincenzo Vs: raises $3 to $6
CatPuppy1999: calls $3
*** TURN *** [4h 3d 8c] [6s]
NewRocker joins the table at seat #4
Vincenzo Vs: checks
CatPuppy1999: checks
*** RIVER *** [4h 3d 8c 6s] [Ah]
Vincenzo Vs: checks
CatPuppy1999: bets $6
Vincenzo Vs: calls $6
*** SHOW DOWN ***
CatPuppy1999: shows [Ac 3h] (two pair, Aces and Threes)
Vincenzo Vs: mucks hand
CatPuppy1999 collected $35.50 from pot
*** SUMMARY ***
Total pot $36 | Rake $0.50
Board [4h 3d 8c 6s Ah]
Seat 1: Vincenzo Vs (big blind) mucked
Seat 7: CatPuppy1999 (button) (small blind) showed [Ac 3h] and won ($35.50) with two pair, Aces and Threes


PokerStars Hand #171782035616:  Hold'em Limit ($3/$6 USD) - 2017/06/14 17:43:20 ET
Table 'Anius III' 10-max Seat #4 is the button
Seat 4: NewRocker ($100.73 in chips)
Seat 7: CatPuppy1999 ($321.32 in chips)
NewRocker: posts small blind $1
CatPuppy1999: posts big blind $3
*** HOLE CARDS ***
NewRocker: folds
Uncalled bet ($2) returned to CatPuppy1999
CatPuppy1999 collected $2 from pot
CatPuppy1999: doesn't show hand
*** SUMMARY ***
Total pot $2 | Rake $0
Seat 4: NewRocker (button) (small blind) folded before Flop
Seat 7: CatPuppy1999 (big blind) collected ($2)


PokerStars Hand #171782030442:  Hold'em Limit ($3/$6 USD) - 2017/06/14 17:43:13 ET
Table 'Anius III' 10-max Seat #7 is the button
Seat 4: NewRocker ($103.73 in chips)
Seat 7: CatPuppy1999 ($318.32 in chips)
CatPuppy1999: posts small blind $1
NewRocker: posts big blind $3
*** HOLE CARDS ***
CatPuppy1999: raises $3 to $6
NewRocker: folds
Uncalled bet ($3) returned to CatPuppy1999
Vincenzo Vs leaves the table
CatPuppy1999 collected $6 from pot
CatPuppy1999: doesn't show hand
*** SUMMARY ***
Total pot $6 | Rake $0
Seat 4: NewRocker (big blind) folded before Flop
Seat 7: CatPuppy1999 (button) (small blind) collected ($6)


PokerStars Hand #171782038614:  Hold'em Limit ($3/$6 USD) - 2017/06/14 17:43:24 ET
Table 'Anius III' 10-max Seat #7 is the button
Seat 4: NewRocker ($99.73 in chips)
Seat 7: CatPuppy1999 ($322.32 in chips)
CatPuppy1999: posts small blind $1
NewRocker: posts big blind $3
*** HOLE CARDS ***
CatPuppy1999: raises $3 to $6
NewRocker: calls $3
*** FLOP *** [Kc 3s 9s]
NewRocker: bets $3
CatPuppy1999: calls $3
*** TURN *** [Kc 3s 9s] [3h]
NewRocker: bets $6
CatPuppy1999: folds
Uncalled bet ($6) returned to NewRocker
NewRocker collected $17.64 from pot
NewRocker: doesn't show hand
*** SUMMARY ***
Total pot $18 | Rake $0.36
Board [Kc 3s 9s 3h]
Seat 4: NewRocker (big blind) collected ($17.64)
Seat 7: CatPuppy1999 (button) (small blind) folded on the Turn


PokerStars Hand #171782053804:  Hold'em Limit ($3/$6 USD) - 2017/06/14 17:43:44 ET
Table 'Anius III' 10-max Seat #4 is the button
Seat 4: NewRocker ($108.37 in chips)
Seat 7: CatPuppy1999 ($313.32 in chips)
NewRocker: posts small blind $1
CatPuppy1999: posts big blind $3
*** HOLE CARDS ***
NewRocker: raises $3 to $6
CatPuppy1999: raises $3 to $9
NewRocker: calls $3
*** FLOP *** [2c 4c 9c]
CatPuppy1999: bets $3
NewRocker: calls $3
*** TURN *** [2c 4c 9c] [Qc]
CatPuppy1999: checks
NewRocker: bets $6
CatPuppy1999: folds
Uncalled bet ($6) returned to NewRocker
NewRocker collected $23.52 from pot
NewRocker: doesn't show hand
*** SUMMARY ***
Total pot $24 | Rake $0.48
Board [2c 4c 9c Qc]
Seat 4: NewRocker (button) (small blind) collected ($23.52)
Seat 7: CatPuppy1999 (big blind) folded on the Turn


PokerStars Hand #171782072532:  Hold'em Limit ($3/$6 USD) - 2017/06/14 17:44:09 ET
Table 'Anius III' 10-max Seat #7 is the button
Seat 4: NewRocker ($119.89 in chips)
Seat 7: CatPuppy1999 ($301.32 in chips)
CatPuppy1999: posts small blind $1
NewRocker: posts big blind $3
*** HOLE CARDS ***
CatPuppy1999: raises $3 to $6
NewRocker: raises $3 to $9
CatPuppy1999: calls $3
*** FLOP *** [Ah 4d 9d]
NewRocker: bets $3
CatPuppy1999: folds
Uncalled bet ($3) returned to NewRocker
NewRocker collected $17.64 from pot
NewRocker: doesn't show hand
*** SUMMARY ***
Total pot $18 | Rake $0.36
Board [Ah 4d 9d]
Seat 4: NewRocker (big blind) collected ($17.64)
Seat 7: CatPuppy1999 (button) (small blind) folded on the Flop


PokerStars Hand #171782092117:  Hold'em Limit ($3/$6 USD) - 2017/06/14 17:44:35 ET
Table 'Anius III' 10-max Seat #4 is the button
Seat 4: NewRocker ($128.53 in chips)
Seat 7: CatPuppy1999 ($292.32 in chips)
NewRocker: posts small blind $1
CatPuppy1999: posts big blind $3
*** HOLE CARDS ***
NewRocker: raises $3 to $6
CatPuppy1999: calls $3
*** FLOP *** [4s 2s 6d]
CatPuppy1999: checks
NewRocker: bets $3
CatPuppy1999: calls $3
*** TURN *** [4s 2s 6d] [Td]
CatPuppy1999: checks
NewRocker: checks
*** RIVER *** [4s 2s 6d Td] [5c]
CatPuppy1999: checks
NewRocker: checks
*** SHOW DOWN ***
CatPuppy1999: shows [Qd 5d] (a pair of Fives)
NewRocker: mucks hand
CatPuppy1999 collected $17.64 from pot
*** SUMMARY ***
Total pot $18 | Rake $0.36
Board [4s 2s 6d Td 5c]
Seat 4: NewRocker (button) (small blind) mucked
Seat 7: CatPuppy1999 (big blind) showed [Qd 5d] and won ($17.64) with a pair of Fives


PokerStars Hand #171782148453:  Hold'em Limit ($3/$6 USD) - 2017/06/14 17:45:51 ET
Table 'Anius III' 10-max Seat #4 is the button
Seat 4: NewRocker ($104.53 in chips)
Seat 7: CatPuppy1999 ($315.46 in chips)
NewRocker: posts small blind $1
CatPuppy1999: posts big blind $3
*** HOLE CARDS ***
NewRocker: folds
Uncalled bet ($2) returned to CatPuppy1999
CatPuppy1999 collected $2 from pot
CatPuppy1999: doesn't show hand
*** SUMMARY ***
Total pot $2 | Rake $0
Seat 4: NewRocker (button) (small blind) folded before Flop
Seat 7: CatPuppy1999 (big blind) collected ($2)


PokerStars Hand #171782125725:  Hold'em Limit ($3/$6 USD) - 2017/06/14 17:45:20 ET
Table 'Anius III' 10-max Seat #7 is the button
Seat 4: NewRocker ($119.53 in chips)
Seat 7: CatPuppy1999 ($300.96 in chips)
CatPuppy1999: posts small blind $1
NewRocker: posts big blind $3
*** HOLE CARDS ***
CatPuppy1999: raises $3 to $6
NewRocker: calls $3
*** FLOP *** [Th Qc 9d]
NewRocker: checks
CatPuppy1999: bets $3
NewRocker: calls $3
*** TURN *** [Th Qc 9d] [3c]
NewRocker: checks
CatPuppy1999: bets $6
NewRocker: calls $6
*** RIVER *** [Th Qc 9d 3c] [7s]
NewRocker: checks
CatPuppy1999: bets $6
NewRocker: folds
Uncalled bet ($6) returned to CatPuppy1999
CatPuppy1999 collected $29.50 from pot
CatPuppy1999: doesn't show hand
*** SUMMARY ***
Total pot $30 | Rake $0.50
Board [Th Qc 9d 3c 7s]
Seat 4: NewRocker (big blind) folded on the River
Seat 7: CatPuppy1999 (button) (small blind) collected ($29.50)


PokerStars Hand #171782161427:  Hold'em Limit ($3/$6 USD) - 2017/06/14 17:46:08 ET
Table 'Anius III' 10-max Seat #4 is the button
Seat 4: NewRocker ($97.53 in chips)
Seat 7: CatPuppy1999 ($322.22 in chips)
NewRocker: posts small blind $1
CatPuppy1999: posts big blind $3
*** HOLE CARDS ***
NewRocker: folds
Uncalled bet ($2) returned to CatPuppy1999
CatPuppy1999 collected $2 from pot
CatPuppy1999: doesn't show hand
*** SUMMARY ***
Total pot $2 | Rake $0
Seat 4: NewRocker (button) (small blind) folded before Flop
Seat 7: CatPuppy1999 (big blind) collected ($2)


PokerStars Hand #171782152207:  Hold'em Limit ($3/$6 USD) - 2017/06/14 17:45:56 ET
Table 'Anius III' 10-max Seat #7 is the button
Seat 4: NewRocker ($103.53 in chips)
Seat 7: CatPuppy1999 ($316.46 in chips)
CatPuppy1999: posts small blind $1
NewRocker: posts big blind $3
*** HOLE CARDS ***
CatPuppy1999: raises $3 to $6
NewRocker: calls $3
*** FLOP *** [Qh 9s 9c]
NewRocker: checks
CatPuppy1999: bets $3
NewRocker: folds
Uncalled bet ($3) returned to CatPuppy1999
CatPuppy1999 collected $11.76 from pot
CatPuppy1999: doesn't show hand
*** SUMMARY ***
Total pot $12 | Rake $0.24
Board [Qh 9s 9c]
Seat 4: NewRocker (big blind) folded on the Flop
Seat 7: CatPuppy1999 (button) (small blind) collected ($11.76)


PokerStars Hand #171782207973:  Hold'em Limit ($3/$6 USD) - 2017/06/14 17:47:11 ET
Table 'Anius III' 10-max Seat #7 is the button
Seat 4: NewRocker ($121.55 in chips)
Seat 7: CatPuppy1999 ($297.22 in chips)
CatPuppy1999: posts small blind $1
NewRocker: posts big blind $3
*** HOLE CARDS ***
CatPuppy1999: raises $3 to $6
NewRocker: calls $3
*** FLOP *** [Tc 8s 9c]
NewRocker: bets $3
CatPuppy1999: folds
Uncalled bet ($3) returned to NewRocker
NewRocker collected $11.76 from pot
NewRocker: doesn't show hand
*** SUMMARY ***
Total pot $12 | Rake $0.24
Board [Tc 8s 9c]
Seat 4: NewRocker (big blind) collected ($11.76)
Seat 7: CatPuppy1999 (button) (small blind) folded on the Flop


PokerStars Hand #171782178890:  Hold'em Limit ($3/$6 USD) - 2017/06/14 17:46:31 ET
Table 'Anius III' 10-max Seat #4 is the button
Seat 4: NewRocker ($108.05 in chips)
Seat 7: CatPuppy1999 ($311.22 in chips)
NewRocker: posts small blind $1
CatPuppy1999: posts big blind $3
*** HOLE CARDS ***
NewRocker: folds
Uncalled bet ($2) returned to CatPuppy1999
CatPuppy1999 collected $2 from pot
CatPuppy1999: doesn't show hand
*** SUMMARY ***
Total pot $2 | Rake $0
Seat 4: NewRocker (button) (small blind) folded before Flop
Seat 7: CatPuppy1999 (big blind) collected ($2)


PokerStars Hand #171782164730:  Hold'em Limit ($3/$6 USD) - 2017/06/14 17:46:13 ET
Table 'Anius III' 10-max Seat #7 is the button
Seat 4: NewRocker ($96.53 in chips)
Seat 7: CatPuppy1999 ($323.22 in chips)
CatPuppy1999: posts small blind $1
NewRocker: posts big blind $3
*** HOLE CARDS ***
CatPuppy1999: raises $3 to $6
NewRocker: raises $3 to $9
CatPuppy1999: calls $3
*** FLOP *** [6h Tc 5h]
NewRocker: bets $3
CatPuppy1999: calls $3
*** TURN *** [6h Tc 5h] [Ah]
NewRocker: bets $6
CatPuppy1999: folds
Uncalled bet ($6) returned to NewRocker
NewRocker collected $23.52 from pot
NewRocker: doesn't show hand
*** SUMMARY ***
Total pot $24 | Rake $0.48
Board [6h Tc 5h Ah]
Seat 4: NewRocker (big blind) collected ($23.52)
Seat 7: CatPuppy1999 (button) (small blind) folded on the Turn


PokerStars Hand #171782182145:  Hold'em Limit ($3/$6 USD) - 2017/06/14 17:46:36 ET
Table 'Anius III' 10-max Seat #7 is the button
Seat 4: NewRocker ($107.05 in chips)
Seat 7: CatPuppy1999 ($312.22 in chips)
CatPuppy1999: posts small blind $1
NewRocker: posts big blind $3
*** HOLE CARDS ***
CatPuppy1999: raises $3 to $6
NewRocker: folds
Uncalled bet ($3) returned to CatPuppy1999
CatPuppy1999 collected $6 from pot
CatPuppy1999: doesn't show hand
*** SUMMARY ***
Total pot $6 | Rake $0
Seat 4: NewRocker (big blind) folded before Flop
Seat 7: CatPuppy1999 (button) (small blind) collected ($6)


PokerStars Hand #171782186084:  Hold'em Limit ($3/$6 USD) - 2017/06/14 17:46:41 ET
Table 'Anius III' 10-max Seat #4 is the button
Seat 4: NewRocker ($104.05 in chips)
Seat 7: CatPuppy1999 ($315.22 in chips)
NewRocker: posts small blind $1
CatPuppy1999: posts big blind $3
*** HOLE CARDS ***
NewRocker: raises $3 to $6
CatPuppy1999: raises $3 to $9
NewRocker: calls $3
*** FLOP *** [2c Kc Tc]
CatPuppy1999: bets $3
NewRocker: calls $3
*** TURN *** [2c Kc Tc] [5d]
CatPuppy1999: bets $6
NewRocker: calls $6
*** RIVER *** [2c Kc Tc 5d] [6c]
CatPuppy1999: checks
NewRocker: checks
*** SHOW DOWN ***
CatPuppy1999: shows [Ks Ah] (a pair of Kings)
NewRocker: shows [Kd 4c] (a flush, King high)
NewRocker collected $35.50 from pot
*** SUMMARY ***
Total pot $36 | Rake $0.50
Board [2c Kc Tc 5d 6c]
Seat 4: NewRocker (button) (small blind) showed [Kd 4c] and won ($35.50) with a flush, King high
Seat 7: CatPuppy1999 (big blind) showed [Ks Ah] and lost with a pair of Kings


PokerStars Hand #171782215704:  Hold'em Limit ($3/$6 USD) - 2017/06/14 17:47:21 ET
Table 'Anius III' 10-max Seat #4 is the button
Seat 4: NewRocker ($127.31 in chips)
Seat 7: CatPuppy1999 ($291.22 in chips)
NewRocker: posts small blind $1
CatPuppy1999: posts big blind $3
*** HOLE CARDS ***
NewRocker: raises $3 to $6
CatPuppy1999: calls $3
*** FLOP *** [9h 6c Ks]
CatPuppy1999: checks
NewRocker: bets $3
CatPuppy1999: folds
Uncalled bet ($3) returned to NewRocker
NewRocker collected $11.76 from pot
NewRocker: doesn't show hand
*** SUMMARY ***
Total pot $12 | Rake $0.24
Board [9h 6c Ks]
Seat 4: NewRocker (button) (small blind) collected ($11.76)
Seat 7: CatPuppy1999 (big blind) folded on the Flop


PokerStars Hand #171782251015:  Hold'em Limit ($3/$6 USD) - 2017/06/14 17:48:09 ET
Table 'Anius III' 10-max Seat #4 is the button
Seat 4: NewRocker ($118.07 in chips)
Seat 7: CatPuppy1999 ($299.72 in chips)
NewRocker: posts small blind $1
CatPuppy1999: posts big blind $3
*** HOLE CARDS ***
NewRocker: folds
Uncalled bet ($2) returned to CatPuppy1999
CatPuppy1999 collected $2 from pot
CatPuppy1999: doesn't show hand
*** SUMMARY ***
Total pot $2 | Rake $0
Seat 4: NewRocker (button) (small blind) folded before Flop
Seat 7: CatPuppy1999 (big blind) collected ($2)


PokerStars Hand #171782230606:  Hold'em Limit ($3/$6 USD) - 2017/06/14 17:47:41 ET
Table 'Anius III' 10-max Seat #7 is the button
Seat 4: NewRocker ($133.07 in chips)
Seat 7: CatPuppy1999 ($285.22 in chips)
CatPuppy1999: posts small blind $1
NewRocker: posts big blind $3
*** HOLE CARDS ***
CatPuppy1999: raises $3 to $6
NewRocker: raises $3 to $9
CatPuppy1999: calls $3
*** FLOP *** [3c Qh Jc]
NewRocker: bets $3
CatPuppy1999: raises $3 to $6
NewRocker: calls $3
*** TURN *** [3c Qh Jc] [Qs]
NewRocker: checks
CatPuppy1999: bets $6
NewRocker: folds
Uncalled bet ($6) returned to CatPuppy1999
CatPuppy1999 collected $29.50 from pot
CatPuppy1999: doesn't show hand
*** SUMMARY ***
Total pot $30 | Rake $0.50
Board [3c Qh Jc Qs]
Seat 4: NewRocker (big blind) folded on the Turn
Seat 7: CatPuppy1999 (button) (small blind) collected ($29.50)


PokerStars Hand #171782282092:  Hold'em Limit ($3/$6 USD) - 2017/06/14 17:48:51 ET
Table 'Anius III' 10-max Seat #4 is the button
Seat 4: NewRocker ($99.07 in chips)
Seat 7: CatPuppy1999 ($318.22 in chips)
NewRocker: posts small blind $1
CatPuppy1999: posts big blind $3
*** HOLE CARDS ***
NewRocker: folds
Uncalled bet ($2) returned to CatPuppy1999
CatPuppy1999 collected $2 from pot
CatPuppy1999: doesn't show hand
*** SUMMARY ***
Total pot $2 | Rake $0
Seat 4: NewRocker (button) (small blind) folded before Flop
Seat 7: CatPuppy1999 (big blind) collected ($2)


PokerStars Hand #171782254445:  Hold'em Limit ($3/$6 USD) - 2017/06/14 17:48:14 ET
Table 'Anius III' 10-max Seat #7 is the button
Seat 4: NewRocker ($117.07 in chips)
Seat 7: CatPuppy1999 ($300.72 in chips)
CatPuppy1999: posts small blind $1
NewRocker: posts big blind $3
*** HOLE CARDS ***
CatPuppy1999: raises $3 to $6
NewRocker: calls $3
*** FLOP *** [8d 3d 5s]
NewRocker: checks
CatPuppy1999: checks
*** TURN *** [8d 3d 5s] [6h]
NewRocker: checks
CatPuppy1999: bets $6
NewRocker: calls $6
*** RIVER *** [8d 3d 5s 6h] [Jh]
NewRocker: checks
CatPuppy1999: bets $6
NewRocker: calls $6
*** SHOW DOWN ***
CatPuppy1999: shows [6d 4h] (a pair of Sixes)
NewRocker: mucks hand
CatPuppy1999 collected $35.50 from pot
*** SUMMARY ***
Total pot $36 | Rake $0.50
Board [8d 3d 5s 6h Jh]
Seat 4: NewRocker (big blind) mucked
Seat 7: CatPuppy1999 (button) (small blind) showed [6d 4h] and won ($35.50) with a pair of Sixes


PokerStars Hand #171782285888:  Hold'em Limit ($3/$6 USD) - 2017/06/14 17:48:56 ET
Table 'Anius III' 10-max Seat #7 is the button
Seat 4: NewRocker ($98.07 in chips)
Seat 7: CatPuppy1999 ($319.22 in chips)
CatPuppy1999: posts small blind $1
NewRocker: posts big blind $3
*** HOLE CARDS ***
CatPuppy1999: raises $3 to $6
NewRocker: calls $3
*** FLOP *** [5c Qc Ad]
NewRocker: checks
CatPuppy1999: bets $3
NewRocker: calls $3
*** TURN *** [5c Qc Ad] [Qs]
NewRocker: checks
CatPuppy1999: bets $6
NewRocker: calls $6
*** RIVER *** [5c Qc Ad Qs] [4h]
NewRocker: checks
CatPuppy1999: bets $6
NewRocker: calls $6
*** SHOW DOWN ***
CatPuppy1999: shows [3h 7h] (a pair of Queens)
NewRocker: shows [9c Ah] (two pair, Aces and Queens)
NewRocker collected $41.50 from pot
*** SUMMARY ***
Total pot $42 | Rake $0.50
Board [5c Qc Ad Qs 4h]
Seat 4: NewRocker (big blind) showed [9c Ah] and won ($41.50) with two pair, Aces and Queens
Seat 7: CatPuppy1999 (button) (small blind) showed [3h 7h] and lost with a pair of Queens


PokerStars Hand #171782309640:  Hold'em Limit ($3/$6 USD) - 2017/06/14 17:49:28 ET
Table 'Anius III' 10-max Seat #4 is the button
Seat 4: NewRocker ($118.57 in chips)
Seat 7: CatPuppy1999 ($298.22 in chips)
NewRocker: posts small blind $1
CatPuppy1999: posts big blind $3
*** HOLE CARDS ***
NewRocker: calls $2
CatPuppy1999: checks
*** FLOP *** [4h Qd 7h]
CatPuppy1999: checks
NewRocker: checks
*** TURN *** [4h Qd 7h] [Ad]
CatPuppy1999: checks
NewRocker: checks
*** RIVER *** [4h Qd 7h Ad] [Kc]
CatPuppy1999: checks
NewRocker: checks
*** SHOW DOWN ***
CatPuppy1999: shows [6c Qh] (a pair of Queens)
NewRocker: shows [Kh 2s] (a pair of Kings)
NewRocker collected $5.88 from pot
*** SUMMARY ***
Total pot $6 | Rake $0.12
Board [4h Qd 7h Ad Kc]
Seat 4: NewRocker (button) (small blind) showed [Kh 2s] and won ($5.88) with a pair of Kings
Seat 7: CatPuppy1999 (big blind) showed [6c Qh] and lost with a pair of Queens


PokerStars Hand #171782338815:  Hold'em Limit ($3/$6 USD) - 2017/06/14 17:50:08 ET
Table 'Anius III' 10-max Seat #4 is the button
Seat 4: NewRocker ($100.45 in chips)
Seat 7: CatPuppy1999 ($315.72 in chips)
NewRocker: posts small blind $1
CatPuppy1999: posts big blind $3
*** HOLE CARDS ***
NewRocker: folds
Uncalled bet ($2) returned to CatPuppy1999
CatPuppy1999 collected $2 from pot
CatPuppy1999: doesn't show hand
*** SUMMARY ***
Total pot $2 | Rake $0
Seat 4: NewRocker (button) (small blind) folded before Flop
Seat 7: CatPuppy1999 (big blind) collected ($2)


PokerStars Hand #171782325442:  Hold'em Limit ($3/$6 USD) - 2017/06/14 17:49:50 ET
Table 'Anius III' 10-max Seat #7 is the button
Seat 4: NewRocker ($121.45 in chips)
Seat 7: CatPuppy1999 ($295.22 in chips)
CatPuppy1999: posts small blind $1
NewRocker: posts big blind $3
*** HOLE CARDS ***
CatPuppy1999: raises $3 to $6
NewRocker: calls $3
*** FLOP *** [5s 4c 9c]
NewRocker: bets $3
CatPuppy1999: calls $3
*** TURN *** [5s 4c 9c] [9h]
NewRocker: bets $6
CatPuppy1999: calls $6
*** RIVER *** [5s 4c 9c 9h] [Ks]
NewRocker: bets $6
CatPuppy1999: calls $6
*** SHOW DOWN ***
NewRocker: shows [2c Ac] (a pair of Nines)
CatPuppy1999: shows [Th Ah] (a pair of Nines - Ace+King+Ten kicker)
CatPuppy1999 collected $41.50 from pot
*** SUMMARY ***
Total pot $42 | Rake $0.50
Board [5s 4c 9c 9h Ks]
Seat 4: NewRocker (big blind) showed [2c Ac] and lost with a pair of Nines
Seat 7: CatPuppy1999 (button) (small blind) showed [Th Ah] and won ($41.50) with a pair of Nines


PokerStars Hand #171782342586:  Hold'em Limit ($3/$6 USD) - 2017/06/14 17:50:13 ET
Table 'Anius III' 10-max Seat #7 is the button
Seat 4: NewRocker ($99.45 in chips)
Seat 7: CatPuppy1999 ($316.72 in chips)
CatPuppy1999: posts small blind $1
NewRocker: posts big blind $3
*** HOLE CARDS ***
CatPuppy1999: raises $3 to $6
NewRocker: calls $3
*** FLOP *** [8d 4h 3s]
NewRocker: checks
CatPuppy1999: bets $3
NewRocker: calls $3
*** TURN *** [8d 4h 3s] [4d]
NewRocker: checks
CatPuppy1999: checks
*** RIVER *** [8d 4h 3s 4d] [3h]
NewRocker: bets $6
CatPuppy1999: folds
Uncalled bet ($6) returned to NewRocker
NewRocker collected $17.64 from pot
NewRocker: doesn't show hand
*** SUMMARY ***
Total pot $18 | Rake $0.36
Board [8d 4h 3s 4d 3h]
Seat 4: NewRocker (big blind) collected ($17.64)
Seat 7: CatPuppy1999 (button) (small blind) folded on the River


PokerStars Hand #171782363482:  Hold'em Limit ($3/$6 USD) - 2017/06/14 17:50:42 ET
Table 'Anius III' 10-max Seat #4 is the button
Seat 4: NewRocker ($108.09 in chips)
Seat 7: CatPuppy1999 ($307.72 in chips)
NewRocker: posts small blind $1
CatPuppy1999: posts big blind $3
*** HOLE CARDS ***
NewRocker: raises $3 to $6
CatPuppy1999: calls $3
*** FLOP *** [As 3s Ah]
CatPuppy1999: checks
NewRocker: bets $3
CatPuppy1999: raises $3 to $6
NewRocker: calls $3
*** TURN *** [As 3s Ah] [Th]
CatPuppy1999: bets $6
NewRocker: raises $6 to $12
CatPuppy1999: calls $6
*** RIVER *** [As 3s Ah Th] [9d]
CatPuppy1999: checks
NewRocker: bets $6
CatPuppy1999: folds
Uncalled bet ($6) returned to NewRocker
NewRocker collected $47.50 from pot
NewRocker: doesn't show hand
*** SUMMARY ***
Total pot $48 | Rake $0.50
Board [As 3s Ah Th 9d]
Seat 4: NewRocker (button) (small blind) collected ($47.50)
Seat 7: CatPuppy1999 (big blind) folded on the River


PokerStars Hand #171782388869:  Hold'em Limit ($3/$6 USD) - 2017/06/14 17:51:17 ET
Table 'Anius III' 10-max Seat #7 is the button
Seat 4: NewRocker ($131.59 in chips)
Seat 7: CatPuppy1999 ($283.72 in chips)
CatPuppy1999: posts small blind $1
NewRocker: posts big blind $3
*** HOLE CARDS ***
CatPuppy1999: raises $3 to $6
NewRocker: calls $3
*** FLOP *** [Td Kd 5c]
NewRocker: checks
CatPuppy1999: bets $3
NewRocker: raises $3 to $6
CatPuppy1999: calls $3
*** TURN *** [Td Kd 5c] [3c]
NewRocker: bets $6
CatPuppy1999: raises $6 to $12
NewRocker: calls $6
*** RIVER *** [Td Kd 5c 3c] [2s]
NewRocker: checks
CatPuppy1999: bets $6
NewRocker: calls $6
*** SHOW DOWN ***
CatPuppy1999: shows [As Ad] (a pair of Aces)
NewRocker: mucks hand
CatPuppy1999 collected $59.50 from pot
*** SUMMARY ***
Total pot $60 | Rake $0.50
Board [Td Kd 5c 3c 2s]
Seat 4: NewRocker (big blind) mucked
Seat 7: CatPuppy1999 (button) (small blind) showed [As Ad] and won ($59.50) with a pair of Aces


PokerStars Hand #171782408767:  Hold'em Limit ($3/$6 USD) - 2017/06/14 17:51:45 ET
Table 'Anius III' 10-max Seat #4 is the button
Seat 4: NewRocker ($101.59 in chips)
Seat 7: CatPuppy1999 ($313.22 in chips)
NewRocker: posts small blind $1
CatPuppy1999: posts big blind $3
*** HOLE CARDS ***
NewRocker: folds
Uncalled bet ($2) returned to CatPuppy1999
CatPuppy1999 collected $2 from pot
CatPuppy1999: doesn't show hand
*** SUMMARY ***
Total pot $2 | Rake $0
Seat 4: NewRocker (button) (small blind) folded before Flop
Seat 7: CatPuppy1999 (big blind) collected ($2)


PokerStars Hand #171782412240:  Hold'em Limit ($3/$6 USD) - 2017/06/14 17:51:50 ET
Table 'Anius III' 10-max Seat #7 is the button
Seat 4: NewRocker ($100.59 in chips)
Seat 7: CatPuppy1999 ($314.22 in chips)
CatPuppy1999: posts small blind $1
NewRocker: posts big blind $3
*** HOLE CARDS ***
CatPuppy1999: raises $3 to $6
NewRocker: calls $3
*** FLOP *** [3d 4c Jd]
NewRocker: checks
CatPuppy1999: bets $3
NewRocker: calls $3
*** TURN *** [3d 4c Jd] [9h]
NewRocker: checks
CatPuppy1999: bets $6
NewRocker: raises $6 to $12
CatPuppy1999: calls $6
*** RIVER *** [3d 4c Jd 9h] [Tc]
NewRocker: bets $6
CatPuppy1999: calls $6
*** SHOW DOWN ***
NewRocker: shows [3h 3s] (three of a kind, Threes)
CatPuppy1999: mucks hand
NewRocker collected $53.50 from pot
*** SUMMARY ***
Total pot $54 | Rake $0.50
Board [3d 4c Jd 9h Tc]
Seat 4: NewRocker (big blind) showed [3h 3s] and won ($53.50) with three of a kind, Threes
Seat 7: CatPuppy1999 (button) (small blind) mucked


PokerStars Hand #171782445309:  Hold'em Limit ($3/$6 USD) - 2017/06/14 17:52:36 ET
Table 'Anius III' 10-max Seat #4 is the button
Seat 4: NewRocker ($127.09 in chips)
Seat 7: CatPuppy1999 ($287.22 in chips)
NewRocker: posts small blind $1
CatPuppy1999: posts big blind $3
*** HOLE CARDS ***
NewRocker: raises $3 to $6
CatPuppy1999: folds
Uncalled bet ($3) returned to NewRocker
NewRocker collected $6 from pot
NewRocker: doesn't show hand
*** SUMMARY ***
Total pot $6 | Rake $0
Seat 4: NewRocker (button) (small blind) collected ($6)
Seat 7: CatPuppy1999 (big blind) folded before Flop


PokerStars Hand #171782452249:  Hold'em Limit ($3/$6 USD) - 2017/06/14 17:52:45 ET
Table 'Anius III' 10-max Seat #7 is the button
Seat 4: NewRocker ($130.09 in chips)
Seat 7: CatPuppy1999 ($284.22 in chips)
CatPuppy1999: posts small blind $1
NewRocker: posts big blind $3
*** HOLE CARDS ***
CatPuppy1999: raises $3 to $6
NewRocker: raises $3 to $9
CatPuppy1999: calls $3
*** FLOP *** [8h Ah 7c]
NewRocker: bets $3
CatPuppy1999: calls $3
*** TURN *** [8h Ah 7c] [Tc]
NewRocker: bets $6
CatPuppy1999: raises $6 to $12
NewRocker: calls $6
*** RIVER *** [8h Ah 7c Tc] [6d]
NewRocker: checks
CatPuppy1999: bets $6
NewRocker: raises $6 to $12
CatPuppy1999: calls $6
*** SHOW DOWN ***
NewRocker: shows [9d 9s] (a straight, Six to Ten)
CatPuppy1999: mucks hand
NewRocker collected $71.50 from pot
*** SUMMARY ***
Total pot $72 | Rake $0.50
Board [8h Ah 7c Tc 6d]
Seat 4: NewRocker (big blind) showed [9d 9s] and won ($71.50) with a straight, Six to Ten
Seat 7: CatPuppy1999 (button) (small blind) mucked


PokerStars Hand #171782484105:  Hold'em Limit ($3/$6 USD) - 2017/06/14 17:53:30 ET
Table 'Anius III' 10-max Seat #4 is the button
Seat 4: NewRocker ($165.59 in chips)
Seat 7: CatPuppy1999 ($248.22 in chips)
NewRocker: posts small blind $1
CatPuppy1999: posts big blind $3
*** HOLE CARDS ***
yayaya joins the table at seat #9
NewRocker: raises $3 to $6
CatPuppy1999: folds
Uncalled bet ($3) returned to NewRocker
NewRocker collected $6 from pot
NewRocker: doesn't show hand
*** SUMMARY ***
Total pot $6 | Rake $0
Seat 4: NewRocker (button) (small blind) collected ($6)
Seat 7: CatPuppy1999 (big blind) folded before Flop


PokerStars Hand #171782643778:  Hold'em Limit ($3/$6 USD) - 2017/06/14 17:57:38 ET
Table 'Anius III' 10-max Seat #4 is the button
Seat 4: NewRocker ($159.48 in chips)
Seat 7: CatPuppy1999 ($295.95 in chips)
NewRocker: posts small blind $1
CatPuppy1999: posts big blind $3
*** HOLE CARDS ***
NewRocker: folds
Uncalled bet ($2) returned to CatPuppy1999
CatPuppy1999 collected $2 from pot
CatPuppy1999: doesn't show hand
*** SUMMARY ***
Total pot $2 | Rake $0
Seat 4: NewRocker (button) (small blind) folded before Flop
Seat 7: CatPuppy1999 (big blind) collected ($2)


PokerStars Hand #171782618869:  Hold'em Limit ($3/$6 USD) - 2017/06/14 17:56:56 ET
Table 'Anius III' 10-max Seat #7 is the button
Seat 4: NewRocker ($147.96 in chips)
Seat 7: CatPuppy1999 ($307.95 in chips)
CatPuppy1999: posts small blind $1
yayaya: is sitting out
NewRocker: posts big blind $3
*** HOLE CARDS ***
CatPuppy1999: raises $3 to $6
NewRocker: calls $3
*** FLOP *** [3h Ad 5h]
yayaya leaves the table
mbpaalborg leaves the table
NewRocker: checks
CatPuppy1999: bets $3
NewRocker: raises $3 to $6
CatPuppy1999: calls $3
*** TURN *** [3h Ad 5h] [Ac]
NewRocker: bets $6
CatPuppy1999: folds
Uncalled bet ($6) returned to NewRocker
NewRocker collected $23.52 from pot
NewRocker: doesn't show hand
*** SUMMARY ***
Total pot $24 | Rake $0.48
Board [3h Ad 5h Ac]
Seat 4: NewRocker (big blind) collected ($23.52)
Seat 7: CatPuppy1999 (button) (small blind) folded on the Turn


PokerStars Hand #171782678236:  Hold'em Limit ($3/$6 USD) - 2017/06/14 17:58:35 ET
Table 'Anius III' 10-max Seat #4 is the button
Seat 4: NewRocker ($152.48 in chips)
Seat 7: CatPuppy1999 ($302.71 in chips)
NewRocker: posts small blind $1
CatPuppy1999: posts big blind $3
*** HOLE CARDS ***
NewRocker: folds
Uncalled bet ($2) returned to CatPuppy1999
CatPuppy1999 collected $2 from pot
CatPuppy1999: doesn't show hand
*** SUMMARY ***
Total pot $2 | Rake $0
Seat 4: NewRocker (button) (small blind) folded before Flop
Seat 7: CatPuppy1999 (big blind) collected ($2)


PokerStars Hand #171782648760:  Hold'em Limit ($3/$6 USD) - 2017/06/14 17:57:46 ET
Table 'Anius III' 10-max Seat #7 is the button
Seat 4: NewRocker ($158.48 in chips)
Seat 7: CatPuppy1999 ($296.95 in chips)
CatPuppy1999: posts small blind $1
NewRocker: posts big blind $3
*** HOLE CARDS ***
CatPuppy1999: raises $3 to $6
NewRocker: calls $3
*** FLOP *** [Kd 3c 2h]
NewRocker: checks
CatPuppy1999: checks
*** TURN *** [Kd 3c 2h] [Qc]
NewRocker: checks
CatPuppy1999: checks
*** RIVER *** [Kd 3c 2h Qc] [Jd]
NewRocker: checks
CatPuppy1999: bets $6
NewRocker: folds
Uncalled bet ($6) returned to CatPuppy1999
CatPuppy1999 collected $11.76 from pot
CatPuppy1999: doesn't show hand
*** SUMMARY ***
Total pot $12 | Rake $0.24
Board [Kd 3c 2h Qc Jd]
Seat 4: NewRocker (big blind) folded on the River
Seat 7: CatPuppy1999 (button) (small blind) collected ($11.76)


PokerStars Hand #171782689639:  Hold'em Limit ($3/$6 USD) - 2017/06/14 17:58:54 ET
Table 'Anius III' 10-max Seat #4 is the button
Seat 4: NewRocker ($148.48 in chips)
Seat 7: CatPuppy1999 ($306.71 in chips)
NewRocker: posts small blind $1
CatPuppy1999: posts big blind $3
*** HOLE CARDS ***
NewRocker: folds
Uncalled bet ($2) returned to CatPuppy1999
CatPuppy1999 collected $2 from pot
CatPuppy1999: doesn't show hand
*** SUMMARY ***
Total pot $2 | Rake $0
Seat 4: NewRocker (button) (small blind) folded before Flop
Seat 7: CatPuppy1999 (big blind) collected ($2)


PokerStars Hand #171782681097:  Hold'em Limit ($3/$6 USD) - 2017/06/14 17:58:40 ET
Table 'Anius III' 10-max Seat #7 is the button
Seat 4: NewRocker ($151.48 in chips)
Seat 7: CatPuppy1999 ($303.71 in chips)
CatPuppy1999: posts small blind $1
NewRocker: posts big blind $3
*** HOLE CARDS ***
CatPuppy1999: raises $3 to $6
NewRocker: folds
Uncalled bet ($3) returned to CatPuppy1999
CatPuppy1999 collected $6 from pot
CatPuppy1999: doesn't show hand
*** SUMMARY ***
Total pot $6 | Rake $0
Seat 4: NewRocker (big blind) folded before Flop
Seat 7: CatPuppy1999 (button) (small blind) collected ($6)


