PokerStars Hand #157218243174:  Hold'em Limit ($3/$6 USD) - 2016/08/13 7:30:10 ET
Table 'Anius' 6-max Seat #3 is the button
Seat 3: Ag3r0n ($86.50 in chips)
Seat 4: edmarneves ($624.14 in chips)
Ag3r0n: posts small blind $1
edmarneves: posts big blind $3
*** HOLE CARDS ***
Ag3r0n: raises $3 to $6
edmarneves: calls $3
*** FLOP *** [9s 4c 2h]
edmarneves: checks
Ag3r0n: bets $3
edmarneves: folds
Uncalled bet ($3) returned to Ag3r0n
Ag3r0n collected $11.76 from pot
*** SUMMARY ***
Total pot $12 | Rake $0.24
Board [9s 4c 2h]
Seat 3: Ag3r0n (button) (small blind) collected ($11.76)
Seat 4: edmarneves (big blind) folded on the Flop


PokerStars Hand #157218237231:  Hold'em Limit ($3/$6 USD) - 2016/08/13 7:29:56 ET
Table 'Anius' 6-max Seat #4 is the button
Seat 3: Ag3r0n ($101.50 in chips)
Seat 4: edmarneves ($609.64 in chips)
edmarneves: posts small blind $1
Ag3r0n: posts big blind $3
*** HOLE CARDS ***
edmarneves: raises $3 to $6
Ag3r0n: calls $3
*** FLOP *** [7c 3h Th]
Ag3r0n: checks
edmarneves: bets $3
Ag3r0n: calls $3
*** TURN *** [7c 3h Th] [4h]
Ag3r0n: checks
edmarneves: bets $6
Ag3r0n: calls $6
*** RIVER *** [7c 3h Th 4h] [Td]
Ag3r0n: checks
edmarneves: checks
*** SHOW DOWN ***
Ag3r0n: shows [5h Jd] (a pair of Tens)
edmarneves: shows [Ad Qh] (a pair of Tens - Ace kicker)
edmarneves collected $29.50 from pot
*** SUMMARY ***
Total pot $30 | Rake $0.50
Board [7c 3h Th 4h Td]
Seat 3: Ag3r0n (big blind) showed [5h Jd] and lost with a pair of Tens
Seat 4: edmarneves (button) (small blind) showed [Ad Qh] and won ($29.50) with a pair of Tens


PokerStars Hand #157218255606:  Hold'em Limit ($3/$6 USD) - 2016/08/13 7:30:39 ET
Table 'Anius' 6-max Seat #3 is the button
Seat 3: Ag3r0n ($72 in chips)
Seat 4: edmarneves ($638.64 in chips)
Ag3r0n: posts small blind $1
edmarneves: posts big blind $3
*** HOLE CARDS ***
Ag3r0n: folds
Uncalled bet ($2) returned to edmarneves
edmarneves collected $2 from pot
edmarneves: doesn't show hand
*** SUMMARY ***
Total pot $2 | Rake $0
Seat 3: Ag3r0n (button) (small blind) folded before Flop
Seat 4: edmarneves (big blind) collected ($2)


PokerStars Hand #157218246571:  Hold'em Limit ($3/$6 USD) - 2016/08/13 7:30:17 ET
Table 'Anius' 6-max Seat #4 is the button
Seat 3: Ag3r0n ($92.26 in chips)
Seat 4: edmarneves ($618.14 in chips)
edmarneves: posts small blind $1
Ag3r0n: posts big blind $3
*** HOLE CARDS ***
edmarneves: raises $3 to $6
Ag3r0n: calls $3
*** FLOP *** [9h 7s 9c]
Ag3r0n: checks
edmarneves: bets $3
Ag3r0n: calls $3
*** TURN *** [9h 7s 9c] [Jc]
Herr Uber joins the table at seat #2
Ag3r0n: checks
edmarneves: bets $6
Ag3r0n: calls $6
*** RIVER *** [9h 7s 9c Jc] [8c]
Ag3r0n: checks
edmarneves: bets $6
Ag3r0n: calls $6
*** SHOW DOWN ***
edmarneves: shows [Ts Qc] (a straight, Eight to Queen)
Ag3r0n: mucks hand
edmarneves collected $41.50 from pot
*** SUMMARY ***
Total pot $42 | Rake $0.50
Board [9h 7s 9c Jc 8c]
Seat 3: Ag3r0n (big blind) mucked
Seat 4: edmarneves (button) (small blind) showed [Ts Qc] and won ($41.50) with a straight, Eight to Queen


PokerStars Hand #157218468097:  Hold'em Limit ($3/$6 USD) - 2016/08/13 7:38:33 ET
Table 'Anius' 6-max Seat #6 is the button
Seat 3: Ag3r0n ($72 in chips)
Seat 6: Wurst2000 ($138.35 in chips)
Wurst2000: posts small blind $1
Ag3r0n: posts big blind $3
*** HOLE CARDS ***
Wurst2000: raises $3 to $6
Ag3r0n: raises $3 to $9
Wurst2000: calls $3
*** FLOP *** [Qs 3s Th]
Ag3r0n: bets $3
Wurst2000: folds
Uncalled bet ($3) returned to Ag3r0n
Ag3r0n collected $17.64 from pot
*** SUMMARY ***
Total pot $18 | Rake $0.36
Board [Qs 3s Th]
Seat 3: Ag3r0n (big blind) collected ($17.64)
Seat 6: Wurst2000 (button) (small blind) folded on the Flop


PokerStars Hand #157219038736:  Hold'em Limit ($3/$6 USD) - 2016/08/13 8:00:42 ET
Table 'Anius' 6-max Seat #4 is the button
Seat 1: abatic ($117.83 in chips)
Seat 4: Koraseg ($89.05 in chips)
Hannibal2211 will be allowed to play after the button
Koraseg: posts small blind $1
Wurst2000: is sitting out
abatic: posts big blind $3
*** HOLE CARDS ***
Wurst2000 leaves the table
Koraseg: raises $3 to $6
abatic: calls $3
*** FLOP *** [6h 5h 4c]
abatic: checks
Koraseg: bets $3
abatic: calls $3
*** TURN *** [6h 5h 4c] [9h]
abatic: checks
Koraseg: checks
*** RIVER *** [6h 5h 4c 9h] [9d]
abatic: bets $6
Koraseg: calls $6
*** SHOW DOWN ***
abatic: shows [8c Kh] (a pair of Nines)
Koraseg: shows [3s Ad] (a pair of Nines - Ace kicker)
Koraseg collected $29.50 from pot
*** SUMMARY ***
Total pot $30 | Rake $0.50
Board [6h 5h 4c 9h 9d]
Seat 1: abatic (big blind) showed [8c Kh] and lost with a pair of Nines
Seat 4: Koraseg (button) (small blind) showed [3s Ad] and won ($29.50) with a pair of Nines


PokerStars Hand #157221802835:  Hold'em Limit ($3/$6 USD) - 2016/08/13 9:34:29 ET
Table 'Anius' 6-max Seat #5 is the button
Seat 3: CrongCrong ($89 in chips)
Seat 5: siliciom ($310.66 in chips)
siliciom: posts small blind $1
rascal_319: is sitting out
CrongCrong: posts big blind $3
*** HOLE CARDS ***
siliciom: raises $3 to $6
CrongCrong: calls $3
*** FLOP *** [6s Ts 5d]
rascal_319 leaves the table
CrongCrong: checks
siliciom: bets $3
CrongCrong: raises $3 to $6
siliciom: calls $3
*** TURN *** [6s Ts 5d] [7c]
CrongCrong: bets $6
siliciom: raises $6 to $12
CrongCrong: folds
Uncalled bet ($6) returned to siliciom
siliciom collected $35.50 from pot
siliciom: doesn't show hand
*** SUMMARY ***
Total pot $36 | Rake $0.50
Board [6s Ts 5d 7c]
Seat 3: CrongCrong (big blind) folded on the Turn
Seat 5: siliciom (button) (small blind) collected ($35.50)


