PokerStars Hand #168996725291:  Hold'em Limit ($3/$6 USD) - 2017/04/13 17:08:34 ET
Table 'Anius' 6-max Seat #2 is the button
Seat 1: leungting684 ($31.80 in chips)
Seat 2: zxkz ($88.76 in chips)
zxkz: posts small blind $1
leungting684: posts big blind $3
*** HOLE CARDS ***
zxkz: raises $3 to $6
leungting684: calls $3
*** FLOP *** [Qh Js 2d]
leungting684: bets $3
zxkz: calls $3
*** TURN *** [Qh Js 2d] [Kd]
leungting684: bets $6
zxkz: calls $6
*** RIVER *** [Qh Js 2d Kd] [2c]
leungting684: bets $6
zxkz: calls $6
*** SHOW DOWN ***
leungting684: shows [2s Qs] (a full house, Deuces full of Queens)
zxkz: mucks hand
leungting684 collected $41.50 from pot
*** SUMMARY ***
Total pot $42 | Rake $0.50
Board [Qh Js 2d Kd 2c]
Seat 1: leungting684 (big blind) showed [2s Qs] and won ($41.50) with a full house, Deuces full of Queens
Seat 2: zxkz (button) (small blind) mucked


PokerStars Hand #168996745364:  Hold'em Limit ($3/$6 USD) - 2017/04/13 17:08:58 ET
Table 'Anius' 6-max Seat #1 is the button
Seat 1: leungting684 ($52.30 in chips)
Seat 2: zxkz ($72 in chips)
leungting684: posts small blind $1
zxkz: posts big blind $3
*** HOLE CARDS ***
leungting684: calls $2
zxkz: checks
*** FLOP *** [Td 9c Ts]
zxkz: bets $3
leungting684: folds
Uncalled bet ($3) returned to zxkz
zxkz collected $5.88 from pot
*** SUMMARY ***
Total pot $6 | Rake $0.12
Board [Td 9c Ts]
Seat 1: leungting684 (button) (small blind) folded on the Flop
Seat 2: zxkz (big blind) collected ($5.88)


PokerStars Hand #168996761118:  Hold'em Limit ($3/$6 USD) - 2017/04/13 17:09:16 ET
Table 'Anius' 6-max Seat #2 is the button
Seat 1: leungting684 ($49.30 in chips)
Seat 2: zxkz ($74.88 in chips)
zxkz: posts small blind $1
leungting684: posts big blind $3
*** HOLE CARDS ***
zxkz: raises $3 to $6
leungting684: calls $3
*** FLOP *** [5h 9h Kh]
leungting684: checks
zxkz: bets $3
leungting684: calls $3
*** TURN *** [5h 9h Kh] [2h]
leungting684: checks
zxkz: bets $6
leungting684: folds
Uncalled bet ($6) returned to zxkz
zxkz collected $17.64 from pot
zxkz: doesn't show hand
*** SUMMARY ***
Total pot $18 | Rake $0.36
Board [5h 9h Kh 2h]
Seat 1: leungting684 (big blind) folded on the Turn
Seat 2: zxkz (button) (small blind) collected ($17.64)


PokerStars Hand #168996776367:  Hold'em Limit ($3/$6 USD) - 2017/04/13 17:09:34 ET
Table 'Anius' 6-max Seat #1 is the button
Seat 1: leungting684 ($40.30 in chips)
Seat 2: zxkz ($83.52 in chips)
leungting684: posts small blind $1
zxkz: posts big blind $3
*** HOLE CARDS ***
leungting684: raises $3 to $6
zxkz: calls $3
*** FLOP *** [7d 9h Qd]
zxkz: checks
leungting684: checks
*** TURN *** [7d 9h Qd] [3d]
zxkz: checks
leungting684: checks
*** RIVER *** [7d 9h Qd 3d] [Ks]
zxkz: checks
leungting684: bets $6
zxkz: folds
Uncalled bet ($6) returned to leungting684
leungting684 collected $11.76 from pot
leungting684: doesn't show hand
*** SUMMARY ***
Total pot $12 | Rake $0.24
Board [7d 9h Qd 3d Ks]
Seat 1: leungting684 (button) (small blind) collected ($11.76)
Seat 2: zxkz (big blind) folded on the River


PokerStars Hand #168996806405:  Hold'em Limit ($3/$6 USD) - 2017/04/13 17:10:10 ET
Table 'Anius' 6-max Seat #2 is the button
Seat 1: leungting684 ($46.06 in chips)
Seat 2: zxkz ($77.52 in chips)
zxkz: posts small blind $1
leungting684: posts big blind $3
*** HOLE CARDS ***
zxkz: raises $3 to $6
leungting684: calls $3
*** FLOP *** [Qc Kh Ks]
leungting684: checks
zxkz: bets $3
leungting684: folds
Uncalled bet ($3) returned to zxkz
zxkz collected $11.76 from pot
zxkz: doesn't show hand
*** SUMMARY ***
Total pot $12 | Rake $0.24
Board [Qc Kh Ks]
Seat 1: leungting684 (big blind) folded on the Flop
Seat 2: zxkz (button) (small blind) collected ($11.76)


PokerStars Hand #168996818244:  Hold'em Limit ($3/$6 USD) - 2017/04/13 17:10:24 ET
Table 'Anius' 6-max Seat #1 is the button
Seat 1: leungting684 ($40.06 in chips)
Seat 2: zxkz ($83.28 in chips)
leungting684: posts small blind $1
zxkz: posts big blind $3
*** HOLE CARDS ***
leungting684: raises $3 to $6
zxkz: calls $3
*** FLOP *** [4s 4h 3h]
zxkz: checks
leungting684: checks
*** TURN *** [4s 4h 3h] [Qc]
zxkz: bets $6
leungting684: calls $6
*** RIVER *** [4s 4h 3h Qc] [9s]
zxkz: checks
leungting684: bets $6
zxkz: folds
Uncalled bet ($6) returned to leungting684
leungting684 collected $23.52 from pot
leungting684: doesn't show hand
*** SUMMARY ***
Total pot $24 | Rake $0.48
Board [4s 4h 3h Qc 9s]
Seat 1: leungting684 (button) (small blind) collected ($23.52)
Seat 2: zxkz (big blind) folded on the River


PokerStars Hand #168996844018:  Hold'em Limit ($3/$6 USD) - 2017/04/13 17:10:54 ET
Table 'Anius' 6-max Seat #2 is the button
Seat 1: leungting684 ($51.58 in chips)
Seat 2: zxkz ($72 in chips)
zxkz: posts small blind $1
leungting684: posts big blind $3
*** HOLE CARDS ***
zxkz: folds
Uncalled bet ($2) returned to leungting684
leungting684 collected $2 from pot
leungting684: doesn't show hand
*** SUMMARY ***
Total pot $2 | Rake $0
Seat 1: leungting684 (big blind) collected ($2)
Seat 2: zxkz (button) (small blind) folded before Flop


PokerStars Hand #168996849394:  Hold'em Limit ($3/$6 USD) - 2017/04/13 17:11:01 ET
Table 'Anius' 6-max Seat #1 is the button
Seat 1: leungting684 ($52.58 in chips)
Seat 2: zxkz ($72 in chips)
leungting684: posts small blind $1
zxkz: posts big blind $3
*** HOLE CARDS ***
leungting684: raises $3 to $6
zxkz: calls $3
*** FLOP *** [Th Ad 7d]
zxkz: checks
leungting684: bets $3
zxkz: calls $3
*** TURN *** [Th Ad 7d] [2s]
zxkz: checks
leungting684: checks
*** RIVER *** [Th Ad 7d 2s] [4s]
zxkz: checks
leungting684: checks
*** SHOW DOWN ***
zxkz: shows [9s Kd] (high card Ace)
leungting684: shows [Kc 7c] (a pair of Sevens)
leungting684 collected $17.64 from pot
*** SUMMARY ***
Total pot $18 | Rake $0.36
Board [Th Ad 7d 2s 4s]
Seat 1: leungting684 (button) (small blind) showed [Kc 7c] and won ($17.64) with a pair of Sevens
Seat 2: zxkz (big blind) showed [9s Kd] and lost with high card Ace


PokerStars Hand #168996866028:  Hold'em Limit ($3/$6 USD) - 2017/04/13 17:11:21 ET
Table 'Anius' 6-max Seat #2 is the button
Seat 1: leungting684 ($61.22 in chips)
Seat 2: zxkz ($72 in chips)
zxkz: posts small blind $1
leungting684: posts big blind $3
*** HOLE CARDS ***
zxkz: folds
Uncalled bet ($2) returned to leungting684
leungting684 collected $2 from pot
leungting684: doesn't show hand
*** SUMMARY ***
Total pot $2 | Rake $0
Seat 1: leungting684 (big blind) collected ($2)
Seat 2: zxkz (button) (small blind) folded before Flop


PokerStars Hand #168996872281:  Hold'em Limit ($3/$6 USD) - 2017/04/13 17:11:28 ET
Table 'Anius' 6-max Seat #1 is the button
Seat 1: leungting684 ($62.22 in chips)
Seat 2: zxkz ($72 in chips)
leungting684: posts small blind $1
zxkz: posts big blind $3
*** HOLE CARDS ***
leungting684: folds
Uncalled bet ($2) returned to zxkz
zxkz collected $2 from pot
zxkz: doesn't show hand
*** SUMMARY ***
Total pot $2 | Rake $0
Seat 1: leungting684 (button) (small blind) folded before Flop
Seat 2: zxkz (big blind) collected ($2)


PokerStars Hand #168996879021:  Hold'em Limit ($3/$6 USD) - 2017/04/13 17:11:36 ET
Table 'Anius' 6-max Seat #2 is the button
Seat 1: leungting684 ($61.22 in chips)
Seat 2: zxkz ($73 in chips)
zxkz: posts small blind $1
leungting684: posts big blind $3
*** HOLE CARDS ***
boony444 joins the table at seat #3
zxkz: raises $3 to $6
leungting684: raises $3 to $9
zxkz: calls $3
*** FLOP *** [Ac 5h Kh]
leungting684: checks
zxkz: checks
*** TURN *** [Ac 5h Kh] [Js]
leungting684: checks
zxkz: checks
*** RIVER *** [Ac 5h Kh Js] [2c]
leungting684: bets $6
zxkz: calls $6
*** SHOW DOWN ***
leungting684: shows [7s 9d] (high card Ace)
zxkz: shows [2d 7d] (a pair of Deuces)
zxkz collected $29.50 from pot
*** SUMMARY ***
Total pot $30 | Rake $0.50
Board [Ac 5h Kh Js 2c]
Seat 1: leungting684 (big blind) showed [7s 9d] and lost with high card Ace
Seat 2: zxkz (button) (small blind) showed [2d 7d] and won ($29.50) with a pair of Deuces


PokerStars Hand #168996899850:  Hold'em Limit ($3/$6 USD) - 2017/04/13 17:12:01 ET
Table 'Anius' 6-max Seat #1 is the button
Seat 1: leungting684 ($46.22 in chips)
Seat 2: zxkz ($87.50 in chips)
leungting684: posts small blind $1
zxkz: posts big blind $3
*** HOLE CARDS ***
leungting684: calls $2
zxkz: checks
*** FLOP *** [Js 5s Qc]
zxkz: bets $3
leungting684: calls $3
*** TURN *** [Js 5s Qc] [As]
zxkz: checks
leungting684: checks
*** RIVER *** [Js 5s Qc As] [3c]
zxkz: bets $6
leungting684: folds
Uncalled bet ($6) returned to zxkz
zxkz collected $11.76 from pot
zxkz: doesn't show hand
*** SUMMARY ***
Total pot $12 | Rake $0.24
Board [Js 5s Qc As 3c]
Seat 1: leungting684 (button) (small blind) folded on the River
Seat 2: zxkz (big blind) collected ($11.76)


PokerStars Hand #168997368097:  Hold'em Limit ($3/$6 USD) - 2017/04/13 17:21:15 ET
Table 'Anius' 6-max Seat #2 is the button
Seat 2: zxkz ($72 in chips)
Seat 5: rammerjr ($254.16 in chips)
zxkz: posts small blind $1
rammerjr: posts big blind $3
*** HOLE CARDS ***
zxkz: folds
Uncalled bet ($2) returned to rammerjr
rammerjr collected $2 from pot
*** SUMMARY ***
Total pot $2 | Rake $0
Seat 2: zxkz (button) (small blind) folded before Flop
Seat 5: rammerjr (big blind) collected ($2)


PokerStars Hand #168997529170:  Hold'em Limit ($3/$6 USD) - 2017/04/13 17:24:27 ET
Table 'Anius' 6-max Seat #1 is the button
Seat 1: Tema897 ($151.36 in chips)
Seat 5: rammerjr ($297.46 in chips)
Tema897: posts small blind $1
rammerjr: posts big blind $3
*** HOLE CARDS ***
Tema897: folds
Uncalled bet ($2) returned to rammerjr
rammerjr collected $2 from pot
*** SUMMARY ***
Total pot $2 | Rake $0
Seat 1: Tema897 (button) (small blind) folded before Flop
Seat 5: rammerjr (big blind) collected ($2)


PokerStars Hand #168997522809:  Hold'em Limit ($3/$6 USD) - 2017/04/13 17:24:19 ET
Table 'Anius' 6-max Seat #5 is the button
Seat 1: Tema897 ($150.36 in chips)
Seat 5: rammerjr ($298.46 in chips)
rammerjr: posts small blind $1
Tema897: posts big blind $3
*** HOLE CARDS ***
rammerjr: folds
Uncalled bet ($2) returned to Tema897
Tema897 collected $2 from pot
Tema897: doesn't show hand
*** SUMMARY ***
Total pot $2 | Rake $0
Seat 1: Tema897 (big blind) collected ($2)
Seat 5: rammerjr (button) (small blind) folded before Flop


PokerStars Hand #168997563618:  Hold'em Limit ($3/$6 USD) - 2017/04/13 17:25:08 ET
Table 'Anius' 6-max Seat #5 is the button
Seat 1: Tema897 ($134.36 in chips)
Seat 5: rammerjr ($313.96 in chips)
rammerjr: posts small blind $1
Tema897: posts big blind $3
*** HOLE CARDS ***
rammerjr: calls $2
Tema897: checks
*** FLOP *** [Qd 6s 6d]
Tema897: checks
rammerjr: checks
*** TURN *** [Qd 6s 6d] [5s]
Tema897: checks
rammerjr: checks
*** RIVER *** [Qd 6s 6d 5s] [3s]
Tema897: bets $6
rammerjr: folds
Uncalled bet ($6) returned to Tema897
Tema897 collected $5.88 from pot
Tema897: doesn't show hand
*** SUMMARY ***
Total pot $6 | Rake $0.12
Board [Qd 6s 6d 5s 3s]
Seat 1: Tema897 (big blind) collected ($5.88)
Seat 5: rammerjr (button) (small blind) folded on the River


PokerStars Hand #168997558912:  Hold'em Limit ($3/$6 USD) - 2017/04/13 17:25:03 ET
Table 'Anius' 6-max Seat #1 is the button
Seat 1: Tema897 ($135.36 in chips)
Seat 5: rammerjr ($312.96 in chips)
Tema897: posts small blind $1
rammerjr: posts big blind $3
*** HOLE CARDS ***
Tema897: folds
Uncalled bet ($2) returned to rammerjr
rammerjr collected $2 from pot
*** SUMMARY ***
Total pot $2 | Rake $0
Seat 1: Tema897 (button) (small blind) folded before Flop
Seat 5: rammerjr (big blind) collected ($2)


PokerStars Hand #168997533461:  Hold'em Limit ($3/$6 USD) - 2017/04/13 17:24:32 ET
Table 'Anius' 6-max Seat #5 is the button
Seat 1: Tema897 ($150.36 in chips)
Seat 5: rammerjr ($298.46 in chips)
rammerjr: posts small blind $1
Tema897: posts big blind $3
*** HOLE CARDS ***
rammerjr: raises $3 to $6
Tema897: calls $3
*** FLOP *** [5s 9h 6s]
Tema897: checks
rammerjr: bets $3
Tema897: calls $3
*** TURN *** [5s 9h 6s] [2c]
Tema897: checks
rammerjr: bets $6
Tema897: calls $6
*** RIVER *** [5s 9h 6s 2c] [2s]
Tema897: checks
rammerjr: bets $6
Tema897: folds
Uncalled bet ($6) returned to rammerjr
rammerjr collected $29.50 from pot
*** SUMMARY ***
Total pot $30 | Rake $0.50
Board [5s 9h 6s 2c 2s]
Seat 1: Tema897 (big blind) folded on the River
Seat 5: rammerjr (button) (small blind) collected ($29.50)


PokerStars Hand #168997631415:  Hold'em Limit ($3/$6 USD) - 2017/04/13 17:26:20 ET
Table 'Anius' 6-max Seat #1 is the button
Seat 1: Tema897 ($146.88 in chips)
Seat 5: rammerjr ($300.96 in chips)
Tema897: posts small blind $1
rammerjr: posts big blind $3
*** HOLE CARDS ***
Tema897: raises $3 to $6
basetang joins the table at seat #6
rammerjr: folds
Uncalled bet ($3) returned to Tema897
Tema897 collected $6 from pot
Tema897: doesn't show hand
*** SUMMARY ***
Total pot $6 | Rake $0
Seat 1: Tema897 (button) (small blind) collected ($6)
Seat 5: rammerjr (big blind) folded before Flop


PokerStars Hand #168997622683:  Hold'em Limit ($3/$6 USD) - 2017/04/13 17:26:10 ET
Table 'Anius' 6-max Seat #5 is the button
Seat 1: Tema897 ($145.88 in chips)
Seat 5: rammerjr ($301.96 in chips)
rammerjr: posts small blind $1
Tema897: posts big blind $3
*** HOLE CARDS ***
rammerjr: folds
Uncalled bet ($2) returned to Tema897
Tema897 collected $2 from pot
Tema897: doesn't show hand
*** SUMMARY ***
Total pot $2 | Rake $0
Seat 1: Tema897 (big blind) collected ($2)
Seat 5: rammerjr (button) (small blind) folded before Flop


PokerStars Hand #168997588252:  Hold'em Limit ($3/$6 USD) - 2017/04/13 17:25:38 ET
Table 'Anius' 6-max Seat #1 is the button
Seat 1: Tema897 ($137.24 in chips)
Seat 5: rammerjr ($310.96 in chips)
Tema897: posts small blind $1
rammerjr: posts big blind $3
*** HOLE CARDS ***
Tema897: raises $3 to $6
rammerjr: calls $3
*** FLOP *** [6s 8c 8h]
rammerjr: checks
Tema897: bets $3
rammerjr: calls $3
*** TURN *** [6s 8c 8h] [2c]
rammerjr: checks
Tema897: checks
*** RIVER *** [6s 8c 8h 2c] [Ac]
rammerjr: checks
Tema897: bets $6
rammerjr: folds
Uncalled bet ($6) returned to Tema897
Tema897 collected $17.64 from pot
Tema897: doesn't show hand
*** SUMMARY ***
Total pot $18 | Rake $0.36
Board [6s 8c 8h 2c Ac]
Seat 1: Tema897 (button) (small blind) collected ($17.64)
Seat 5: rammerjr (big blind) folded on the River


PokerStars Hand #168999021554:  Hold'em Limit ($3/$6 USD) - 2017/04/13 17:55:19 ET
Table 'Anius' 6-max Seat #4 is the button
Seat 4: ToDaFelt ($175.32 in chips)
Seat 5: rammerjr ($432.06 in chips)
ToDaFelt: posts small blind $1
rammerjr: posts big blind $3
*** HOLE CARDS ***
ToDaFelt: raises $3 to $6
rammerjr: folds
Uncalled bet ($3) returned to ToDaFelt
ToDaFelt collected $6 from pot
ToDaFelt: doesn't show hand
Gelder112 leaves the table
*** SUMMARY ***
Total pot $6 | Rake $0
Seat 4: ToDaFelt (button) (small blind) collected ($6)
Seat 5: rammerjr (big blind) folded before Flop


PokerStars Hand #168999050670:  Hold'em Limit ($3/$6 USD) - 2017/04/13 17:56:05 ET
Table 'Anius' 6-max Seat #4 is the button
Seat 4: ToDaFelt ($181.20 in chips)
Seat 5: rammerjr ($426.06 in chips)
ToDaFelt: posts small blind $1
rammerjr: posts big blind $3
*** HOLE CARDS ***
ToDaFelt: raises $3 to $6
rammerjr: folds
Uncalled bet ($3) returned to ToDaFelt
ToDaFelt collected $6 from pot
ToDaFelt: doesn't show hand
*** SUMMARY ***
Total pot $6 | Rake $0
Seat 4: ToDaFelt (button) (small blind) collected ($6)
Seat 5: rammerjr (big blind) folded before Flop


PokerStars Hand #168999046722:  Hold'em Limit ($3/$6 USD) - 2017/04/13 17:55:59 ET
Table 'Anius' 6-max Seat #5 is the button
Seat 4: ToDaFelt ($180.20 in chips)
Seat 5: rammerjr ($427.06 in chips)
rammerjr: posts small blind $1
ToDaFelt: posts big blind $3
*** HOLE CARDS ***
rammerjr: folds
Uncalled bet ($2) returned to ToDaFelt
ToDaFelt collected $2 from pot
ToDaFelt: doesn't show hand
*** SUMMARY ***
Total pot $2 | Rake $0
Seat 4: ToDaFelt (big blind) collected ($2)
Seat 5: rammerjr (button) (small blind) folded before Flop


PokerStars Hand #168999043493:  Hold'em Limit ($3/$6 USD) - 2017/04/13 17:55:54 ET
Table 'Anius' 6-max Seat #4 is the button
Seat 4: ToDaFelt ($181.20 in chips)
Seat 5: rammerjr ($426.06 in chips)
ToDaFelt: posts small blind $1
rammerjr: posts big blind $3
*** HOLE CARDS ***
ToDaFelt: folds
Uncalled bet ($2) returned to rammerjr
rammerjr collected $2 from pot
*** SUMMARY ***
Total pot $2 | Rake $0
Seat 4: ToDaFelt (button) (small blind) folded before Flop
Seat 5: rammerjr (big blind) collected ($2)


PokerStars Hand #168999025053:  Hold'em Limit ($3/$6 USD) - 2017/04/13 17:55:25 ET
Table 'Anius' 6-max Seat #5 is the button
Seat 4: ToDaFelt ($178.32 in chips)
Seat 5: rammerjr ($429.06 in chips)
rammerjr: posts small blind $1
ToDaFelt: posts big blind $3
*** HOLE CARDS ***
rammerjr: calls $2
ToDaFelt: checks
*** FLOP *** [4d 8d 3c]
ToDaFelt: bets $3
rammerjr: folds
Uncalled bet ($3) returned to ToDaFelt
ToDaFelt collected $5.88 from pot
ToDaFelt: doesn't show hand
*** SUMMARY ***
Total pot $6 | Rake $0.12
Board [4d 8d 3c]
Seat 4: ToDaFelt (big blind) collected ($5.88)
Seat 5: rammerjr (button) (small blind) folded on the Flop


PokerStars Hand #168999085282:  Hold'em Limit ($3/$6 USD) - 2017/04/13 17:56:58 ET
Table 'Anius' 6-max Seat #5 is the button
Seat 4: ToDaFelt ($181.20 in chips)
Seat 5: rammerjr ($425.82 in chips)
rammerjr: posts small blind $1
ToDaFelt: posts big blind $3
*** HOLE CARDS ***
rammerjr: raises $3 to $6
ToDaFelt: calls $3
*** FLOP *** [Kc Ad 9h]
ToDaFelt: checks
rammerjr: checks
*** TURN *** [Kc Ad 9h] [4h]
ToDaFelt: bets $6
rammerjr: folds
Uncalled bet ($6) returned to ToDaFelt
ToDaFelt collected $11.76 from pot
ToDaFelt: doesn't show hand
*** SUMMARY ***
Total pot $12 | Rake $0.24
Board [Kc Ad 9h 4h]
Seat 4: ToDaFelt (big blind) collected ($11.76)
Seat 5: rammerjr (button) (small blind) folded on the Turn


PokerStars Hand #168999081219:  Hold'em Limit ($3/$6 USD) - 2017/04/13 17:56:52 ET
Table 'Anius' 6-max Seat #4 is the button
Seat 4: ToDaFelt ($182.20 in chips)
Seat 5: rammerjr ($424.82 in chips)
ToDaFelt: posts small blind $1
rammerjr: posts big blind $3
*** HOLE CARDS ***
ToDaFelt: folds
Uncalled bet ($2) returned to rammerjr
rammerjr collected $2 from pot
*** SUMMARY ***
Total pot $2 | Rake $0
Seat 4: ToDaFelt (button) (small blind) folded before Flop
Seat 5: rammerjr (big blind) collected ($2)


PokerStars Hand #168999076917:  Hold'em Limit ($3/$6 USD) - 2017/04/13 17:56:46 ET
Table 'Anius' 6-max Seat #5 is the button
Seat 4: ToDaFelt ($181.20 in chips)
Seat 5: rammerjr ($425.82 in chips)
rammerjr: posts small blind $1
ToDaFelt: posts big blind $3
*** HOLE CARDS ***
rammerjr: folds
Uncalled bet ($2) returned to ToDaFelt
ToDaFelt collected $2 from pot
ToDaFelt: doesn't show hand
*** SUMMARY ***
Total pot $2 | Rake $0
Seat 4: ToDaFelt (big blind) collected ($2)
Seat 5: rammerjr (button) (small blind) folded before Flop


PokerStars Hand #168999073017:  Hold'em Limit ($3/$6 USD) - 2017/04/13 17:56:40 ET
Table 'Anius' 6-max Seat #4 is the button
Seat 4: ToDaFelt ($178.20 in chips)
Seat 5: rammerjr ($428.82 in chips)
ToDaFelt: posts small blind $1
rammerjr: posts big blind $3
*** HOLE CARDS ***
ToDaFelt: raises $3 to $6
rammerjr: folds
Uncalled bet ($3) returned to ToDaFelt
ToDaFelt collected $6 from pot
ToDaFelt: doesn't show hand
*** SUMMARY ***
Total pot $6 | Rake $0
Seat 4: ToDaFelt (button) (small blind) collected ($6)
Seat 5: rammerjr (big blind) folded before Flop


PokerStars Hand #168999055163:  Hold'em Limit ($3/$6 USD) - 2017/04/13 17:56:12 ET
Table 'Anius' 6-max Seat #5 is the button
Seat 4: ToDaFelt ($184.20 in chips)
Seat 5: rammerjr ($423.06 in chips)
rammerjr: posts small blind $1
ToDaFelt: posts big blind $3
*** HOLE CARDS ***
rammerjr: raises $3 to $6
ToDaFelt: calls $3
*** FLOP *** [8h Js 8s]
ToDaFelt: checks
rammerjr: bets $3
ToDaFelt: folds
Uncalled bet ($3) returned to rammerjr
rammerjr collected $11.76 from pot
*** SUMMARY ***
Total pot $12 | Rake $0.24
Board [8h Js 8s]
Seat 4: ToDaFelt (big blind) folded on the Flop
Seat 5: rammerjr (button) (small blind) collected ($11.76)


PokerStars Hand #168999133070:  Hold'em Limit ($3/$6 USD) - 2017/04/13 17:58:12 ET
Table 'Anius' 6-max Seat #5 is the button
Seat 4: ToDaFelt ($175.96 in chips)
Seat 5: rammerjr ($430.32 in chips)
rammerjr: posts small blind $1
ToDaFelt: posts big blind $3
*** HOLE CARDS ***
rammerjr: folds
Uncalled bet ($2) returned to ToDaFelt
ToDaFelt collected $2 from pot
ToDaFelt: doesn't show hand
*** SUMMARY ***
Total pot $2 | Rake $0
Seat 4: ToDaFelt (big blind) collected ($2)
Seat 5: rammerjr (button) (small blind) folded before Flop


PokerStars Hand #168999126152:  Hold'em Limit ($3/$6 USD) - 2017/04/13 17:58:01 ET
Table 'Anius' 6-max Seat #4 is the button
Seat 4: ToDaFelt ($172.96 in chips)
Seat 5: rammerjr ($433.32 in chips)
ToDaFelt: posts small blind $1
rammerjr: posts big blind $3
*** HOLE CARDS ***
ToDaFelt: raises $3 to $6
rammerjr: folds
Uncalled bet ($3) returned to ToDaFelt
ToDaFelt collected $6 from pot
ToDaFelt: doesn't show hand
*** SUMMARY ***
Total pot $6 | Rake $0
Seat 4: ToDaFelt (button) (small blind) collected ($6)
Seat 5: rammerjr (big blind) folded before Flop


PokerStars Hand #168999122402:  Hold'em Limit ($3/$6 USD) - 2017/04/13 17:57:55 ET
Table 'Anius' 6-max Seat #5 is the button
Seat 4: ToDaFelt ($171.96 in chips)
Seat 5: rammerjr ($434.32 in chips)
rammerjr: posts small blind $1
ToDaFelt: posts big blind $3
*** HOLE CARDS ***
rammerjr: folds
Uncalled bet ($2) returned to ToDaFelt
ToDaFelt collected $2 from pot
ToDaFelt: doesn't show hand
*** SUMMARY ***
Total pot $2 | Rake $0
Seat 4: ToDaFelt (big blind) collected ($2)
Seat 5: rammerjr (button) (small blind) folded before Flop


PokerStars Hand #168999102945:  Hold'em Limit ($3/$6 USD) - 2017/04/13 17:57:25 ET
Table 'Anius' 6-max Seat #4 is the button
Seat 4: ToDaFelt ($186.96 in chips)
Seat 5: rammerjr ($419.82 in chips)
ToDaFelt: posts small blind $1
rammerjr: posts big blind $3
*** HOLE CARDS ***
ToDaFelt: raises $3 to $6
rammerjr: calls $3
*** FLOP *** [Jh Jc 7h]
rammerjr: checks
ToDaFelt: bets $3
rammerjr: calls $3
*** TURN *** [Jh Jc 7h] [Ad]
rammerjr: checks
ToDaFelt: bets $6
rammerjr: calls $6
*** RIVER *** [Jh Jc 7h Ad] [Qc]
rammerjr: checks
ToDaFelt: checks
*** SHOW DOWN ***
rammerjr: shows [8d 7s] (two pair, Jacks and Sevens)
ToDaFelt: mucks hand
rammerjr collected $29.50 from pot
*** SUMMARY ***
Total pot $30 | Rake $0.50
Board [Jh Jc 7h Ad Qc]
Seat 4: ToDaFelt (button) (small blind) mucked
Seat 5: rammerjr (big blind) showed [8d 7s] and won ($29.50) with two pair, Jacks and Sevens


PokerStars Hand #168999140726:  Hold'em Limit ($3/$6 USD) - 2017/04/13 17:58:23 ET
Table 'Anius' 6-max Seat #4 is the button
Seat 4: ToDaFelt ($176.96 in chips)
Seat 5: rammerjr ($429.32 in chips)
ToDaFelt: posts small blind $1
rammerjr: posts big blind $3
*** HOLE CARDS ***
ToDaFelt: raises $3 to $6
rammerjr: raises $3 to $9
ToDaFelt: calls $3
*** FLOP *** [Kh 3c 8d]
rammerjr: bets $3
ToDaFelt: calls $3
*** TURN *** [Kh 3c 8d] [Ac]
rammerjr: checks
Macan joins the table at seat #6
ToDaFelt: checks
*** RIVER *** [Kh 3c 8d Ac] [2d]
rammerjr: bets $6
ToDaFelt: calls $6
*** SHOW DOWN ***
rammerjr: shows [Ks Kc] (three of a kind, Kings)
ToDaFelt: mucks hand
rammerjr collected $35.50 from pot
*** SUMMARY ***
Total pot $36 | Rake $0.50
Board [Kh 3c 8d Ac 2d]
Seat 4: ToDaFelt (button) (small blind) mucked
Seat 5: rammerjr (big blind) showed [Ks Kc] and won ($35.50) with three of a kind, Kings


PokerStars Hand #168999379193:  Hold'em Limit ($3/$6 USD) - 2017/04/13 18:03:54 ET
Table 'Anius' 6-max Seat #4 is the button
Seat 4: ToDaFelt ($189.44 in chips)
Seat 6: Macan ($30.11 in chips)
Jokkez 85 will be allowed to play after the button
ToDaFelt: posts small blind $1
Macan: posts big blind $3
*** HOLE CARDS ***
ToDaFelt: raises $3 to $6
Macan: calls $3
*** FLOP *** [Tc Jd 5d]
Macan: checks
ToDaFelt: bets $3
Macan: raises $3 to $6
ToDaFelt: calls $3
*** TURN *** [Tc Jd 5d] [8h]
Macan: bets $6
ToDaFelt: calls $6
*** RIVER *** [Tc Jd 5d 8h] [Qs]
Macan: checks
ToDaFelt: bets $6
Macan: calls $6
*** SHOW DOWN ***
ToDaFelt: shows [Qc Th] (two pair, Queens and Tens)
Macan: mucks hand
ToDaFelt collected $47.50 from pot
*** SUMMARY ***
Total pot $48 | Rake $0.50
Board [Tc Jd 5d 8h Qs]
Seat 4: ToDaFelt (button) (small blind) showed [Qc Th] and won ($47.50) with two pair, Queens and Tens
Seat 6: Macan (big blind) mucked


PokerStars Hand #168999414988:  Hold'em Limit ($3/$6 USD) - 2017/04/13 18:04:41 ET
Table 'Anius' 6-max Seat #3 is the button
Seat 3: Jokkez 85 ($51.15 in chips)
Seat 4: ToDaFelt ($212.94 in chips)
Jokkez 85: posts small blind $1
ToDaFelt: posts big blind $3
*** HOLE CARDS ***
Jokkez 85: folds
Uncalled bet ($2) returned to ToDaFelt
ToDaFelt collected $2 from pot
ToDaFelt: doesn't show hand
*** SUMMARY ***
Total pot $2 | Rake $0
Seat 3: Jokkez 85 (button) (small blind) folded before Flop
Seat 4: ToDaFelt (big blind) collected ($2)


PokerStars Hand #168999419039:  Hold'em Limit ($3/$6 USD) - 2017/04/13 18:04:46 ET
Table 'Anius' 6-max Seat #4 is the button
Seat 3: Jokkez 85 ($50.15 in chips)
Seat 4: ToDaFelt ($213.94 in chips)
ToDaFelt: posts small blind $1
Jokkez 85: posts big blind $3
*** HOLE CARDS ***
ToDaFelt: raises $3 to $6
Jokkez 85: calls $3
*** FLOP *** [Kd 8s Qh]
Jokkez 85: bets $3
ToDaFelt: raises $3 to $6
Jokkez 85: calls $3
*** TURN *** [Kd 8s Qh] [6s]
Jokkez 85: checks
ToDaFelt: bets $6
Jokkez 85: calls $6
*** RIVER *** [Kd 8s Qh 6s] [Ad]
Jokkez 85: checks
ToDaFelt: checks
*** SHOW DOWN ***
Jokkez 85: shows [8h Ts] (a pair of Eights)
ToDaFelt: shows [Qc 5s] (a pair of Queens)
ToDaFelt collected $35.50 from pot
*** SUMMARY ***
Total pot $36 | Rake $0.50
Board [Kd 8s Qh 6s Ad]
Seat 3: Jokkez 85 (big blind) showed [8h Ts] and lost with a pair of Eights
Seat 4: ToDaFelt (button) (small blind) showed [Qc 5s] and won ($35.50) with a pair of Queens


PokerStars Hand #168999440461:  Hold'em Limit ($3/$6 USD) - 2017/04/13 18:05:14 ET
Table 'Anius' 6-max Seat #3 is the button
Seat 3: Jokkez 85 ($32.15 in chips)
Seat 4: ToDaFelt ($231.44 in chips)
Jokkez 85: posts small blind $1
ToDaFelt: posts big blind $3
*** HOLE CARDS ***
Jokkez 85: raises $3 to $6
ToDaFelt: raises $3 to $9
Jokkez 85: raises $3 to $12
Betting is capped
ToDaFelt: calls $3
*** FLOP *** [2s Jh 4c]
ToDaFelt: checks
Jokkez 85: bets $3
ToDaFelt: calls $3
*** TURN *** [2s Jh 4c] [7d]
ToDaFelt: checks
Jokkez 85: checks
*** RIVER *** [2s Jh 4c 7d] [9h]
ToDaFelt: bets $6
Jokkez 85: folds
Uncalled bet ($6) returned to ToDaFelt
ToDaFelt collected $29.50 from pot
ToDaFelt: doesn't show hand
*** SUMMARY ***
Total pot $30 | Rake $0.50
Board [2s Jh 4c 7d 9h]
Seat 3: Jokkez 85 (button) (small blind) folded on the River
Seat 4: ToDaFelt (big blind) collected ($29.50)


PokerStars Hand #169000197986:  Hold'em Limit ($3/$6 USD) - 2017/04/13 18:21:59 ET
Table 'Anius' 6-max Seat #4 is the button
Seat 2: KidRichard ($252.44 in chips)
Seat 4: ToDaFelt ($312.02 in chips)
ToDaFelt: posts small blind $1
KidRichard: posts big blind $3
*** HOLE CARDS ***
ToDaFelt: raises $3 to $6
KidRichard: calls $3
*** FLOP *** [8h 8s Qh]
KidRichard: checks
ToDaFelt: checks
*** TURN *** [8h 8s Qh] [5h]
KidRichard: checks
ToDaFelt: checks
*** RIVER *** [8h 8s Qh 5h] [7s]
KidRichard: checks
ToDaFelt: checks
*** SHOW DOWN ***
KidRichard: shows [3h Ks] (a pair of Eights)
ToDaFelt: shows [Kc 9h] (a pair of Eights - King+Queen+Nine kicker)
ToDaFelt collected $11.76 from pot
*** SUMMARY ***
Total pot $12 | Rake $0.24
Board [8h 8s Qh 5h 7s]
Seat 2: KidRichard (big blind) showed [3h Ks] and lost with a pair of Eights
Seat 4: ToDaFelt (button) (small blind) showed [Kc 9h] and won ($11.76) with a pair of Eights


PokerStars Hand #169000297974:  Hold'em Limit ($3/$6 USD) - 2017/04/13 18:24:17 ET
Table 'Anius' 6-max Seat #2 is the button
Seat 2: KidRichard ($296.95 in chips)
Seat 4: ToDaFelt ($304.91 in chips)
KidRichard: posts small blind $1
ToDaFelt: posts big blind $3
*** HOLE CARDS ***
KidRichard: raises $3 to $6
ToDaFelt: raises $3 to $9
KidRichard: calls $3
*** FLOP *** [6c 5h Kc]
ToDaFelt: bets $3
KidRichard: calls $3
*** TURN *** [6c 5h Kc] [Th]
ToDaFelt: bets $6
KidRichard: folds
Uncalled bet ($6) returned to ToDaFelt
ToDaFelt collected $23.52 from pot
ToDaFelt: doesn't show hand
*** SUMMARY ***
Total pot $24 | Rake $0.48
Board [6c 5h Kc Th]
Seat 2: KidRichard (button) (small blind) folded on the Turn
Seat 4: ToDaFelt (big blind) collected ($23.52)


PokerStars Hand #169000294649:  Hold'em Limit ($3/$6 USD) - 2017/04/13 18:24:12 ET
Table 'Anius' 6-max Seat #4 is the button
Seat 2: KidRichard ($295.95 in chips)
Seat 4: ToDaFelt ($305.91 in chips)
ToDaFelt: posts small blind $1
KidRichard: posts big blind $3
*** HOLE CARDS ***
ToDaFelt: folds
Uncalled bet ($2) returned to KidRichard
KidRichard collected $2 from pot
KidRichard: doesn't show hand
*** SUMMARY ***
Total pot $2 | Rake $0
Seat 2: KidRichard (big blind) collected ($2)
Seat 4: ToDaFelt (button) (small blind) folded before Flop


PokerStars Hand #169000283010:  Hold'em Limit ($3/$6 USD) - 2017/04/13 18:23:56 ET
Table 'Anius' 6-max Seat #2 is the button
Seat 2: KidRichard ($290.19 in chips)
Seat 4: ToDaFelt ($311.91 in chips)
KidRichard: posts small blind $1
ToDaFelt: posts big blind $3
*** HOLE CARDS ***
KidRichard: raises $3 to $6
ToDaFelt: calls $3
*** FLOP *** [9d Js 3s]
ToDaFelt: checks
KidRichard: bets $3
ToDaFelt: folds
Uncalled bet ($3) returned to KidRichard
KidRichard collected $11.76 from pot
KidRichard: doesn't show hand
*** SUMMARY ***
Total pot $12 | Rake $0.24
Board [9d Js 3s]
Seat 2: KidRichard (button) (small blind) collected ($11.76)
Seat 4: ToDaFelt (big blind) folded on the Flop


PokerStars Hand #169000268933:  Hold'em Limit ($3/$6 USD) - 2017/04/13 18:23:37 ET
Table 'Anius' 6-max Seat #4 is the button
Seat 2: KidRichard ($278.67 in chips)
Seat 4: ToDaFelt ($323.91 in chips)
ToDaFelt: posts small blind $1
KidRichard: posts big blind $3
*** HOLE CARDS ***
ToDaFelt: raises $3 to $6
KidRichard: calls $3
*** FLOP *** [7s As 2c]
KidRichard: checks
ToDaFelt: bets $3
KidRichard: raises $3 to $6
ToDaFelt: calls $3
*** TURN *** [7s As 2c] [Qh]
KidRichard: bets $6
ToDaFelt: folds
Uncalled bet ($6) returned to KidRichard
KidRichard collected $23.52 from pot
KidRichard: doesn't show hand
*** SUMMARY ***
Total pot $24 | Rake $0.48
Board [7s As 2c Qh]
Seat 2: KidRichard (big blind) collected ($23.52)
Seat 4: ToDaFelt (button) (small blind) folded on the Turn


PokerStars Hand #169000314732:  Hold'em Limit ($3/$6 USD) - 2017/04/13 18:24:40 ET
Table 'Anius' 6-max Seat #4 is the button
Seat 2: KidRichard ($284.95 in chips)
Seat 4: ToDaFelt ($316.43 in chips)
ToDaFelt: posts small blind $1
KidRichard: posts big blind $3
*** HOLE CARDS ***
ToDaFelt: raises $3 to $6
KidRichard: calls $3
*** FLOP *** [Ts 5h 8c]
KidRichard: checks
ToDaFelt: bets $3
KidRichard: calls $3
*** TURN *** [Ts 5h 8c] [6s]
KidRichard: checks
ToDaFelt: bets $6
KidRichard: calls $6
*** RIVER *** [Ts 5h 8c 6s] [2h]
KidRichard: checks
ToDaFelt: bets $6
KidRichard: calls $6
*** SHOW DOWN ***
ToDaFelt: shows [Jd Tc] (a pair of Tens)
KidRichard: mucks hand
ToDaFelt collected $41.50 from pot
*** SUMMARY ***
Total pot $42 | Rake $0.50
Board [Ts 5h 8c 6s 2h]
Seat 2: KidRichard (big blind) mucked
Seat 4: ToDaFelt (button) (small blind) showed [Jd Tc] and won ($41.50) with a pair of Tens


PokerStars Hand #169002723879:  Hold'em Limit ($3/$6 USD) - 2017/04/13 19:24:15 ET
Table 'Anius' 6-max Seat #2 is the button
Seat 1: Chessnok ($232.53 in chips)
Seat 2: KidRichard ($410.41 in chips)
KidRichard: posts small blind $1
Chessnok: posts big blind $3
*** HOLE CARDS ***
KidRichard: raises $3 to $6
Chessnok: calls $3
*** FLOP *** [3s 9c 2s]
Chessnok: checks
KidRichard: bets $3
Chessnok: folds
Uncalled bet ($3) returned to KidRichard
KidRichard collected $11.76 from pot
KidRichard: doesn't show hand
*** SUMMARY ***
Total pot $12 | Rake $0.24
Board [3s 9c 2s]
Seat 1: Chessnok (big blind) folded on the Flop
Seat 2: KidRichard (button) (small blind) collected ($11.76)


PokerStars Hand #169002731395:  Hold'em Limit ($3/$6 USD) - 2017/04/13 19:24:27 ET
Table 'Anius' 6-max Seat #1 is the button
Seat 1: Chessnok ($226.53 in chips)
Seat 2: KidRichard ($416.17 in chips)
Chessnok: posts small blind $1
KidRichard: posts big blind $3
*** HOLE CARDS ***
Chessnok: raises $3 to $6
KidRichard: calls $3
*** FLOP *** [Qc 6c 4d]
KidRichard: checks
Chessnok: bets $3
KidRichard: folds
Uncalled bet ($3) returned to Chessnok
Chessnok collected $11.76 from pot
Chessnok: doesn't show hand
*** SUMMARY ***
Total pot $12 | Rake $0.24
Board [Qc 6c 4d]
Seat 1: Chessnok (button) (small blind) collected ($11.76)
Seat 2: KidRichard (big blind) folded on the Flop


PokerStars Hand #169002754676:  Hold'em Limit ($3/$6 USD) - 2017/04/13 19:25:06 ET
Table 'Anius' 6-max Seat #1 is the button
Seat 1: Chessnok ($273.79 in chips)
Seat 2: KidRichard ($368.17 in chips)
Chessnok: posts small blind $1
KidRichard: posts big blind $3
*** HOLE CARDS ***
Chessnok: raises $3 to $6
KidRichard: raises $3 to $9
Chessnok: calls $3
*** FLOP *** [9h 3s Ac]
KidRichard: bets $3
Chessnok: calls $3
*** TURN *** [9h 3s Ac] [Ah]
KidRichard: bets $6
Chessnok: calls $6
*** RIVER *** [9h 3s Ac Ah] [3d]
KidRichard: bets $6
Chessnok: calls $6
*** SHOW DOWN ***
KidRichard: shows [Ad 4s] (a full house, Aces full of Threes)
Chessnok: mucks hand
KidRichard collected $47.50 from pot
*** SUMMARY ***
Total pot $48 | Rake $0.50
Board [9h 3s Ac Ah 3d]
Seat 1: Chessnok (button) (small blind) mucked
Seat 2: KidRichard (big blind) showed [Ad 4s] and won ($47.50) with a full house, Aces full of Threes


PokerStars Hand #169002740040:  Hold'em Limit ($3/$6 USD) - 2017/04/13 19:24:42 ET
Table 'Anius' 6-max Seat #2 is the button
Seat 1: Chessnok ($232.29 in chips)
Seat 2: KidRichard ($410.17 in chips)
KidRichard: posts small blind $1
Chessnok: posts big blind $3
*** HOLE CARDS ***
dushniy84 joins the table at seat #3
KidRichard: raises $3 to $6
Chessnok: raises $3 to $9
KidRichard: calls $3
*** FLOP *** [Ts Jh 8h]
Chessnok: bets $3
KidRichard: raises $3 to $6
Chessnok: raises $3 to $9
KidRichard: calls $3
*** TURN *** [Ts Jh 8h] [Ac]
Chessnok: bets $6
KidRichard: raises $6 to $12
Chessnok: raises $6 to $18
KidRichard: calls $6
*** RIVER *** [Ts Jh 8h Ac] [9c]
Chessnok: bets $6
KidRichard: calls $6
*** SHOW DOWN ***
Chessnok: shows [Qs Kh] (a straight, Ten to Ace)
KidRichard: mucks hand
Chessnok collected $83.50 from pot
*** SUMMARY ***
Total pot $84 | Rake $0.50
Board [Ts Jh 8h Ac 9c]
Seat 1: Chessnok (big blind) showed [Qs Kh] and won ($83.50) with a straight, Ten to Ace
Seat 2: KidRichard (button) (small blind) mucked


PokerStars Hand #169002800909:  Hold'em Limit ($3/$6 USD) - 2017/04/13 19:26:23 ET
Table 'Anius' 6-max Seat #2 is the button
Seat 1: Chessnok ($243.25 in chips)
Seat 2: KidRichard ($381.67 in chips)
KidRichard: posts small blind $1
Zubasa07: is sitting out
Chessnok: posts big blind $3
*** HOLE CARDS ***
KidRichard: folds
Uncalled bet ($2) returned to Chessnok
Chessnok collected $2 from pot
Chessnok: doesn't show hand
*** SUMMARY ***
Total pot $2 | Rake $0
Seat 1: Chessnok (big blind) collected ($2)
Seat 2: KidRichard (button) (small blind) folded before Flop


PokerStars Hand #169002838811:  Hold'em Limit ($3/$6 USD) - 2017/04/13 19:27:26 ET
Table 'Anius' 6-max Seat #1 is the button
Seat 1: Chessnok ($195.25 in chips)
Seat 2: KidRichard ($428.67 in chips)
Chessnok: posts small blind $1
KidRichard: posts big blind $3
*** HOLE CARDS ***
Chessnok: raises $3 to $6
KidRichard: calls $3
*** FLOP *** [9h 6h Qh]
KidRichard: checks
Chessnok: bets $3
KidRichard: folds
Uncalled bet ($3) returned to Chessnok
Chessnok collected $11.76 from pot
Chessnok: doesn't show hand
*** SUMMARY ***
Total pot $12 | Rake $0.24
Board [9h 6h Qh]
Seat 1: Chessnok (button) (small blind) collected ($11.76)
Seat 2: KidRichard (big blind) folded on the Flop


PokerStars Hand #169002835706:  Hold'em Limit ($3/$6 USD) - 2017/04/13 19:27:21 ET
Table 'Anius' 6-max Seat #2 is the button
Seat 1: Chessnok ($194.25 in chips)
Seat 2: KidRichard ($429.67 in chips)
KidRichard: posts small blind $1
Chessnok: posts big blind $3
*** HOLE CARDS ***
KidRichard: folds
Uncalled bet ($2) returned to Chessnok
Chessnok collected $2 from pot
Chessnok: doesn't show hand
*** SUMMARY ***
Total pot $2 | Rake $0
Seat 1: Chessnok (big blind) collected ($2)
Seat 2: KidRichard (button) (small blind) folded before Flop


PokerStars Hand #169002821603:  Hold'em Limit ($3/$6 USD) - 2017/04/13 19:26:57 ET
Table 'Anius' 6-max Seat #1 is the button
Seat 1: Chessnok ($227.25 in chips)
Seat 2: KidRichard ($397.17 in chips)
Chessnok: posts small blind $1
KidRichard: posts big blind $3
*** HOLE CARDS ***
Chessnok: raises $3 to $6
KidRichard: calls $3
*** FLOP *** [Ts Ah 6s]
KidRichard: checks
Chessnok: bets $3
KidRichard: calls $3
*** TURN *** [Ts Ah 6s] [4h]
KidRichard: checks
Chessnok: bets $6
KidRichard: raises $6 to $12
Chessnok: calls $6
*** RIVER *** [Ts Ah 6s 4h] [Jd]
KidRichard: bets $6
Chessnok: raises $6 to $12
KidRichard: calls $6
*** SHOW DOWN ***
Chessnok: shows [7c 8c] (high card Ace)
KidRichard: shows [4s 6c] (two pair, Sixes and Fours)
KidRichard collected $65.50 from pot
*** SUMMARY ***
Total pot $66 | Rake $0.50
Board [Ts Ah 6s 4h Jd]
Seat 1: Chessnok (button) (small blind) showed [7c 8c] and lost with high card Ace
Seat 2: KidRichard (big blind) showed [4s 6c] and won ($65.50) with two pair, Sixes and Fours


PokerStars Hand #169002818386:  Hold'em Limit ($3/$6 USD) - 2017/04/13 19:26:52 ET
Table 'Anius' 6-max Seat #2 is the button
Seat 1: Chessnok ($226.25 in chips)
Seat 2: KidRichard ($398.17 in chips)
KidRichard: posts small blind $1
Chessnok: posts big blind $3
*** HOLE CARDS ***
KidRichard: folds
Uncalled bet ($2) returned to Chessnok
Chessnok collected $2 from pot
Chessnok: doesn't show hand
*** SUMMARY ***
Total pot $2 | Rake $0
Seat 1: Chessnok (big blind) collected ($2)
Seat 2: KidRichard (button) (small blind) folded before Flop


PokerStars Hand #169002804193:  Hold'em Limit ($3/$6 USD) - 2017/04/13 19:26:28 ET
Table 'Anius' 6-max Seat #1 is the button
Seat 1: Chessnok ($244.25 in chips)
Seat 2: KidRichard ($380.67 in chips)
Chessnok: posts small blind $1
KidRichard: posts big blind $3
*** HOLE CARDS ***
Chessnok: raises $3 to $6
KidRichard: raises $3 to $9
Chessnok: calls $3
*** FLOP *** [Qs 2h Ah]
KidRichard: bets $3
Chessnok: calls $3
*** TURN *** [Qs 2h Ah] [9d]
KidRichard: bets $6
Chessnok: calls $6
*** RIVER *** [Qs 2h Ah 9d] [Tc]
KidRichard: bets $6
Chessnok: folds
Uncalled bet ($6) returned to KidRichard
KidRichard collected $35.50 from pot
KidRichard: doesn't show hand
*** SUMMARY ***
Total pot $36 | Rake $0.50
Board [Qs 2h Ah 9d Tc]
Seat 1: Chessnok (button) (small blind) folded on the River
Seat 2: KidRichard (big blind) collected ($35.50)


PokerStars Hand #169002861258:  Hold'em Limit ($3/$6 USD) - 2017/04/13 19:28:03 ET
Table 'Anius' 6-max Seat #1 is the button
Seat 1: Chessnok ($221.51 in chips)
Seat 2: KidRichard ($401.67 in chips)
Chessnok: posts small blind $1
KidRichard: posts big blind $3
*** HOLE CARDS ***
Chessnok: folds
Uncalled bet ($2) returned to KidRichard
KidRichard collected $2 from pot
KidRichard: doesn't show hand
*** SUMMARY ***
Total pot $2 | Rake $0
Seat 1: Chessnok (button) (small blind) folded before Flop
Seat 2: KidRichard (big blind) collected ($2)


PokerStars Hand #169002845875:  Hold'em Limit ($3/$6 USD) - 2017/04/13 19:27:38 ET
Table 'Anius' 6-max Seat #2 is the button
Seat 1: Chessnok ($201.01 in chips)
Seat 2: KidRichard ($422.67 in chips)
KidRichard: posts small blind $1
Chessnok: posts big blind $3
*** HOLE CARDS ***
KidRichard: calls $2
Chessnok: raises $3 to $6
KidRichard: calls $3
*** FLOP *** [2s 2c Jh]
Chessnok: bets $3
KidRichard: calls $3
*** TURN *** [2s 2c Jh] [4h]
Chessnok: bets $6
KidRichard: calls $6
*** RIVER *** [2s 2c Jh 4h] [Ah]
Chessnok: bets $6
KidRichard: calls $6
*** SHOW DOWN ***
Chessnok: shows [Kd Ad] (two pair, Aces and Deuces)
KidRichard: mucks hand
Chessnok collected $41.50 from pot
*** SUMMARY ***
Total pot $42 | Rake $0.50
Board [2s 2c Jh 4h Ah]
Seat 1: Chessnok (big blind) showed [Kd Ad] and won ($41.50) with two pair, Aces and Deuces
Seat 2: KidRichard (button) (small blind) mucked


PokerStars Hand #169003280260:  Hold'em Limit ($3/$6 USD) - 2017/04/13 19:40:02 ET
Table 'Anius' 6-max Seat #1 is the button
Seat 1: Chessnok ($308.64 in chips)
Seat 2: KidRichard ($421.56 in chips)
Chessnok: posts small blind $1
KidRichard: posts big blind $3
*** HOLE CARDS ***
Chessnok: raises $3 to $6
KidRichard: folds
Uncalled bet ($3) returned to Chessnok
Chessnok collected $6 from pot
Chessnok: doesn't show hand
*** SUMMARY ***
Total pot $6 | Rake $0
Seat 1: Chessnok (button) (small blind) collected ($6)
Seat 2: KidRichard (big blind) folded before Flop


PokerStars Hand #169003263389:  Hold'em Limit ($3/$6 USD) - 2017/04/13 19:39:33 ET
Table 'Anius' 6-max Seat #2 is the button
Seat 1: Chessnok ($288.14 in chips)
Seat 2: KidRichard ($442.56 in chips)
KidRichard: posts small blind $1
Zubasa07: is sitting out
Chessnok: posts big blind $3
*** HOLE CARDS ***
KidRichard: raises $3 to $6
Chessnok: calls $3
*** FLOP *** [9d As 6s]
Chessnok: checks
KidRichard: bets $3
Chessnok: calls $3
*** TURN *** [9d As 6s] [Ah]
Chessnok: checks
KidRichard: bets $6
Chessnok: calls $6
*** RIVER *** [9d As 6s Ah] [3c]
Chessnok: checks
KidRichard: bets $6
Chessnok: calls $6
*** SHOW DOWN ***
KidRichard: shows [6d 8h] (two pair, Aces and Sixes)
Chessnok: shows [6h Kh] (two pair, Aces and Sixes - King kicker)
Chessnok collected $41.50 from pot
*** SUMMARY ***
Total pot $42 | Rake $0.50
Board [9d As 6s Ah 3c]
Seat 1: Chessnok (big blind) showed [6h Kh] and won ($41.50) with two pair, Aces and Sixes
Seat 2: KidRichard (button) (small blind) showed [6d 8h] and lost with two pair, Aces and Sixes


PokerStars Hand #169003630442:  Hold'em Limit ($3/$6 USD) - 2017/04/13 19:50:24 ET
Table 'Anius' 6-max Seat #1 is the button
Seat 1: Chessnok ($259.03 in chips)
Seat 2: KidRichard ($477.17 in chips)
Chessnok: posts small blind $1
KidRichard: posts big blind $3
*** HOLE CARDS ***
Chessnok: raises $3 to $6
KidRichard: folds
Uncalled bet ($3) returned to Chessnok
Chessnok collected $6 from pot
Chessnok: doesn't show hand
*** SUMMARY ***
Total pot $6 | Rake $0
Seat 1: Chessnok (button) (small blind) collected ($6)
Seat 2: KidRichard (big blind) folded before Flop


PokerStars Hand #169003622365:  Hold'em Limit ($3/$6 USD) - 2017/04/13 19:50:09 ET
Table 'Anius' 6-max Seat #2 is the button
Seat 1: Chessnok ($250.39 in chips)
Seat 2: KidRichard ($486.17 in chips)
KidRichard: posts small blind $1
Zubasa07: is sitting out
Chessnok: posts big blind $3
*** HOLE CARDS ***
KidRichard: raises $3 to $6
Chessnok: calls $3
*** FLOP *** [4d 9s Kd]
Chessnok: bets $3
Zubasa07 leaves the table
KidRichard: calls $3
*** TURN *** [4d 9s Kd] [8d]
Chessnok: bets $6
KidRichard: folds
Uncalled bet ($6) returned to Chessnok
Chessnok collected $17.64 from pot
Chessnok: doesn't show hand
*** SUMMARY ***
Total pot $18 | Rake $0.36
Board [4d 9s Kd 8d]
Seat 1: Chessnok (big blind) collected ($17.64)
Seat 2: KidRichard (button) (small blind) folded on the Turn


PokerStars Hand #169003633486:  Hold'em Limit ($3/$6 USD) - 2017/04/13 19:50:30 ET
Table 'Anius' 6-max Seat #2 is the button
Seat 1: Chessnok ($262.03 in chips)
Seat 2: KidRichard ($474.17 in chips)
KidRichard: posts small blind $1
Chessnok: posts big blind $3
*** HOLE CARDS ***
KidRichard: raises $3 to $6
Chessnok: calls $3
*** FLOP *** [Th Td 4d]
Chessnok: checks
KidRichard: bets $3
Chessnok: calls $3
*** TURN *** [Th Td 4d] [Jh]
Chessnok: checks
KidRichard: bets $6
Chessnok: calls $6
*** RIVER *** [Th Td 4d Jh] [9c]
Chessnok: checks
KidRichard: checks
*** SHOW DOWN ***
Chessnok: shows [Ks 3s] (a pair of Tens)
KidRichard: shows [8s Ah] (a pair of Tens - Ace kicker)
KidRichard collected $29.50 from pot
*** SUMMARY ***
Total pot $30 | Rake $0.50
Board [Th Td 4d Jh 9c]
Seat 1: Chessnok (big blind) showed [Ks 3s] and lost with a pair of Tens
Seat 2: KidRichard (button) (small blind) showed [8s Ah] and won ($29.50) with a pair of Tens


PokerStars Hand #169003643731:  Hold'em Limit ($3/$6 USD) - 2017/04/13 19:50:48 ET
Table 'Anius' 6-max Seat #1 is the button
Seat 1: Chessnok ($247.03 in chips)
Seat 2: KidRichard ($488.67 in chips)
Chessnok: posts small blind $1
KidRichard: posts big blind $3
*** HOLE CARDS ***
Chessnok: raises $3 to $6
KidRichard: calls $3
*** FLOP *** [Qs 7c 5d]
KidRichard: checks
Chessnok: bets $3
KidRichard: calls $3
*** TURN *** [Qs 7c 5d] [Js]
KidRichard: checks
Chessnok: bets $6
KidRichard: folds
Uncalled bet ($6) returned to Chessnok
Chessnok collected $17.64 from pot
Chessnok: doesn't show hand
*** SUMMARY ***
Total pot $18 | Rake $0.36
Board [Qs 7c 5d Js]
Seat 1: Chessnok (button) (small blind) collected ($17.64)
Seat 2: KidRichard (big blind) folded on the Turn


PokerStars Hand #169003655794:  Hold'em Limit ($3/$6 USD) - 2017/04/13 19:51:10 ET
Table 'Anius' 6-max Seat #2 is the button
Seat 1: Chessnok ($255.67 in chips)
Seat 2: KidRichard ($479.67 in chips)
KidRichard: posts small blind $1
Chessnok: posts big blind $3
*** HOLE CARDS ***
KidRichard: raises $3 to $6
Chessnok: raises $3 to $9
KidRichard: calls $3
*** FLOP *** [7d 5s 7h]
Chessnok: bets $3
KidRichard: calls $3
*** TURN *** [7d 5s 7h] [3c]
Chessnok: bets $6
KidRichard: raises $6 to $12
Chessnok: folds
Uncalled bet ($6) returned to KidRichard
KidRichard collected $35.50 from pot
KidRichard: doesn't show hand
*** SUMMARY ***
Total pot $36 | Rake $0.50
Board [7d 5s 7h 3c]
Seat 1: Chessnok (big blind) folded on the Turn
Seat 2: KidRichard (button) (small blind) collected ($35.50)


PokerStars Hand #169003693029:  Hold'em Limit ($3/$6 USD) - 2017/04/13 19:52:17 ET
Table 'Anius' 6-max Seat #2 is the button
Seat 1: Chessnok ($253.07 in chips)
Seat 2: KidRichard ($481.17 in chips)
KidRichard: posts small blind $1
Chessnok: posts big blind $3
*** HOLE CARDS ***
KidRichard: raises $3 to $6
Chessnok: calls $3
*** FLOP *** [7s Ah 8s]
Chessnok: checks
KidRichard: bets $3
Chessnok: folds
Uncalled bet ($3) returned to KidRichard
KidRichard collected $11.76 from pot
KidRichard: doesn't show hand
*** SUMMARY ***
Total pot $12 | Rake $0.24
Board [7s Ah 8s]
Seat 1: Chessnok (big blind) folded on the Flop
Seat 2: KidRichard (button) (small blind) collected ($11.76)


PokerStars Hand #169003685807:  Hold'em Limit ($3/$6 USD) - 2017/04/13 19:52:04 ET
Table 'Anius' 6-max Seat #1 is the button
Seat 1: Chessnok ($247.31 in chips)
Seat 2: KidRichard ($487.17 in chips)
Chessnok: posts small blind $1
KidRichard: posts big blind $3
*** HOLE CARDS ***
Chessnok: raises $3 to $6
KidRichard: calls $3
*** FLOP *** [Kc Th 8d]
KidRichard: checks
Chessnok: bets $3
KidRichard: folds
Uncalled bet ($3) returned to Chessnok
Chessnok collected $11.76 from pot
Chessnok: doesn't show hand
*** SUMMARY ***
Total pot $12 | Rake $0.24
Board [Kc Th 8d]
Seat 1: Chessnok (button) (small blind) collected ($11.76)
Seat 2: KidRichard (big blind) folded on the Flop


PokerStars Hand #169003683047:  Hold'em Limit ($3/$6 USD) - 2017/04/13 19:51:59 ET
Table 'Anius' 6-max Seat #2 is the button
Seat 1: Chessnok ($246.31 in chips)
Seat 2: KidRichard ($488.17 in chips)
KidRichard: posts small blind $1
Chessnok: posts big blind $3
*** HOLE CARDS ***
KidRichard: folds
Uncalled bet ($2) returned to Chessnok
Chessnok collected $2 from pot
Chessnok: doesn't show hand
*** SUMMARY ***
Total pot $2 | Rake $0
Seat 1: Chessnok (big blind) collected ($2)
Seat 2: KidRichard (button) (small blind) folded before Flop


PokerStars Hand #169003669369:  Hold'em Limit ($3/$6 USD) - 2017/04/13 19:51:34 ET
Table 'Anius' 6-max Seat #1 is the button
Seat 1: Chessnok ($237.67 in chips)
Seat 2: KidRichard ($497.17 in chips)
Chessnok: posts small blind $1
KidRichard: posts big blind $3
*** HOLE CARDS ***
Chessnok: raises $3 to $6
KidRichard: calls $3
*** FLOP *** [5c 8d Qs]
KidRichard: checks
Chessnok: bets $3
KidRichard: calls $3
*** TURN *** [5c 8d Qs] [Js]
KidRichard: checks
Chessnok: bets $6
KidRichard: folds
Uncalled bet ($6) returned to Chessnok
Chessnok collected $17.64 from pot
Chessnok: doesn't show hand
*** SUMMARY ***
Total pot $18 | Rake $0.36
Board [5c 8d Qs Js]
Seat 1: Chessnok (button) (small blind) collected ($17.64)
Seat 2: KidRichard (big blind) folded on the Turn


PokerStars Hand #169003731096:  Hold'em Limit ($3/$6 USD) - 2017/04/13 19:53:25 ET
Table 'Anius' 6-max Seat #1 is the button
Seat 1: Chessnok ($211.07 in chips)
Seat 2: KidRichard ($521.93 in chips)
Chessnok: posts small blind $1
KidRichard: posts big blind $3
*** HOLE CARDS ***
Chessnok: folds
Uncalled bet ($2) returned to KidRichard
KidRichard collected $2 from pot
KidRichard: doesn't show hand
*** SUMMARY ***
Total pot $2 | Rake $0
Seat 1: Chessnok (button) (small blind) folded before Flop
Seat 2: KidRichard (big blind) collected ($2)


PokerStars Hand #169003716950:  Hold'em Limit ($3/$6 USD) - 2017/04/13 19:52:59 ET
Table 'Anius' 6-max Seat #2 is the button
Seat 1: Chessnok ($232.07 in chips)
Seat 2: KidRichard ($501.43 in chips)
KidRichard: posts small blind $1
Chessnok: posts big blind $3
*** HOLE CARDS ***
KidRichard: raises $3 to $6
Chessnok: calls $3
*** FLOP *** [Qd 7c Td]
Chessnok: checks
KidRichard: bets $3
Chessnok: calls $3
*** TURN *** [Qd 7c Td] [5h]
Chessnok: checks
KidRichard: bets $6
Chessnok: calls $6
*** RIVER *** [Qd 7c Td 5h] [8h]
Chessnok: checks
KidRichard: bets $6
Chessnok: calls $6
*** SHOW DOWN ***
KidRichard: shows [Jh Qh] (a pair of Queens)
Chessnok: mucks hand
KidRichard collected $41.50 from pot
*** SUMMARY ***
Total pot $42 | Rake $0.50
Board [Qd 7c Td 5h 8h]
Seat 1: Chessnok (big blind) mucked
Seat 2: KidRichard (button) (small blind) showed [Jh Qh] and won ($41.50) with a pair of Queens


PokerStars Hand #169003702834:  Hold'em Limit ($3/$6 USD) - 2017/04/13 19:52:34 ET
Table 'Anius' 6-max Seat #1 is the button
Seat 1: Chessnok ($247.07 in chips)
Seat 2: KidRichard ($486.93 in chips)
Chessnok: posts small blind $1
KidRichard: posts big blind $3
*** HOLE CARDS ***
Chessnok: raises $3 to $6
KidRichard: calls $3
*** FLOP *** [2h Ts 5h]
KidRichard: checks
Chessnok: bets $3
KidRichard: calls $3
*** TURN *** [2h Ts 5h] [3c]
KidRichard: checks
Chessnok: bets $6
KidRichard: calls $6
*** RIVER *** [2h Ts 5h 3c] [3s]
KidRichard: checks
Chessnok: checks
*** SHOW DOWN ***
KidRichard: shows [2c 8h] (two pair, Threes and Deuces)
Chessnok: mucks hand
KidRichard collected $29.50 from pot
*** SUMMARY ***
Total pot $30 | Rake $0.50
Board [2h Ts 5h 3c 3s]
Seat 1: Chessnok (button) (small blind) mucked
Seat 2: KidRichard (big blind) showed [2c 8h] and won ($29.50) with two pair, Threes and Deuces


PokerStars Hand #169003735072:  Hold'em Limit ($3/$6 USD) - 2017/04/13 19:53:32 ET
Table 'Anius' 6-max Seat #2 is the button
Seat 1: Chessnok ($210.07 in chips)
Seat 2: KidRichard ($522.93 in chips)
KidRichard: posts small blind $1
Chessnok: posts big blind $3
*** HOLE CARDS ***
KidRichard: raises $3 to $6
Chessnok: calls $3
*** FLOP *** [Qc Qh Tc]
Chessnok: checks
KidRichard: bets $3
Chessnok: folds
Uncalled bet ($3) returned to KidRichard
KidRichard collected $11.76 from pot
KidRichard: doesn't show hand
*** SUMMARY ***
Total pot $12 | Rake $0.24
Board [Qc Qh Tc]
Seat 1: Chessnok (big blind) folded on the Flop
Seat 2: KidRichard (button) (small blind) collected ($11.76)


PokerStars Hand #169003763882:  Hold'em Limit ($3/$6 USD) - 2017/04/13 19:54:25 ET
Table 'Anius' 6-max Seat #2 is the button
Seat 1: Chessnok ($185.07 in chips)
Seat 2: KidRichard ($547.19 in chips)
KidRichard: posts small blind $1
Chessnok: posts big blind $3
*** HOLE CARDS ***
KidRichard: raises $3 to $6
Chessnok: raises $3 to $9
KidRichard: calls $3
*** FLOP *** [Tc 7d 7c]
Chessnok: bets $3
KidRichard: folds
Uncalled bet ($3) returned to Chessnok
Chessnok collected $17.64 from pot
Chessnok: doesn't show hand
*** SUMMARY ***
Total pot $18 | Rake $0.36
Board [Tc 7d 7c]
Seat 1: Chessnok (big blind) collected ($17.64)
Seat 2: KidRichard (button) (small blind) folded on the Flop


PokerStars Hand #169003759124:  Hold'em Limit ($3/$6 USD) - 2017/04/13 19:54:16 ET
Table 'Anius' 6-max Seat #1 is the button
Seat 1: Chessnok ($186.07 in chips)
Seat 2: KidRichard ($546.19 in chips)
Chessnok: posts small blind $1
KidRichard: posts big blind $3
*** HOLE CARDS ***
Chessnok: folds
Uncalled bet ($2) returned to KidRichard
KidRichard collected $2 from pot
KidRichard: doesn't show hand
*** SUMMARY ***
Total pot $2 | Rake $0
Seat 1: Chessnok (button) (small blind) folded before Flop
Seat 2: KidRichard (big blind) collected ($2)


PokerStars Hand #169003753924:  Hold'em Limit ($3/$6 USD) - 2017/04/13 19:54:06 ET
Table 'Anius' 6-max Seat #2 is the button
Seat 1: Chessnok ($189.07 in chips)
Seat 2: KidRichard ($543.19 in chips)
KidRichard: posts small blind $1
Chessnok: posts big blind $3
*** HOLE CARDS ***
KidRichard: raises $3 to $6
Chessnok: folds
Uncalled bet ($3) returned to KidRichard
KidRichard collected $6 from pot
KidRichard: doesn't show hand
*** SUMMARY ***
Total pot $6 | Rake $0
Seat 1: Chessnok (big blind) folded before Flop
Seat 2: KidRichard (button) (small blind) collected ($6)


PokerStars Hand #169003742409:  Hold'em Limit ($3/$6 USD) - 2017/04/13 19:53:45 ET
Table 'Anius' 6-max Seat #1 is the button
Seat 1: Chessnok ($204.07 in chips)
Seat 2: KidRichard ($528.69 in chips)
Chessnok: posts small blind $1
KidRichard: posts big blind $3
*** HOLE CARDS ***
Chessnok: raises $3 to $6
KidRichard: calls $3
*** FLOP *** [6h Kh Tc]
KidRichard: checks
Chessnok: bets $3
KidRichard: calls $3
*** TURN *** [6h Kh Tc] [Ac]
KidRichard: checks
Chessnok: bets $6
KidRichard: calls $6
*** RIVER *** [6h Kh Tc Ac] [Ks]
KidRichard: checks
Chessnok: checks
*** SHOW DOWN ***
KidRichard: shows [4c Ts] (two pair, Kings and Tens)
Chessnok: mucks hand
KidRichard collected $29.50 from pot
*** SUMMARY ***
Total pot $30 | Rake $0.50
Board [6h Kh Tc Ac Ks]
Seat 1: Chessnok (button) (small blind) mucked
Seat 2: KidRichard (big blind) showed [4c Ts] and won ($29.50) with two pair, Kings and Tens


PokerStars Hand #169003773554:  Hold'em Limit ($3/$6 USD) - 2017/04/13 19:54:42 ET
Table 'Anius' 6-max Seat #1 is the button
Seat 1: Chessnok ($193.71 in chips)
Seat 2: KidRichard ($538.19 in chips)
Chessnok: posts small blind $1
KidRichard: posts big blind $3
*** HOLE CARDS ***
Chessnok: raises $3 to $6
KidRichard: calls $3
*** FLOP *** [7s As 9h]
KidRichard: checks
Chessnok: bets $3
KidRichard: folds
Uncalled bet ($3) returned to Chessnok
Chessnok collected $11.76 from pot
Chessnok: doesn't show hand
*** SUMMARY ***
Total pot $12 | Rake $0.24
Board [7s As 9h]
Seat 1: Chessnok (button) (small blind) collected ($11.76)
Seat 2: KidRichard (big blind) folded on the Flop


PokerStars Hand #169003779478:  Hold'em Limit ($3/$6 USD) - 2017/04/13 19:54:53 ET
Table 'Anius' 6-max Seat #2 is the button
Seat 1: Chessnok ($199.47 in chips)
Seat 2: KidRichard ($532.19 in chips)
KidRichard: posts small blind $1
Chessnok: posts big blind $3
*** HOLE CARDS ***
KidRichard: raises $3 to $6
Chessnok: calls $3
*** FLOP *** [Kc 2s 9h]
Chessnok: checks
KidRichard: bets $3
Chessnok: raises $3 to $6
KidRichard: folds
Uncalled bet ($3) returned to Chessnok
Chessnok collected $17.64 from pot
Chessnok: doesn't show hand
*** SUMMARY ***
Total pot $18 | Rake $0.36
Board [Kc 2s 9h]
Seat 1: Chessnok (big blind) collected ($17.64)
Seat 2: KidRichard (button) (small blind) folded on the Flop


PokerStars Hand #169003788370:  Hold'em Limit ($3/$6 USD) - 2017/04/13 19:55:09 ET
Table 'Anius' 6-max Seat #1 is the button
Seat 1: Chessnok ($208.11 in chips)
Seat 2: KidRichard ($523.19 in chips)
Chessnok: posts small blind $1
KidRichard: posts big blind $3
*** HOLE CARDS ***
Chessnok: raises $3 to $6
KidRichard: calls $3
*** FLOP *** [5h Qc Tc]
KidRichard: checks
Chessnok: bets $3
KidRichard: calls $3
*** TURN *** [5h Qc Tc] [8c]
KidRichard: checks
Chessnok: checks
*** RIVER *** [5h Qc Tc 8c] [Ts]
KidRichard: checks
Chessnok: checks
*** SHOW DOWN ***
KidRichard: shows [5d Js] (two pair, Tens and Fives)
Chessnok: shows [8s 6d] (two pair, Tens and Eights)
Chessnok collected $17.64 from pot
*** SUMMARY ***
Total pot $18 | Rake $0.36
Board [5h Qc Tc 8c Ts]
Seat 1: Chessnok (button) (small blind) showed [8s 6d] and won ($17.64) with two pair, Tens and Eights
Seat 2: KidRichard (big blind) showed [5d Js] and lost with two pair, Tens and Fives


PokerStars Hand #169003814256:  Hold'em Limit ($3/$6 USD) - 2017/04/13 19:56:04 ET
Table 'Anius' 6-max Seat #1 is the button
Seat 1: Chessnok ($240.25 in chips)
Seat 2: KidRichard ($490.19 in chips)
Chessnok: posts small blind $1
KidRichard: posts big blind $3
*** HOLE CARDS ***
Chessnok: raises $3 to $6
KidRichard: raises $3 to $9
Chessnok: calls $3
*** FLOP *** [Kc 9c 8s]
KidRichard: bets $3
Chessnok: calls $3
*** TURN *** [Kc 9c 8s] [2d]
B_loJkl joins the table at seat #3
KidRichard: bets $6
Chessnok: folds
Uncalled bet ($6) returned to KidRichard
KidRichard collected $23.52 from pot
KidRichard: doesn't show hand
*** SUMMARY ***
Total pot $24 | Rake $0.48
Board [Kc 9c 8s 2d]
Seat 1: Chessnok (button) (small blind) folded on the Turn
Seat 2: KidRichard (big blind) collected ($23.52)


PokerStars Hand #169003805791:  Hold'em Limit ($3/$6 USD) - 2017/04/13 19:55:46 ET
Table 'Anius' 6-max Seat #2 is the button
Seat 1: Chessnok ($216.75 in chips)
Seat 2: KidRichard ($514.19 in chips)
KidRichard: posts small blind $1
Chessnok: posts big blind $3
*** HOLE CARDS ***
KidRichard: raises $3 to $6
Chessnok: raises $3 to $9
KidRichard: calls $3
*** FLOP *** [6s 5c Kc]
Chessnok: bets $3
KidRichard: calls $3
*** TURN *** [6s 5c Kc] [5s]
Chessnok: bets $6
KidRichard: calls $6
*** RIVER *** [6s 5c Kc 5s] [9c]
Chessnok: bets $6
KidRichard: calls $6
*** SHOW DOWN ***
Chessnok: shows [Ks Ac] (two pair, Kings and Fives)
KidRichard: mucks hand
Chessnok collected $47.50 from pot
*** SUMMARY ***
Total pot $48 | Rake $0.50
Board [6s 5c Kc 5s 9c]
Seat 1: Chessnok (big blind) showed [Ks Ac] and won ($47.50) with two pair, Kings and Fives
Seat 2: KidRichard (button) (small blind) mucked


