PokerStars Hand #162267927263:  Hold'em Limit ($3/$6 USD) - 2016/12/01 19:35:07 ET
Table 'Ankaios' 10-max Seat #7 is the button
Seat 4: ToDaFelt ($164.27 in chips)
Seat 7: gkas71 ($121.61 in chips)
gkas71: posts small blind $1
TinaTurner72: is sitting out
ToDaFelt: posts big blind $3
*** HOLE CARDS ***
gkas71: raises $3 to $6
ToDaFelt: calls $3
*** FLOP *** [4h 4c Tc]
TinaTurner72 leaves the table
ToDaFelt: checks
gkas71: checks
*** TURN *** [4h 4c Tc] [6h]
ToDaFelt: checks
gkas71: checks
*** RIVER *** [4h 4c Tc 6h] [8d]
ToDaFelt: bets $6
gkas71: folds
Uncalled bet ($6) returned to ToDaFelt
ToDaFelt collected $11.76 from pot
ToDaFelt: doesn't show hand
*** SUMMARY ***
Total pot $12 | Rake $0.24
Board [4h 4c Tc 6h 8d]
Seat 4: ToDaFelt (big blind) collected ($11.76)
Seat 7: gkas71 (button) (small blind) folded on the River


PokerStars Hand #162267954349:  Hold'em Limit ($3/$6 USD) - 2016/12/01 19:35:49 ET
Table 'Ankaios' 10-max Seat #4 is the button
Seat 4: ToDaFelt ($170.03 in chips)
Seat 7: gkas71 ($115.61 in chips)
ToDaFelt: posts small blind $1
gkas71: posts big blind $3
*** HOLE CARDS ***
ToDaFelt: raises $3 to $6
gkas71: folds
Uncalled bet ($3) returned to ToDaFelt
gkas71 leaves the table
ToDaFelt collected $6 from pot
ToDaFelt: doesn't show hand
*** SUMMARY ***
Total pot $6 | Rake $0
Seat 4: ToDaFelt (button) (small blind) collected ($6)
Seat 7: gkas71 (big blind) folded before Flop


