PokerStars Hand #166226181149:  Hold'em Limit ($3/$6 USD) - 2017/02/14 19:58:10 ET
Table 'Ankaios' 6-max Seat #1 is the button
Seat 1: krytalex ($179.75 in chips)
Seat 6: Rednaxela05 ($165.84 in chips)
krytalex: posts small blind $1
JonnyCashBo: is sitting out
Rednaxela05: posts big blind $3
JonnyCashBo leaves the table
*** HOLE CARDS ***
krytalex: raises $3 to $6
Rednaxela05: folds
Uncalled bet ($3) returned to krytalex
krytalex collected $6 from pot
*** SUMMARY ***
Total pot $6 | Rake $0
Seat 1: krytalex (button) (small blind) collected ($6)
Seat 6: Rednaxela05 (big blind) folded before Flop


PokerStars Hand #166226185510:  Hold'em Limit ($3/$6 USD) - 2017/02/14 19:58:19 ET
Table 'Ankaios' 6-max Seat #6 is the button
Seat 1: krytalex ($182.75 in chips)
Seat 6: Rednaxela05 ($162.84 in chips)
Rednaxela05: posts small blind $1
krytalex: posts big blind $3
*** HOLE CARDS ***
Rednaxela05: folds
Uncalled bet ($2) returned to krytalex
krytalex collected $2 from pot
*** SUMMARY ***
Total pot $2 | Rake $0
Seat 1: krytalex (big blind) collected ($2)
Seat 6: Rednaxela05 (button) (small blind) folded before Flop


PokerStars Hand #166226188177:  Hold'em Limit ($3/$6 USD) - 2017/02/14 19:58:25 ET
Table 'Ankaios' 6-max Seat #1 is the button
Seat 1: krytalex ($183.75 in chips)
Seat 6: Rednaxela05 ($161.84 in chips)
krytalex: posts small blind $1
Rednaxela05: posts big blind $3
*** HOLE CARDS ***
krytalex: folds
Uncalled bet ($2) returned to Rednaxela05
Rednaxela05 collected $2 from pot
*** SUMMARY ***
Total pot $2 | Rake $0
Seat 1: krytalex (button) (small blind) folded before Flop
Seat 6: Rednaxela05 (big blind) collected ($2)


PokerStars Hand #166226202402:  Hold'em Limit ($3/$6 USD) - 2017/02/14 19:58:55 ET
Table 'Ankaios' 6-max Seat #6 is the button
Seat 1: krytalex ($182.75 in chips)
Seat 6: Rednaxela05 ($162.84 in chips)
Rednaxela05: posts small blind $1
krytalex: posts big blind $3
*** HOLE CARDS ***
Rednaxela05: raises $3 to $6
krytalex: raises $3 to $9
Rednaxela05: calls $3
*** FLOP *** [5c Qc 2h]
krytalex: bets $3
Rednaxela05: calls $3
*** TURN *** [5c Qc 2h] [9d]
krytalex: bets $6
Rednaxela05: folds
Uncalled bet ($6) returned to krytalex
krytalex collected $23.52 from pot
*** SUMMARY ***
Total pot $24 | Rake $0.48
Board [5c Qc 2h 9d]
Seat 1: krytalex (big blind) collected ($23.52)
Seat 6: Rednaxela05 (button) (small blind) folded on the Turn


PokerStars Hand #166226212078:  Hold'em Limit ($3/$6 USD) - 2017/02/14 19:59:16 ET
Table 'Ankaios' 6-max Seat #1 is the button
Seat 1: krytalex ($194.27 in chips)
Seat 6: Rednaxela05 ($150.84 in chips)
krytalex: posts small blind $1
Rednaxela05: posts big blind $3
*** HOLE CARDS ***
krytalex: folds
Uncalled bet ($2) returned to Rednaxela05
Rednaxela05 collected $2 from pot
*** SUMMARY ***
Total pot $2 | Rake $0
Seat 1: krytalex (button) (small blind) folded before Flop
Seat 6: Rednaxela05 (big blind) collected ($2)


PokerStars Hand #166226233610:  Hold'em Limit ($3/$6 USD) - 2017/02/14 20:00:02 ET
Table 'Ankaios' 6-max Seat #1 is the button
Seat 1: krytalex ($184.27 in chips)
Seat 6: Rednaxela05 ($160.48 in chips)
krytalex: posts small blind $1
Rednaxela05: posts big blind $3
*** HOLE CARDS ***
krytalex: folds
Uncalled bet ($2) returned to Rednaxela05
Rednaxela05 collected $2 from pot
*** SUMMARY ***
Total pot $2 | Rake $0
Seat 1: krytalex (button) (small blind) folded before Flop
Seat 6: Rednaxela05 (big blind) collected ($2)


PokerStars Hand #166226214687:  Hold'em Limit ($3/$6 USD) - 2017/02/14 19:59:21 ET
Table 'Ankaios' 6-max Seat #6 is the button
Seat 1: krytalex ($193.27 in chips)
Seat 6: Rednaxela05 ($151.84 in chips)
Rednaxela05: posts small blind $1
krytalex: posts big blind $3
*** HOLE CARDS ***
Rednaxela05: raises $3 to $6
krytalex: calls $3
*** FLOP *** [9d 4s 3h]
krytalex: checks
Rednaxela05: bets $3
krytalex: calls $3
*** TURN *** [9d 4s 3h] [Ad]
krytalex: checks
Rednaxela05: bets $6
krytalex: folds
Uncalled bet ($6) returned to Rednaxela05
Rednaxela05 collected $17.64 from pot
*** SUMMARY ***
Total pot $18 | Rake $0.36
Board [9d 4s 3h Ad]
Seat 1: krytalex (big blind) folded on the Turn
Seat 6: Rednaxela05 (button) (small blind) collected ($17.64)


PokerStars Hand #166226237042:  Hold'em Limit ($3/$6 USD) - 2017/02/14 20:00:09 ET
Table 'Ankaios' 6-max Seat #6 is the button
Seat 1: krytalex ($183.27 in chips)
Seat 6: Rednaxela05 ($161.48 in chips)
Rednaxela05: posts small blind $1
krytalex: posts big blind $3
*** HOLE CARDS ***
Rednaxela05: raises $3 to $6
krytalex: calls $3
*** FLOP *** [6c Ks Qd]
krytalex: checks
Rednaxela05: bets $3
krytalex: raises $3 to $6
Rednaxela05: calls $3
*** TURN *** [6c Ks Qd] [9h]
krytalex: bets $6
Rednaxela05: raises $6 to $12
krytalex: calls $6
*** RIVER *** [6c Ks Qd 9h] [3s]
krytalex: checks
Rednaxela05: bets $6
Krazy90 joins the table at seat #2
krytalex: calls $6
*** SHOW DOWN ***
Rednaxela05: shows [Jc Ts] (a straight, Nine to King)
krytalex: mucks hand
Rednaxela05 collected $59.50 from pot
*** SUMMARY ***
Total pot $60 | Rake $0.50
Board [6c Ks Qd 9h 3s]
Seat 1: krytalex (big blind) mucked
Seat 6: Rednaxela05 (button) (small blind) showed [Jc Ts] and won ($59.50) with a straight, Nine to King


PokerStars Hand #166229530488:  Hold'em Limit ($3/$6 USD) - 2017/02/14 22:01:44 ET
Table 'Ankaios' 6-max Seat #4 is the button
Seat 1: krytalex ($164.95 in chips)
Seat 4: JonnyCashBo ($90.12 in chips)
JonnyCashBo: posts small blind $1
krytalex: posts big blind $3
*** HOLE CARDS ***
JonnyCashBo: raises $3 to $6
krytalex: folds
Uncalled bet ($3) returned to JonnyCashBo
JonnyCashBo collected $6 from pot
JonnyCashBo: doesn't show hand
*** SUMMARY ***
Total pot $6 | Rake $0
Seat 1: krytalex (big blind) folded before Flop
Seat 4: JonnyCashBo (button) (small blind) collected ($6)


