PokerStars Hand #144405982027:  Hold'em Limit ($3/$6 USD) - 2015/11/26 8:19:50 ET
Table 'Ankaios' 6-max Seat #4 is the button
Seat 2: nicmct ($98.81 in chips)
Seat 4: Actionni13 ($173.50 in chips)
Actionni13: posts small blind $1
nicmct: posts big blind $3
*** HOLE CARDS ***
Actionni13: folds
Uncalled bet ($2) returned to nicmct
nicmct collected $2 from pot
nicmct: doesn't show hand
*** SUMMARY ***
Total pot $2 | Rake $0
Seat 2: nicmct (big blind) collected ($2)
Seat 4: Actionni13 (button) (small blind) folded before Flop


PokerStars Hand #144405984953:  Hold'em Limit ($3/$6 USD) - 2015/11/26 8:19:55 ET
Table 'Ankaios' 6-max Seat #2 is the button
Seat 2: nicmct ($99.81 in chips)
Seat 4: Actionni13 ($172.50 in chips)
nicmct: posts small blind $1
Actionni13: posts big blind $3
*** HOLE CARDS ***
nicmct: raises $3 to $6
Actionni13: calls $3
*** FLOP *** [6c 3s 8d]
Actionni13: checks
nicmct: bets $3
Actionni13: calls $3
*** TURN *** [6c 3s 8d] [As]
Actionni13: checks
nicmct: checks
*** RIVER *** [6c 3s 8d As] [3h]
Actionni13: bets $6
nicmct: folds
Uncalled bet ($6) returned to Actionni13
Actionni13 collected $17.64 from pot
Actionni13: doesn't show hand
*** SUMMARY ***
Total pot $18 | Rake $0.36
Board [6c 3s 8d As 3h]
Seat 2: nicmct (button) (small blind) folded on the River
Seat 4: Actionni13 (big blind) collected ($17.64)


PokerStars Hand #144405995944:  Hold'em Limit ($3/$6 USD) - 2015/11/26 8:20:15 ET
Table 'Ankaios' 6-max Seat #4 is the button
Seat 2: nicmct ($90.81 in chips)
Seat 4: Actionni13 ($181.14 in chips)
Actionni13: posts small blind $1
nicmct: posts big blind $3
*** HOLE CARDS ***
Actionni13: raises $3 to $6
nicmct: calls $3
*** FLOP *** [Ts Td Qs]
nicmct: checks
Actionni13: bets $3
nicmct: raises $3 to $6
Actionni13: calls $3
*** TURN *** [Ts Td Qs] [6h]
nicmct: bets $6
Actionni13: calls $6
*** RIVER *** [Ts Td Qs 6h] [4d]
nicmct: bets $6
Actionni13: calls $6
*** SHOW DOWN ***
nicmct: shows [Js 2s] (a pair of Tens)
Actionni13: shows [Qh 9s] (two pair, Queens and Tens)
Actionni13 collected $47.50 from pot
*** SUMMARY ***
Total pot $48 | Rake $0.50
Board [Ts Td Qs 6h 4d]
Seat 2: nicmct (big blind) showed [Js 2s] and lost with a pair of Tens
Seat 4: Actionni13 (button) (small blind) showed [Qh 9s] and won ($47.50) with two pair, Queens and Tens


PokerStars Hand #144406014999:  Hold'em Limit ($3/$6 USD) - 2015/11/26 8:20:49 ET
Table 'Ankaios' 6-max Seat #2 is the button
Seat 2: nicmct ($66.81 in chips)
Seat 4: Actionni13 ($204.64 in chips)
nicmct: posts small blind $1
Actionni13: posts big blind $3
*** HOLE CARDS ***
nicmct: raises $3 to $6
marhae joins the table at seat #6
Actionni13: raises $3 to $9
nicmct: calls $3
*** FLOP *** [Jh 9c 6h]
Actionni13: bets $3
nicmct: calls $3
*** TURN *** [Jh 9c 6h] [4c]
Actionni13: bets $6
nicmct: folds
Uncalled bet ($6) returned to Actionni13
Actionni13 collected $23.52 from pot
Actionni13: doesn't show hand
*** SUMMARY ***
Total pot $24 | Rake $0.48
Board [Jh 9c 6h 4c]
Seat 2: nicmct (button) (small blind) folded on the Turn
Seat 4: Actionni13 (big blind) collected ($23.52)


PokerStars Hand #144408546342:  Hold'em Limit ($3/$6 USD) - 2015/11/26 9:31:56 ET
Table 'Ankaios' 6-max Seat #2 is the button
Seat 2: scorpio04 ($72 in chips)
Seat 4: Actionni13 ($233.05 in chips)
scorpio04: posts small blind $1
Actionni13: posts big blind $3
*** HOLE CARDS ***
scorpio04: raises $3 to $6
Actionni13: calls $3
*** FLOP *** [Ad Ks Qs]
Actionni13: checks
scorpio04: bets $3
Actionni13: calls $3
*** TURN *** [Ad Ks Qs] [8c]
Fabulous108 joins the table at seat #5
Actionni13: checks
scorpio04: bets $6
Actionni13: folds
Uncalled bet ($6) returned to scorpio04
scorpio04 collected $17.64 from pot
scorpio04: doesn't show hand
*** SUMMARY ***
Total pot $18 | Rake $0.36
Board [Ad Ks Qs 8c]
Seat 2: scorpio04 (button) (small blind) collected ($17.64)
Seat 4: Actionni13 (big blind) folded on the Turn


PokerStars Hand #144408632249:  Hold'em Limit ($3/$6 USD) - 2015/11/26 9:34:14 ET
Table 'Ankaios' 6-max Seat #5 is the button
Seat 2: scorpio04 ($103.38 in chips)
Seat 5: Fabulous108 ($87.28 in chips)
Fabulous108: posts small blind $1
scorpio04: posts big blind $3
*** HOLE CARDS ***
Fabulous108: folds
Uncalled bet ($2) returned to scorpio04
scorpio04 collected $2 from pot
scorpio04: doesn't show hand
*** SUMMARY ***
Total pot $2 | Rake $0
Seat 2: scorpio04 (big blind) collected ($2)
Seat 5: Fabulous108 (button) (small blind) folded before Flop


PokerStars Hand #144408627635:  Hold'em Limit ($3/$6 USD) - 2015/11/26 9:34:07 ET
Table 'Ankaios' 6-max Seat #2 is the button
Seat 2: scorpio04 ($100.38 in chips)
Seat 5: Fabulous108 ($90.28 in chips)
scorpio04: posts small blind $1
Actionni13: is sitting out
Fabulous108: posts big blind $3
*** HOLE CARDS ***
scorpio04: raises $3 to $6
Fabulous108: folds
Uncalled bet ($3) returned to scorpio04
scorpio04 collected $6 from pot
scorpio04: doesn't show hand
*** SUMMARY ***
Total pot $6 | Rake $0
Seat 2: scorpio04 (button) (small blind) collected ($6)
Seat 5: Fabulous108 (big blind) folded before Flop


