PokerStars Hand #146940096699:  Hold'em Limit ($3/$6 USD) - 2016/01/12 18:02:19 ET
Table 'Ankaa' 2-max Seat #1 is the button
Seat 1: SmellyToes4u ($72.76 in chips)
Seat 2: Looosersulze ($99.30 in chips)
SmellyToes4u: posts small blind $1
Looosersulze: posts big blind $3
*** HOLE CARDS ***
SmellyToes4u: raises $3 to $6
Looosersulze: raises $3 to $9
SmellyToes4u: calls $3
*** FLOP *** [7s 9c Ad]
Looosersulze: bets $3
SmellyToes4u: calls $3
*** TURN *** [7s 9c Ad] [Tc]
Looosersulze: bets $6
SmellyToes4u: calls $6
*** RIVER *** [7s 9c Ad Tc] [3d]
Looosersulze: bets $6
SmellyToes4u: raises $6 to $12
Looosersulze: raises $6 to $18
SmellyToes4u: calls $6
*** SHOW DOWN ***
Looosersulze: shows [8s Jh] (a straight, Seven to Jack)
SmellyToes4u: mucks hand
Looosersulze collected $71.50 from pot
*** SUMMARY ***
Total pot $72 | Rake $0.50
Board [7s 9c Ad Tc 3d]
Seat 1: SmellyToes4u (button) (small blind) mucked
Seat 2: Looosersulze (big blind) showed [8s Jh] and won ($71.50) with a straight, Seven to Jack


PokerStars Hand #146940168451:  Hold'em Limit ($3/$6 USD) - 2016/01/12 18:03:35 ET
Table 'Ankaa' 2-max Seat #1 is the button
Seat 1: SmellyToes4u ($58.26 in chips)
Seat 2: Looosersulze ($112.44 in chips)
SmellyToes4u: posts small blind $1
Looosersulze: posts big blind $3
*** HOLE CARDS ***
SmellyToes4u: raises $3 to $6
Looosersulze: raises $3 to $9
SmellyToes4u: calls $3
*** FLOP *** [Qh 2h Ac]
Looosersulze: bets $3
SmellyToes4u: calls $3
*** TURN *** [Qh 2h Ac] [5c]
Looosersulze: bets $6
SmellyToes4u: calls $6
*** RIVER *** [Qh 2h Ac 5c] [Kc]
Looosersulze: bets $6
SmellyToes4u: calls $6
*** SHOW DOWN ***
Looosersulze: shows [7c 8s] (high card Ace)
SmellyToes4u: shows [Jc Js] (a pair of Jacks)
SmellyToes4u collected $47.50 from pot
*** SUMMARY ***
Total pot $48 | Rake $0.50
Board [Qh 2h Ac 5c Kc]
Seat 1: SmellyToes4u (button) (small blind) showed [Jc Js] and won ($47.50) with a pair of Jacks
Seat 2: Looosersulze (big blind) showed [7c 8s] and lost with high card Ace


PokerStars Hand #146940162163:  Hold'em Limit ($3/$6 USD) - 2016/01/12 18:03:28 ET
Table 'Ankaa' 2-max Seat #2 is the button
Seat 1: SmellyToes4u ($57.26 in chips)
Seat 2: Looosersulze ($113.44 in chips)
Looosersulze: posts small blind $1
SmellyToes4u: posts big blind $3
*** HOLE CARDS ***
Looosersulze: folds
Uncalled bet ($2) returned to SmellyToes4u
SmellyToes4u collected $2 from pot
SmellyToes4u: doesn't show hand
*** SUMMARY ***
Total pot $2 | Rake $0
Seat 1: SmellyToes4u (big blind) collected ($2)
Seat 2: Looosersulze (button) (small blind) folded before Flop


PokerStars Hand #146940143545:  Hold'em Limit ($3/$6 USD) - 2016/01/12 18:03:09 ET
Table 'Ankaa' 2-max Seat #1 is the button
Seat 1: SmellyToes4u ($66.26 in chips)
Seat 2: Looosersulze ($104.80 in chips)
SmellyToes4u: posts small blind $1
Looosersulze: posts big blind $3
*** HOLE CARDS ***
SmellyToes4u: raises $3 to $6
Looosersulze: calls $3
*** FLOP *** [Qc Tc 3c]
Looosersulze: checks
SmellyToes4u: bets $3
Looosersulze: calls $3
*** TURN *** [Qc Tc 3c] [Qd]
Looosersulze: checks
SmellyToes4u: checks
*** RIVER *** [Qc Tc 3c Qd] [4h]
Looosersulze: bets $6
SmellyToes4u: folds
Uncalled bet ($6) returned to Looosersulze
Looosersulze collected $17.64 from pot
Looosersulze: doesn't show hand
*** SUMMARY ***
Total pot $18 | Rake $0.36
Board [Qc Tc 3c Qd 4h]
Seat 1: SmellyToes4u (button) (small blind) folded on the River
Seat 2: Looosersulze (big blind) collected ($17.64)


PokerStars Hand #146940118549:  Hold'em Limit ($3/$6 USD) - 2016/01/12 18:02:42 ET
Table 'Ankaa' 2-max Seat #2 is the button
Seat 1: SmellyToes4u ($36.76 in chips)
Seat 2: Looosersulze ($134.80 in chips)
Looosersulze: posts small blind $1
SmellyToes4u: posts big blind $3
*** HOLE CARDS ***
Looosersulze: raises $3 to $6
SmellyToes4u: calls $3
*** FLOP *** [Kh Kc 3d]
SmellyToes4u: checks
Looosersulze: bets $3
SmellyToes4u: raises $3 to $6
Looosersulze: raises $3 to $9
SmellyToes4u: raises $3 to $12
Betting is capped
Looosersulze: calls $3
*** TURN *** [Kh Kc 3d] [2s]
SmellyToes4u: bets $6
Looosersulze: calls $6
*** RIVER *** [Kh Kc 3d 2s] [8c]
SmellyToes4u: bets $6
Looosersulze: calls $6
*** SHOW DOWN ***
SmellyToes4u: shows [3s 4h] (two pair, Kings and Threes)
Looosersulze: mucks hand
SmellyToes4u collected $59.50 from pot
*** SUMMARY ***
Total pot $60 | Rake $0.50
Board [Kh Kc 3d 2s 8c]
Seat 1: SmellyToes4u (big blind) showed [3s 4h] and won ($59.50) with two pair, Kings and Threes
Seat 2: Looosersulze (button) (small blind) mucked


PokerStars Hand #146940215930:  Hold'em Limit ($3/$6 USD) - 2016/01/12 18:04:23 ET
Table 'Ankaa' 2-max Seat #1 is the button
Seat 1: SmellyToes4u ($102.26 in chips)
Seat 2: Looosersulze ($67.44 in chips)
SmellyToes4u: posts small blind $1
Looosersulze: posts big blind $3
*** HOLE CARDS ***
SmellyToes4u: raises $3 to $6
Looosersulze: calls $3
*** FLOP *** [Ah 7d 3c]
Looosersulze: checks
SmellyToes4u: bets $3
Looosersulze: calls $3
*** TURN *** [Ah 7d 3c] [Qc]
Looosersulze: checks
SmellyToes4u: bets $6
Looosersulze: raises $6 to $12
SmellyToes4u: raises $6 to $18
Looosersulze: raises $6 to $24
Betting is capped
SmellyToes4u: calls $6
*** RIVER *** [Ah 7d 3c Qc] [5d]
Looosersulze: bets $6
SmellyToes4u: raises $6 to $12
Looosersulze: calls $6
*** SHOW DOWN ***
SmellyToes4u: shows [3d 3h] (three of a kind, Threes)
Looosersulze: mucks hand
SmellyToes4u collected $89.50 from pot
*** SUMMARY ***
Total pot $90 | Rake $0.50
Board [Ah 7d 3c Qc 5d]
Seat 1: SmellyToes4u (button) (small blind) showed [3d 3h] and won ($89.50) with three of a kind, Threes
Seat 2: Looosersulze (big blind) mucked


PokerStars Hand #146940209805:  Hold'em Limit ($3/$6 USD) - 2016/01/12 18:04:17 ET
Table 'Ankaa' 2-max Seat #2 is the button
Seat 1: SmellyToes4u ($101.26 in chips)
Seat 2: Looosersulze ($68.44 in chips)
Looosersulze: posts small blind $1
SmellyToes4u: posts big blind $3
*** HOLE CARDS ***
Looosersulze: folds
Uncalled bet ($2) returned to SmellyToes4u
SmellyToes4u collected $2 from pot
SmellyToes4u: doesn't show hand
*** SUMMARY ***
Total pot $2 | Rake $0
Seat 1: SmellyToes4u (big blind) collected ($2)
Seat 2: Looosersulze (button) (small blind) folded before Flop


PokerStars Hand #146940205147:  Hold'em Limit ($3/$6 USD) - 2016/01/12 18:04:12 ET
Table 'Ankaa' 2-max Seat #1 is the button
Seat 1: SmellyToes4u ($102.26 in chips)
Seat 2: Looosersulze ($67.44 in chips)
SmellyToes4u: posts small blind $1
Looosersulze: posts big blind $3
*** HOLE CARDS ***
SmellyToes4u: folds
Uncalled bet ($2) returned to Looosersulze
Looosersulze collected $2 from pot
Looosersulze: doesn't show hand
*** SUMMARY ***
Total pot $2 | Rake $0
Seat 1: SmellyToes4u (button) (small blind) folded before Flop
Seat 2: Looosersulze (big blind) collected ($2)


PokerStars Hand #146940186127:  Hold'em Limit ($3/$6 USD) - 2016/01/12 18:03:53 ET
Table 'Ankaa' 2-max Seat #2 is the button
Seat 1: SmellyToes4u ($81.76 in chips)
Seat 2: Looosersulze ($88.44 in chips)
Looosersulze: posts small blind $1
SmellyToes4u: posts big blind $3
*** HOLE CARDS ***
Looosersulze: raises $3 to $6
SmellyToes4u: calls $3
*** FLOP *** [6c 7h Jc]
SmellyToes4u: checks
Looosersulze: bets $3
SmellyToes4u: calls $3
*** TURN *** [6c 7h Jc] [5s]
SmellyToes4u: checks
Looosersulze: bets $6
SmellyToes4u: calls $6
*** RIVER *** [6c 7h Jc 5s] [5c]
SmellyToes4u: checks
Looosersulze: bets $6
SmellyToes4u: calls $6
*** SHOW DOWN ***
Looosersulze: shows [2s 2c] (two pair, Fives and Deuces)
SmellyToes4u: shows [7d 3d] (two pair, Sevens and Fives)
SmellyToes4u collected $41.50 from pot
*** SUMMARY ***
Total pot $42 | Rake $0.50
Board [6c 7h Jc 5s 5c]
Seat 1: SmellyToes4u (big blind) showed [7d 3d] and won ($41.50) with two pair, Sevens and Fives
Seat 2: Looosersulze (button) (small blind) showed [2s 2c] and lost with two pair, Fives and Deuces


PokerStars Hand #146940271714:  Hold'em Limit ($3/$6 USD) - 2016/01/12 18:05:18 ET
Table 'Ankaa' 2-max Seat #1 is the button
Seat 1: SmellyToes4u ($164.26 in chips)
Seat 2: Looosersulze ($4.44 in chips)
SmellyToes4u: posts small blind $1
Looosersulze: posts big blind $3
*** HOLE CARDS ***
SmellyToes4u: raises $3 to $6
Looosersulze: calls $1.44 and is all-in
Uncalled bet ($1.56) returned to SmellyToes4u
*** FLOP *** [2s Jd 5c]
*** TURN *** [2s Jd 5c] [5h]
*** RIVER *** [2s Jd 5c 5h] [7s]
*** SHOW DOWN ***
Looosersulze: shows [8c Tc] (a pair of Fives)
SmellyToes4u: shows [Jc 9h] (two pair, Jacks and Fives)
SmellyToes4u collected $8.70 from pot
*** SUMMARY ***
Total pot $8.88 | Rake $0.18
Board [2s Jd 5c 5h 7s]
Seat 1: SmellyToes4u (button) (small blind) showed [Jc 9h] and won ($8.70) with two pair, Jacks and Fives
Seat 2: Looosersulze (big blind) showed [8c Tc] and lost with a pair of Fives


PokerStars Hand #146940245292:  Hold'em Limit ($3/$6 USD) - 2016/01/12 18:04:52 ET
Table 'Ankaa' 2-max Seat #2 is the button
Seat 1: SmellyToes4u ($146.76 in chips)
Seat 2: Looosersulze ($22.44 in chips)
Looosersulze: posts small blind $1
SmellyToes4u: posts big blind $3
*** HOLE CARDS ***
Looosersulze: raises $3 to $6
SmellyToes4u: calls $3
*** FLOP *** [4d Js Jc]
SmellyToes4u: checks
Looosersulze: bets $3
SmellyToes4u: raises $3 to $6
Looosersulze: calls $3
*** TURN *** [4d Js Jc] [7h]
SmellyToes4u: bets $6
Looosersulze: calls $6
*** RIVER *** [4d Js Jc 7h] [4c]
SmellyToes4u: bets $6
Looosersulze: folds
Uncalled bet ($6) returned to SmellyToes4u
SmellyToes4u collected $35.50 from pot
SmellyToes4u: doesn't show hand
*** SUMMARY ***
Total pot $36 | Rake $0.50
Board [4d Js Jc 7h 4c]
Seat 1: SmellyToes4u (big blind) collected ($35.50)
Seat 2: Looosersulze (button) (small blind) folded on the River


PokerStars Hand #146940336003:  Hold'em Limit ($3/$6 USD) - 2016/01/12 18:06:22 ET
Table 'Ankaa' 2-max Seat #2 is the button
Seat 1: SmellyToes4u ($161.52 in chips)
Seat 2: Looosersulze ($60.76 in chips)
Looosersulze: posts small blind $1
SmellyToes4u: posts big blind $3
*** HOLE CARDS ***
Looosersulze: raises $3 to $6
SmellyToes4u: calls $3
*** FLOP *** [9s 5s 2d]
SmellyToes4u: checks
Looosersulze: bets $3
SmellyToes4u: raises $3 to $6
Looosersulze: calls $3
*** TURN *** [9s 5s 2d] [7d]
SmellyToes4u: bets $6
Looosersulze: calls $6
*** RIVER *** [9s 5s 2d 7d] [6d]
SmellyToes4u: bets $6
Looosersulze: calls $6
*** SHOW DOWN ***
SmellyToes4u: shows [6c 9c] (two pair, Nines and Sixes)
Looosersulze: mucks hand
SmellyToes4u collected $47.50 from pot
*** SUMMARY ***
Total pot $48 | Rake $0.50
Board [9s 5s 2d 7d 6d]
Seat 1: SmellyToes4u (big blind) showed [6c 9c] and won ($47.50) with two pair, Nines and Sixes
Seat 2: Looosersulze (button) (small blind) mucked


PokerStars Hand #146940327846:  Hold'em Limit ($3/$6 USD) - 2016/01/12 18:06:14 ET
Table 'Ankaa' 2-max Seat #1 is the button
Seat 1: SmellyToes4u ($162.52 in chips)
Seat 2: Looosersulze ($59.76 in chips)
SmellyToes4u: posts small blind $1
Looosersulze: posts big blind $3
*** HOLE CARDS ***
SmellyToes4u: folds
Uncalled bet ($2) returned to Looosersulze
Looosersulze collected $2 from pot
Looosersulze: doesn't show hand
*** SUMMARY ***
Total pot $2 | Rake $0
Seat 1: SmellyToes4u (button) (small blind) folded before Flop
Seat 2: Looosersulze (big blind) collected ($2)


PokerStars Hand #146940305894:  Hold'em Limit ($3/$6 USD) - 2016/01/12 18:05:52 ET
Table 'Ankaa' 2-max Seat #2 is the button
Seat 1: SmellyToes4u ($168.52 in chips)
Seat 2: Looosersulze ($54 in chips)
Looosersulze: posts small blind $1
SmellyToes4u: posts big blind $3
*** HOLE CARDS ***
Looosersulze: raises $3 to $6
SmellyToes4u: calls $3
*** FLOP *** [Qs Js Jh]
SmellyToes4u: checks
Looosersulze: bets $3
SmellyToes4u: folds
Uncalled bet ($3) returned to Looosersulze
Looosersulze collected $11.76 from pot
Looosersulze: doesn't show hand
*** SUMMARY ***
Total pot $12 | Rake $0.24
Board [Qs Js Jh]
Seat 1: SmellyToes4u (big blind) folded on the Flop
Seat 2: Looosersulze (button) (small blind) collected ($11.76)


PokerStars Hand #146940420751:  Hold'em Limit ($3/$6 USD) - 2016/01/12 18:07:47 ET
Table 'Ankaa' 2-max Seat #2 is the button
Seat 1: SmellyToes4u ($196.04 in chips)
Seat 2: Looosersulze ($24.26 in chips)
Looosersulze: posts small blind $1
SmellyToes4u: posts big blind $3
*** HOLE CARDS ***
Looosersulze: folds
Uncalled bet ($2) returned to SmellyToes4u
SmellyToes4u collected $2 from pot
SmellyToes4u: doesn't show hand
*** SUMMARY ***
Total pot $2 | Rake $0
Seat 1: SmellyToes4u (big blind) collected ($2)
Seat 2: Looosersulze (button) (small blind) folded before Flop


PokerStars Hand #146940398063:  Hold'em Limit ($3/$6 USD) - 2016/01/12 18:07:24 ET
Table 'Ankaa' 2-max Seat #1 is the button
Seat 1: SmellyToes4u ($184.52 in chips)
Seat 2: Looosersulze ($36.26 in chips)
SmellyToes4u: posts small blind $1
Looosersulze: posts big blind $3
*** HOLE CARDS ***
SmellyToes4u: raises $3 to $6
Looosersulze: calls $3
*** FLOP *** [Qd 8d 9c]
Looosersulze: checks
SmellyToes4u: checks
*** TURN *** [Qd 8d 9c] [5d]
Looosersulze: checks
SmellyToes4u: checks
*** RIVER *** [Qd 8d 9c 5d] [5c]
Looosersulze: bets $6
SmellyToes4u: calls $6
*** SHOW DOWN ***
Looosersulze: shows [4c 2d] (a pair of Fives)
SmellyToes4u: shows [2c Ad] (a pair of Fives - Ace kicker)
SmellyToes4u collected $23.52 from pot
*** SUMMARY ***
Total pot $24 | Rake $0.48
Board [Qd 8d 9c 5d 5c]
Seat 1: SmellyToes4u (button) (small blind) showed [2c Ad] and won ($23.52) with a pair of Fives
Seat 2: Looosersulze (big blind) showed [4c 2d] and lost with a pair of Fives


PokerStars Hand #146940378896:  Hold'em Limit ($3/$6 USD) - 2016/01/12 18:07:05 ET
Table 'Ankaa' 2-max Seat #2 is the button
Seat 1: SmellyToes4u ($161.02 in chips)
Seat 2: Looosersulze ($60.26 in chips)
Looosersulze: posts small blind $1
SmellyToes4u: posts big blind $3
*** HOLE CARDS ***
Looosersulze: raises $3 to $6
SmellyToes4u: calls $3
*** FLOP *** [9d 2c Th]
SmellyToes4u: checks
Looosersulze: bets $3
SmellyToes4u: raises $3 to $6
Looosersulze: calls $3
*** TURN *** [9d 2c Th] [6s]
SmellyToes4u: bets $6
Looosersulze: calls $6
*** RIVER *** [9d 2c Th 6s] [7h]
SmellyToes4u: bets $6
Looosersulze: calls $6
*** SHOW DOWN ***
SmellyToes4u: shows [Ts Ac] (a pair of Tens)
Looosersulze: mucks hand
SmellyToes4u collected $47.50 from pot
*** SUMMARY ***
Total pot $48 | Rake $0.50
Board [9d 2c Th 6s 7h]
Seat 1: SmellyToes4u (big blind) showed [Ts Ac] and won ($47.50) with a pair of Tens
Seat 2: Looosersulze (button) (small blind) mucked


PokerStars Hand #146940356964:  Hold'em Limit ($3/$6 USD) - 2016/01/12 18:06:43 ET
Table 'Ankaa' 2-max Seat #1 is the button
Seat 1: SmellyToes4u ($185.02 in chips)
Seat 2: Looosersulze ($36.76 in chips)
SmellyToes4u: posts small blind $1
Looosersulze: posts big blind $3
*** HOLE CARDS ***
SmellyToes4u: raises $3 to $6
Looosersulze: raises $3 to $9
SmellyToes4u: calls $3
*** FLOP *** [Kc 6d 7c]
Looosersulze: bets $3
SmellyToes4u: calls $3
*** TURN *** [Kc 6d 7c] [5c]
Looosersulze: bets $6
SmellyToes4u: calls $6
*** RIVER *** [Kc 6d 7c 5c] [As]
Looosersulze: bets $6
SmellyToes4u: calls $6
*** SHOW DOWN ***
Looosersulze: shows [Th Td] (a pair of Tens)
SmellyToes4u: mucks hand
Looosersulze collected $47.50 from pot
*** SUMMARY ***
Total pot $48 | Rake $0.50
Board [Kc 6d 7c 5c As]
Seat 1: SmellyToes4u (button) (small blind) mucked
Seat 2: Looosersulze (big blind) showed [Th Td] and won ($47.50) with a pair of Tens


PokerStars Hand #146940481692:  Hold'em Limit ($3/$6 USD) - 2016/01/12 18:08:50 ET
Table 'Ankaa' 2-max Seat #1 is the button
Seat 1: SmellyToes4u ($167.78 in chips)
Seat 2: Looosersulze ($51.78 in chips)
SmellyToes4u: posts small blind $1
Looosersulze: posts big blind $3
*** HOLE CARDS ***
SmellyToes4u: folds
Uncalled bet ($2) returned to Looosersulze
Looosersulze collected $2 from pot
Looosersulze: doesn't show hand
*** SUMMARY ***
Total pot $2 | Rake $0
Seat 1: SmellyToes4u (button) (small blind) folded before Flop
Seat 2: Looosersulze (big blind) collected ($2)


PokerStars Hand #146940471653:  Hold'em Limit ($3/$6 USD) - 2016/01/12 18:08:40 ET
Table 'Ankaa' 2-max Seat #2 is the button
Seat 1: SmellyToes4u ($173.78 in chips)
Seat 2: Looosersulze ($46.02 in chips)
Looosersulze: posts small blind $1
SmellyToes4u: posts big blind $3
*** HOLE CARDS ***
Looosersulze: raises $3 to $6
SmellyToes4u: calls $3
*** FLOP *** [Ad 4d 9d]
SmellyToes4u: checks
Looosersulze: bets $3
SmellyToes4u: folds
Uncalled bet ($3) returned to Looosersulze
Looosersulze collected $11.76 from pot
Looosersulze: doesn't show hand
*** SUMMARY ***
Total pot $12 | Rake $0.24
Board [Ad 4d 9d]
Seat 1: SmellyToes4u (big blind) folded on the Flop
Seat 2: Looosersulze (button) (small blind) collected ($11.76)


PokerStars Hand #146940467387:  Hold'em Limit ($3/$6 USD) - 2016/01/12 18:08:35 ET
Table 'Ankaa' 2-max Seat #1 is the button
Seat 1: SmellyToes4u ($174.78 in chips)
Seat 2: Looosersulze ($45.02 in chips)
SmellyToes4u: posts small blind $1
Looosersulze: posts big blind $3
*** HOLE CARDS ***
SmellyToes4u: folds
Uncalled bet ($2) returned to Looosersulze
Looosersulze collected $2 from pot
Looosersulze: doesn't show hand
*** SUMMARY ***
Total pot $2 | Rake $0
Seat 1: SmellyToes4u (button) (small blind) folded before Flop
Seat 2: Looosersulze (big blind) collected ($2)


PokerStars Hand #146940460264:  Hold'em Limit ($3/$6 USD) - 2016/01/12 18:08:28 ET
Table 'Ankaa' 2-max Seat #2 is the button
Seat 1: SmellyToes4u ($173.78 in chips)
Seat 2: Looosersulze ($46.02 in chips)
Looosersulze: posts small blind $1
SmellyToes4u: posts big blind $3
*** HOLE CARDS ***
Looosersulze: folds
Uncalled bet ($2) returned to SmellyToes4u
SmellyToes4u collected $2 from pot
SmellyToes4u: doesn't show hand
*** SUMMARY ***
Total pot $2 | Rake $0
Seat 1: SmellyToes4u (big blind) collected ($2)
Seat 2: Looosersulze (button) (small blind) folded before Flop


PokerStars Hand #146940442111:  Hold'em Limit ($3/$6 USD) - 2016/01/12 18:08:09 ET
Table 'Ankaa' 2-max Seat #1 is the button
Seat 1: SmellyToes4u ($197.04 in chips)
Seat 2: Looosersulze ($23.26 in chips)
SmellyToes4u: posts small blind $1
Looosersulze: posts big blind $3
*** HOLE CARDS ***
SmellyToes4u: raises $3 to $6
Looosersulze: raises $3 to $9
SmellyToes4u: calls $3
*** FLOP *** [9s Jc 7s]
Looosersulze: bets $3
SmellyToes4u: calls $3
*** TURN *** [9s Jc 7s] [5c]
Looosersulze: bets $6
SmellyToes4u: raises $6 to $12
Looosersulze: calls $5.26 and is all-in
Uncalled bet ($0.74) returned to SmellyToes4u
*** RIVER *** [9s Jc 7s 5c] [Js]
*** SHOW DOWN ***
Looosersulze: shows [As 5s] (a flush, Ace high)
SmellyToes4u: shows [8d 7c] (two pair, Jacks and Sevens)
Looosersulze collected $46.02 from pot
*** SUMMARY ***
Total pot $46.52 | Rake $0.50
Board [9s Jc 7s 5c Js]
Seat 1: SmellyToes4u (button) (small blind) showed [8d 7c] and lost with two pair, Jacks and Sevens
Seat 2: Looosersulze (big blind) showed [As 5s] and won ($46.02) with a flush, Ace high


PokerStars Hand #146940436149:  Hold'em Limit ($3/$6 USD) - 2016/01/12 18:08:03 ET
Table 'Ankaa' 2-max Seat #2 is the button
Seat 1: SmellyToes4u ($196.04 in chips)
Seat 2: Looosersulze ($24.26 in chips)
Looosersulze: posts small blind $1
SmellyToes4u: posts big blind $3
*** HOLE CARDS ***
Looosersulze: folds
Uncalled bet ($2) returned to SmellyToes4u
SmellyToes4u collected $2 from pot
SmellyToes4u: doesn't show hand
*** SUMMARY ***
Total pot $2 | Rake $0
Seat 1: SmellyToes4u (big blind) collected ($2)
Seat 2: Looosersulze (button) (small blind) folded before Flop


PokerStars Hand #146940426591:  Hold'em Limit ($3/$6 USD) - 2016/01/12 18:07:53 ET
Table 'Ankaa' 2-max Seat #1 is the button
Seat 1: SmellyToes4u ($197.04 in chips)
Seat 2: Looosersulze ($23.26 in chips)
SmellyToes4u: posts small blind $1
Looosersulze: posts big blind $3
*** HOLE CARDS ***
SmellyToes4u: folds
Uncalled bet ($2) returned to Looosersulze
Looosersulze collected $2 from pot
*** SUMMARY ***
Total pot $2 | Rake $0
Seat 1: SmellyToes4u (button) (small blind) folded before Flop
Seat 2: Looosersulze (big blind) collected ($2)


PokerStars Hand #146940531668:  Hold'em Limit ($3/$6 USD) - 2016/01/12 18:09:42 ET
Table 'Ankaa' 2-max Seat #2 is the button
Seat 1: SmellyToes4u ($185.50 in chips)
Seat 2: Looosersulze ($33.06 in chips)
Looosersulze: posts small blind $1
SmellyToes4u: posts big blind $3
*** HOLE CARDS ***
Looosersulze: raises $3 to $6
SmellyToes4u: calls $3
*** FLOP *** [As 8s Jd]
SmellyToes4u: checks
Looosersulze: bets $3
SmellyToes4u: folds
Uncalled bet ($3) returned to Looosersulze
Looosersulze collected $11.76 from pot
Looosersulze: doesn't show hand
*** SUMMARY ***
Total pot $12 | Rake $0.24
Board [As 8s Jd]
Seat 1: SmellyToes4u (big blind) folded on the Flop
Seat 2: Looosersulze (button) (small blind) collected ($11.76)


PokerStars Hand #146940507216:  Hold'em Limit ($3/$6 USD) - 2016/01/12 18:09:16 ET
Table 'Ankaa' 2-max Seat #1 is the button
Seat 1: SmellyToes4u ($202.28 in chips)
Seat 2: Looosersulze ($16.78 in chips)
SmellyToes4u: posts small blind $1
Looosersulze: posts big blind $3
*** HOLE CARDS ***
SmellyToes4u: raises $3 to $6
Looosersulze: calls $3
*** FLOP *** [2c 6c 6s]
Looosersulze: bets $3
SmellyToes4u: calls $3
*** TURN *** [2c 6c 6s] [8s]
Looosersulze: bets $6
SmellyToes4u: calls $6
*** RIVER *** [2c 6c 6s 8s] [2d]
Looosersulze: bets $1.78 and is all-in
SmellyToes4u: calls $1.78
*** SHOW DOWN ***
Looosersulze: shows [8c 7c] (two pair, Eights and Sixes)
SmellyToes4u: shows [Th Ad] (two pair, Sixes and Deuces)
Looosersulze collected $33.06 from pot
*** SUMMARY ***
Total pot $33.56 | Rake $0.50
Board [2c 6c 6s 8s 2d]
Seat 1: SmellyToes4u (button) (small blind) showed [Th Ad] and lost with two pair, Sixes and Deuces
Seat 2: Looosersulze (big blind) showed [8c 7c] and won ($33.06) with two pair, Eights and Sixes


PokerStars Hand #146940486057:  Hold'em Limit ($3/$6 USD) - 2016/01/12 18:08:54 ET
Table 'Ankaa' 2-max Seat #2 is the button
Seat 1: SmellyToes4u ($166.78 in chips)
Seat 2: Looosersulze ($52.78 in chips)
Looosersulze: posts small blind $1
SmellyToes4u: posts big blind $3
*** HOLE CARDS ***
Looosersulze: raises $3 to $6
SmellyToes4u: raises $3 to $9
Looosersulze: calls $3
*** FLOP *** [8c As Th]
SmellyToes4u: bets $3
Looosersulze: calls $3
*** TURN *** [8c As Th] [7d]
SmellyToes4u: bets $6
Looosersulze: raises $6 to $12
SmellyToes4u: calls $6
*** RIVER *** [8c As Th 7d] [4s]
SmellyToes4u: checks
Looosersulze: bets $6
SmellyToes4u: raises $6 to $12
Looosersulze: calls $6
*** SHOW DOWN ***
SmellyToes4u: shows [Tc 8h] (two pair, Tens and Eights)
Looosersulze: mucks hand
SmellyToes4u collected $71.50 from pot
*** SUMMARY ***
Total pot $72 | Rake $0.50
Board [8c As Th 7d 4s]
Seat 1: SmellyToes4u (big blind) showed [Tc 8h] and won ($71.50) with two pair, Tens and Eights
Seat 2: Looosersulze (button) (small blind) mucked


PokerStars Hand #146940592529:  Hold'em Limit ($3/$6 USD) - 2016/01/12 18:10:45 ET
Table 'Ankaa' 2-max Seat #1 is the button
Seat 1: SmellyToes4u ($167.26 in chips)
Seat 2: Looosersulze ($50.32 in chips)
SmellyToes4u: posts small blind $1
Looosersulze: posts big blind $3
*** HOLE CARDS ***
SmellyToes4u: folds
Uncalled bet ($2) returned to Looosersulze
Looosersulze collected $2 from pot
Looosersulze: doesn't show hand
*** SUMMARY ***
Total pot $2 | Rake $0
Seat 1: SmellyToes4u (button) (small blind) folded before Flop
Seat 2: Looosersulze (big blind) collected ($2)


PokerStars Hand #146940587258:  Hold'em Limit ($3/$6 USD) - 2016/01/12 18:10:39 ET
Table 'Ankaa' 2-max Seat #2 is the button
Seat 1: SmellyToes4u ($166.26 in chips)
Seat 2: Looosersulze ($51.32 in chips)
Looosersulze: posts small blind $1
SmellyToes4u: posts big blind $3
*** HOLE CARDS ***
Looosersulze: folds
Uncalled bet ($2) returned to SmellyToes4u
SmellyToes4u collected $2 from pot
SmellyToes4u: doesn't show hand
*** SUMMARY ***
Total pot $2 | Rake $0
Seat 1: SmellyToes4u (big blind) collected ($2)
Seat 2: Looosersulze (button) (small blind) folded before Flop


PokerStars Hand #146940576128:  Hold'em Limit ($3/$6 USD) - 2016/01/12 18:10:28 ET
Table 'Ankaa' 2-max Seat #1 is the button
Seat 1: SmellyToes4u ($160.50 in chips)
Seat 2: Looosersulze ($57.32 in chips)
SmellyToes4u: posts small blind $1
Looosersulze: posts big blind $3
*** HOLE CARDS ***
SmellyToes4u: raises $3 to $6
Looosersulze: calls $3
*** FLOP *** [Tc Th 3h]
Looosersulze: checks
SmellyToes4u: bets $3
Looosersulze: folds
Uncalled bet ($3) returned to SmellyToes4u
SmellyToes4u collected $11.76 from pot
SmellyToes4u: doesn't show hand
*** SUMMARY ***
Total pot $12 | Rake $0.24
Board [Tc Th 3h]
Seat 1: SmellyToes4u (button) (small blind) collected ($11.76)
Seat 2: Looosersulze (big blind) folded on the Flop


PokerStars Hand #146940551582:  Hold'em Limit ($3/$6 USD) - 2016/01/12 18:10:02 ET
Table 'Ankaa' 2-max Seat #2 is the button
Seat 1: SmellyToes4u ($178.50 in chips)
Seat 2: Looosersulze ($39.82 in chips)
Looosersulze: posts small blind $1
SmellyToes4u: posts big blind $3
*** HOLE CARDS ***
Looosersulze: raises $3 to $6
SmellyToes4u: raises $3 to $9
Looosersulze: calls $3
*** FLOP *** [6h As 7s]
SmellyToes4u: bets $3
Looosersulze: calls $3
*** TURN *** [6h As 7s] [Qc]
SmellyToes4u: bets $6
Looosersulze: calls $6
*** RIVER *** [6h As 7s Qc] [5c]
SmellyToes4u: checks
Looosersulze: checks
*** SHOW DOWN ***
SmellyToes4u: shows [9h Js] (high card Ace)
Looosersulze: shows [Ts Kc] (high card Ace - King kicker)
Looosersulze collected $35.50 from pot
*** SUMMARY ***
Total pot $36 | Rake $0.50
Board [6h As 7s Qc 5c]
Seat 1: SmellyToes4u (big blind) showed [9h Js] and lost with high card Ace
Seat 2: Looosersulze (button) (small blind) showed [Ts Kc] and won ($35.50) with high card Ace


PokerStars Hand #146940542032:  Hold'em Limit ($3/$6 USD) - 2016/01/12 18:09:52 ET
Table 'Ankaa' 2-max Seat #1 is the button
Seat 1: SmellyToes4u ($179.50 in chips)
Seat 2: Looosersulze ($38.82 in chips)
SmellyToes4u: posts small blind $1
Looosersulze: posts big blind $3
*** HOLE CARDS ***
SmellyToes4u: folds
Uncalled bet ($2) returned to Looosersulze
Looosersulze collected $2 from pot
Looosersulze: doesn't show hand
*** SUMMARY ***
Total pot $2 | Rake $0
Seat 1: SmellyToes4u (button) (small blind) folded before Flop
Seat 2: Looosersulze (big blind) collected ($2)


PokerStars Hand #146940645584:  Hold'em Limit ($3/$6 USD) - 2016/01/12 18:11:41 ET
Table 'Ankaa' 2-max Seat #2 is the button
Seat 1: SmellyToes4u ($168.76 in chips)
Seat 2: Looosersulze ($47.82 in chips)
Looosersulze: posts small blind $1
SmellyToes4u: posts big blind $3
*** HOLE CARDS ***
Looosersulze: raises $3 to $6
SmellyToes4u: folds
Uncalled bet ($3) returned to Looosersulze
Looosersulze collected $6 from pot
Looosersulze: doesn't show hand
*** SUMMARY ***
Total pot $6 | Rake $0
Seat 1: SmellyToes4u (big blind) folded before Flop
Seat 2: Looosersulze (button) (small blind) collected ($6)


PokerStars Hand #146940621439:  Hold'em Limit ($3/$6 USD) - 2016/01/12 18:11:16 ET
Table 'Ankaa' 2-max Seat #1 is the button
Seat 1: SmellyToes4u ($183.76 in chips)
Seat 2: Looosersulze ($33.32 in chips)
SmellyToes4u: posts small blind $1
Looosersulze: posts big blind $3
*** HOLE CARDS ***
SmellyToes4u: raises $3 to $6
Looosersulze: calls $3
*** FLOP *** [Th 8h 2s]
Looosersulze: checks
SmellyToes4u: bets $3
Looosersulze: calls $3
*** TURN *** [Th 8h 2s] [Qs]
Looosersulze: checks
SmellyToes4u: checks
*** RIVER *** [Th 8h 2s Qs] [3h]
Looosersulze: bets $6
SmellyToes4u: calls $6
*** SHOW DOWN ***
Looosersulze: shows [3c 2d] (two pair, Threes and Deuces)
SmellyToes4u: mucks hand
Looosersulze collected $29.50 from pot
*** SUMMARY ***
Total pot $30 | Rake $0.50
Board [Th 8h 2s Qs 3h]
Seat 1: SmellyToes4u (button) (small blind) mucked
Seat 2: Looosersulze (big blind) showed [3c 2d] and won ($29.50) with two pair, Threes and Deuces


PokerStars Hand #146940596768:  Hold'em Limit ($3/$6 USD) - 2016/01/12 18:10:49 ET
Table 'Ankaa' 2-max Seat #2 is the button
Seat 1: SmellyToes4u ($166.26 in chips)
Seat 2: Looosersulze ($51.32 in chips)
Looosersulze: posts small blind $1
SmellyToes4u: posts big blind $3
*** HOLE CARDS ***
Looosersulze: raises $3 to $6
SmellyToes4u: calls $3
*** FLOP *** [Td Ts 8s]
SmellyToes4u: checks
Looosersulze: checks
*** TURN *** [Td Ts 8s] [5s]
SmellyToes4u: bets $6
Looosersulze: calls $6
*** RIVER *** [Td Ts 8s 5s] [6d]
SmellyToes4u: bets $6
Looosersulze: calls $6
*** SHOW DOWN ***
SmellyToes4u: shows [3d 5d] (two pair, Tens and Fives)
Looosersulze: mucks hand
SmellyToes4u collected $35.50 from pot
*** SUMMARY ***
Total pot $36 | Rake $0.50
Board [Td Ts 8s 5s 6d]
Seat 1: SmellyToes4u (big blind) showed [3d 5d] and won ($35.50) with two pair, Tens and Fives
Seat 2: Looosersulze (button) (small blind) mucked


PokerStars Hand #146940679285:  Hold'em Limit ($3/$6 USD) - 2016/01/12 18:12:18 ET
Table 'Ankaa' 2-max Seat #2 is the button
Seat 1: SmellyToes4u ($192.26 in chips)
Seat 2: Looosersulze ($23.82 in chips)
Looosersulze: posts small blind $1
SmellyToes4u: posts big blind $3
*** HOLE CARDS ***
Looosersulze: raises $3 to $6
SmellyToes4u: calls $3
*** FLOP *** [Kd 6h As]
SmellyToes4u: checks
Looosersulze: checks
*** TURN *** [Kd 6h As] [4d]
SmellyToes4u: checks
Looosersulze: bets $6
SmellyToes4u: folds
Uncalled bet ($6) returned to Looosersulze
Looosersulze collected $11.76 from pot
Looosersulze: doesn't show hand
*** SUMMARY ***
Total pot $12 | Rake $0.24
Board [Kd 6h As 4d]
Seat 1: SmellyToes4u (big blind) folded on the Turn
Seat 2: Looosersulze (button) (small blind) collected ($11.76)


PokerStars Hand #146940652785:  Hold'em Limit ($3/$6 USD) - 2016/01/12 18:11:49 ET
Table 'Ankaa' 2-max Seat #1 is the button
Seat 1: SmellyToes4u ($165.76 in chips)
Seat 2: Looosersulze ($50.82 in chips)
SmellyToes4u: posts small blind $1
Looosersulze: posts big blind $3
*** HOLE CARDS ***
SmellyToes4u: raises $3 to $6
Looosersulze: calls $3
*** FLOP *** [9s 5c Ts]
Looosersulze: checks
SmellyToes4u: bets $3
Looosersulze: calls $3
*** TURN *** [9s 5c Ts] [8c]
Looosersulze: checks
SmellyToes4u: bets $6
Looosersulze: calls $6
*** RIVER *** [9s 5c Ts 8c] [As]
Looosersulze: bets $6
SmellyToes4u: raises $6 to $12
Looosersulze: calls $6
*** SHOW DOWN ***
SmellyToes4u: shows [7c 6s] (a straight, Six to Ten)
Looosersulze: mucks hand
SmellyToes4u collected $53.50 from pot
*** SUMMARY ***
Total pot $54 | Rake $0.50
Board [9s 5c Ts 8c As]
Seat 1: SmellyToes4u (button) (small blind) showed [7c 6s] and won ($53.50) with a straight, Six to Ten
Seat 2: Looosersulze (big blind) mucked


PokerStars Hand #146940705152:  Hold'em Limit ($3/$6 USD) - 2016/01/12 18:12:45 ET
Table 'Ankaa' 2-max Seat #1 is the button
Seat 1: SmellyToes4u ($186.26 in chips)
Seat 2: Looosersulze ($29.58 in chips)
SmellyToes4u: posts small blind $1
Looosersulze: posts big blind $3
*** HOLE CARDS ***
SmellyToes4u: raises $3 to $6
Looosersulze: raises $3 to $9
SmellyToes4u: calls $3
*** FLOP *** [7h 4d 3c]
Looosersulze: bets $3
SmellyToes4u: calls $3
*** TURN *** [7h 4d 3c] [Ks]
Looosersulze: bets $6
SmellyToes4u: raises $6 to $12
Looosersulze: calls $6
*** RIVER *** [7h 4d 3c Ks] [6h]
Looosersulze: checks
SmellyToes4u: bets $6
Looosersulze: calls $5.58 and is all-in
Uncalled bet ($0.42) returned to SmellyToes4u
*** SHOW DOWN ***
SmellyToes4u: shows [2c Kc] (a pair of Kings)
Looosersulze: shows [Qc Qd] (a pair of Queens)
SmellyToes4u collected $58.66 from pot
*** SUMMARY ***
Total pot $59.16 | Rake $0.50
Board [7h 4d 3c Ks 6h]
Seat 1: SmellyToes4u (button) (small blind) showed [2c Kc] and won ($58.66) with a pair of Kings
Seat 2: Looosersulze (big blind) showed [Qc Qd] and lost with a pair of Queens


PokerStars Hand #146940786726:  Hold'em Limit ($3/$6 USD) - 2016/01/12 18:14:14 ET
Table 'Ankaa' 2-max Seat #2 is the button
Seat 1: SmellyToes4u ($202.34 in chips)
Seat 2: Looosersulze ($66.52 in chips)
Looosersulze: posts small blind $1
SmellyToes4u: posts big blind $3
*** HOLE CARDS ***
Looosersulze: raises $3 to $6
SmellyToes4u: raises $3 to $9
Looosersulze: calls $3
*** FLOP *** [8c 6h 2d]
SmellyToes4u: bets $3
Looosersulze: calls $3
*** TURN *** [8c 6h 2d] [8d]
SmellyToes4u: bets $6
Looosersulze: calls $6
*** RIVER *** [8c 6h 2d 8d] [Kh]
SmellyToes4u: bets $6
Looosersulze: folds
Uncalled bet ($6) returned to SmellyToes4u
SmellyToes4u collected $35.50 from pot
SmellyToes4u: doesn't show hand
*** SUMMARY ***
Total pot $36 | Rake $0.50
Board [8c 6h 2d 8d Kh]
Seat 1: SmellyToes4u (big blind) collected ($35.50)
Seat 2: Looosersulze (button) (small blind) folded on the River


PokerStars Hand #146940782397:  Hold'em Limit ($3/$6 USD) - 2016/01/12 18:14:09 ET
Table 'Ankaa' 2-max Seat #1 is the button
Seat 1: SmellyToes4u ($203.34 in chips)
Seat 2: Looosersulze ($65.52 in chips)
SmellyToes4u: posts small blind $1
Looosersulze: posts big blind $3
*** HOLE CARDS ***
SmellyToes4u: folds
Uncalled bet ($2) returned to Looosersulze
Looosersulze collected $2 from pot
Looosersulze: doesn't show hand
*** SUMMARY ***
Total pot $2 | Rake $0
Seat 1: SmellyToes4u (button) (small blind) folded before Flop
Seat 2: Looosersulze (big blind) collected ($2)


PokerStars Hand #146940756652:  Hold'em Limit ($3/$6 USD) - 2016/01/12 18:13:41 ET
Table 'Ankaa' 2-max Seat #2 is the button
Seat 1: SmellyToes4u ($215.34 in chips)
Seat 2: Looosersulze ($54 in chips)
Looosersulze: posts small blind $1
SmellyToes4u: posts big blind $3
*** HOLE CARDS ***
Looosersulze: raises $3 to $6
SmellyToes4u: calls $3
*** FLOP *** [8h 2h Th]
SmellyToes4u: checks
Looosersulze: checks
*** TURN *** [8h 2h Th] [Ah]
SmellyToes4u: bets $6
Looosersulze: calls $6
*** RIVER *** [8h 2h Th Ah] [Ts]
SmellyToes4u: checks
Looosersulze: checks
*** SHOW DOWN ***
SmellyToes4u: shows [6c 8s] (two pair, Tens and Eights)
Looosersulze: shows [9c Ac] (two pair, Aces and Tens)
Looosersulze collected $23.52 from pot
*** SUMMARY ***
Total pot $24 | Rake $0.48
Board [8h 2h Th Ah Ts]
Seat 1: SmellyToes4u (big blind) showed [6c 8s] and lost with two pair, Tens and Eights
Seat 2: Looosersulze (button) (small blind) showed [9c Ac] and won ($23.52) with two pair, Aces and Tens


PokerStars Hand #146940864566:  Hold'em Limit ($3/$6 USD) - 2016/01/12 18:15:39 ET
Table 'Ankaa' 2-max Seat #1 is the button
Seat 1: SmellyToes4u ($207.48 in chips)
Seat 2: Looosersulze ($60.02 in chips)
SmellyToes4u: posts small blind $1
Looosersulze: posts big blind $3
*** HOLE CARDS ***
SmellyToes4u: folds
Uncalled bet ($2) returned to Looosersulze
Looosersulze collected $2 from pot
Looosersulze: doesn't show hand
*** SUMMARY ***
Total pot $2 | Rake $0
Seat 1: SmellyToes4u (button) (small blind) folded before Flop
Seat 2: Looosersulze (big blind) collected ($2)


PokerStars Hand #146940841352:  Hold'em Limit ($3/$6 USD) - 2016/01/12 18:15:13 ET
Table 'Ankaa' 2-max Seat #2 is the button
Seat 1: SmellyToes4u ($228.48 in chips)
Seat 2: Looosersulze ($39.52 in chips)
Looosersulze: posts small blind $1
SmellyToes4u: posts big blind $3
*** HOLE CARDS ***
Looosersulze: raises $3 to $6
SmellyToes4u: calls $3
*** FLOP *** [Tc 9h 7c]
SmellyToes4u: checks
Looosersulze: bets $3
SmellyToes4u: calls $3
*** TURN *** [Tc 9h 7c] [5d]
SmellyToes4u: checks
Looosersulze: bets $6
SmellyToes4u: calls $6
*** RIVER *** [Tc 9h 7c 5d] [4h]
SmellyToes4u: checks
Looosersulze: bets $6
SmellyToes4u: calls $6
*** SHOW DOWN ***
Looosersulze: shows [4c 4s] (three of a kind, Fours)
SmellyToes4u: mucks hand
Looosersulze collected $41.50 from pot
*** SUMMARY ***
Total pot $42 | Rake $0.50
Board [Tc 9h 7c 5d 4h]
Seat 1: SmellyToes4u (big blind) mucked
Seat 2: Looosersulze (button) (small blind) showed [4c 4s] and won ($41.50) with three of a kind, Fours


PokerStars Hand #146940807252:  Hold'em Limit ($3/$6 USD) - 2016/01/12 18:14:36 ET
Table 'Ankaa' 2-max Seat #1 is the button
Seat 1: SmellyToes4u ($219.84 in chips)
Seat 2: Looosersulze ($48.52 in chips)
SmellyToes4u: posts small blind $1
Looosersulze: posts big blind $3
*** HOLE CARDS ***
SmellyToes4u: raises $3 to $6
Looosersulze: calls $3
*** FLOP *** [Qd 5h Kd]
Looosersulze: checks
SmellyToes4u: bets $3
Looosersulze: calls $3
*** TURN *** [Qd 5h Kd] [Kc]
Looosersulze: checks
SmellyToes4u: checks
*** RIVER *** [Qd 5h Kd Kc] [Jc]
Looosersulze: checks
SmellyToes4u: bets $6
Looosersulze: folds
Uncalled bet ($6) returned to SmellyToes4u
SmellyToes4u collected $17.64 from pot
SmellyToes4u: doesn't show hand
*** SUMMARY ***
Total pot $18 | Rake $0.36
Board [Qd 5h Kd Kc Jc]
Seat 1: SmellyToes4u (button) (small blind) collected ($17.64)
Seat 2: Looosersulze (big blind) folded on the River


PokerStars Hand #146940868822:  Hold'em Limit ($3/$6 USD) - 2016/01/12 18:15:44 ET
Table 'Ankaa' 2-max Seat #2 is the button
Seat 1: SmellyToes4u ($206.48 in chips)
Seat 2: Looosersulze ($61.02 in chips)
Looosersulze: posts small blind $1
SmellyToes4u: posts big blind $3
*** HOLE CARDS ***
Looosersulze: raises $3 to $6
SmellyToes4u: raises $3 to $9
Looosersulze: calls $3
*** FLOP *** [5h 4c 4h]
SmellyToes4u: bets $3
Looosersulze: calls $3
*** TURN *** [5h 4c 4h] [5d]
SmellyToes4u: bets $6
Looosersulze: calls $6
*** RIVER *** [5h 4c 4h 5d] [3h]
SmellyToes4u: bets $6
Looosersulze: calls $6
*** SHOW DOWN ***
SmellyToes4u: shows [Js Jd] (two pair, Jacks and Fives)
Looosersulze: mucks hand
SmellyToes4u collected $47.50 from pot
*** SUMMARY ***
Total pot $48 | Rake $0.50
Board [5h 4c 4h 5d 3h]
Seat 1: SmellyToes4u (big blind) showed [Js Jd] and won ($47.50) with two pair, Jacks and Fives
Seat 2: Looosersulze (button) (small blind) mucked


PokerStars Hand #146940885712:  Hold'em Limit ($3/$6 USD) - 2016/01/12 18:16:02 ET
Table 'Ankaa' 2-max Seat #1 is the button
Seat 1: SmellyToes4u ($229.98 in chips)
Seat 2: Looosersulze ($37.02 in chips)
SmellyToes4u: posts small blind $1
Looosersulze: posts big blind $3
*** HOLE CARDS ***
SmellyToes4u: folds
Uncalled bet ($2) returned to Looosersulze
Looosersulze collected $2 from pot
Looosersulze: doesn't show hand
*** SUMMARY ***
Total pot $2 | Rake $0
Seat 1: SmellyToes4u (button) (small blind) folded before Flop
Seat 2: Looosersulze (big blind) collected ($2)


PokerStars Hand #146940895754:  Hold'em Limit ($3/$6 USD) - 2016/01/12 18:16:13 ET
Table 'Ankaa' 2-max Seat #2 is the button
Seat 1: SmellyToes4u ($228.98 in chips)
Seat 2: Looosersulze ($38.02 in chips)
Looosersulze: posts small blind $1
SmellyToes4u: posts big blind $3
*** HOLE CARDS ***
Looosersulze: raises $3 to $6
SmellyToes4u: calls $3
*** FLOP *** [Kh 8h 6s]
SmellyToes4u: checks
Looosersulze: checks
*** TURN *** [Kh 8h 6s] [Ts]
SmellyToes4u: bets $6
Looosersulze: calls $6
*** RIVER *** [Kh 8h 6s Ts] [Ah]
SmellyToes4u: checks
Looosersulze: bets $6
SmellyToes4u: folds
Uncalled bet ($6) returned to Looosersulze
Looosersulze collected $23.52 from pot
Looosersulze: doesn't show hand
*** SUMMARY ***
Total pot $24 | Rake $0.48
Board [Kh 8h 6s Ts Ah]
Seat 1: SmellyToes4u (big blind) folded on the River
Seat 2: Looosersulze (button) (small blind) collected ($23.52)


PokerStars Hand #146940916432:  Hold'em Limit ($3/$6 USD) - 2016/01/12 18:16:36 ET
Table 'Ankaa' 2-max Seat #1 is the button
Seat 1: SmellyToes4u ($216.98 in chips)
Seat 2: Looosersulze ($49.54 in chips)
SmellyToes4u: posts small blind $1
Looosersulze: posts big blind $3
*** HOLE CARDS ***
SmellyToes4u: raises $3 to $6
Looosersulze: raises $3 to $9
SmellyToes4u: calls $3
*** FLOP *** [Qd Qc 2h]
Looosersulze: bets $3
SmellyToes4u: calls $3
*** TURN *** [Qd Qc 2h] [8d]
Looosersulze: bets $6
SmellyToes4u: folds
Uncalled bet ($6) returned to Looosersulze
Looosersulze collected $23.52 from pot
Looosersulze: doesn't show hand
*** SUMMARY ***
Total pot $24 | Rake $0.48
Board [Qd Qc 2h 8d]
Seat 1: SmellyToes4u (button) (small blind) folded on the Turn
Seat 2: Looosersulze (big blind) collected ($23.52)


PokerStars Hand #146940931519:  Hold'em Limit ($3/$6 USD) - 2016/01/12 18:16:53 ET
Table 'Ankaa' 2-max Seat #2 is the button
Seat 1: SmellyToes4u ($204.98 in chips)
Seat 2: Looosersulze ($61.06 in chips)
Looosersulze: posts small blind $1
SmellyToes4u: posts big blind $3
*** HOLE CARDS ***
Looosersulze: raises $3 to $6
SmellyToes4u: calls $3
*** FLOP *** [4h 6s Ac]
SmellyToes4u: checks
Looosersulze: checks
*** TURN *** [4h 6s Ac] [8d]
SmellyToes4u: bets $6
Looosersulze: folds
Uncalled bet ($6) returned to SmellyToes4u
SmellyToes4u collected $11.76 from pot
SmellyToes4u: doesn't show hand
*** SUMMARY ***
Total pot $12 | Rake $0.24
Board [4h 6s Ac 8d]
Seat 1: SmellyToes4u (big blind) collected ($11.76)
Seat 2: Looosersulze (button) (small blind) folded on the Turn


PokerStars Hand #146940946437:  Hold'em Limit ($3/$6 USD) - 2016/01/12 18:17:10 ET
Table 'Ankaa' 2-max Seat #1 is the button
Seat 1: SmellyToes4u ($210.74 in chips)
Seat 2: Looosersulze ($55.06 in chips)
SmellyToes4u: posts small blind $1
Looosersulze: posts big blind $3
*** HOLE CARDS ***
SmellyToes4u: raises $3 to $6
Looosersulze: calls $3
*** FLOP *** [3s Jd Ks]
Looosersulze: checks
SmellyToes4u: bets $3
Looosersulze: folds
Uncalled bet ($3) returned to SmellyToes4u
SmellyToes4u collected $11.76 from pot
SmellyToes4u: doesn't show hand
*** SUMMARY ***
Total pot $12 | Rake $0.24
Board [3s Jd Ks]
Seat 1: SmellyToes4u (button) (small blind) collected ($11.76)
Seat 2: Looosersulze (big blind) folded on the Flop


PokerStars Hand #146940956017:  Hold'em Limit ($3/$6 USD) - 2016/01/12 18:17:21 ET
Table 'Ankaa' 2-max Seat #2 is the button
Seat 1: SmellyToes4u ($216.50 in chips)
Seat 2: Looosersulze ($49.06 in chips)
Looosersulze: posts small blind $1
SmellyToes4u: posts big blind $3
*** HOLE CARDS ***
Looosersulze: raises $3 to $6
SmellyToes4u: calls $3
*** FLOP *** [2s 2c Tc]
SmellyToes4u: checks
Looosersulze: checks
*** TURN *** [2s 2c Tc] [7d]
SmellyToes4u: bets $6
Looosersulze: calls $6
*** RIVER *** [2s 2c Tc 7d] [5d]
SmellyToes4u: bets $6
Looosersulze: folds
Uncalled bet ($6) returned to SmellyToes4u
SmellyToes4u collected $23.52 from pot
SmellyToes4u: doesn't show hand
*** SUMMARY ***
Total pot $24 | Rake $0.48
Board [2s 2c Tc 7d 5d]
Seat 1: SmellyToes4u (big blind) collected ($23.52)
Seat 2: Looosersulze (button) (small blind) folded on the River


PokerStars Hand #146940973568:  Hold'em Limit ($3/$6 USD) - 2016/01/12 18:17:40 ET
Table 'Ankaa' 2-max Seat #1 is the button
Seat 1: SmellyToes4u ($228.02 in chips)
Seat 2: Looosersulze ($37.06 in chips)
SmellyToes4u: posts small blind $1
Looosersulze: posts big blind $3
*** HOLE CARDS ***
SmellyToes4u: raises $3 to $6
Looosersulze: raises $3 to $9
SmellyToes4u: calls $3
*** FLOP *** [Qs 4d 7s]
Looosersulze: bets $3
SmellyToes4u: calls $3
*** TURN *** [Qs 4d 7s] [8h]
Looosersulze: bets $6
SmellyToes4u: raises $6 to $12
Looosersulze: calls $6
*** RIVER *** [Qs 4d 7s 8h] [7d]
Looosersulze: bets $6
SmellyToes4u: calls $6
*** SHOW DOWN ***
Looosersulze: shows [Qd Qc] (a full house, Queens full of Sevens)
SmellyToes4u: mucks hand
Looosersulze collected $59.50 from pot
*** SUMMARY ***
Total pot $60 | Rake $0.50
Board [Qs 4d 7s 8h 7d]
Seat 1: SmellyToes4u (button) (small blind) mucked
Seat 2: Looosersulze (big blind) showed [Qd Qc] and won ($59.50) with a full house, Queens full of Sevens


PokerStars Hand #146940990987:  Hold'em Limit ($3/$6 USD) - 2016/01/12 18:18:00 ET
Table 'Ankaa' 2-max Seat #2 is the button
Seat 1: SmellyToes4u ($198.02 in chips)
Seat 2: Looosersulze ($66.56 in chips)
Looosersulze: posts small blind $1
SmellyToes4u: posts big blind $3
*** HOLE CARDS ***
Looosersulze: raises $3 to $6
SmellyToes4u: raises $3 to $9
Looosersulze: calls $3
*** FLOP *** [Kh 3d Ah]
SmellyToes4u: bets $3
Looosersulze: calls $3
*** TURN *** [Kh 3d Ah] [As]
SmellyToes4u: checks
Looosersulze: checks
*** RIVER *** [Kh 3d Ah As] [Kc]
SmellyToes4u: checks
Looosersulze: checks
*** SHOW DOWN ***
SmellyToes4u: shows [Jc Jd] (two pair, Aces and Kings)
Looosersulze: shows [Qh 8s] (two pair, Aces and Kings - Queen kicker)
Looosersulze collected $23.52 from pot
*** SUMMARY ***
Total pot $24 | Rake $0.48
Board [Kh 3d Ah As Kc]
Seat 1: SmellyToes4u (big blind) showed [Jc Jd] and lost with two pair, Aces and Kings
Seat 2: Looosersulze (button) (small blind) showed [Qh 8s] and won ($23.52) with two pair, Aces and Kings


PokerStars Hand #146941014271:  Hold'em Limit ($3/$6 USD) - 2016/01/12 18:18:25 ET
Table 'Ankaa' 2-max Seat #1 is the button
Seat 1: SmellyToes4u ($186.02 in chips)
Seat 2: Looosersulze ($78.08 in chips)
SmellyToes4u: posts small blind $1
Looosersulze: posts big blind $3
*** HOLE CARDS ***
SmellyToes4u: raises $3 to $6
Looosersulze: calls $3
*** FLOP *** [9h 5s Tc]
Looosersulze: bets $3
SmellyToes4u: raises $3 to $6
Looosersulze: calls $3
*** TURN *** [9h 5s Tc] [5d]
Looosersulze: bets $6
SmellyToes4u: calls $6
*** RIVER *** [9h 5s Tc 5d] [Th]
Looosersulze: bets $6
SmellyToes4u: folds
Uncalled bet ($6) returned to Looosersulze
Looosersulze collected $35.50 from pot
Looosersulze: doesn't show hand
*** SUMMARY ***
Total pot $36 | Rake $0.50
Board [9h 5s Tc 5d Th]
Seat 1: SmellyToes4u (button) (small blind) folded on the River
Seat 2: Looosersulze (big blind) collected ($35.50)


PokerStars Hand #146941035531:  Hold'em Limit ($3/$6 USD) - 2016/01/12 18:18:49 ET
Table 'Ankaa' 2-max Seat #2 is the button
Seat 1: SmellyToes4u ($168.02 in chips)
Seat 2: Looosersulze ($95.58 in chips)
Looosersulze: posts small blind $1
SmellyToes4u: posts big blind $3
*** HOLE CARDS ***
Looosersulze: raises $3 to $6
SmellyToes4u: calls $3
*** FLOP *** [Th Ah 4h]
SmellyToes4u: checks
Looosersulze: bets $3
SmellyToes4u: raises $3 to $6
Looosersulze: calls $3
*** TURN *** [Th Ah 4h] [Jd]
SmellyToes4u: bets $6
Looosersulze: calls $6
*** RIVER *** [Th Ah 4h Jd] [7s]
SmellyToes4u: bets $6
Looosersulze: calls $6
*** SHOW DOWN ***
SmellyToes4u: shows [9h Qd] (high card Ace)
Looosersulze: shows [9s Kh] (high card Ace - King kicker)
Looosersulze collected $47.50 from pot
*** SUMMARY ***
Total pot $48 | Rake $0.50
Board [Th Ah 4h Jd 7s]
Seat 1: SmellyToes4u (big blind) showed [9h Qd] and lost with high card Ace
Seat 2: Looosersulze (button) (small blind) showed [9s Kh] and won ($47.50) with high card Ace


PokerStars Hand #146941054170:  Hold'em Limit ($3/$6 USD) - 2016/01/12 18:19:10 ET
Table 'Ankaa' 2-max Seat #1 is the button
Seat 1: SmellyToes4u ($144.02 in chips)
Seat 2: Looosersulze ($119.08 in chips)
SmellyToes4u: posts small blind $1
Looosersulze: posts big blind $3
*** HOLE CARDS ***
SmellyToes4u: raises $3 to $6
Looosersulze: raises $3 to $9
SmellyToes4u: calls $3
*** FLOP *** [5h 8s 7h]
Looosersulze: bets $3
SmellyToes4u: calls $3
*** TURN *** [5h 8s 7h] [4s]
Looosersulze: bets $6
SmellyToes4u: folds
Uncalled bet ($6) returned to Looosersulze
Looosersulze collected $23.52 from pot
Looosersulze: doesn't show hand
*** SUMMARY ***
Total pot $24 | Rake $0.48
Board [5h 8s 7h 4s]
Seat 1: SmellyToes4u (button) (small blind) folded on the Turn
Seat 2: Looosersulze (big blind) collected ($23.52)


PokerStars Hand #146941069159:  Hold'em Limit ($3/$6 USD) - 2016/01/12 18:19:26 ET
Table 'Ankaa' 2-max Seat #2 is the button
Seat 1: SmellyToes4u ($132.02 in chips)
Seat 2: Looosersulze ($130.60 in chips)
Looosersulze: posts small blind $1
SmellyToes4u: posts big blind $3
*** HOLE CARDS ***
Looosersulze: raises $3 to $6
SmellyToes4u: calls $3
*** FLOP *** [6s 9h Ks]
SmellyToes4u: checks
Looosersulze: bets $3
SmellyToes4u: calls $3
*** TURN *** [6s 9h Ks] [7s]
SmellyToes4u: checks
Looosersulze: bets $6
SmellyToes4u: calls $6
*** RIVER *** [6s 9h Ks 7s] [2h]
SmellyToes4u: checks
Looosersulze: bets $6
SmellyToes4u: calls $6
*** SHOW DOWN ***
Looosersulze: shows [3s 7d] (a pair of Sevens)
SmellyToes4u: shows [5h Kc] (a pair of Kings)
SmellyToes4u collected $41.50 from pot
*** SUMMARY ***
Total pot $42 | Rake $0.50
Board [6s 9h Ks 7s 2h]
Seat 1: SmellyToes4u (big blind) showed [5h Kc] and won ($41.50) with a pair of Kings
Seat 2: Looosersulze (button) (small blind) showed [3s 7d] and lost with a pair of Sevens


PokerStars Hand #146941092764:  Hold'em Limit ($3/$6 USD) - 2016/01/12 18:19:53 ET
Table 'Ankaa' 2-max Seat #1 is the button
Seat 1: SmellyToes4u ($152.52 in chips)
Seat 2: Looosersulze ($109.60 in chips)
SmellyToes4u: posts small blind $1
Looosersulze: posts big blind $3
*** HOLE CARDS ***
SmellyToes4u: raises $3 to $6
Looosersulze: raises $3 to $9
SmellyToes4u: calls $3
*** FLOP *** [5h 3s Th]
Looosersulze: bets $3
SmellyToes4u: calls $3
*** TURN *** [5h 3s Th] [2h]
Looosersulze: bets $6
SmellyToes4u: calls $6
*** RIVER *** [5h 3s Th 2h] [6c]
Looosersulze: bets $6
SmellyToes4u: calls $6
*** SHOW DOWN ***
Looosersulze: shows [Jh Jc] (a pair of Jacks)
SmellyToes4u: mucks hand
Looosersulze collected $47.50 from pot
*** SUMMARY ***
Total pot $48 | Rake $0.50
Board [5h 3s Th 2h 6c]
Seat 1: SmellyToes4u (button) (small blind) mucked
Seat 2: Looosersulze (big blind) showed [Jh Jc] and won ($47.50) with a pair of Jacks


PokerStars Hand #146941111036:  Hold'em Limit ($3/$6 USD) - 2016/01/12 18:20:13 ET
Table 'Ankaa' 2-max Seat #2 is the button
Seat 1: SmellyToes4u ($128.52 in chips)
Seat 2: Looosersulze ($133.10 in chips)
Looosersulze: posts small blind $1
SmellyToes4u: posts big blind $3
*** HOLE CARDS ***
Looosersulze: raises $3 to $6
SmellyToes4u: calls $3
*** FLOP *** [8d 8h 3c]
SmellyToes4u: checks
Looosersulze: bets $3
SmellyToes4u: calls $3
*** TURN *** [8d 8h 3c] [Qs]
SmellyToes4u: checks
Looosersulze: bets $6
SmellyToes4u: raises $6 to $12
Looosersulze: calls $6
*** RIVER *** [8d 8h 3c Qs] [Th]
SmellyToes4u: bets $6
Looosersulze: calls $6
*** SHOW DOWN ***
SmellyToes4u: shows [8s Jd] (three of a kind, Eights)
Looosersulze: mucks hand
SmellyToes4u collected $53.50 from pot
*** SUMMARY ***
Total pot $54 | Rake $0.50
Board [8d 8h 3c Qs Th]
Seat 1: SmellyToes4u (big blind) showed [8s Jd] and won ($53.50) with three of a kind, Eights
Seat 2: Looosersulze (button) (small blind) mucked


PokerStars Hand #146941130949:  Hold'em Limit ($3/$6 USD) - 2016/01/12 18:20:36 ET
Table 'Ankaa' 2-max Seat #1 is the button
Seat 1: SmellyToes4u ($155.02 in chips)
Seat 2: Looosersulze ($106.10 in chips)
SmellyToes4u: posts small blind $1
Looosersulze: posts big blind $3
*** HOLE CARDS ***
SmellyToes4u: folds
Uncalled bet ($2) returned to Looosersulze
Looosersulze collected $2 from pot
Looosersulze: doesn't show hand
*** SUMMARY ***
Total pot $2 | Rake $0
Seat 1: SmellyToes4u (button) (small blind) folded before Flop
Seat 2: Looosersulze (big blind) collected ($2)


PokerStars Hand #146941135693:  Hold'em Limit ($3/$6 USD) - 2016/01/12 18:20:41 ET
Table 'Ankaa' 2-max Seat #2 is the button
Seat 1: SmellyToes4u ($154.02 in chips)
Seat 2: Looosersulze ($107.10 in chips)
Looosersulze: posts small blind $1
SmellyToes4u: posts big blind $3
*** HOLE CARDS ***
Looosersulze: raises $3 to $6
SmellyToes4u: raises $3 to $9
Looosersulze: calls $3
*** FLOP *** [7d Ad 9d]
SmellyToes4u: bets $3
Looosersulze: calls $3
*** TURN *** [7d Ad 9d] [8d]
SmellyToes4u: checks
Looosersulze: bets $6
SmellyToes4u: calls $6
*** RIVER *** [7d Ad 9d 8d] [5d]
SmellyToes4u: checks
Looosersulze: bets $6
SmellyToes4u: calls $6
*** SHOW DOWN ***
Looosersulze: shows [7h Ts] (a flush, Ace high)
SmellyToes4u: shows [8s 8h] (a flush, Ace high)
SmellyToes4u collected $23.75 from pot
Looosersulze collected $23.75 from pot
*** SUMMARY ***
Total pot $48 | Rake $0.50
Board [7d Ad 9d 8d 5d]
Seat 1: SmellyToes4u (big blind) showed [8s 8h] and won ($23.75) with a flush, Ace high
Seat 2: Looosersulze (button) (small blind) showed [7h Ts] and won ($23.75) with a flush, Ace high


PokerStars Hand #146941158147:  Hold'em Limit ($3/$6 USD) - 2016/01/12 18:21:06 ET
Table 'Ankaa' 2-max Seat #1 is the button
Seat 1: SmellyToes4u ($153.77 in chips)
Seat 2: Looosersulze ($106.85 in chips)
SmellyToes4u: posts small blind $1
Looosersulze: posts big blind $3
*** HOLE CARDS ***
SmellyToes4u: raises $3 to $6
Looosersulze: calls $3
*** FLOP *** [Ts Td 7d]
Looosersulze: checks
SmellyToes4u: bets $3
Looosersulze: calls $3
*** TURN *** [Ts Td 7d] [6s]
Looosersulze: checks
SmellyToes4u: checks
*** RIVER *** [Ts Td 7d 6s] [8d]
Looosersulze: bets $6
SmellyToes4u: raises $6 to $12
Looosersulze: folds
Uncalled bet ($6) returned to SmellyToes4u
SmellyToes4u collected $29.50 from pot
SmellyToes4u: doesn't show hand
*** SUMMARY ***
Total pot $30 | Rake $0.50
Board [Ts Td 7d 6s 8d]
Seat 1: SmellyToes4u (button) (small blind) collected ($29.50)
Seat 2: Looosersulze (big blind) folded on the River


PokerStars Hand #146941189436:  Hold'em Limit ($3/$6 USD) - 2016/01/12 18:21:42 ET
Table 'Ankaa' 2-max Seat #2 is the button
Seat 1: SmellyToes4u ($168.27 in chips)
Seat 2: Looosersulze ($91.85 in chips)
Looosersulze: posts small blind $1
SmellyToes4u: posts big blind $3
*** HOLE CARDS ***
Looosersulze: raises $3 to $6
SmellyToes4u: calls $3
*** FLOP *** [3s As 9s]
SmellyToes4u: checks
Looosersulze: bets $3
SmellyToes4u: raises $3 to $6
Looosersulze: calls $3
*** TURN *** [3s As 9s] [7c]
SmellyToes4u: bets $6
Looosersulze: calls $6
*** RIVER *** [3s As 9s 7c] [Th]
SmellyToes4u: bets $6
Looosersulze: calls $6
*** SHOW DOWN ***
SmellyToes4u: shows [2s 7s] (a flush, Ace high)
Looosersulze: mucks hand
SmellyToes4u collected $47.50 from pot
*** SUMMARY ***
Total pot $48 | Rake $0.50
Board [3s As 9s 7c Th]
Seat 1: SmellyToes4u (big blind) showed [2s 7s] and won ($47.50) with a flush, Ace high
Seat 2: Looosersulze (button) (small blind) mucked


PokerStars Hand #146941221322:  Hold'em Limit ($3/$6 USD) - 2016/01/12 18:22:18 ET
Table 'Ankaa' 2-max Seat #1 is the button
Seat 1: SmellyToes4u ($191.77 in chips)
Seat 2: Looosersulze ($67.85 in chips)
SmellyToes4u: posts small blind $1
Looosersulze: posts big blind $3
*** HOLE CARDS ***
SmellyToes4u: folds
Uncalled bet ($2) returned to Looosersulze
Looosersulze collected $2 from pot
Looosersulze: doesn't show hand
*** SUMMARY ***
Total pot $2 | Rake $0
Seat 1: SmellyToes4u (button) (small blind) folded before Flop
Seat 2: Looosersulze (big blind) collected ($2)


PokerStars Hand #146941226553:  Hold'em Limit ($3/$6 USD) - 2016/01/12 18:22:24 ET
Table 'Ankaa' 2-max Seat #2 is the button
Seat 1: SmellyToes4u ($190.77 in chips)
Seat 2: Looosersulze ($68.85 in chips)
Looosersulze: posts small blind $1
SmellyToes4u: posts big blind $3
*** HOLE CARDS ***
Looosersulze: raises $3 to $6
SmellyToes4u: raises $3 to $9
Looosersulze: calls $3
*** FLOP *** [Tc 4h Jc]
SmellyToes4u: bets $3
Looosersulze: calls $3
*** TURN *** [Tc 4h Jc] [Th]
SmellyToes4u: bets $6
Looosersulze: calls $6
*** RIVER *** [Tc 4h Jc Th] [Ac]
SmellyToes4u: bets $6
Looosersulze: folds
Uncalled bet ($6) returned to SmellyToes4u
SmellyToes4u collected $35.50 from pot
SmellyToes4u: doesn't show hand
*** SUMMARY ***
Total pot $36 | Rake $0.50
Board [Tc 4h Jc Th Ac]
Seat 1: SmellyToes4u (big blind) collected ($35.50)
Seat 2: Looosersulze (button) (small blind) folded on the River


PokerStars Hand #146941242729:  Hold'em Limit ($3/$6 USD) - 2016/01/12 18:22:42 ET
Table 'Ankaa' 2-max Seat #1 is the button
Seat 1: SmellyToes4u ($208.27 in chips)
Seat 2: Looosersulze ($50.85 in chips)
SmellyToes4u: posts small blind $1
Looosersulze: posts big blind $3
*** HOLE CARDS ***
SmellyToes4u: raises $3 to $6
Looosersulze: calls $3
*** FLOP *** [2d Tc Js]
Looosersulze: bets $3
SmellyToes4u: raises $3 to $6
Looosersulze: calls $3
*** TURN *** [2d Tc Js] [Th]
Looosersulze: bets $6
SmellyToes4u: calls $6
*** RIVER *** [2d Tc Js Th] [6h]
Looosersulze: bets $6
SmellyToes4u: calls $6
*** SHOW DOWN ***
Looosersulze: shows [8d Ts] (three of a kind, Tens)
SmellyToes4u: mucks hand
Looosersulze collected $47.50 from pot
*** SUMMARY ***
Total pot $48 | Rake $0.50
Board [2d Tc Js Th 6h]
Seat 1: SmellyToes4u (button) (small blind) mucked
Seat 2: Looosersulze (big blind) showed [8d Ts] and won ($47.50) with three of a kind, Tens


PokerStars Hand #146941269921:  Hold'em Limit ($3/$6 USD) - 2016/01/12 18:23:13 ET
Table 'Ankaa' 2-max Seat #2 is the button
Seat 1: SmellyToes4u ($184.27 in chips)
Seat 2: Looosersulze ($74.35 in chips)
Looosersulze: posts small blind $1
SmellyToes4u: posts big blind $3
*** HOLE CARDS ***
Looosersulze: raises $3 to $6
SmellyToes4u: folds
Uncalled bet ($3) returned to Looosersulze
Looosersulze collected $6 from pot
Looosersulze: doesn't show hand
*** SUMMARY ***
Total pot $6 | Rake $0
Seat 1: SmellyToes4u (big blind) folded before Flop
Seat 2: Looosersulze (button) (small blind) collected ($6)


PokerStars Hand #146941277952:  Hold'em Limit ($3/$6 USD) - 2016/01/12 18:23:22 ET
Table 'Ankaa' 2-max Seat #1 is the button
Seat 1: SmellyToes4u ($181.27 in chips)
Seat 2: Looosersulze ($77.35 in chips)
SmellyToes4u: posts small blind $1
Looosersulze: posts big blind $3
*** HOLE CARDS ***
SmellyToes4u: raises $3 to $6
Looosersulze: raises $3 to $9
SmellyToes4u: calls $3
*** FLOP *** [9s 6d 3s]
Looosersulze: bets $3
SmellyToes4u: calls $3
*** TURN *** [9s 6d 3s] [5c]
Looosersulze: bets $6
SmellyToes4u: calls $6
*** RIVER *** [9s 6d 3s 5c] [Jc]
Looosersulze: bets $6
SmellyToes4u: calls $6
*** SHOW DOWN ***
Looosersulze: shows [9d As] (a pair of Nines)
SmellyToes4u: mucks hand
Looosersulze collected $47.50 from pot
*** SUMMARY ***
Total pot $48 | Rake $0.50
Board [9s 6d 3s 5c Jc]
Seat 1: SmellyToes4u (button) (small blind) mucked
Seat 2: Looosersulze (big blind) showed [9d As] and won ($47.50) with a pair of Nines


PokerStars Hand #146941292353:  Hold'em Limit ($3/$6 USD) - 2016/01/12 18:23:39 ET
Table 'Ankaa' 2-max Seat #2 is the button
Seat 1: SmellyToes4u ($157.27 in chips)
Seat 2: Looosersulze ($100.85 in chips)
Looosersulze: posts small blind $1
SmellyToes4u: posts big blind $3
*** HOLE CARDS ***
Looosersulze: raises $3 to $6
SmellyToes4u: calls $3
*** FLOP *** [6c 2s 8d]
SmellyToes4u: checks
Looosersulze: bets $3
SmellyToes4u: raises $3 to $6
Looosersulze: calls $3
*** TURN *** [6c 2s 8d] [5d]
SmellyToes4u: bets $6
Looosersulze: calls $6
*** RIVER *** [6c 2s 8d 5d] [Ks]
SmellyToes4u: bets $6
Looosersulze: folds
Uncalled bet ($6) returned to SmellyToes4u
SmellyToes4u collected $35.50 from pot
SmellyToes4u: doesn't show hand
*** SUMMARY ***
Total pot $36 | Rake $0.50
Board [6c 2s 8d 5d Ks]
Seat 1: SmellyToes4u (big blind) collected ($35.50)
Seat 2: Looosersulze (button) (small blind) folded on the River


PokerStars Hand #146941309144:  Hold'em Limit ($3/$6 USD) - 2016/01/12 18:23:58 ET
Table 'Ankaa' 2-max Seat #1 is the button
Seat 1: SmellyToes4u ($174.77 in chips)
Seat 2: Looosersulze ($82.85 in chips)
SmellyToes4u: posts small blind $1
Looosersulze: posts big blind $3
*** HOLE CARDS ***
SmellyToes4u: raises $3 to $6
Looosersulze: calls $3
*** FLOP *** [Jh 9s As]
Looosersulze: checks
SmellyToes4u: bets $3
Looosersulze: calls $3
*** TURN *** [Jh 9s As] [8d]
Looosersulze: checks
SmellyToes4u: checks
*** RIVER *** [Jh 9s As 8d] [7c]
Looosersulze: bets $6
SmellyToes4u: folds
Uncalled bet ($6) returned to Looosersulze
Looosersulze collected $17.64 from pot
Looosersulze: doesn't show hand
*** SUMMARY ***
Total pot $18 | Rake $0.36
Board [Jh 9s As 8d 7c]
Seat 1: SmellyToes4u (button) (small blind) folded on the River
Seat 2: Looosersulze (big blind) collected ($17.64)


PokerStars Hand #146941325737:  Hold'em Limit ($3/$6 USD) - 2016/01/12 18:24:17 ET
Table 'Ankaa' 2-max Seat #2 is the button
Seat 1: SmellyToes4u ($165.77 in chips)
Seat 2: Looosersulze ($91.49 in chips)
Looosersulze: posts small blind $1
SmellyToes4u: posts big blind $3
*** HOLE CARDS ***
Looosersulze: raises $3 to $6
SmellyToes4u: calls $3
*** FLOP *** [4d 8s 7s]
SmellyToes4u: checks
Looosersulze: bets $3
SmellyToes4u: calls $3
*** TURN *** [4d 8s 7s] [Qd]
SmellyToes4u: checks
Looosersulze: bets $6
SmellyToes4u: calls $6
*** RIVER *** [4d 8s 7s Qd] [3c]
SmellyToes4u: checks
Looosersulze: bets $6
SmellyToes4u: calls $6
*** SHOW DOWN ***
Looosersulze: shows [Qh 5s] (a pair of Queens)
SmellyToes4u: mucks hand
Looosersulze collected $41.50 from pot
*** SUMMARY ***
Total pot $42 | Rake $0.50
Board [4d 8s 7s Qd 3c]
Seat 1: SmellyToes4u (big blind) mucked
Seat 2: Looosersulze (button) (small blind) showed [Qh 5s] and won ($41.50) with a pair of Queens


PokerStars Hand #146941346239:  Hold'em Limit ($3/$6 USD) - 2016/01/12 18:24:40 ET
Table 'Ankaa' 2-max Seat #1 is the button
Seat 1: SmellyToes4u ($144.77 in chips)
Seat 2: Looosersulze ($111.99 in chips)
SmellyToes4u: posts small blind $1
Looosersulze: posts big blind $3
*** HOLE CARDS ***
SmellyToes4u: raises $3 to $6
Looosersulze: raises $3 to $9
SmellyToes4u: calls $3
*** FLOP *** [3h Qh Ah]
Looosersulze: bets $3
SmellyToes4u: calls $3
*** TURN *** [3h Qh Ah] [Kh]
Looosersulze: bets $6
SmellyToes4u: folds
Uncalled bet ($6) returned to Looosersulze
Looosersulze collected $23.52 from pot
Looosersulze: doesn't show hand
*** SUMMARY ***
Total pot $24 | Rake $0.48
Board [3h Qh Ah Kh]
Seat 1: SmellyToes4u (button) (small blind) folded on the Turn
Seat 2: Looosersulze (big blind) collected ($23.52)


PokerStars Hand #146941393389:  Hold'em Limit ($3/$6 USD) - 2016/01/12 18:25:34 ET
Table 'Ankaa' 2-max Seat #1 is the button
Seat 1: SmellyToes4u ($105.77 in chips)
Seat 2: Looosersulze ($150.01 in chips)
SmellyToes4u: posts small blind $1
Looosersulze: posts big blind $3
*** HOLE CARDS ***
SmellyToes4u: folds
Uncalled bet ($2) returned to Looosersulze
Looosersulze collected $2 from pot
Looosersulze: doesn't show hand
*** SUMMARY ***
Total pot $2 | Rake $0
Seat 1: SmellyToes4u (button) (small blind) folded before Flop
Seat 2: Looosersulze (big blind) collected ($2)


PokerStars Hand #146941359644:  Hold'em Limit ($3/$6 USD) - 2016/01/12 18:24:55 ET
Table 'Ankaa' 2-max Seat #2 is the button
Seat 1: SmellyToes4u ($132.77 in chips)
Seat 2: Looosersulze ($123.51 in chips)
Looosersulze: posts small blind $1
SmellyToes4u: posts big blind $3
*** HOLE CARDS ***
Looosersulze: raises $3 to $6
SmellyToes4u: raises $3 to $9
Looosersulze: raises $3 to $12
Betting is capped
SmellyToes4u: calls $3
*** FLOP *** [8c Ad Kd]
SmellyToes4u: checks
Looosersulze: bets $3
SmellyToes4u: calls $3
*** TURN *** [8c Ad Kd] [As]
SmellyToes4u: checks
Looosersulze: bets $6
SmellyToes4u: calls $6
*** RIVER *** [8c Ad Kd As] [9h]
SmellyToes4u: checks
Looosersulze: bets $6
SmellyToes4u: calls $6
*** SHOW DOWN ***
Looosersulze: shows [Ac 5c] (three of a kind, Aces)
SmellyToes4u: mucks hand
Looosersulze collected $53.50 from pot
*** SUMMARY ***
Total pot $54 | Rake $0.50
Board [8c Ad Kd As 9h]
Seat 1: SmellyToes4u (big blind) mucked
Seat 2: Looosersulze (button) (small blind) showed [Ac 5c] and won ($53.50) with three of a kind, Aces


PokerStars Hand #146941397333:  Hold'em Limit ($3/$6 USD) - 2016/01/12 18:25:39 ET
Table 'Ankaa' 2-max Seat #2 is the button
Seat 1: SmellyToes4u ($104.77 in chips)
Seat 2: Looosersulze ($151.01 in chips)
Looosersulze: posts small blind $1
SmellyToes4u: posts big blind $3
*** HOLE CARDS ***
Looosersulze: raises $3 to $6
SmellyToes4u: calls $3
*** FLOP *** [2s 9s 4c]
SmellyToes4u: checks
Looosersulze: checks
*** TURN *** [2s 9s 4c] [8h]
SmellyToes4u: bets $6
Looosersulze: folds
Uncalled bet ($6) returned to SmellyToes4u
SmellyToes4u collected $11.76 from pot
SmellyToes4u: doesn't show hand
*** SUMMARY ***
Total pot $12 | Rake $0.24
Board [2s 9s 4c 8h]
Seat 1: SmellyToes4u (big blind) collected ($11.76)
Seat 2: Looosersulze (button) (small blind) folded on the Turn


PokerStars Hand #146941410799:  Hold'em Limit ($3/$6 USD) - 2016/01/12 18:25:54 ET
Table 'Ankaa' 2-max Seat #1 is the button
Seat 1: SmellyToes4u ($110.53 in chips)
Seat 2: Looosersulze ($145.01 in chips)
SmellyToes4u: posts small blind $1
Looosersulze: posts big blind $3
*** HOLE CARDS ***
SmellyToes4u: raises $3 to $6
Looosersulze: calls $3
*** FLOP *** [7d Qs 9c]
Looosersulze: checks
SmellyToes4u: bets $3
Looosersulze: folds
Uncalled bet ($3) returned to SmellyToes4u
SmellyToes4u collected $11.76 from pot
SmellyToes4u: doesn't show hand
*** SUMMARY ***
Total pot $12 | Rake $0.24
Board [7d Qs 9c]
Seat 1: SmellyToes4u (button) (small blind) collected ($11.76)
Seat 2: Looosersulze (big blind) folded on the Flop


PokerStars Hand #146941424545:  Hold'em Limit ($3/$6 USD) - 2016/01/12 18:26:10 ET
Table 'Ankaa' 2-max Seat #2 is the button
Seat 1: SmellyToes4u ($116.29 in chips)
Seat 2: Looosersulze ($139.01 in chips)
Looosersulze: posts small blind $1
SmellyToes4u: posts big blind $3
*** HOLE CARDS ***
Looosersulze: raises $3 to $6
SmellyToes4u: calls $3
*** FLOP *** [4h Qh As]
SmellyToes4u: checks
Looosersulze: bets $3
SmellyToes4u: folds
Uncalled bet ($3) returned to Looosersulze
Looosersulze collected $11.76 from pot
Looosersulze: doesn't show hand
*** SUMMARY ***
Total pot $12 | Rake $0.24
Board [4h Qh As]
Seat 1: SmellyToes4u (big blind) folded on the Flop
Seat 2: Looosersulze (button) (small blind) collected ($11.76)


PokerStars Hand #146941439651:  Hold'em Limit ($3/$6 USD) - 2016/01/12 18:26:27 ET
Table 'Ankaa' 2-max Seat #1 is the button
Seat 1: SmellyToes4u ($110.29 in chips)
Seat 2: Looosersulze ($144.77 in chips)
SmellyToes4u: posts small blind $1
Looosersulze: posts big blind $3
*** HOLE CARDS ***
SmellyToes4u: raises $3 to $6
Looosersulze: raises $3 to $9
SmellyToes4u: calls $3
*** FLOP *** [Td Ks Ad]
Looosersulze: bets $3
SmellyToes4u: folds
Uncalled bet ($3) returned to Looosersulze
Looosersulze collected $17.64 from pot
Looosersulze: doesn't show hand
*** SUMMARY ***
Total pot $18 | Rake $0.36
Board [Td Ks Ad]
Seat 1: SmellyToes4u (button) (small blind) folded on the Flop
Seat 2: Looosersulze (big blind) collected ($17.64)


PokerStars Hand #146941455329:  Hold'em Limit ($3/$6 USD) - 2016/01/12 18:26:45 ET
Table 'Ankaa' 2-max Seat #1 is the button
Seat 1: SmellyToes4u ($102.29 in chips)
Seat 2: Looosersulze ($152.41 in chips)
SmellyToes4u: posts small blind $1
Looosersulze: posts big blind $3
*** HOLE CARDS ***
SmellyToes4u: folds
Uncalled bet ($2) returned to Looosersulze
Looosersulze collected $2 from pot
Looosersulze: doesn't show hand
*** SUMMARY ***
Total pot $2 | Rake $0
Seat 1: SmellyToes4u (button) (small blind) folded before Flop
Seat 2: Looosersulze (big blind) collected ($2)


PokerStars Hand #146941449979:  Hold'em Limit ($3/$6 USD) - 2016/01/12 18:26:39 ET
Table 'Ankaa' 2-max Seat #2 is the button
Seat 1: SmellyToes4u ($101.29 in chips)
Seat 2: Looosersulze ($153.41 in chips)
Looosersulze: posts small blind $1
SmellyToes4u: posts big blind $3
*** HOLE CARDS ***
Looosersulze: folds
Uncalled bet ($2) returned to SmellyToes4u
SmellyToes4u collected $2 from pot
SmellyToes4u: doesn't show hand
*** SUMMARY ***
Total pot $2 | Rake $0
Seat 1: SmellyToes4u (big blind) collected ($2)
Seat 2: Looosersulze (button) (small blind) folded before Flop


PokerStars Hand #146941459613:  Hold'em Limit ($3/$6 USD) - 2016/01/12 18:26:50 ET
Table 'Ankaa' 2-max Seat #2 is the button
Seat 1: SmellyToes4u ($101.29 in chips)
Seat 2: Looosersulze ($153.41 in chips)
Looosersulze: posts small blind $1
SmellyToes4u: posts big blind $3
*** HOLE CARDS ***
Looosersulze: raises $3 to $6
SmellyToes4u: folds
Uncalled bet ($3) returned to Looosersulze
Looosersulze collected $6 from pot
Looosersulze: doesn't show hand
*** SUMMARY ***
Total pot $6 | Rake $0
Seat 1: SmellyToes4u (big blind) folded before Flop
Seat 2: Looosersulze (button) (small blind) collected ($6)


PokerStars Hand #146941464697:  Hold'em Limit ($3/$6 USD) - 2016/01/12 18:26:56 ET
Table 'Ankaa' 2-max Seat #1 is the button
Seat 1: SmellyToes4u ($98.29 in chips)
Seat 2: Looosersulze ($156.41 in chips)
SmellyToes4u: posts small blind $1
Looosersulze: posts big blind $3
*** HOLE CARDS ***
SmellyToes4u: raises $3 to $6
Looosersulze: calls $3
*** FLOP *** [7s Jc 5h]
Looosersulze: bets $3
SmellyToes4u: raises $3 to $6
Looosersulze: calls $3
*** TURN *** [7s Jc 5h] [Qd]
Looosersulze: checks
SmellyToes4u: bets $6
Looosersulze: calls $6
*** RIVER *** [7s Jc 5h Qd] [2c]
Looosersulze: checks
SmellyToes4u: bets $6
Looosersulze: folds
Uncalled bet ($6) returned to SmellyToes4u
SmellyToes4u collected $35.50 from pot
SmellyToes4u: doesn't show hand
*** SUMMARY ***
Total pot $36 | Rake $0.50
Board [7s Jc 5h Qd 2c]
Seat 1: SmellyToes4u (button) (small blind) collected ($35.50)
Seat 2: Looosersulze (big blind) folded on the River


PokerStars Hand #146941493708:  Hold'em Limit ($3/$6 USD) - 2016/01/12 18:27:29 ET
Table 'Ankaa' 2-max Seat #2 is the button
Seat 1: SmellyToes4u ($115.79 in chips)
Seat 2: Looosersulze ($138.41 in chips)
Looosersulze: posts small blind $1
SmellyToes4u: posts big blind $3
*** HOLE CARDS ***
Looosersulze: raises $3 to $6
SmellyToes4u: calls $3
*** FLOP *** [7h Th 8h]
SmellyToes4u: checks
Looosersulze: bets $3
SmellyToes4u: folds
Uncalled bet ($3) returned to Looosersulze
Looosersulze collected $11.76 from pot
Looosersulze: doesn't show hand
*** SUMMARY ***
Total pot $12 | Rake $0.24
Board [7h Th 8h]
Seat 1: SmellyToes4u (big blind) folded on the Flop
Seat 2: Looosersulze (button) (small blind) collected ($11.76)


PokerStars Hand #146941509566:  Hold'em Limit ($3/$6 USD) - 2016/01/12 18:27:48 ET
Table 'Ankaa' 2-max Seat #1 is the button
Seat 1: SmellyToes4u ($109.79 in chips)
Seat 2: Looosersulze ($144.17 in chips)
SmellyToes4u: posts small blind $1
Looosersulze: posts big blind $3
*** HOLE CARDS ***
SmellyToes4u: raises $3 to $6
Looosersulze: raises $3 to $9
SmellyToes4u: calls $3
*** FLOP *** [7s 9h Ad]
Looosersulze: bets $3
SmellyToes4u: raises $3 to $6
Looosersulze: calls $3
*** TURN *** [7s 9h Ad] [9c]
Looosersulze: checks
SmellyToes4u: checks
*** RIVER *** [7s 9h Ad 9c] [As]
Looosersulze: bets $6
SmellyToes4u: folds
Uncalled bet ($6) returned to Looosersulze
Looosersulze collected $29.50 from pot
Looosersulze: doesn't show hand
*** SUMMARY ***
Total pot $30 | Rake $0.50
Board [7s 9h Ad 9c As]
Seat 1: SmellyToes4u (button) (small blind) folded on the River
Seat 2: Looosersulze (big blind) collected ($29.50)


PokerStars Hand #146941534017:  Hold'em Limit ($3/$6 USD) - 2016/01/12 18:28:16 ET
Table 'Ankaa' 2-max Seat #2 is the button
Seat 1: SmellyToes4u ($94.79 in chips)
Seat 2: Looosersulze ($158.67 in chips)
Looosersulze: posts small blind $1
SmellyToes4u: posts big blind $3
*** HOLE CARDS ***
Looosersulze: raises $3 to $6
SmellyToes4u: folds
Uncalled bet ($3) returned to Looosersulze
Looosersulze collected $6 from pot
Looosersulze: doesn't show hand
*** SUMMARY ***
Total pot $6 | Rake $0
Seat 1: SmellyToes4u (big blind) folded before Flop
Seat 2: Looosersulze (button) (small blind) collected ($6)


PokerStars Hand #146941540194:  Hold'em Limit ($3/$6 USD) - 2016/01/12 18:28:23 ET
Table 'Ankaa' 2-max Seat #1 is the button
Seat 1: SmellyToes4u ($91.79 in chips)
Seat 2: Looosersulze ($161.67 in chips)
SmellyToes4u: posts small blind $1
Looosersulze: posts big blind $3
*** HOLE CARDS ***
SmellyToes4u: raises $3 to $6
Looosersulze: raises $3 to $9
SmellyToes4u: calls $3
*** FLOP *** [5d 5h 3c]
Looosersulze: bets $3
SmellyToes4u: raises $3 to $6
Looosersulze: calls $3
*** TURN *** [5d 5h 3c] [9s]
Looosersulze: bets $6
SmellyToes4u: calls $6
*** RIVER *** [5d 5h 3c 9s] [6s]
Looosersulze: bets $6
SmellyToes4u: calls $6
*** SHOW DOWN ***
Looosersulze: shows [Kd 9d] (two pair, Nines and Fives)
SmellyToes4u: mucks hand
Looosersulze collected $53.50 from pot
*** SUMMARY ***
Total pot $54 | Rake $0.50
Board [5d 5h 3c 9s 6s]
Seat 1: SmellyToes4u (button) (small blind) mucked
Seat 2: Looosersulze (big blind) showed [Kd 9d] and won ($53.50) with two pair, Nines and Fives


PokerStars Hand #146941565794:  Hold'em Limit ($3/$6 USD) - 2016/01/12 18:28:53 ET
Table 'Ankaa' 2-max Seat #2 is the button
Seat 1: SmellyToes4u ($64.79 in chips)
Seat 2: Looosersulze ($188.17 in chips)
Looosersulze: posts small blind $1
SmellyToes4u: posts big blind $3
*** HOLE CARDS ***
Looosersulze: raises $3 to $6
SmellyToes4u: calls $3
*** FLOP *** [Qh Tc 4s]
SmellyToes4u: checks
Looosersulze: bets $3
SmellyToes4u: folds
Uncalled bet ($3) returned to Looosersulze
Looosersulze collected $11.76 from pot
Looosersulze: doesn't show hand
*** SUMMARY ***
Total pot $12 | Rake $0.24
Board [Qh Tc 4s]
Seat 1: SmellyToes4u (big blind) folded on the Flop
Seat 2: Looosersulze (button) (small blind) collected ($11.76)


PokerStars Hand #146941579091:  Hold'em Limit ($3/$6 USD) - 2016/01/12 18:29:08 ET
Table 'Ankaa' 2-max Seat #1 is the button
Seat 1: SmellyToes4u ($58.79 in chips)
Seat 2: Looosersulze ($193.93 in chips)
SmellyToes4u: posts small blind $1
Looosersulze: posts big blind $3
*** HOLE CARDS ***
SmellyToes4u: raises $3 to $6
Looosersulze: calls $3
*** FLOP *** [Tc 5d Qh]
Looosersulze: bets $3
SmellyToes4u: raises $3 to $6
Looosersulze: calls $3
*** TURN *** [Tc 5d Qh] [7c]
Looosersulze: checks
SmellyToes4u: bets $6
Looosersulze: calls $6
*** RIVER *** [Tc 5d Qh 7c] [Kd]
Looosersulze: bets $6
SmellyToes4u: calls $6
*** SHOW DOWN ***
Looosersulze: shows [Kc 3h] (a pair of Kings)
SmellyToes4u: shows [Ad As] (a pair of Aces)
SmellyToes4u collected $47.50 from pot
*** SUMMARY ***
Total pot $48 | Rake $0.50
Board [Tc 5d Qh 7c Kd]
Seat 1: SmellyToes4u (button) (small blind) showed [Ad As] and won ($47.50) with a pair of Aces
Seat 2: Looosersulze (big blind) showed [Kc 3h] and lost with a pair of Kings


PokerStars Hand #146941608508:  Hold'em Limit ($3/$6 USD) - 2016/01/12 18:29:43 ET
Table 'Ankaa' 2-max Seat #2 is the button
Seat 1: SmellyToes4u ($82.29 in chips)
Seat 2: Looosersulze ($169.93 in chips)
Looosersulze: posts small blind $1
SmellyToes4u: posts big blind $3
*** HOLE CARDS ***
Looosersulze: raises $3 to $6
SmellyToes4u: calls $3
*** FLOP *** [Qh Ts Jc]
SmellyToes4u: checks
Looosersulze: bets $3
SmellyToes4u: calls $3
*** TURN *** [Qh Ts Jc] [5d]
SmellyToes4u: checks
Looosersulze: bets $6
SmellyToes4u: raises $6 to $12
Looosersulze: calls $6
*** RIVER *** [Qh Ts Jc 5d] [5c]
SmellyToes4u: checks
Looosersulze: bets $6
SmellyToes4u: calls $6
*** SHOW DOWN ***
Looosersulze: shows [5s As] (three of a kind, Fives)
SmellyToes4u: mucks hand
Looosersulze collected $53.50 from pot
*** SUMMARY ***
Total pot $54 | Rake $0.50
Board [Qh Ts Jc 5d 5c]
Seat 1: SmellyToes4u (big blind) mucked
Seat 2: Looosersulze (button) (small blind) showed [5s As] and won ($53.50) with three of a kind, Fives


PokerStars Hand #146941652688:  Hold'em Limit ($3/$6 USD) - 2016/01/12 18:30:35 ET
Table 'Ankaa' 2-max Seat #2 is the button
Seat 1: SmellyToes4u ($54.29 in chips)
Seat 2: Looosersulze ($197.43 in chips)
Looosersulze: posts small blind $1
SmellyToes4u: posts big blind $3
*** HOLE CARDS ***
Looosersulze: folds
Uncalled bet ($2) returned to SmellyToes4u
SmellyToes4u collected $2 from pot
SmellyToes4u: doesn't show hand
*** SUMMARY ***
Total pot $2 | Rake $0
Seat 1: SmellyToes4u (big blind) collected ($2)
Seat 2: Looosersulze (button) (small blind) folded before Flop


PokerStars Hand #146941648025:  Hold'em Limit ($3/$6 USD) - 2016/01/12 18:30:29 ET
Table 'Ankaa' 2-max Seat #1 is the button
Seat 1: SmellyToes4u ($55.29 in chips)
Seat 2: Looosersulze ($196.43 in chips)
SmellyToes4u: posts small blind $1
Looosersulze: posts big blind $3
*** HOLE CARDS ***
SmellyToes4u: folds
Uncalled bet ($2) returned to Looosersulze
Looosersulze collected $2 from pot
Looosersulze: doesn't show hand
*** SUMMARY ***
Total pot $2 | Rake $0
Seat 1: SmellyToes4u (button) (small blind) folded before Flop
Seat 2: Looosersulze (big blind) collected ($2)


PokerStars Hand #146941657467:  Hold'em Limit ($3/$6 USD) - 2016/01/12 18:30:40 ET
Table 'Ankaa' 2-max Seat #1 is the button
Seat 1: SmellyToes4u ($55.29 in chips)
Seat 2: Looosersulze ($196.43 in chips)
SmellyToes4u: posts small blind $1
Looosersulze: posts big blind $3
*** HOLE CARDS ***
SmellyToes4u: folds
Uncalled bet ($2) returned to Looosersulze
Looosersulze collected $2 from pot
Looosersulze: doesn't show hand
*** SUMMARY ***
Total pot $2 | Rake $0
Seat 1: SmellyToes4u (button) (small blind) folded before Flop
Seat 2: Looosersulze (big blind) collected ($2)


