PokerStars Hand #148602248591:  Hold'em Limit ($3/$6 USD) - 2016/02/11 3:09:27 ET
Table 'Annagerman' 2-max Seat #2 is the button
Seat 1: Rus29APX ($101 in chips)
Seat 2: jl45259071 ($205.66 in chips)
jl45259071: posts small blind $1
Rus29APX: posts big blind $3
*** HOLE CARDS ***
jl45259071: calls $2
Rus29APX: raises $3 to $6
jl45259071: calls $3
*** FLOP *** [2s 6s 9c]
Rus29APX: bets $3
jl45259071: calls $3
*** TURN *** [2s 6s 9c] [Th]
Rus29APX: bets $6
jl45259071: calls $6
*** RIVER *** [2s 6s 9c Th] [4h]
Rus29APX: bets $6
jl45259071: folds
Uncalled bet ($6) returned to Rus29APX
Rus29APX collected $29.50 from pot
Rus29APX: doesn't show hand
*** SUMMARY ***
Total pot $30 | Rake $0.50
Board [2s 6s 9c Th 4h]
Seat 1: Rus29APX (big blind) collected ($29.50)
Seat 2: jl45259071 (button) (small blind) folded on the River


PokerStars Hand #148602234944:  Hold'em Limit ($3/$6 USD) - 2016/02/11 3:08:46 ET
Table 'Annagerman' 2-max Seat #2 is the button
Seat 1: Rus29APX ($120 in chips)
Seat 2: jl45259071 ($187.16 in chips)
jl45259071: posts small blind $1
Rus29APX: posts big blind $3
*** HOLE CARDS ***
jl45259071: calls $2
Rus29APX: raises $3 to $6
jl45259071: calls $3
*** FLOP *** [Ts 7s 9h]
Rus29APX: bets $3
jl45259071: raises $3 to $6
Rus29APX: calls $3
*** TURN *** [Ts 7s 9h] [7c]
Rus29APX: checks
jl45259071: bets $6
Rus29APX: calls $6
*** RIVER *** [Ts 7s 9h 7c] [5d]
Rus29APX: checks
jl45259071: checks
*** SHOW DOWN ***
Rus29APX: shows [Ks Ad] (a pair of Sevens)
jl45259071: shows [5s 2d] (two pair, Sevens and Fives)
jl45259071 collected $35.50 from pot
*** SUMMARY ***
Total pot $36 | Rake $0.50
Board [Ts 7s 9h 7c 5d]
Seat 1: Rus29APX (big blind) showed [Ks Ad] and lost with a pair of Sevens
Seat 2: jl45259071 (button) (small blind) showed [5s 2d] and won ($35.50) with two pair, Sevens and Fives


PokerStars Hand #148602254879:  Hold'em Limit ($3/$6 USD) - 2016/02/11 3:09:46 ET
Table 'Annagerman' 2-max Seat #1 is the button
Seat 1: Rus29APX ($115.50 in chips)
Seat 2: jl45259071 ($190.66 in chips)
Rus29APX: posts small blind $1
jl45259071: posts big blind $3
*** HOLE CARDS ***
Rus29APX: raises $3 to $6
jl45259071: raises $3 to $9
Rus29APX: calls $3
*** FLOP *** [Ts Qh 8d]
jl45259071: bets $3
Rus29APX: calls $3
*** TURN *** [Ts Qh 8d] [Jc]
jl45259071: checks
Rus29APX: checks
*** RIVER *** [Ts Qh 8d Jc] [3s]
jl45259071: bets $6
Rus29APX: folds
Uncalled bet ($6) returned to jl45259071
jl45259071 collected $23.52 from pot
jl45259071: doesn't show hand
*** SUMMARY ***
Total pot $24 | Rake $0.48
Board [Ts Qh 8d Jc 3s]
Seat 1: Rus29APX (button) (small blind) folded on the River
Seat 2: jl45259071 (big blind) collected ($23.52)


PokerStars Hand #148602268929:  Hold'em Limit ($3/$6 USD) - 2016/02/11 3:10:28 ET
Table 'Annagerman' 2-max Seat #2 is the button
Seat 1: Rus29APX ($103.50 in chips)
Seat 2: jl45259071 ($202.18 in chips)
jl45259071: posts small blind $1
Rus29APX: posts big blind $3
*** HOLE CARDS ***
jl45259071: calls $2
Rus29APX: raises $3 to $6
jl45259071: calls $3
*** FLOP *** [2c Ah 8s]
Rus29APX: bets $3
jl45259071: calls $3
*** TURN *** [2c Ah 8s] [6d]
Rus29APX: bets $6
jl45259071: calls $6
*** RIVER *** [2c Ah 8s 6d] [Kh]
Rus29APX: bets $6
jl45259071: folds
Uncalled bet ($6) returned to Rus29APX
Rus29APX collected $29.50 from pot
Rus29APX: doesn't show hand
*** SUMMARY ***
Total pot $30 | Rake $0.50
Board [2c Ah 8s 6d Kh]
Seat 1: Rus29APX (big blind) collected ($29.50)
Seat 2: jl45259071 (button) (small blind) folded on the River


PokerStars Hand #148602284999:  Hold'em Limit ($3/$6 USD) - 2016/02/11 3:11:16 ET
Table 'Annagerman' 2-max Seat #2 is the button
Seat 1: Rus29APX ($103 in chips)
Seat 2: jl45259071 ($201.68 in chips)
jl45259071: posts small blind $1
Rus29APX: posts big blind $3
*** HOLE CARDS ***
jl45259071: calls $2
Rus29APX: raises $3 to $6
jl45259071: calls $3
*** FLOP *** [7d 9h Kc]
Rus29APX: bets $3
jl45259071: calls $3
*** TURN *** [7d 9h Kc] [8c]
Rus29APX: checks
jl45259071: checks
*** RIVER *** [7d 9h Kc 8c] [5c]
Rus29APX: checks
jl45259071: bets $6
Rus29APX: folds
Uncalled bet ($6) returned to jl45259071
jl45259071 collected $17.64 from pot
jl45259071: doesn't show hand
*** SUMMARY ***
Total pot $18 | Rake $0.36
Board [7d 9h Kc 8c 5c]
Seat 1: Rus29APX (big blind) folded on the River
Seat 2: jl45259071 (button) (small blind) collected ($17.64)


PokerStars Hand #148602327789:  Hold'em Limit ($3/$6 USD) - 2016/02/11 3:13:23 ET
Table 'Annagerman' 2-max Seat #1 is the button
Seat 1: Rus29APX ($311.76 in chips)
Seat 2: jl45259071 ($250.96 in chips)
Rus29APX: posts small blind $1
jl45259071: posts big blind $3
*** HOLE CARDS ***
Rus29APX: raises $3 to $6
jl45259071: calls $3
*** FLOP *** [3h Ks 8d]
jl45259071: checks
Rus29APX: bets $3
jl45259071: folds
Uncalled bet ($3) returned to Rus29APX
Rus29APX collected $11.76 from pot
Rus29APX: doesn't show hand
*** SUMMARY ***
Total pot $12 | Rake $0.24
Board [3h Ks 8d]
Seat 1: Rus29APX (button) (small blind) collected ($11.76)
Seat 2: jl45259071 (big blind) folded on the Flop


PokerStars Hand #148602320601:  Hold'em Limit ($3/$6 USD) - 2016/02/11 3:13:02 ET
Table 'Annagerman' 2-max Seat #2 is the button
Seat 1: Rus29APX ($66.76 in chips)
Seat 2: jl45259071 ($236.46 in chips)
jl45259071: posts small blind $1
Rus29APX: posts big blind $3
*** HOLE CARDS ***
jl45259071: calls $2
Rus29APX: raises $3 to $6
jl45259071: calls $3
*** FLOP *** [9h 9c 8c]
Rus29APX: bets $3
jl45259071: calls $3
*** TURN *** [9h 9c 8c] [2d]
Rus29APX: checks
jl45259071: bets $6
Rus29APX: calls $6
*** RIVER *** [9h 9c 8c 2d] [3d]
Rus29APX: checks
jl45259071: checks
*** SHOW DOWN ***
Rus29APX: shows [Ks 6s] (a pair of Nines)
jl45259071: shows [2h Js] (two pair, Nines and Deuces)
jl45259071 collected $29.50 from pot
*** SUMMARY ***
Total pot $30 | Rake $0.50
Board [9h 9c 8c 2d 3d]
Seat 1: Rus29APX (big blind) showed [Ks 6s] and lost with a pair of Nines
Seat 2: jl45259071 (button) (small blind) showed [2h Js] and won ($29.50) with two pair, Nines and Deuces


PokerStars Hand #148602339469:  Hold'em Limit ($3/$6 USD) - 2016/02/11 3:13:57 ET
Table 'Annagerman' 2-max Seat #1 is the button
Seat 1: Rus29APX ($335.02 in chips)
Seat 2: jl45259071 ($226.96 in chips)
Rus29APX: posts small blind $1
jl45259071: posts big blind $3
*** HOLE CARDS ***
Rus29APX: folds
Uncalled bet ($2) returned to jl45259071
jl45259071 collected $2 from pot
jl45259071: doesn't show hand
*** SUMMARY ***
Total pot $2 | Rake $0
Seat 1: Rus29APX (button) (small blind) folded before Flop
Seat 2: jl45259071 (big blind) collected ($2)


PokerStars Hand #148602331782:  Hold'em Limit ($3/$6 USD) - 2016/02/11 3:13:34 ET
Table 'Annagerman' 2-max Seat #2 is the button
Seat 1: Rus29APX ($317.52 in chips)
Seat 2: jl45259071 ($244.96 in chips)
jl45259071: posts small blind $1
Rus29APX: posts big blind $3
*** HOLE CARDS ***
jl45259071: calls $2
Rus29APX: checks
*** FLOP *** [6h 5c 3h]
Rus29APX: bets $3
jl45259071: calls $3
*** TURN *** [6h 5c 3h] [Th]
Rus29APX: bets $6
jl45259071: calls $6
*** RIVER *** [6h 5c 3h Th] [3s]
Rus29APX: bets $6
jl45259071: calls $6
*** SHOW DOWN ***
Rus29APX: shows [4h 2s] (a straight, Deuce to Six)
jl45259071: mucks hand
Rus29APX collected $35.50 from pot
*** SUMMARY ***
Total pot $36 | Rake $0.50
Board [6h 5c 3h Th 3s]
Seat 1: Rus29APX (big blind) showed [4h 2s] and won ($35.50) with a straight, Deuce to Six
Seat 2: jl45259071 (button) (small blind) mucked


PokerStars Hand #148602348358:  Hold'em Limit ($3/$6 USD) - 2016/02/11 3:14:23 ET
Table 'Annagerman' 2-max Seat #1 is the button
Seat 1: Rus29APX ($325.02 in chips)
Seat 2: jl45259071 ($236.60 in chips)
Rus29APX: posts small blind $1
jl45259071: posts big blind $3
*** HOLE CARDS ***
Rus29APX: raises $3 to $6
jl45259071: calls $3
*** FLOP *** [Jc 4h Ah]
jl45259071: checks
Rus29APX: bets $3
jl45259071: calls $3
*** TURN *** [Jc 4h Ah] [Th]
jl45259071: checks
Rus29APX: checks
*** RIVER *** [Jc 4h Ah Th] [Qc]
jl45259071: bets $6
Rus29APX: raises $6 to $12
jl45259071: folds
Uncalled bet ($6) returned to Rus29APX
Rus29APX collected $29.50 from pot
Rus29APX: doesn't show hand
*** SUMMARY ***
Total pot $30 | Rake $0.50
Board [Jc 4h Ah Th Qc]
Seat 1: Rus29APX (button) (small blind) collected ($29.50)
Seat 2: jl45259071 (big blind) folded on the River


PokerStars Hand #148602355136:  Hold'em Limit ($3/$6 USD) - 2016/02/11 3:14:42 ET
Table 'Annagerman' 2-max Seat #2 is the button
Seat 1: Rus29APX ($339.52 in chips)
Seat 2: jl45259071 ($221.60 in chips)
jl45259071: posts small blind $1
Rus29APX: posts big blind $3
*** HOLE CARDS ***
jl45259071: calls $2
Rus29APX: raises $3 to $6
jl45259071: calls $3
*** FLOP *** [Ts 9s 5c]
Rus29APX: bets $3
jl45259071: calls $3
*** TURN *** [Ts 9s 5c] [9c]
Rus29APX: checks
jl45259071: checks
*** RIVER *** [Ts 9s 5c 9c] [7h]
Rus29APX: checks
jl45259071: bets $6
Rus29APX: calls $6
*** SHOW DOWN ***
jl45259071: shows [7s Qh] (two pair, Nines and Sevens)
Rus29APX: mucks hand
jl45259071 collected $29.50 from pot
*** SUMMARY ***
Total pot $30 | Rake $0.50
Board [Ts 9s 5c 9c 7h]
Seat 1: Rus29APX (big blind) mucked
Seat 2: jl45259071 (button) (small blind) showed [7s Qh] and won ($29.50) with two pair, Nines and Sevens


PokerStars Hand #148602341497:  Hold'em Limit ($3/$6 USD) - 2016/02/11 3:14:03 ET
Table 'Annagerman' 2-max Seat #2 is the button
Seat 1: Rus29APX ($334.02 in chips)
Seat 2: jl45259071 ($227.96 in chips)
jl45259071: posts small blind $1
Rus29APX: posts big blind $3
*** HOLE CARDS ***
jl45259071: calls $2
Rus29APX: raises $3 to $6
jl45259071: raises $3 to $9
Rus29APX: calls $3
*** FLOP *** [4h Kc 2h]
Rus29APX: checks
jl45259071: bets $3
Rus29APX: folds
Uncalled bet ($3) returned to jl45259071
jl45259071 collected $17.64 from pot
jl45259071: doesn't show hand
*** SUMMARY ***
Total pot $18 | Rake $0.36
Board [4h Kc 2h]
Seat 1: Rus29APX (big blind) folded on the Flop
Seat 2: jl45259071 (button) (small blind) collected ($17.64)


PokerStars Hand #148602362384:  Hold'em Limit ($3/$6 USD) - 2016/02/11 3:15:03 ET
Table 'Annagerman' 2-max Seat #1 is the button
Seat 1: Rus29APX ($324.52 in chips)
Seat 2: jl45259071 ($236.10 in chips)
Rus29APX: posts small blind $1
jl45259071: posts big blind $3
*** HOLE CARDS ***
Rus29APX: raises $3 to $6
jl45259071: raises $3 to $9
Rus29APX: calls $3
*** FLOP *** [8s Qs 5c]
jl45259071: bets $3
Rus29APX: raises $3 to $6
jl45259071: calls $3
*** TURN *** [8s Qs 5c] [2h]
jl45259071: checks
Rus29APX: checks
*** RIVER *** [8s Qs 5c 2h] [Ks]
jl45259071: checks
Rus29APX: checks
*** SHOW DOWN ***
jl45259071: shows [9h 9c] (a pair of Nines)
Rus29APX: mucks hand
jl45259071 collected $29.50 from pot
*** SUMMARY ***
Total pot $30 | Rake $0.50
Board [8s Qs 5c 2h Ks]
Seat 1: Rus29APX (button) (small blind) mucked
Seat 2: jl45259071 (big blind) showed [9h 9c] and won ($29.50) with a pair of Nines


PokerStars Hand #148602368429:  Hold'em Limit ($3/$6 USD) - 2016/02/11 3:15:21 ET
Table 'Annagerman' 2-max Seat #2 is the button
Seat 1: Rus29APX ($309.52 in chips)
Seat 2: jl45259071 ($250.60 in chips)
jl45259071: posts small blind $1
Rus29APX: posts big blind $3
*** HOLE CARDS ***
jl45259071: calls $2
Rus29APX: checks
*** FLOP *** [5s 6d 8s]
Rus29APX: bets $3
jl45259071: calls $3
*** TURN *** [5s 6d 8s] [Jh]
Rus29APX: bets $6
jl45259071: raises $6 to $12
Rus29APX: calls $6
*** RIVER *** [5s 6d 8s Jh] [Ts]
Rus29APX: checks
jl45259071: bets $6
Rus29APX: calls $6
*** SHOW DOWN ***
jl45259071: shows [Jc 3h] (a pair of Jacks)
Rus29APX: mucks hand
jl45259071 collected $47.50 from pot
*** SUMMARY ***
Total pot $48 | Rake $0.50
Board [5s 6d 8s Jh Ts]
Seat 1: Rus29APX (big blind) mucked
Seat 2: jl45259071 (button) (small blind) showed [Jc 3h] and won ($47.50) with a pair of Jacks


PokerStars Hand #148602386369:  Hold'em Limit ($3/$6 USD) - 2016/02/11 3:16:13 ET
Table 'Annagerman' 2-max Seat #2 is the button
Seat 1: Rus29APX ($285.27 in chips)
Seat 2: jl45259071 ($273.85 in chips)
jl45259071: posts small blind $1
Rus29APX: posts big blind $3
*** HOLE CARDS ***
jl45259071: calls $2
Rus29APX: raises $3 to $6
jl45259071: calls $3
*** FLOP *** [3d Kh Qc]
Rus29APX: bets $3
jl45259071: calls $3
*** TURN *** [3d Kh Qc] [Qh]
Rus29APX: bets $6
jl45259071: calls $6
*** RIVER *** [3d Kh Qc Qh] [Ad]
Rus29APX: bets $6
jl45259071: folds
Uncalled bet ($6) returned to Rus29APX
Rus29APX collected $29.50 from pot
Rus29APX: doesn't show hand
*** SUMMARY ***
Total pot $30 | Rake $0.50
Board [3d Kh Qc Qh Ad]
Seat 1: Rus29APX (big blind) collected ($29.50)
Seat 2: jl45259071 (button) (small blind) folded on the River


PokerStars Hand #148602393502:  Hold'em Limit ($3/$6 USD) - 2016/02/11 3:16:33 ET
Table 'Annagerman' 2-max Seat #1 is the button
Seat 1: Rus29APX ($299.77 in chips)
Seat 2: jl45259071 ($258.85 in chips)
Rus29APX: posts small blind $1
jl45259071: posts big blind $3
*** HOLE CARDS ***
Rus29APX: raises $3 to $6
jl45259071: calls $3
*** FLOP *** [Ad 4h Kh]
jl45259071: checks
Rus29APX: bets $3
jl45259071: folds
Uncalled bet ($3) returned to Rus29APX
Rus29APX collected $11.76 from pot
Rus29APX: doesn't show hand
*** SUMMARY ***
Total pot $12 | Rake $0.24
Board [Ad 4h Kh]
Seat 1: Rus29APX (button) (small blind) collected ($11.76)
Seat 2: jl45259071 (big blind) folded on the Flop


PokerStars Hand #148602402860:  Hold'em Limit ($3/$6 USD) - 2016/02/11 3:17:00 ET
Table 'Annagerman' 2-max Seat #1 is the button
Seat 1: Rus29APX ($306.53 in chips)
Seat 2: jl45259071 ($251.85 in chips)
Rus29APX: posts small blind $1
jl45259071: posts big blind $3
*** HOLE CARDS ***
Rus29APX: raises $3 to $6
jl45259071: calls $3
*** FLOP *** [5s 2h 6c]
jl45259071: checks
Rus29APX: bets $3
jl45259071: calls $3
*** TURN *** [5s 2h 6c] [6s]
jl45259071: checks
Rus29APX: bets $6
jl45259071: raises $6 to $12
Rus29APX: calls $6
*** RIVER *** [5s 2h 6c 6s] [Qs]
jl45259071: bets $6
Rus29APX: calls $6
*** SHOW DOWN ***
jl45259071: shows [Ts 3d] (a pair of Sixes)
Rus29APX: shows [8s 8d] (two pair, Eights and Sixes)
Rus29APX collected $53.50 from pot
*** SUMMARY ***
Total pot $54 | Rake $0.50
Board [5s 2h 6c 6s Qs]
Seat 1: Rus29APX (button) (small blind) showed [8s 8d] and won ($53.50) with two pair, Eights and Sixes
Seat 2: jl45259071 (big blind) showed [Ts 3d] and lost with a pair of Sixes


PokerStars Hand #148602411775:  Hold'em Limit ($3/$6 USD) - 2016/02/11 3:17:26 ET
Table 'Annagerman' 2-max Seat #2 is the button
Seat 1: Rus29APX ($333.03 in chips)
Seat 2: jl45259071 ($224.85 in chips)
jl45259071: posts small blind $1
Rus29APX: posts big blind $3
*** HOLE CARDS ***
jl45259071: raises $3 to $6
Rus29APX: calls $3
*** FLOP *** [5h 8h Ad]
Rus29APX: checks
jl45259071: bets $3
Rus29APX: calls $3
*** TURN *** [5h 8h Ad] [6c]
Rus29APX: checks
jl45259071: bets $6
Rus29APX: folds
Uncalled bet ($6) returned to jl45259071
jl45259071 collected $17.64 from pot
jl45259071: doesn't show hand
*** SUMMARY ***
Total pot $18 | Rake $0.36
Board [5h 8h Ad 6c]
Seat 1: Rus29APX (big blind) folded on the Turn
Seat 2: jl45259071 (button) (small blind) collected ($17.64)


PokerStars Hand #148602428070:  Hold'em Limit ($3/$6 USD) - 2016/02/11 3:18:13 ET
Table 'Annagerman' 2-max Seat #2 is the button
Seat 1: Rus29APX ($353.53 in chips)
Seat 2: jl45259071 ($203.49 in chips)
jl45259071: posts small blind $1
Rus29APX: posts big blind $3
*** HOLE CARDS ***
jl45259071: folds
Uncalled bet ($2) returned to Rus29APX
Rus29APX collected $2 from pot
Rus29APX: doesn't show hand
*** SUMMARY ***
Total pot $2 | Rake $0
Seat 1: Rus29APX (big blind) collected ($2)
Seat 2: jl45259071 (button) (small blind) folded before Flop


PokerStars Hand #148602421243:  Hold'em Limit ($3/$6 USD) - 2016/02/11 3:17:53 ET
Table 'Annagerman' 2-max Seat #1 is the button
Seat 1: Rus29APX ($324.03 in chips)
Seat 2: jl45259071 ($233.49 in chips)
Rus29APX: posts small blind $1
jl45259071: posts big blind $3
*** HOLE CARDS ***
Rus29APX: raises $3 to $6
jl45259071: raises $3 to $9
Rus29APX: calls $3
*** FLOP *** [Qd 9c 3s]
jl45259071: bets $3
Rus29APX: calls $3
*** TURN *** [Qd 9c 3s] [3h]
jl45259071: bets $6
Rus29APX: raises $6 to $12
jl45259071: calls $6
*** RIVER *** [Qd 9c 3s 3h] [Td]
jl45259071: checks
Rus29APX: bets $6
jl45259071: calls $6
*** SHOW DOWN ***
Rus29APX: shows [Jd Qs] (two pair, Queens and Threes)
jl45259071: mucks hand
Rus29APX collected $59.50 from pot
*** SUMMARY ***
Total pot $60 | Rake $0.50
Board [Qd 9c 3s 3h Td]
Seat 1: Rus29APX (button) (small blind) showed [Jd Qs] and won ($59.50) with two pair, Queens and Threes
Seat 2: jl45259071 (big blind) mucked


PokerStars Hand #148605803104:  Hold'em Limit ($3/$6 USD) - 2016/02/11 5:33:32 ET
Table 'Annagerman' 2-max Seat #2 is the button
Seat 1: nedo1414 ($123 in chips)
Seat 2: IntoTheAiR ($117 in chips)
IntoTheAiR: posts small blind $1
nedo1414: posts big blind $3
*** HOLE CARDS ***
IntoTheAiR: folds
Uncalled bet ($2) returned to nedo1414
nedo1414 collected $2 from pot
*** SUMMARY ***
Total pot $2 | Rake $0
Seat 1: nedo1414 (big blind) collected ($2)
Seat 2: IntoTheAiR (button) (small blind) folded before Flop


PokerStars Hand #148605830687:  Hold'em Limit ($3/$6 USD) - 2016/02/11 5:34:28 ET
Table 'Annagerman' 2-max Seat #1 is the button
Seat 1: nedo1414 ($171 in chips)
Seat 2: IntoTheAiR ($68 in chips)
nedo1414: posts small blind $1
IntoTheAiR: posts big blind $3
*** HOLE CARDS ***
nedo1414: raises $3 to $6
IntoTheAiR: calls $3
*** FLOP *** [Ks Ah Jh]
IntoTheAiR: checks
nedo1414: bets $3
IntoTheAiR: raises $3 to $6
nedo1414: calls $3
*** TURN *** [Ks Ah Jh] [9c]
IntoTheAiR: bets $6
nedo1414: calls $6
*** RIVER *** [Ks Ah Jh 9c] [Jc]
IntoTheAiR: bets $6
nedo1414: folds
Uncalled bet ($6) returned to IntoTheAiR
IntoTheAiR collected $35.50 from pot
IntoTheAiR: doesn't show hand
*** SUMMARY ***
Total pot $36 | Rake $0.50
Board [Ks Ah Jh 9c Jc]
Seat 1: nedo1414 (button) (small blind) folded on the River
Seat 2: IntoTheAiR (big blind) collected ($35.50)


PokerStars Hand #148605840726:  Hold'em Limit ($3/$6 USD) - 2016/02/11 5:34:48 ET
Table 'Annagerman' 2-max Seat #1 is the button
Seat 1: nedo1414 ($154 in chips)
Seat 2: IntoTheAiR ($84.50 in chips)
nedo1414: posts small blind $1
IntoTheAiR: posts big blind $3
*** HOLE CARDS ***
nedo1414: raises $3 to $6
IntoTheAiR: calls $3
*** FLOP *** [Kh Ks Jc]
IntoTheAiR: checks
nedo1414: bets $3
IntoTheAiR: folds
Uncalled bet ($3) returned to nedo1414
nedo1414 collected $11.76 from pot
nedo1414: doesn't show hand
*** SUMMARY ***
Total pot $12 | Rake $0.24
Board [Kh Ks Jc]
Seat 1: nedo1414 (button) (small blind) collected ($11.76)
Seat 2: IntoTheAiR (big blind) folded on the Flop


PokerStars Hand #148605856005:  Hold'em Limit ($3/$6 USD) - 2016/02/11 5:35:19 ET
Table 'Annagerman' 2-max Seat #1 is the button
Seat 1: nedo1414 ($129.76 in chips)
Seat 2: IntoTheAiR ($108 in chips)
nedo1414: posts small blind $1
IntoTheAiR: posts big blind $3
*** HOLE CARDS ***
nedo1414: raises $3 to $6
IntoTheAiR: calls $3
*** FLOP *** [6h 3s 5c]
IntoTheAiR: checks
nedo1414: bets $3
IntoTheAiR: calls $3
*** TURN *** [6h 3s 5c] [3h]
IntoTheAiR: checks
nedo1414: bets $6
IntoTheAiR: calls $6
*** RIVER *** [6h 3s 5c 3h] [8h]
IntoTheAiR: checks
nedo1414: bets $6
IntoTheAiR: folds
Uncalled bet ($6) returned to nedo1414
nedo1414 collected $29.50 from pot
nedo1414: doesn't show hand
*** SUMMARY ***
Total pot $30 | Rake $0.50
Board [6h 3s 5c 3h 8h]
Seat 1: nedo1414 (button) (small blind) collected ($29.50)
Seat 2: IntoTheAiR (big blind) folded on the River


PokerStars Hand #148605846508:  Hold'em Limit ($3/$6 USD) - 2016/02/11 5:35:00 ET
Table 'Annagerman' 2-max Seat #2 is the button
Seat 1: nedo1414 ($159.76 in chips)
Seat 2: IntoTheAiR ($78.50 in chips)
IntoTheAiR: posts small blind $1
nedo1414: posts big blind $3
*** HOLE CARDS ***
IntoTheAiR: raises $3 to $6
nedo1414: calls $3
*** FLOP *** [8d 4c 5c]
nedo1414: checks
IntoTheAiR: bets $3
nedo1414: raises $3 to $6
IntoTheAiR: calls $3
*** TURN *** [8d 4c 5c] [5s]
nedo1414: bets $6
IntoTheAiR: raises $6 to $12
nedo1414: calls $6
*** RIVER *** [8d 4c 5c 5s] [Ad]
nedo1414: checks
IntoTheAiR: bets $6
nedo1414: calls $6
*** SHOW DOWN ***
IntoTheAiR: shows [5d Qh] (three of a kind, Fives)
nedo1414: mucks hand
IntoTheAiR collected $59.50 from pot
*** SUMMARY ***
Total pot $60 | Rake $0.50
Board [8d 4c 5c 5s Ad]
Seat 1: nedo1414 (big blind) mucked
Seat 2: IntoTheAiR (button) (small blind) showed [5d Qh] and won ($59.50) with three of a kind, Fives


PokerStars Hand #148605866233:  Hold'em Limit ($3/$6 USD) - 2016/02/11 5:35:40 ET
Table 'Annagerman' 2-max Seat #2 is the button
Seat 1: nedo1414 ($144.26 in chips)
Seat 2: IntoTheAiR ($93 in chips)
IntoTheAiR: posts small blind $1
nedo1414: posts big blind $3
*** HOLE CARDS ***
IntoTheAiR: folds
Uncalled bet ($2) returned to nedo1414
nedo1414 collected $2 from pot
nedo1414: doesn't show hand
*** SUMMARY ***
Total pot $2 | Rake $0
Seat 1: nedo1414 (big blind) collected ($2)
Seat 2: IntoTheAiR (button) (small blind) folded before Flop


PokerStars Hand #148605868846:  Hold'em Limit ($3/$6 USD) - 2016/02/11 5:35:45 ET
Table 'Annagerman' 2-max Seat #1 is the button
Seat 1: nedo1414 ($145.26 in chips)
Seat 2: IntoTheAiR ($92 in chips)
nedo1414: posts small blind $1
IntoTheAiR: posts big blind $3
*** HOLE CARDS ***
nedo1414: raises $3 to $6
IntoTheAiR: calls $3
*** FLOP *** [7h 3d 8h]
IntoTheAiR: checks
nedo1414: bets $3
IntoTheAiR: calls $3
*** TURN *** [7h 3d 8h] [Ad]
IntoTheAiR: checks
nedo1414: checks
*** RIVER *** [7h 3d 8h Ad] [2c]
IntoTheAiR: bets $6
nedo1414: calls $6
*** SHOW DOWN ***
IntoTheAiR: shows [4s 5h] (a straight, Ace to Five)
nedo1414: mucks hand
IntoTheAiR collected $29.50 from pot
*** SUMMARY ***
Total pot $30 | Rake $0.50
Board [7h 3d 8h Ad 2c]
Seat 1: nedo1414 (button) (small blind) mucked
Seat 2: IntoTheAiR (big blind) showed [4s 5h] and won ($29.50) with a straight, Ace to Five


PokerStars Hand #148605889386:  Hold'em Limit ($3/$6 USD) - 2016/02/11 5:36:26 ET
Table 'Annagerman' 2-max Seat #2 is the button
Seat 1: nedo1414 ($123.26 in chips)
Seat 2: IntoTheAiR ($113.26 in chips)
IntoTheAiR: posts small blind $1
nedo1414: posts big blind $3
*** HOLE CARDS ***
IntoTheAiR: raises $3 to $6
nedo1414: folds
Uncalled bet ($3) returned to IntoTheAiR
IntoTheAiR collected $6 from pot
IntoTheAiR: doesn't show hand
*** SUMMARY ***
Total pot $6 | Rake $0
Seat 1: nedo1414 (big blind) folded before Flop
Seat 2: IntoTheAiR (button) (small blind) collected ($6)


PokerStars Hand #148605887334:  Hold'em Limit ($3/$6 USD) - 2016/02/11 5:36:22 ET
Table 'Annagerman' 2-max Seat #1 is the button
Seat 1: nedo1414 ($124.26 in chips)
Seat 2: IntoTheAiR ($112.26 in chips)
nedo1414: posts small blind $1
IntoTheAiR: posts big blind $3
*** HOLE CARDS ***
nedo1414: folds
Uncalled bet ($2) returned to IntoTheAiR
IntoTheAiR collected $2 from pot
IntoTheAiR: doesn't show hand
*** SUMMARY ***
Total pot $2 | Rake $0
Seat 1: nedo1414 (button) (small blind) folded before Flop
Seat 2: IntoTheAiR (big blind) collected ($2)


PokerStars Hand #148605881390:  Hold'em Limit ($3/$6 USD) - 2016/02/11 5:36:10 ET
Table 'Annagerman' 2-max Seat #2 is the button
Seat 1: nedo1414 ($130.26 in chips)
Seat 2: IntoTheAiR ($106.50 in chips)
IntoTheAiR: posts small blind $1
nedo1414: posts big blind $3
*** HOLE CARDS ***
IntoTheAiR: raises $3 to $6
nedo1414: calls $3
*** FLOP *** [Kh Ts Ad]
nedo1414: checks
IntoTheAiR: bets $3
nedo1414: folds
Uncalled bet ($3) returned to IntoTheAiR
IntoTheAiR collected $11.76 from pot
IntoTheAiR: doesn't show hand
*** SUMMARY ***
Total pot $12 | Rake $0.24
Board [Kh Ts Ad]
Seat 1: nedo1414 (big blind) folded on the Flop
Seat 2: IntoTheAiR (button) (small blind) collected ($11.76)


PokerStars Hand #148605891906:  Hold'em Limit ($3/$6 USD) - 2016/02/11 5:36:31 ET
Table 'Annagerman' 2-max Seat #1 is the button
Seat 1: nedo1414 ($120.26 in chips)
Seat 2: IntoTheAiR ($116.26 in chips)
nedo1414: posts small blind $1
IntoTheAiR: posts big blind $3
*** HOLE CARDS ***
nedo1414: raises $3 to $6
IntoTheAiR: raises $3 to $9
nedo1414: calls $3
*** FLOP *** [2c Th 4h]
IntoTheAiR: bets $3
nedo1414: calls $3
*** TURN *** [2c Th 4h] [2h]
IntoTheAiR: bets $6
nedo1414: folds
Uncalled bet ($6) returned to IntoTheAiR
IntoTheAiR collected $23.52 from pot
IntoTheAiR: doesn't show hand
*** SUMMARY ***
Total pot $24 | Rake $0.48
Board [2c Th 4h 2h]
Seat 1: nedo1414 (button) (small blind) folded on the Turn
Seat 2: IntoTheAiR (big blind) collected ($23.52)


PokerStars Hand #148605902569:  Hold'em Limit ($3/$6 USD) - 2016/02/11 5:36:53 ET
Table 'Annagerman' 2-max Seat #1 is the button
Seat 1: nedo1414 ($105.26 in chips)
Seat 2: IntoTheAiR ($130.78 in chips)
nedo1414: posts small blind $1
IntoTheAiR: posts big blind $3
*** HOLE CARDS ***
nedo1414: folds
Uncalled bet ($2) returned to IntoTheAiR
IntoTheAiR collected $2 from pot
IntoTheAiR: doesn't show hand
*** SUMMARY ***
Total pot $2 | Rake $0
Seat 1: nedo1414 (button) (small blind) folded before Flop
Seat 2: IntoTheAiR (big blind) collected ($2)


PokerStars Hand #148605898933:  Hold'em Limit ($3/$6 USD) - 2016/02/11 5:36:45 ET
Table 'Annagerman' 2-max Seat #2 is the button
Seat 1: nedo1414 ($108.26 in chips)
Seat 2: IntoTheAiR ($127.78 in chips)
IntoTheAiR: posts small blind $1
nedo1414: posts big blind $3
*** HOLE CARDS ***
IntoTheAiR: raises $3 to $6
nedo1414: folds
Uncalled bet ($3) returned to IntoTheAiR
IntoTheAiR collected $6 from pot
IntoTheAiR: doesn't show hand
*** SUMMARY ***
Total pot $6 | Rake $0
Seat 1: nedo1414 (big blind) folded before Flop
Seat 2: IntoTheAiR (button) (small blind) collected ($6)


PokerStars Hand #148605905276:  Hold'em Limit ($3/$6 USD) - 2016/02/11 5:36:58 ET
Table 'Annagerman' 2-max Seat #2 is the button
Seat 1: nedo1414 ($104.26 in chips)
Seat 2: IntoTheAiR ($131.78 in chips)
IntoTheAiR: posts small blind $1
nedo1414: posts big blind $3
*** HOLE CARDS ***
IntoTheAiR: raises $3 to $6
nedo1414: folds
Uncalled bet ($3) returned to IntoTheAiR
IntoTheAiR collected $6 from pot
IntoTheAiR: doesn't show hand
*** SUMMARY ***
Total pot $6 | Rake $0
Seat 1: nedo1414 (big blind) folded before Flop
Seat 2: IntoTheAiR (button) (small blind) collected ($6)


PokerStars Hand #148605908266:  Hold'em Limit ($3/$6 USD) - 2016/02/11 5:37:04 ET
Table 'Annagerman' 2-max Seat #1 is the button
Seat 1: nedo1414 ($101.26 in chips)
Seat 2: IntoTheAiR ($134.78 in chips)
nedo1414: posts small blind $1
IntoTheAiR: posts big blind $3
*** HOLE CARDS ***
nedo1414: raises $3 to $6
IntoTheAiR: calls $3
*** FLOP *** [7d Ac Td]
IntoTheAiR: checks
nedo1414: bets $3
IntoTheAiR: calls $3
*** TURN *** [7d Ac Td] [9c]
IntoTheAiR: checks
nedo1414: checks
*** RIVER *** [7d Ac Td 9c] [6c]
IntoTheAiR: bets $6
nedo1414: raises $6 to $12
IntoTheAiR: calls $6
*** SHOW DOWN ***
nedo1414: shows [7s 8h] (a straight, Six to Ten)
IntoTheAiR: shows [8s Th] (a straight, Six to Ten)
IntoTheAiR collected $20.75 from pot
nedo1414 collected $20.75 from pot
*** SUMMARY ***
Total pot $42 | Rake $0.50
Board [7d Ac Td 9c 6c]
Seat 1: nedo1414 (button) (small blind) showed [7s 8h] and won ($20.75) with a straight, Six to Ten
Seat 2: IntoTheAiR (big blind) showed [8s Th] and won ($20.75) with a straight, Six to Ten


PokerStars Hand #148605917233:  Hold'em Limit ($3/$6 USD) - 2016/02/11 5:37:22 ET
Table 'Annagerman' 2-max Seat #2 is the button
Seat 1: nedo1414 ($101.01 in chips)
Seat 2: IntoTheAiR ($134.53 in chips)
IntoTheAiR: posts small blind $1
nedo1414: posts big blind $3
*** HOLE CARDS ***
IntoTheAiR: raises $3 to $6
nedo1414: calls $3
*** FLOP *** [As 6d Qc]
nedo1414: checks
IntoTheAiR: bets $3
nedo1414: folds
Uncalled bet ($3) returned to IntoTheAiR
IntoTheAiR collected $11.76 from pot
IntoTheAiR: doesn't show hand
*** SUMMARY ***
Total pot $12 | Rake $0.24
Board [As 6d Qc]
Seat 1: nedo1414 (big blind) folded on the Flop
Seat 2: IntoTheAiR (button) (small blind) collected ($11.76)


PokerStars Hand #148605924533:  Hold'em Limit ($3/$6 USD) - 2016/02/11 5:37:36 ET
Table 'Annagerman' 2-max Seat #1 is the button
Seat 1: nedo1414 ($95.01 in chips)
Seat 2: IntoTheAiR ($140.29 in chips)
nedo1414: posts small blind $1
IntoTheAiR: posts big blind $3
*** HOLE CARDS ***
nedo1414: raises $3 to $6
IntoTheAiR: calls $3
*** FLOP *** [Tc 4d 7h]
IntoTheAiR: checks
nedo1414: bets $3
IntoTheAiR: folds
Uncalled bet ($3) returned to nedo1414
nedo1414 collected $11.76 from pot
nedo1414: doesn't show hand
*** SUMMARY ***
Total pot $12 | Rake $0.24
Board [Tc 4d 7h]
Seat 1: nedo1414 (button) (small blind) collected ($11.76)
Seat 2: IntoTheAiR (big blind) folded on the Flop


PokerStars Hand #148605931123:  Hold'em Limit ($3/$6 USD) - 2016/02/11 5:37:49 ET
Table 'Annagerman' 2-max Seat #2 is the button
Seat 1: nedo1414 ($100.77 in chips)
Seat 2: IntoTheAiR ($134.29 in chips)
IntoTheAiR: posts small blind $1
nedo1414: posts big blind $3
*** HOLE CARDS ***
IntoTheAiR: raises $3 to $6
nedo1414: raises $3 to $9
IntoTheAiR: calls $3
*** FLOP *** [4d 8d Tc]
nedo1414: bets $3
IntoTheAiR: calls $3
*** TURN *** [4d 8d Tc] [Jh]
nedo1414: checks
IntoTheAiR: checks
*** RIVER *** [4d 8d Tc Jh] [6d]
nedo1414: checks
IntoTheAiR: checks
*** SHOW DOWN ***
nedo1414: shows [3h 3c] (a pair of Threes)
IntoTheAiR: mucks hand
nedo1414 collected $23.52 from pot
*** SUMMARY ***
Total pot $24 | Rake $0.48
Board [4d 8d Tc Jh 6d]
Seat 1: nedo1414 (big blind) showed [3h 3c] and won ($23.52) with a pair of Threes
Seat 2: IntoTheAiR (button) (small blind) mucked


PokerStars Hand #148605942597:  Hold'em Limit ($3/$6 USD) - 2016/02/11 5:38:12 ET
Table 'Annagerman' 2-max Seat #2 is the button
Seat 1: nedo1414 ($111.29 in chips)
Seat 2: IntoTheAiR ($123.29 in chips)
IntoTheAiR: posts small blind $1
nedo1414: posts big blind $3
*** HOLE CARDS ***
IntoTheAiR: raises $3 to $6
nedo1414: folds
Uncalled bet ($3) returned to IntoTheAiR
IntoTheAiR collected $6 from pot
IntoTheAiR: doesn't show hand
*** SUMMARY ***
Total pot $6 | Rake $0
Seat 1: nedo1414 (big blind) folded before Flop
Seat 2: IntoTheAiR (button) (small blind) collected ($6)


PokerStars Hand #148605939835:  Hold'em Limit ($3/$6 USD) - 2016/02/11 5:38:07 ET
Table 'Annagerman' 2-max Seat #1 is the button
Seat 1: nedo1414 ($112.29 in chips)
Seat 2: IntoTheAiR ($122.29 in chips)
nedo1414: posts small blind $1
IntoTheAiR: posts big blind $3
*** HOLE CARDS ***
nedo1414: folds
Uncalled bet ($2) returned to IntoTheAiR
IntoTheAiR collected $2 from pot
IntoTheAiR: doesn't show hand
*** SUMMARY ***
Total pot $2 | Rake $0
Seat 1: nedo1414 (button) (small blind) folded before Flop
Seat 2: IntoTheAiR (big blind) collected ($2)


PokerStars Hand #148605957734:  Hold'em Limit ($3/$6 USD) - 2016/02/11 5:38:43 ET
Table 'Annagerman' 2-max Seat #1 is the button
Seat 1: nedo1414 ($87.29 in chips)
Seat 2: IntoTheAiR ($146.55 in chips)
nedo1414: posts small blind $1
IntoTheAiR: posts big blind $3
*** HOLE CARDS ***
nedo1414: folds
Uncalled bet ($2) returned to IntoTheAiR
IntoTheAiR collected $2 from pot
IntoTheAiR: doesn't show hand
*** SUMMARY ***
Total pot $2 | Rake $0
Seat 1: nedo1414 (button) (small blind) folded before Flop
Seat 2: IntoTheAiR (big blind) collected ($2)


PokerStars Hand #148605953785:  Hold'em Limit ($3/$6 USD) - 2016/02/11 5:38:35 ET
Table 'Annagerman' 2-max Seat #2 is the button
Seat 1: nedo1414 ($93.29 in chips)
Seat 2: IntoTheAiR ($140.79 in chips)
IntoTheAiR: posts small blind $1
nedo1414: posts big blind $3
*** HOLE CARDS ***
IntoTheAiR: raises $3 to $6
nedo1414: calls $3
*** FLOP *** [Ts 5h Js]
nedo1414: checks
IntoTheAiR: bets $3
nedo1414: folds
Uncalled bet ($3) returned to IntoTheAiR
IntoTheAiR collected $11.76 from pot
IntoTheAiR: doesn't show hand
*** SUMMARY ***
Total pot $12 | Rake $0.24
Board [Ts 5h Js]
Seat 1: nedo1414 (big blind) folded on the Flop
Seat 2: IntoTheAiR (button) (small blind) collected ($11.76)


PokerStars Hand #148605959944:  Hold'em Limit ($3/$6 USD) - 2016/02/11 5:38:47 ET
Table 'Annagerman' 2-max Seat #2 is the button
Seat 1: nedo1414 ($86.29 in chips)
Seat 2: IntoTheAiR ($147.55 in chips)
IntoTheAiR: posts small blind $1
nedo1414: posts big blind $3
*** HOLE CARDS ***
IntoTheAiR: raises $3 to $6
nedo1414: raises $3 to $9
IntoTheAiR: calls $3
*** FLOP *** [9h 9d Jc]
nedo1414: bets $3
IntoTheAiR: folds
Uncalled bet ($3) returned to nedo1414
nedo1414 collected $17.64 from pot
nedo1414: doesn't show hand
*** SUMMARY ***
Total pot $18 | Rake $0.36
Board [9h 9d Jc]
Seat 1: nedo1414 (big blind) collected ($17.64)
Seat 2: IntoTheAiR (button) (small blind) folded on the Flop


PokerStars Hand #148605965720:  Hold'em Limit ($3/$6 USD) - 2016/02/11 5:38:59 ET
Table 'Annagerman' 2-max Seat #1 is the button
Seat 1: nedo1414 ($94.93 in chips)
Seat 2: IntoTheAiR ($138.55 in chips)
nedo1414: posts small blind $1
IntoTheAiR: posts big blind $3
*** HOLE CARDS ***
nedo1414: raises $3 to $6
IntoTheAiR: calls $3
*** FLOP *** [2h Qh Qc]
IntoTheAiR: checks
nedo1414: bets $3
IntoTheAiR: folds
Uncalled bet ($3) returned to nedo1414
nedo1414 collected $11.76 from pot
nedo1414: doesn't show hand
*** SUMMARY ***
Total pot $12 | Rake $0.24
Board [2h Qh Qc]
Seat 1: nedo1414 (button) (small blind) collected ($11.76)
Seat 2: IntoTheAiR (big blind) folded on the Flop


PokerStars Hand #148605987169:  Hold'em Limit ($3/$6 USD) - 2016/02/11 5:39:42 ET
Table 'Annagerman' 2-max Seat #1 is the button
Seat 1: nedo1414 ($105.33 in chips)
Seat 2: IntoTheAiR ($127.55 in chips)
nedo1414: posts small blind $1
IntoTheAiR: posts big blind $3
*** HOLE CARDS ***
nedo1414: raises $3 to $6
IntoTheAiR: calls $3
*** FLOP *** [5d 8h 4s]
IntoTheAiR: checks
nedo1414: bets $3
IntoTheAiR: raises $3 to $6
nedo1414: raises $3 to $9
IntoTheAiR: raises $3 to $12
Betting is capped
nedo1414: calls $3
*** TURN *** [5d 8h 4s] [Qc]
IntoTheAiR: bets $6
nedo1414: calls $6
*** RIVER *** [5d 8h 4s Qc] [Ts]
IntoTheAiR: checks
nedo1414: bets $6
IntoTheAiR: calls $6
*** SHOW DOWN ***
nedo1414: shows [Ad Ah] (a pair of Aces)
IntoTheAiR: mucks hand
nedo1414 collected $59.50 from pot
*** SUMMARY ***
Total pot $60 | Rake $0.50
Board [5d 8h 4s Qc Ts]
Seat 1: nedo1414 (button) (small blind) showed [Ad Ah] and won ($59.50) with a pair of Aces
Seat 2: IntoTheAiR (big blind) mucked


PokerStars Hand #148605980564:  Hold'em Limit ($3/$6 USD) - 2016/02/11 5:39:29 ET
Table 'Annagerman' 2-max Seat #2 is the button
Seat 1: nedo1414 ($108.33 in chips)
Seat 2: IntoTheAiR ($124.55 in chips)
IntoTheAiR: posts small blind $1
nedo1414: posts big blind $3
*** HOLE CARDS ***
IntoTheAiR: raises $3 to $6
nedo1414: folds
Uncalled bet ($3) returned to IntoTheAiR
IntoTheAiR collected $6 from pot
IntoTheAiR: doesn't show hand
*** SUMMARY ***
Total pot $6 | Rake $0
Seat 1: nedo1414 (big blind) folded before Flop
Seat 2: IntoTheAiR (button) (small blind) collected ($6)


PokerStars Hand #148605978317:  Hold'em Limit ($3/$6 USD) - 2016/02/11 5:39:24 ET
Table 'Annagerman' 2-max Seat #1 is the button
Seat 1: nedo1414 ($109.33 in chips)
Seat 2: IntoTheAiR ($123.55 in chips)
nedo1414: posts small blind $1
IntoTheAiR: posts big blind $3
*** HOLE CARDS ***
nedo1414: folds
Uncalled bet ($2) returned to IntoTheAiR
IntoTheAiR collected $2 from pot
IntoTheAiR: doesn't show hand
*** SUMMARY ***
Total pot $2 | Rake $0
Seat 1: nedo1414 (button) (small blind) folded before Flop
Seat 2: IntoTheAiR (big blind) collected ($2)


PokerStars Hand #148605970838:  Hold'em Limit ($3/$6 USD) - 2016/02/11 5:39:09 ET
Table 'Annagerman' 2-max Seat #2 is the button
Seat 1: nedo1414 ($100.69 in chips)
Seat 2: IntoTheAiR ($132.55 in chips)
IntoTheAiR: posts small blind $1
nedo1414: posts big blind $3
*** HOLE CARDS ***
IntoTheAiR: raises $3 to $6
nedo1414: calls $3
*** FLOP *** [8c Qh 9c]
nedo1414: checks
IntoTheAiR: bets $3
nedo1414: calls $3
*** TURN *** [8c Qh 9c] [Qd]
nedo1414: checks
IntoTheAiR: checks
*** RIVER *** [8c Qh 9c Qd] [6c]
nedo1414: checks
IntoTheAiR: checks
*** SHOW DOWN ***
nedo1414: shows [Kh Js] (a pair of Queens)
IntoTheAiR: mucks hand
nedo1414 collected $17.64 from pot
*** SUMMARY ***
Total pot $18 | Rake $0.36
Board [8c Qh 9c Qd 6c]
Seat 1: nedo1414 (big blind) showed [Kh Js] and won ($17.64) with a pair of Queens
Seat 2: IntoTheAiR (button) (small blind) mucked


PokerStars Hand #148605999293:  Hold'em Limit ($3/$6 USD) - 2016/02/11 5:40:07 ET
Table 'Annagerman' 2-max Seat #2 is the button
Seat 1: nedo1414 ($134.83 in chips)
Seat 2: IntoTheAiR ($97.55 in chips)
IntoTheAiR: posts small blind $1
nedo1414: posts big blind $3
*** HOLE CARDS ***
IntoTheAiR: raises $3 to $6
nedo1414: calls $3
*** FLOP *** [6c Td Kc]
nedo1414: checks
IntoTheAiR: bets $3
nedo1414: calls $3
*** TURN *** [6c Td Kc] [3d]
nedo1414: checks
IntoTheAiR: bets $6
nedo1414: calls $6
*** RIVER *** [6c Td Kc 3d] [Ah]
nedo1414: checks
IntoTheAiR: checks
*** SHOW DOWN ***
nedo1414: shows [6d Js] (a pair of Sixes)
IntoTheAiR: shows [Jh 6s] (a pair of Sixes)
nedo1414 collected $14.75 from pot
IntoTheAiR collected $14.75 from pot
*** SUMMARY ***
Total pot $30 | Rake $0.50
Board [6c Td Kc 3d Ah]
Seat 1: nedo1414 (big blind) showed [6d Js] and won ($14.75) with a pair of Sixes
Seat 2: IntoTheAiR (button) (small blind) showed [Jh 6s] and won ($14.75) with a pair of Sixes


PokerStars Hand #148606011442:  Hold'em Limit ($3/$6 USD) - 2016/02/11 5:40:31 ET
Table 'Annagerman' 2-max Seat #1 is the button
Seat 1: nedo1414 ($134.58 in chips)
Seat 2: IntoTheAiR ($97.30 in chips)
nedo1414: posts small blind $1
IntoTheAiR: posts big blind $3
*** HOLE CARDS ***
nedo1414: raises $3 to $6
IntoTheAiR: calls $3
*** FLOP *** [Kc 9h 8c]
IntoTheAiR: bets $3
nedo1414: calls $3
*** TURN *** [Kc 9h 8c] [6h]
IntoTheAiR: checks
nedo1414: checks
*** RIVER *** [Kc 9h 8c 6h] [Ah]
IntoTheAiR: checks
nedo1414: bets $6
IntoTheAiR: calls $6
*** SHOW DOWN ***
nedo1414: shows [7s As] (a pair of Aces)
IntoTheAiR: mucks hand
nedo1414 collected $29.50 from pot
*** SUMMARY ***
Total pot $30 | Rake $0.50
Board [Kc 9h 8c 6h Ah]
Seat 1: nedo1414 (button) (small blind) showed [7s As] and won ($29.50) with a pair of Aces
Seat 2: IntoTheAiR (big blind) mucked


PokerStars Hand #148606023644:  Hold'em Limit ($3/$6 USD) - 2016/02/11 5:40:55 ET
Table 'Annagerman' 2-max Seat #2 is the button
Seat 1: nedo1414 ($149.08 in chips)
Seat 2: IntoTheAiR ($82.30 in chips)
IntoTheAiR: posts small blind $1
nedo1414: posts big blind $3
*** HOLE CARDS ***
IntoTheAiR: raises $3 to $6
nedo1414: calls $3
*** FLOP *** [3h Td 5c]
nedo1414: checks
IntoTheAiR: bets $3
nedo1414: calls $3
*** TURN *** [3h Td 5c] [5d]
nedo1414: checks
IntoTheAiR: bets $6
nedo1414: raises $6 to $12
IntoTheAiR: folds
Uncalled bet ($6) returned to nedo1414
nedo1414 collected $29.50 from pot
nedo1414: doesn't show hand
*** SUMMARY ***
Total pot $30 | Rake $0.50
Board [3h Td 5c 5d]
Seat 1: nedo1414 (big blind) collected ($29.50)
Seat 2: IntoTheAiR (button) (small blind) folded on the Turn


PokerStars Hand #148606009038:  Hold'em Limit ($3/$6 USD) - 2016/02/11 5:40:26 ET
Table 'Annagerman' 2-max Seat #2 is the button
Seat 1: nedo1414 ($133.58 in chips)
Seat 2: IntoTheAiR ($98.30 in chips)
IntoTheAiR: posts small blind $1
nedo1414: posts big blind $3
*** HOLE CARDS ***
IntoTheAiR: folds
Uncalled bet ($2) returned to nedo1414
nedo1414 collected $2 from pot
nedo1414: doesn't show hand
*** SUMMARY ***
Total pot $2 | Rake $0
Seat 1: nedo1414 (big blind) collected ($2)
Seat 2: IntoTheAiR (button) (small blind) folded before Flop


PokerStars Hand #148606006479:  Hold'em Limit ($3/$6 USD) - 2016/02/11 5:40:21 ET
Table 'Annagerman' 2-max Seat #1 is the button
Seat 1: nedo1414 ($134.58 in chips)
Seat 2: IntoTheAiR ($97.30 in chips)
nedo1414: posts small blind $1
IntoTheAiR: posts big blind $3
*** HOLE CARDS ***
nedo1414: folds
Uncalled bet ($2) returned to IntoTheAiR
IntoTheAiR collected $2 from pot
IntoTheAiR: doesn't show hand
*** SUMMARY ***
Total pot $2 | Rake $0
Seat 1: nedo1414 (button) (small blind) folded before Flop
Seat 2: IntoTheAiR (big blind) collected ($2)


PokerStars Hand #148606035697:  Hold'em Limit ($3/$6 USD) - 2016/02/11 5:41:20 ET
Table 'Annagerman' 2-max Seat #1 is the button
Seat 1: nedo1414 ($159.58 in chips)
Seat 2: IntoTheAiR ($71.30 in chips)
nedo1414: posts small blind $1
IntoTheAiR: posts big blind $3
*** HOLE CARDS ***
nedo1414: folds
Uncalled bet ($2) returned to IntoTheAiR
IntoTheAiR collected $2 from pot
IntoTheAiR: doesn't show hand
*** SUMMARY ***
Total pot $2 | Rake $0
Seat 1: nedo1414 (button) (small blind) folded before Flop
Seat 2: IntoTheAiR (big blind) collected ($2)


PokerStars Hand #148606032541:  Hold'em Limit ($3/$6 USD) - 2016/02/11 5:41:13 ET
Table 'Annagerman' 2-max Seat #2 is the button
Seat 1: nedo1414 ($162.58 in chips)
Seat 2: IntoTheAiR ($68.30 in chips)
IntoTheAiR: posts small blind $1
nedo1414: posts big blind $3
*** HOLE CARDS ***
IntoTheAiR: raises $3 to $6
nedo1414: folds
Uncalled bet ($3) returned to IntoTheAiR
IntoTheAiR collected $6 from pot
IntoTheAiR: doesn't show hand
*** SUMMARY ***
Total pot $6 | Rake $0
Seat 1: nedo1414 (big blind) folded before Flop
Seat 2: IntoTheAiR (button) (small blind) collected ($6)


PokerStars Hand #148606030443:  Hold'em Limit ($3/$6 USD) - 2016/02/11 5:41:09 ET
Table 'Annagerman' 2-max Seat #1 is the button
Seat 1: nedo1414 ($163.58 in chips)
Seat 2: IntoTheAiR ($67.30 in chips)
nedo1414: posts small blind $1
IntoTheAiR: posts big blind $3
*** HOLE CARDS ***
nedo1414: folds
Uncalled bet ($2) returned to IntoTheAiR
IntoTheAiR collected $2 from pot
IntoTheAiR: doesn't show hand
*** SUMMARY ***
Total pot $2 | Rake $0
Seat 1: nedo1414 (button) (small blind) folded before Flop
Seat 2: IntoTheAiR (big blind) collected ($2)


