PokerStars Hand #175591144451:  Hold'em Limit ($3/$6 USD) - 2017/09/13 11:29:07 ET
Table 'Anneliese' 6-max Seat #3 is the button
Seat 3: ANIN1337 ($63.83 in chips)
Seat 6: Auge72 ($114 in chips)
ANIN1337: posts small blind $1
Auge72: posts big blind $3
*** HOLE CARDS ***
ANIN1337: raises $3 to $6
Auge72: folds
Uncalled bet ($3) returned to ANIN1337
ANIN1337 collected $6 from pot
ANIN1337: doesn't show hand
*** SUMMARY ***
Total pot $6 | Rake $0
Seat 3: ANIN1337 (button) (small blind) collected ($6)
Seat 6: Auge72 (big blind) folded before Flop


PokerStars Hand #175591136345:  Hold'em Limit ($3/$6 USD) - 2017/09/13 11:28:54 ET
Table 'Anneliese' 6-max Seat #6 is the button
Seat 3: ANIN1337 ($58.07 in chips)
Seat 6: Auge72 ($120 in chips)
Auge72: posts small blind $1
ANIN1337: posts big blind $3
*** HOLE CARDS ***
Auge72: calls $2
ANIN1337: raises $3 to $6
Auge72: calls $3
*** FLOP *** [Kh 4c 2h]
ANIN1337: bets $3
Auge72: folds
Uncalled bet ($3) returned to ANIN1337
ANIN1337 collected $11.76 from pot
ANIN1337: doesn't show hand
*** SUMMARY ***
Total pot $12 | Rake $0.24
Board [Kh 4c 2h]
Seat 3: ANIN1337 (big blind) collected ($11.76)
Seat 6: Auge72 (button) (small blind) folded on the Flop


PokerStars Hand #175591147850:  Hold'em Limit ($3/$6 USD) - 2017/09/13 11:29:13 ET
Table 'Anneliese' 6-max Seat #6 is the button
Seat 3: ANIN1337 ($66.83 in chips)
Seat 6: Auge72 ($111 in chips)
Auge72: posts small blind $1
ANIN1337: posts big blind $3
*** HOLE CARDS ***
Auge72: folds
Uncalled bet ($2) returned to ANIN1337
ANIN1337 collected $2 from pot
ANIN1337: doesn't show hand
*** SUMMARY ***
Total pot $2 | Rake $0
Seat 3: ANIN1337 (big blind) collected ($2)
Seat 6: Auge72 (button) (small blind) folded before Flop


PokerStars Hand #175591150551:  Hold'em Limit ($3/$6 USD) - 2017/09/13 11:29:18 ET
Table 'Anneliese' 6-max Seat #3 is the button
Seat 3: ANIN1337 ($67.83 in chips)
Seat 6: Auge72 ($110 in chips)
ANIN1337: posts small blind $1
Auge72: posts big blind $3
*** HOLE CARDS ***
ANIN1337: raises $3 to $6
Auge72: raises $3 to $9
ANIN1337: calls $3
*** FLOP *** [2c 7h Td]
Auge72: checks
ANIN1337: checks
*** TURN *** [2c 7h Td] [5c]
Auge72: checks
ANIN1337: checks
*** RIVER *** [2c 7h Td 5c] [8s]
Auge72: bets $6
ANIN1337: folds
Uncalled bet ($6) returned to Auge72
Auge72 collected $17.64 from pot
*** SUMMARY ***
Total pot $18 | Rake $0.36
Board [2c 7h Td 5c 8s]
Seat 3: ANIN1337 (button) (small blind) folded on the River
Seat 6: Auge72 (big blind) collected ($17.64)


PokerStars Hand #175591166223:  Hold'em Limit ($3/$6 USD) - 2017/09/13 11:29:43 ET
Table 'Anneliese' 6-max Seat #6 is the button
Seat 3: ANIN1337 ($58.83 in chips)
Seat 6: Auge72 ($118.64 in chips)
Auge72: posts small blind $1
ANIN1337: posts big blind $3
*** HOLE CARDS ***
Auge72: raises $3 to $6
ANIN1337: raises $3 to $9
Auge72: calls $3
*** FLOP *** [7d Td 8s]
ANIN1337: bets $3
Auge72: calls $3
*** TURN *** [7d Td 8s] [9c]
ANIN1337: bets $6
Auge72: calls $6
*** RIVER *** [7d Td 8s 9c] [Qc]
ANIN1337: bets $6
Auge72: calls $6
*** SHOW DOWN ***
ANIN1337: shows [Ts Ac] (a pair of Tens)
Auge72: mucks hand
ANIN1337 collected $47.50 from pot
*** SUMMARY ***
Total pot $48 | Rake $0.50
Board [7d Td 8s 9c Qc]
Seat 3: ANIN1337 (big blind) showed [Ts Ac] and won ($47.50) with a pair of Tens
Seat 6: Auge72 (button) (small blind) mucked


PokerStars Hand #175591187571:  Hold'em Limit ($3/$6 USD) - 2017/09/13 11:30:18 ET
Table 'Anneliese' 6-max Seat #3 is the button
Seat 3: ANIN1337 ($82.33 in chips)
Seat 6: Auge72 ($94.64 in chips)
ANIN1337: posts small blind $1
Auge72: posts big blind $3
*** HOLE CARDS ***
ANIN1337: raises $3 to $6
Auge72: calls $3
*** FLOP *** [Td 3d Jh]
Auge72: bets $3
ANIN1337: raises $3 to $6
Auge72: raises $3 to $9
ANIN1337: calls $3
*** TURN *** [Td 3d Jh] [8c]
Auge72: bets $6
ANIN1337: calls $6
*** RIVER *** [Td 3d Jh 8c] [4h]
Auge72: bets $6
ANIN1337: calls $6
*** SHOW DOWN ***
Auge72: shows [Jd 8s] (two pair, Jacks and Eights)
ANIN1337: mucks hand
Auge72 collected $53.50 from pot
*** SUMMARY ***
Total pot $54 | Rake $0.50
Board [Td 3d Jh 8c 4h]
Seat 3: ANIN1337 (button) (small blind) mucked
Seat 6: Auge72 (big blind) showed [Jd 8s] and won ($53.50) with two pair, Jacks and Eights


PokerStars Hand #175591198193:  Hold'em Limit ($3/$6 USD) - 2017/09/13 11:30:36 ET
Table 'Anneliese' 6-max Seat #6 is the button
Seat 3: ANIN1337 ($55.33 in chips)
Seat 6: Auge72 ($121.14 in chips)
Auge72: posts small blind $1
ANIN1337: posts big blind $3
*** HOLE CARDS ***
Auge72: raises $3 to $6
ANIN1337: raises $3 to $9
Auge72: raises $3 to $12
Betting is capped
ANIN1337: calls $3
*** FLOP *** [8s 2c 5c]
ANIN1337: bets $3
Auge72: calls $3
*** TURN *** [8s 2c 5c] [9d]
ANIN1337: bets $6
Auge72: calls $6
*** RIVER *** [8s 2c 5c 9d] [2s]
ANIN1337: bets $6
Auge72: folds
Uncalled bet ($6) returned to ANIN1337
ANIN1337 collected $41.50 from pot
ANIN1337: doesn't show hand
*** SUMMARY ***
Total pot $42 | Rake $0.50
Board [8s 2c 5c 9d 2s]
Seat 3: ANIN1337 (big blind) collected ($41.50)
Seat 6: Auge72 (button) (small blind) folded on the River


PokerStars Hand #175591213054:  Hold'em Limit ($3/$6 USD) - 2017/09/13 11:31:00 ET
Table 'Anneliese' 6-max Seat #6 is the button
Seat 3: ANIN1337 ($66.83 in chips)
Seat 6: Auge72 ($108.78 in chips)
Auge72: posts small blind $1
ANIN1337: posts big blind $3
*** HOLE CARDS ***
Auge72: folds
Uncalled bet ($2) returned to ANIN1337
ANIN1337 collected $2 from pot
ANIN1337: doesn't show hand
*** SUMMARY ***
Total pot $2 | Rake $0
Seat 3: ANIN1337 (big blind) collected ($2)
Seat 6: Auge72 (button) (small blind) folded before Flop


PokerStars Hand #175591206101:  Hold'em Limit ($3/$6 USD) - 2017/09/13 11:30:48 ET
Table 'Anneliese' 6-max Seat #3 is the button
Seat 3: ANIN1337 ($75.83 in chips)
Seat 6: Auge72 ($100.14 in chips)
ANIN1337: posts small blind $1
Auge72: posts big blind $3
*** HOLE CARDS ***
ANIN1337: raises $3 to $6
Auge72: calls $3
*** FLOP *** [8d Kd Jh]
Auge72: checks
ANIN1337: bets $3
Auge72: calls $3
*** TURN *** [8d Kd Jh] [Qs]
Auge72: bets $6
ANIN1337: folds
Uncalled bet ($6) returned to Auge72
Auge72 collected $17.64 from pot
Auge72: doesn't show hand
*** SUMMARY ***
Total pot $18 | Rake $0.36
Board [8d Kd Jh Qs]
Seat 3: ANIN1337 (button) (small blind) folded on the Turn
Seat 6: Auge72 (big blind) collected ($17.64)


PokerStars Hand #175591215999:  Hold'em Limit ($3/$6 USD) - 2017/09/13 11:31:05 ET
Table 'Anneliese' 6-max Seat #3 is the button
Seat 3: ANIN1337 ($67.83 in chips)
Seat 6: Auge72 ($107.78 in chips)
ANIN1337: posts small blind $1
Auge72: posts big blind $3
*** HOLE CARDS ***
ANIN1337: raises $3 to $6
Auge72: raises $3 to $9
ANIN1337: calls $3
*** FLOP *** [5h Ac 4c]
Auge72: bets $3
ANIN1337: calls $3
*** TURN *** [5h Ac 4c] [Kh]
Auge72: bets $6
ANIN1337: calls $6
*** RIVER *** [5h Ac 4c Kh] [8s]
Auge72: checks
ANIN1337: bets $6
Auge72: folds
Uncalled bet ($6) returned to ANIN1337
ANIN1337 collected $35.50 from pot
ANIN1337: doesn't show hand
*** SUMMARY ***
Total pot $36 | Rake $0.50
Board [5h Ac 4c Kh 8s]
Seat 3: ANIN1337 (button) (small blind) collected ($35.50)
Seat 6: Auge72 (big blind) folded on the River


PokerStars Hand #175591224459:  Hold'em Limit ($3/$6 USD) - 2017/09/13 11:31:19 ET
Table 'Anneliese' 6-max Seat #6 is the button
Seat 3: ANIN1337 ($85.33 in chips)
Seat 6: Auge72 ($89.78 in chips)
Auge72: posts small blind $1
ANIN1337: posts big blind $3
*** HOLE CARDS ***
Auge72: raises $3 to $6
ANIN1337: calls $3
*** FLOP *** [3c Jh Jc]
ANIN1337: checks
Auge72: checks
*** TURN *** [3c Jh Jc] [Qh]
ANIN1337: bets $6
Auge72: calls $6
*** RIVER *** [3c Jh Jc Qh] [5c]
ANIN1337: bets $6
Auge72: raises $6 to $12
ANIN1337: calls $6
*** SHOW DOWN ***
Auge72: shows [Qc Jd] (a full house, Jacks full of Queens)
ANIN1337: mucks hand
Auge72 collected $47.50 from pot
*** SUMMARY ***
Total pot $48 | Rake $0.50
Board [3c Jh Jc Qh 5c]
Seat 3: ANIN1337 (big blind) mucked
Seat 6: Auge72 (button) (small blind) showed [Qc Jd] and won ($47.50) with a full house, Jacks full of Queens


PokerStars Hand #175591232950:  Hold'em Limit ($3/$6 USD) - 2017/09/13 11:31:33 ET
Table 'Anneliese' 6-max Seat #3 is the button
Seat 3: ANIN1337 ($61.33 in chips)
Seat 6: Auge72 ($113.28 in chips)
ANIN1337: posts small blind $1
Auge72: posts big blind $3
*** HOLE CARDS ***
ANIN1337: raises $3 to $6
Auge72: calls $3
*** FLOP *** [Qs Qc 5s]
Auge72: checks
ANIN1337: bets $3
Auge72: calls $3
*** TURN *** [Qs Qc 5s] [6s]
Auge72: checks
ANIN1337: bets $6
Auge72: calls $6
*** RIVER *** [Qs Qc 5s 6s] [9s]
Auge72: bets $6
ANIN1337: calls $6
*** SHOW DOWN ***
Auge72: shows [9h Jh] (two pair, Queens and Nines)
ANIN1337: mucks hand
Auge72 collected $41.50 from pot
*** SUMMARY ***
Total pot $42 | Rake $0.50
Board [Qs Qc 5s 6s 9s]
Seat 3: ANIN1337 (button) (small blind) mucked
Seat 6: Auge72 (big blind) showed [9h Jh] and won ($41.50) with two pair, Queens and Nines


PokerStars Hand #175591241454:  Hold'em Limit ($3/$6 USD) - 2017/09/13 11:31:47 ET
Table 'Anneliese' 6-max Seat #6 is the button
Seat 3: ANIN1337 ($40.33 in chips)
Seat 6: Auge72 ($133.78 in chips)
Auge72: posts small blind $1
ANIN1337: posts big blind $3
*** HOLE CARDS ***
Auge72: calls $2
ANIN1337: checks
*** FLOP *** [4c Ts 7s]
ANIN1337: checks
Auge72: checks
*** TURN *** [4c Ts 7s] [6h]
ANIN1337: bets $6
Auge72: raises $6 to $12
ANIN1337: folds
Uncalled bet ($6) returned to Auge72
Auge72 collected $17.64 from pot
Auge72: doesn't show hand
*** SUMMARY ***
Total pot $18 | Rake $0.36
Board [4c Ts 7s 6h]
Seat 3: ANIN1337 (big blind) folded on the Turn
Seat 6: Auge72 (button) (small blind) collected ($17.64)


PokerStars Hand #175591249607:  Hold'em Limit ($3/$6 USD) - 2017/09/13 11:32:00 ET
Table 'Anneliese' 6-max Seat #3 is the button
Seat 3: ANIN1337 ($31.33 in chips)
Seat 6: Auge72 ($142.42 in chips)
ANIN1337: posts small blind $1
Auge72: posts big blind $3
*** HOLE CARDS ***
ANIN1337: raises $3 to $6
Auge72: calls $3
*** FLOP *** [9s 9d Jd]
Auge72: checks
ANIN1337: bets $3
Auge72: calls $3
*** TURN *** [9s 9d Jd] [Th]
Auge72: bets $6
ANIN1337: raises $6 to $12
Auge72: calls $6
*** RIVER *** [9s 9d Jd Th] [5h]
Auge72: checks
ANIN1337: bets $6
Auge72: calls $6
*** SHOW DOWN ***
ANIN1337: shows [6c Qc] (a pair of Nines)
Auge72: shows [8d Tc] (two pair, Tens and Nines)
Auge72 collected $53.50 from pot
*** SUMMARY ***
Total pot $54 | Rake $0.50
Board [9s 9d Jd Th 5h]
Seat 3: ANIN1337 (button) (small blind) showed [6c Qc] and lost with a pair of Nines
Seat 6: Auge72 (big blind) showed [8d Tc] and won ($53.50) with two pair, Tens and Nines


PokerStars Hand #175591264423:  Hold'em Limit ($3/$6 USD) - 2017/09/13 11:32:25 ET
Table 'Anneliese' 6-max Seat #6 is the button
Seat 3: ANIN1337 ($4.33 in chips)
Seat 6: Auge72 ($168.92 in chips)
Auge72: posts small blind $1
ANIN1337: posts big blind $3
*** HOLE CARDS ***
Auge72: raises $3 to $6
ANIN1337: calls $1.33 and is all-in
Uncalled bet ($1.67) returned to Auge72
*** FLOP *** [2h 3c 2s]
*** TURN *** [2h 3c 2s] [9d]
*** RIVER *** [2h 3c 2s 9d] [Ad]
*** SHOW DOWN ***
ANIN1337: shows [7d 9c] (two pair, Nines and Deuces)
Auge72: shows [9s 6s] (two pair, Nines and Deuces)
ANIN1337 collected $4.25 from pot
Auge72 collected $4.24 from pot
*** SUMMARY ***
Total pot $8.66 | Rake $0.17
Board [2h 3c 2s 9d Ad]
Seat 3: ANIN1337 (big blind) showed [7d 9c] and won ($4.25) with two pair, Nines and Deuces
Seat 6: Auge72 (button) (small blind) showed [9s 6s] and won ($4.24) with two pair, Nines and Deuces


PokerStars Hand #175592678731:  Hold'em Limit ($3/$6 USD) - 2017/09/13 12:10:01 ET
Table 'Anneliese' 6-max Seat #4 is the button
Seat 4: TbIP-TbIP 88 ($89.50 in chips)
Seat 6: GRIM109 ($101.98 in chips)
TbIP-TbIP 88: posts small blind $1
GRIM109: posts big blind $3
*** HOLE CARDS ***
TbIP-TbIP 88: raises $3 to $6
GRIM109: calls $3
*** FLOP *** [Jd 4c 9h]
GRIM109: checks
TbIP-TbIP 88: bets $3
GRIM109: folds
Uncalled bet ($3) returned to TbIP-TbIP 88
TbIP-TbIP 88 collected $11.76 from pot
TbIP-TbIP 88: doesn't show hand
*** SUMMARY ***
Total pot $12 | Rake $0.24
Board [Jd 4c 9h]
Seat 4: TbIP-TbIP 88 (button) (small blind) collected ($11.76)
Seat 6: GRIM109 (big blind) folded on the Flop


PokerStars Hand #175592663251:  Hold'em Limit ($3/$6 USD) - 2017/09/13 12:09:39 ET
Table 'Anneliese' 6-max Seat #6 is the button
Seat 4: TbIP-TbIP 88 ($72 in chips)
Seat 6: GRIM109 ($119.98 in chips)
GRIM109: posts small blind $1
TbIP-TbIP 88: posts big blind $3
*** HOLE CARDS ***
GRIM109: raises $3 to $6
TbIP-TbIP 88: raises $3 to $9
GRIM109: calls $3
*** FLOP *** [3c Ac Jc]
GoliafUa joins the table at seat #1
TbIP-TbIP 88: bets $3
Piparipoker joins the table at seat #3
GRIM109: calls $3
*** TURN *** [3c Ac Jc] [7s]
TbIP-TbIP 88: checks
GRIM109: checks
*** RIVER *** [3c Ac Jc 7s] [9h]
TbIP-TbIP 88: bets $6
GRIM109: calls $6
*** SHOW DOWN ***
TbIP-TbIP 88: shows [Kc Kd] (a pair of Kings)
GRIM109: mucks hand
TbIP-TbIP 88 collected $35.50 from pot
*** SUMMARY ***
Total pot $36 | Rake $0.50
Board [3c Ac Jc 7s 9h]
Seat 4: TbIP-TbIP 88 (big blind) showed [Kc Kd] and won ($35.50) with a pair of Kings
Seat 6: GRIM109 (button) (small blind) mucked


PokerStars Hand #175593404700:  Hold'em Limit ($3/$6 USD) - 2017/09/13 12:27:53 ET
Table 'Anneliese' 6-max Seat #2 is the button
Seat 2: aleks_4ym ($140.68 in chips)
Seat 6: GRIM109 ($87.92 in chips)
aleks_4ym: posts small blind $1
GRIM109: posts big blind $3
*** HOLE CARDS ***
parnishka11 joins the table at seat #4
aleks_4ym: folds
Uncalled bet ($2) returned to GRIM109
GRIM109 collected $2 from pot
GRIM109: doesn't show hand
*** SUMMARY ***
Total pot $2 | Rake $0
Seat 2: aleks_4ym (button) (small blind) folded before Flop
Seat 6: GRIM109 (big blind) collected ($2)


PokerStars Hand #175593392565:  Hold'em Limit ($3/$6 USD) - 2017/09/13 12:27:34 ET
Table 'Anneliese' 6-max Seat #6 is the button
Seat 2: aleks_4ym ($137.80 in chips)
Seat 6: GRIM109 ($90.92 in chips)
GRIM109: posts small blind $1
parnishka11: is sitting out
aleks_4ym: posts big blind $3
*** HOLE CARDS ***
GRIM109: calls $2
parnishka11 leaves the table
aleks_4ym: checks
*** FLOP *** [Qc 4d 2s]
Kon$tanio$ leaves the table
aleks_4ym: bets $3
GRIM109: folds
Uncalled bet ($3) returned to aleks_4ym
aleks_4ym collected $5.88 from pot
aleks_4ym: doesn't show hand
*** SUMMARY ***
Total pot $6 | Rake $0.12
Board [Qc 4d 2s]
Seat 2: aleks_4ym (big blind) collected ($5.88)
Seat 6: GRIM109 (button) (small blind) folded on the Flop


PokerStars Hand #175593409850:  Hold'em Limit ($3/$6 USD) - 2017/09/13 12:28:01 ET
Table 'Anneliese' 6-max Seat #6 is the button
Seat 2: aleks_4ym ($139.68 in chips)
Seat 6: GRIM109 ($88.92 in chips)
GRIM109: posts small blind $1
aleks_4ym: posts big blind $3
*** HOLE CARDS ***
GRIM109: raises $3 to $6
TbIP-TbIP 88 joins the table at seat #1
aleks_4ym: calls $3
*** FLOP *** [5d Ks 2h]
TbIP-TbIP 88 leaves the table
aleks_4ym: checks
GRIM109: bets $3
aleks_4ym: folds
Uncalled bet ($3) returned to GRIM109
GRIM109 collected $11.76 from pot
GRIM109: doesn't show hand
*** SUMMARY ***
Total pot $12 | Rake $0.24
Board [5d Ks 2h]
Seat 2: aleks_4ym (big blind) folded on the Flop
Seat 6: GRIM109 (button) (small blind) collected ($11.76)


PokerStars Hand #175593928440:  Hold'em Limit ($3/$6 USD) - 2017/09/13 12:40:52 ET
Table 'Anneliese' 6-max Seat #4 is the button
Seat 2: aleks_4ym ($137.94 in chips)
Seat 4: parnishka11 ($80.06 in chips)
parnishka11: posts small blind $1
aleks_4ym: posts big blind $3
*** HOLE CARDS ***
parnishka11: folds
Uncalled bet ($2) returned to aleks_4ym
aleks_4ym collected $2 from pot
aleks_4ym: doesn't show hand
*** SUMMARY ***
Total pot $2 | Rake $0
Seat 2: aleks_4ym (big blind) collected ($2)
Seat 4: parnishka11 (button) (small blind) folded before Flop


PokerStars Hand #175593902165:  Hold'em Limit ($3/$6 USD) - 2017/09/13 12:40:12 ET
Table 'Anneliese' 6-max Seat #2 is the button
Seat 2: aleks_4ym ($146.94 in chips)
Seat 4: parnishka11 ($71.42 in chips)
aleks_4ym: posts small blind $1
Mordnilap: is sitting out
parnishka11: posts big blind $3
*** HOLE CARDS ***
Mordnilap leaves the table
aleks_4ym: raises $3 to $6
parnishka11: calls $3
*** FLOP *** [Qh Jc 5s]
parnishka11: checks
aleks_4ym: bets $3
parnishka11: calls $3
*** TURN *** [Qh Jc 5s] [Td]
parnishka11: checks
aleks_4ym: checks
*** RIVER *** [Qh Jc 5s Td] [5h]
parnishka11: bets $6
aleks_4ym: folds
Uncalled bet ($6) returned to parnishka11
parnishka11 collected $17.64 from pot
parnishka11: doesn't show hand
*** SUMMARY ***
Total pot $18 | Rake $0.36
Board [Qh Jc 5s Td 5h]
Seat 2: aleks_4ym (button) (small blind) folded on the River
Seat 4: parnishka11 (big blind) collected ($17.64)


