PokerStars Hand #146211395681:  Hold'em Limit ($3/$6 USD) - 2015/12/31 0:26:30 ET
Table 'Anneliese' 6-max Seat #6 is the button
Seat 4: Zuzanetka23 ($122.11 in chips)
Seat 6: DemonSinz ($75.96 in chips)
DemonSinz: posts small blind $1
Zuzanetka23: posts big blind $3
*** HOLE CARDS ***
DemonSinz: calls $2
Zuzanetka23: raises $3 to $6
DemonSinz: calls $3
*** FLOP *** [8d Qs 3d]
Zuzanetka23: checks
DemonSinz: checks
*** TURN *** [8d Qs 3d] [2h]
Zuzanetka23: bets $6
DemonSinz: folds
Uncalled bet ($6) returned to Zuzanetka23
Zuzanetka23 collected $11.76 from pot
Zuzanetka23: doesn't show hand
*** SUMMARY ***
Total pot $12 | Rake $0.24
Board [8d Qs 3d 2h]
Seat 4: Zuzanetka23 (big blind) collected ($11.76)
Seat 6: DemonSinz (button) (small blind) folded on the Turn


PokerStars Hand #146211407087:  Hold'em Limit ($3/$6 USD) - 2015/12/31 0:27:07 ET
Table 'Anneliese' 6-max Seat #6 is the button
Seat 4: Zuzanetka23 ($126.87 in chips)
Seat 6: DemonSinz ($70.96 in chips)
DemonSinz: posts small blind $1
Zuzanetka23: posts big blind $3
*** HOLE CARDS ***
DemonSinz: raises $3 to $6
Zuzanetka23: folds
Uncalled bet ($3) returned to DemonSinz
DemonSinz collected $6 from pot
*** SUMMARY ***
Total pot $6 | Rake $0
Seat 4: Zuzanetka23 (big blind) folded before Flop
Seat 6: DemonSinz (button) (small blind) collected ($6)


PokerStars Hand #146211404217:  Hold'em Limit ($3/$6 USD) - 2015/12/31 0:26:58 ET
Table 'Anneliese' 6-max Seat #4 is the button
Seat 4: Zuzanetka23 ($127.87 in chips)
Seat 6: DemonSinz ($69.96 in chips)
Zuzanetka23: posts small blind $1
DemonSinz: posts big blind $3
*** HOLE CARDS ***
Zuzanetka23: folds
Uncalled bet ($2) returned to DemonSinz
DemonSinz collected $2 from pot
*** SUMMARY ***
Total pot $2 | Rake $0
Seat 4: Zuzanetka23 (button) (small blind) folded before Flop
Seat 6: DemonSinz (big blind) collected ($2)


PokerStars Hand #146211409686:  Hold'em Limit ($3/$6 USD) - 2015/12/31 0:27:15 ET
Table 'Anneliese' 6-max Seat #4 is the button
Seat 4: Zuzanetka23 ($123.87 in chips)
Seat 6: DemonSinz ($73.96 in chips)
Zuzanetka23: posts small blind $1
DemonSinz: posts big blind $3
*** HOLE CARDS ***
Zuzanetka23: calls $2
DemonSinz: checks
*** FLOP *** [Jd 6d 3d]
DemonSinz: checks
Zuzanetka23: bets $3
DemonSinz: calls $3
*** TURN *** [Jd 6d 3d] [Tc]
DemonSinz: bets $6
Zuzanetka23: folds
Uncalled bet ($6) returned to DemonSinz
DemonSinz collected $11.76 from pot
*** SUMMARY ***
Total pot $12 | Rake $0.24
Board [Jd 6d 3d Tc]
Seat 4: Zuzanetka23 (button) (small blind) folded on the Turn
Seat 6: DemonSinz (big blind) collected ($11.76)


PokerStars Hand #146211415188:  Hold'em Limit ($3/$6 USD) - 2015/12/31 0:27:33 ET
Table 'Anneliese' 6-max Seat #6 is the button
Seat 4: Zuzanetka23 ($117.87 in chips)
Seat 6: DemonSinz ($79.72 in chips)
DemonSinz: posts small blind $1
Zuzanetka23: posts big blind $3
*** HOLE CARDS ***
DemonSinz: calls $2
Zuzanetka23: checks
*** FLOP *** [Ad 9d Qh]
Zuzanetka23: checks
DemonSinz: checks
*** TURN *** [Ad 9d Qh] [6d]
Zuzanetka23: bets $6
DemonSinz: raises $6 to $12
Zuzanetka23: calls $6
*** RIVER *** [Ad 9d Qh 6d] [Js]
Zuzanetka23: checks
DemonSinz: bets $6
Zuzanetka23: folds
Uncalled bet ($6) returned to DemonSinz
DemonSinz collected $29.50 from pot
*** SUMMARY ***
Total pot $30 | Rake $0.50
Board [Ad 9d Qh 6d Js]
Seat 4: Zuzanetka23 (big blind) folded on the River
Seat 6: DemonSinz (button) (small blind) collected ($29.50)


PokerStars Hand #146211421836:  Hold'em Limit ($3/$6 USD) - 2015/12/31 0:27:54 ET
Table 'Anneliese' 6-max Seat #4 is the button
Seat 4: Zuzanetka23 ($102.87 in chips)
Seat 6: DemonSinz ($94.22 in chips)
Zuzanetka23: posts small blind $1
DemonSinz: posts big blind $3
*** HOLE CARDS ***
Zuzanetka23: calls $2
DemonSinz: checks
*** FLOP *** [5d Js 8c]
DemonSinz: checks
Zuzanetka23: bets $3
assitoni joins the table at seat #1
DemonSinz: folds
Uncalled bet ($3) returned to Zuzanetka23
nearoda1969 joins the table at seat #3
Zuzanetka23 collected $5.88 from pot
Zuzanetka23: doesn't show hand
*** SUMMARY ***
Total pot $6 | Rake $0.12
Board [5d Js 8c]
Seat 4: Zuzanetka23 (button) (small blind) collected ($5.88)
Seat 6: DemonSinz (big blind) folded on the Flop


PokerStars Hand #146211967013:  Hold'em Limit ($3/$6 USD) - 2015/12/31 0:56:07 ET
Table 'Anneliese' 6-max Seat #6 is the button
Seat 1: assitoni ($217.42 in chips)
Seat 6: DemonSinz ($73.15 in chips)
DemonSinz: posts small blind $1
assitoni: posts big blind $3
*** HOLE CARDS ***
DemonSinz: calls $2
assitoni: raises $3 to $6
DemonSinz: calls $3
*** FLOP *** [3h Ah Qh]
assitoni: bets $3
DemonSinz: calls $3
*** TURN *** [3h Ah Qh] [8c]
assitoni: bets $6
DemonSinz: raises $6 to $12
assitoni: calls $6
*** RIVER *** [3h Ah Qh 8c] [2h]
assitoni: checks
DemonSinz: checks
*** SHOW DOWN ***
assitoni: shows [Kc As] (a pair of Aces)
DemonSinz: shows [8d Qc] (two pair, Queens and Eights)
DemonSinz collected $41.50 from pot
*** SUMMARY ***
Total pot $42 | Rake $0.50
Board [3h Ah Qh 8c 2h]
Seat 1: assitoni (big blind) showed [Kc As] and lost with a pair of Aces
Seat 6: DemonSinz (button) (small blind) showed [8d Qc] and won ($41.50) with two pair, Queens and Eights


PokerStars Hand #146211956747:  Hold'em Limit ($3/$6 USD) - 2015/12/31 0:55:30 ET
Table 'Anneliese' 6-max Seat #1 is the button
Seat 1: assitoni ($202.92 in chips)
Seat 6: DemonSinz ($88.15 in chips)
assitoni: posts small blind $1
Airbag999: is sitting out
DemonSinz: posts big blind $3
*** HOLE CARDS ***
assitoni: raises $3 to $6
Airbag999 leaves the table
DemonSinz: calls $3
*** FLOP *** [2c Jc Jh]
DemonSinz: checks
assitoni: bets $3
DemonSinz: calls $3
*** TURN *** [2c Jc Jh] [Jd]
DemonSinz: bets $6
assitoni: calls $6
*** RIVER *** [2c Jc Jh Jd] [Qc]
DemonSinz: checks
assitoni: checks
*** SHOW DOWN ***
DemonSinz: shows [Th 4c] (three of a kind, Jacks)
assitoni: shows [5d Kc] (three of a kind, Jacks - King kicker)
assitoni collected $29.50 from pot
*** SUMMARY ***
Total pot $30 | Rake $0.50
Board [2c Jc Jh Jd Qc]
Seat 1: assitoni (button) (small blind) showed [5d Kc] and won ($29.50) with three of a kind, Jacks
Seat 6: DemonSinz (big blind) showed [Th 4c] and lost with three of a kind, Jacks


PokerStars Hand #146211992483:  Hold'em Limit ($3/$6 USD) - 2015/12/31 0:57:39 ET
Table 'Anneliese' 6-max Seat #1 is the button
Seat 1: assitoni ($225.92 in chips)
Seat 6: DemonSinz ($63.65 in chips)
assitoni: posts small blind $1
DemonSinz: posts big blind $3
*** HOLE CARDS ***
assitoni: folds
Uncalled bet ($2) returned to DemonSinz
DemonSinz collected $2 from pot
*** SUMMARY ***
Total pot $2 | Rake $0
Seat 1: assitoni (button) (small blind) folded before Flop
Seat 6: DemonSinz (big blind) collected ($2)


PokerStars Hand #146211983557:  Hold'em Limit ($3/$6 USD) - 2015/12/31 0:57:07 ET
Table 'Anneliese' 6-max Seat #6 is the button
Seat 1: assitoni ($199.42 in chips)
Seat 6: DemonSinz ($90.65 in chips)
DemonSinz: posts small blind $1
assitoni: posts big blind $3
*** HOLE CARDS ***
DemonSinz: calls $2
assitoni: raises $3 to $6
DemonSinz: calls $3
*** FLOP *** [6s 6c 6h]
assitoni: bets $3
DemonSinz: calls $3
*** TURN *** [6s 6c 6h] [Ac]
assitoni: bets $6
DemonSinz: raises $6 to $12
assitoni: calls $6
*** RIVER *** [6s 6c 6h Ac] [2s]
assitoni: checks
DemonSinz: bets $6
assitoni: calls $6
*** SHOW DOWN ***
DemonSinz: shows [7c Qd] (three of a kind, Sixes)
assitoni: shows [Qc Kh] (three of a kind, Sixes - Ace+King kicker)
assitoni collected $53.50 from pot
*** SUMMARY ***
Total pot $54 | Rake $0.50
Board [6s 6c 6h Ac 2s]
Seat 1: assitoni (big blind) showed [Qc Kh] and won ($53.50) with three of a kind, Sixes
Seat 6: DemonSinz (button) (small blind) showed [7c Qd] and lost with three of a kind, Sixes


PokerStars Hand #146211980243:  Hold'em Limit ($3/$6 USD) - 2015/12/31 0:56:55 ET
Table 'Anneliese' 6-max Seat #1 is the button
Seat 1: assitoni ($196.42 in chips)
Seat 6: DemonSinz ($93.65 in chips)
assitoni: posts small blind $1
DemonSinz: posts big blind $3
*** HOLE CARDS ***
assitoni: raises $3 to $6
DemonSinz: folds
Uncalled bet ($3) returned to assitoni
assitoni collected $6 from pot
assitoni: doesn't show hand
*** SUMMARY ***
Total pot $6 | Rake $0
Seat 1: assitoni (button) (small blind) collected ($6)
Seat 6: DemonSinz (big blind) folded before Flop


PokerStars Hand #146212009085:  Hold'em Limit ($3/$6 USD) - 2015/12/31 0:58:38 ET
Table 'Anneliese' 6-max Seat #6 is the button
Seat 1: assitoni ($245.18 in chips)
Seat 6: DemonSinz ($43.65 in chips)
DemonSinz: posts small blind $1
assitoni: posts big blind $3
*** HOLE CARDS ***
DemonSinz: raises $3 to $6
assitoni: calls $3
*** FLOP *** [3d Ts Qd]
assitoni: checks
DemonSinz: bets $3
assitoni: folds
Uncalled bet ($3) returned to DemonSinz
DemonSinz collected $11.76 from pot
*** SUMMARY ***
Total pot $12 | Rake $0.24
Board [3d Ts Qd]
Seat 1: assitoni (big blind) folded on the Flop
Seat 6: DemonSinz (button) (small blind) collected ($11.76)


PokerStars Hand #146211999726:  Hold'em Limit ($3/$6 USD) - 2015/12/31 0:58:05 ET
Table 'Anneliese' 6-max Seat #1 is the button
Seat 1: assitoni ($230.68 in chips)
Seat 6: DemonSinz ($58.65 in chips)
assitoni: posts small blind $1
DemonSinz: posts big blind $3
*** HOLE CARDS ***
assitoni: raises $3 to $6
DemonSinz: calls $3
*** FLOP *** [Td Jc 2h]
DemonSinz: bets $3
assitoni: calls $3
*** TURN *** [Td Jc 2h] [3c]
DemonSinz: checks
assitoni: checks
*** RIVER *** [Td Jc 2h 3c] [4c]
DemonSinz: bets $6
assitoni: calls $6
*** SHOW DOWN ***
DemonSinz: shows [9d 6s] (high card Jack)
assitoni: shows [Ks 9c] (high card King)
assitoni collected $29.50 from pot
*** SUMMARY ***
Total pot $30 | Rake $0.50
Board [Td Jc 2h 3c 4c]
Seat 1: assitoni (button) (small blind) showed [Ks 9c] and won ($29.50) with high card King
Seat 6: DemonSinz (big blind) showed [9d 6s] and lost with high card Jack


PokerStars Hand #146212014886:  Hold'em Limit ($3/$6 USD) - 2015/12/31 0:58:59 ET
Table 'Anneliese' 6-max Seat #1 is the button
Seat 1: assitoni ($239.18 in chips)
Seat 6: DemonSinz ($49.41 in chips)
assitoni: posts small blind $1
DemonSinz: posts big blind $3
*** HOLE CARDS ***
assitoni: raises $3 to $6
DemonSinz: calls $3
*** FLOP *** [Ah Qd 6c]
DemonSinz: checks
assitoni: bets $3
DemonSinz: folds
Uncalled bet ($3) returned to assitoni
assitoni collected $11.76 from pot
*** SUMMARY ***
Total pot $12 | Rake $0.24
Board [Ah Qd 6c]
Seat 1: assitoni (button) (small blind) collected ($11.76)
Seat 6: DemonSinz (big blind) folded on the Flop


PokerStars Hand #146212032802:  Hold'em Limit ($3/$6 USD) - 2015/12/31 1:00:03 ET
Table 'Anneliese' 6-max Seat #6 is the button
Seat 1: assitoni ($251.70 in chips)
Seat 6: DemonSinz ($36.41 in chips)
DemonSinz: posts small blind $1
assitoni: posts big blind $3
*** HOLE CARDS ***
DemonSinz: folds
Uncalled bet ($2) returned to assitoni
assitoni collected $2 from pot
*** SUMMARY ***
Total pot $2 | Rake $0
Seat 1: assitoni (big blind) collected ($2)
Seat 6: DemonSinz (button) (small blind) folded before Flop


PokerStars Hand #146212024898:  Hold'em Limit ($3/$6 USD) - 2015/12/31 0:59:35 ET
Table 'Anneliese' 6-max Seat #1 is the button
Seat 1: assitoni ($245.94 in chips)
Seat 6: DemonSinz ($42.41 in chips)
assitoni: posts small blind $1
DemonSinz: posts big blind $3
*** HOLE CARDS ***
assitoni: raises $3 to $6
DemonSinz: calls $3
*** FLOP *** [9d Th Ad]
DemonSinz: checks
assitoni: bets $3
DemonSinz: folds
Uncalled bet ($3) returned to assitoni
assitoni collected $11.76 from pot
assitoni: doesn't show hand
*** SUMMARY ***
Total pot $12 | Rake $0.24
Board [9d Th Ad]
Seat 1: assitoni (button) (small blind) collected ($11.76)
Seat 6: DemonSinz (big blind) folded on the Flop


PokerStars Hand #146212061345:  Hold'em Limit ($3/$6 USD) - 2015/12/31 1:01:36 ET
Table 'Anneliese' 6-max Seat #1 is the button
Seat 1: assitoni ($228.58 in chips)
Seat 6: DemonSinz ($58.91 in chips)
assitoni: posts small blind $1
DemonSinz: posts big blind $3
*** HOLE CARDS ***
assitoni: raises $3 to $6
DemonSinz: calls $3
*** FLOP *** [Qs 7d Tc]
DemonSinz: checks
assitoni: bets $3
DemonSinz: raises $3 to $6
assitoni: folds
Uncalled bet ($3) returned to DemonSinz
DemonSinz collected $17.64 from pot
*** SUMMARY ***
Total pot $18 | Rake $0.36
Board [Qs 7d Tc]
Seat 1: assitoni (button) (small blind) folded on the Flop
Seat 6: DemonSinz (big blind) collected ($17.64)


PokerStars Hand #146212052567:  Hold'em Limit ($3/$6 USD) - 2015/12/31 1:01:07 ET
Table 'Anneliese' 6-max Seat #6 is the button
Seat 1: assitoni ($225.70 in chips)
Seat 6: DemonSinz ($61.91 in chips)
DemonSinz: posts small blind $1
assitoni: posts big blind $3
*** HOLE CARDS ***
DemonSinz: calls $2
assitoni: checks
*** FLOP *** [Jc Js 7c]
assitoni: checks
DemonSinz: checks
*** TURN *** [Jc Js 7c] [Kc]
assitoni: bets $6
DemonSinz: folds
Uncalled bet ($6) returned to assitoni
assitoni collected $5.88 from pot
assitoni: doesn't show hand
*** SUMMARY ***
Total pot $6 | Rake $0.12
Board [Jc Js 7c Kc]
Seat 1: assitoni (big blind) collected ($5.88)
Seat 6: DemonSinz (button) (small blind) folded on the Turn


PokerStars Hand #146212035132:  Hold'em Limit ($3/$6 USD) - 2015/12/31 1:00:09 ET
Table 'Anneliese' 6-max Seat #1 is the button
Seat 1: assitoni ($252.70 in chips)
Seat 6: DemonSinz ($35.41 in chips)
assitoni: posts small blind $1
DemonSinz: posts big blind $3
*** HOLE CARDS ***
assitoni: raises $3 to $6
DemonSinz: calls $3
*** FLOP *** [Ks 8c 3c]
DemonSinz: checks
assitoni: bets $3
DemonSinz: calls $3
*** TURN *** [Ks 8c 3c] [Jh]
DemonSinz: checks
assitoni: bets $6
DemonSinz: raises $6 to $12
assitoni: calls $6
*** RIVER *** [Ks 8c 3c Jh] [5s]
DemonSinz: bets $6
assitoni: calls $6
*** SHOW DOWN ***
DemonSinz: shows [As Kc] (a pair of Kings)
assitoni: mucks hand
DemonSinz collected $53.50 from pot
*** SUMMARY ***
Total pot $54 | Rake $0.50
Board [Ks 8c 3c Jh 5s]
Seat 1: assitoni (button) (small blind) mucked
Seat 6: DemonSinz (big blind) showed [As Kc] and won ($53.50) with a pair of Kings


PokerStars Hand #146212073156:  Hold'em Limit ($3/$6 USD) - 2015/12/31 1:02:13 ET
Table 'Anneliese' 6-max Seat #1 is the button
Seat 1: assitoni ($220.58 in chips)
Seat 6: DemonSinz ($66.55 in chips)
assitoni: posts small blind $1
DemonSinz: posts big blind $3
*** HOLE CARDS ***
assitoni: folds
Uncalled bet ($2) returned to DemonSinz
DemonSinz collected $2 from pot
*** SUMMARY ***
Total pot $2 | Rake $0
Seat 1: assitoni (button) (small blind) folded before Flop
Seat 6: DemonSinz (big blind) collected ($2)


PokerStars Hand #146212090821:  Hold'em Limit ($3/$6 USD) - 2015/12/31 1:03:07 ET
Table 'Anneliese' 6-max Seat #1 is the button
Seat 1: assitoni ($249.08 in chips)
Seat 6: DemonSinz ($37.55 in chips)
assitoni: posts small blind $1
DemonSinz: posts big blind $3
*** HOLE CARDS ***
assitoni: raises $3 to $6
DemonSinz: calls $3
*** FLOP *** [3h 2c 9c]
DemonSinz: bets $3
assitoni: folds
Uncalled bet ($3) returned to DemonSinz
DemonSinz collected $11.76 from pot
*** SUMMARY ***
Total pot $12 | Rake $0.24
Board [3h 2c 9c]
Seat 1: assitoni (button) (small blind) folded on the Flop
Seat 6: DemonSinz (big blind) collected ($11.76)


PokerStars Hand #146212075204:  Hold'em Limit ($3/$6 USD) - 2015/12/31 1:02:20 ET
Table 'Anneliese' 6-max Seat #6 is the button
Seat 1: assitoni ($219.58 in chips)
Seat 6: DemonSinz ($67.55 in chips)
DemonSinz: posts small blind $1
assitoni: posts big blind $3
*** HOLE CARDS ***
DemonSinz: raises $3 to $6
assitoni: raises $3 to $9
DemonSinz: calls $3
*** FLOP *** [4h 5d 3h]
assitoni: bets $3
DemonSinz: calls $3
*** TURN *** [4h 5d 3h] [5s]
assitoni: bets $6
DemonSinz: calls $6
*** RIVER *** [4h 5d 3h 5s] [Qs]
assitoni: bets $6
DemonSinz: raises $6 to $12
assitoni: calls $6
*** SHOW DOWN ***
DemonSinz: shows [7h Qd] (two pair, Queens and Fives)
assitoni: shows [Ah Qh] (two pair, Queens and Fives - Ace kicker)
assitoni collected $59.50 from pot
*** SUMMARY ***
Total pot $60 | Rake $0.50
Board [4h 5d 3h 5s Qs]
Seat 1: assitoni (big blind) showed [Ah Qh] and won ($59.50) with two pair, Queens and Fives
Seat 6: DemonSinz (button) (small blind) showed [7h Qd] and lost with two pair, Queens and Fives


PokerStars Hand #146212116399:  Hold'em Limit ($3/$6 USD) - 2015/12/31 1:04:25 ET
Table 'Anneliese' 6-max Seat #1 is the button
Seat 1: assitoni ($222.08 in chips)
Seat 6: DemonSinz ($63.81 in chips)
assitoni: posts small blind $1
DemonSinz: posts big blind $3
*** HOLE CARDS ***
assitoni: raises $3 to $6
DemonSinz: calls $3
*** FLOP *** [8c 3h 3c]
DemonSinz: bets $3
assitoni: raises $3 to $6
DemonSinz: calls $3
*** TURN *** [8c 3h 3c] [Qh]
DemonSinz: checks
assitoni: bets $6
DemonSinz: folds
Uncalled bet ($6) returned to assitoni
assitoni collected $23.52 from pot
*** SUMMARY ***
Total pot $24 | Rake $0.48
Board [8c 3h 3c Qh]
Seat 1: assitoni (button) (small blind) collected ($23.52)
Seat 6: DemonSinz (big blind) folded on the Turn


PokerStars Hand #146212101252:  Hold'em Limit ($3/$6 USD) - 2015/12/31 1:03:39 ET
Table 'Anneliese' 6-max Seat #6 is the button
Seat 1: assitoni ($243.08 in chips)
Seat 6: DemonSinz ($43.31 in chips)
DemonSinz: posts small blind $1
assitoni: posts big blind $3
*** HOLE CARDS ***
DemonSinz: calls $2
assitoni: raises $3 to $6
DemonSinz: calls $3
*** FLOP *** [4h Ad Kh]
assitoni: bets $3
DemonSinz: calls $3
*** TURN *** [4h Ad Kh] [7s]
assitoni: bets $6
DemonSinz: calls $6
*** RIVER *** [4h Ad Kh 7s] [Js]
assitoni: checks
DemonSinz: bets $6
assitoni: calls $6
*** SHOW DOWN ***
DemonSinz: shows [8h As] (a pair of Aces)
assitoni: mucks hand
DemonSinz collected $41.50 from pot
*** SUMMARY ***
Total pot $42 | Rake $0.50
Board [4h Ad Kh 7s Js]
Seat 1: assitoni (big blind) mucked
Seat 6: DemonSinz (button) (small blind) showed [8h As] and won ($41.50) with a pair of Aces


PokerStars Hand #146212130200:  Hold'em Limit ($3/$6 USD) - 2015/12/31 1:05:06 ET
Table 'Anneliese' 6-max Seat #1 is the button
Seat 1: assitoni ($234.60 in chips)
Seat 6: DemonSinz ($50.81 in chips)
assitoni: posts small blind $1
DemonSinz: posts big blind $3
*** HOLE CARDS ***
assitoni: raises $3 to $6
DemonSinz: calls $3
*** FLOP *** [8s Ad 4h]
DemonSinz: checks
assitoni: bets $3
DemonSinz: folds
Uncalled bet ($3) returned to assitoni
assitoni collected $11.76 from pot
assitoni: doesn't show hand
*** SUMMARY ***
Total pot $12 | Rake $0.24
Board [8s Ad 4h]
Seat 1: assitoni (button) (small blind) collected ($11.76)
Seat 6: DemonSinz (big blind) folded on the Flop


PokerStars Hand #146212127993:  Hold'em Limit ($3/$6 USD) - 2015/12/31 1:05:00 ET
Table 'Anneliese' 6-max Seat #6 is the button
Seat 1: assitoni ($233.60 in chips)
Seat 6: DemonSinz ($51.81 in chips)
DemonSinz: posts small blind $1
assitoni: posts big blind $3
*** HOLE CARDS ***
DemonSinz: folds
Uncalled bet ($2) returned to assitoni
assitoni collected $2 from pot
assitoni: doesn't show hand
*** SUMMARY ***
Total pot $2 | Rake $0
Seat 1: assitoni (big blind) collected ($2)
Seat 6: DemonSinz (button) (small blind) folded before Flop


PokerStars Hand #146212138613:  Hold'em Limit ($3/$6 USD) - 2015/12/31 1:05:31 ET
Table 'Anneliese' 6-max Seat #1 is the button
Seat 1: assitoni ($241.36 in chips)
Seat 6: DemonSinz ($43.81 in chips)
assitoni: posts small blind $1
DemonSinz: posts big blind $3
*** HOLE CARDS ***
assitoni: raises $3 to $6
DemonSinz: calls $3
*** FLOP *** [Qd 4c 7d]
DemonSinz: checks
assitoni: bets $3
DemonSinz: raises $3 to $6
assitoni: calls $3
*** TURN *** [Qd 4c 7d] [7s]
DemonSinz: checks
assitoni: checks
*** RIVER *** [Qd 4c 7d 7s] [Ad]
DemonSinz: checks
assitoni: checks
*** SHOW DOWN ***
DemonSinz: shows [Kc 7c] (three of a kind, Sevens)
assitoni: mucks hand
DemonSinz collected $23.52 from pot
*** SUMMARY ***
Total pot $24 | Rake $0.48
Board [Qd 4c 7d 7s Ad]
Seat 1: assitoni (button) (small blind) mucked
Seat 6: DemonSinz (big blind) showed [Kc 7c] and won ($23.52) with three of a kind, Sevens


PokerStars Hand #146212155552:  Hold'em Limit ($3/$6 USD) - 2015/12/31 1:06:22 ET
Table 'Anneliese' 6-max Seat #6 is the button
Seat 1: assitoni ($229.36 in chips)
Seat 6: DemonSinz ($55.33 in chips)
DemonSinz: posts small blind $1
assitoni: posts big blind $3
*** HOLE CARDS ***
DemonSinz: calls $2
assitoni: raises $3 to $6
DemonSinz: calls $3
*** FLOP *** [3h 5s Qh]
assitoni: bets $3
DemonSinz: calls $3
*** TURN *** [3h 5s Qh] [Js]
assitoni: checks
DemonSinz: bets $6
assitoni: folds
Uncalled bet ($6) returned to DemonSinz
DemonSinz collected $17.64 from pot
*** SUMMARY ***
Total pot $18 | Rake $0.36
Board [3h 5s Qh Js]
Seat 1: assitoni (big blind) folded on the Turn
Seat 6: DemonSinz (button) (small blind) collected ($17.64)


PokerStars Hand #146212166311:  Hold'em Limit ($3/$6 USD) - 2015/12/31 1:06:54 ET
Table 'Anneliese' 6-max Seat #1 is the button
Seat 1: assitoni ($220.36 in chips)
Seat 6: DemonSinz ($63.97 in chips)
assitoni: posts small blind $1
DemonSinz: posts big blind $3
*** HOLE CARDS ***
assitoni: raises $3 to $6
DemonSinz: calls $3
*** FLOP *** [3s Td Qc]
DemonSinz: checks
assitoni: bets $3
DemonSinz: calls $3
*** TURN *** [3s Td Qc] [Ah]
DemonSinz: checks
assitoni: checks
*** RIVER *** [3s Td Qc Ah] [Jd]
DemonSinz: bets $6
assitoni: folds
Uncalled bet ($6) returned to DemonSinz
DemonSinz collected $17.64 from pot
*** SUMMARY ***
Total pot $18 | Rake $0.36
Board [3s Td Qc Ah Jd]
Seat 1: assitoni (button) (small blind) folded on the River
Seat 6: DemonSinz (big blind) collected ($17.64)


PokerStars Hand #146212191122:  Hold'em Limit ($3/$6 USD) - 2015/12/31 1:08:10 ET
Table 'Anneliese' 6-max Seat #6 is the button
Seat 1: assitoni ($218.12 in chips)
Seat 6: DemonSinz ($65.61 in chips)
DemonSinz: posts small blind $1
assitoni: posts big blind $3
*** HOLE CARDS ***
_fayzulllo_ joins the table at seat #3
DirtyDouble2 joins the table at seat #5
DemonSinz: folds
Uncalled bet ($2) returned to assitoni
assitoni collected $2 from pot
*** SUMMARY ***
Total pot $2 | Rake $0
Seat 1: assitoni (big blind) collected ($2)
Seat 6: DemonSinz (button) (small blind) folded before Flop


PokerStars Hand #146212183465:  Hold'em Limit ($3/$6 USD) - 2015/12/31 1:07:47 ET
Table 'Anneliese' 6-max Seat #1 is the button
Seat 1: assitoni ($212.36 in chips)
Seat 6: DemonSinz ($71.61 in chips)
assitoni: posts small blind $1
DemonSinz: posts big blind $3
*** HOLE CARDS ***
assitoni: raises $3 to $6
DemonSinz: calls $3
*** FLOP *** [Ah 9s Jd]
DemonSinz: checks
jimmylace joins the table at seat #2
assitoni: bets $3
DemonSinz: folds
Uncalled bet ($3) returned to assitoni
assitoni collected $11.76 from pot
assitoni: doesn't show hand
*** SUMMARY ***
Total pot $12 | Rake $0.24
Board [Ah 9s Jd]
Seat 1: assitoni (button) (small blind) collected ($11.76)
Seat 6: DemonSinz (big blind) folded on the Flop


PokerStars Hand #146212978356:  Hold'em Limit ($3/$6 USD) - 2015/12/31 1:49:19 ET
Table 'Anneliese' 6-max Seat #2 is the button
Seat 2: jimmylace ($183.72 in chips)
Seat 3: nearoda1969 ($552.90 in chips)
jimmylace: posts small blind $1
nearoda1969: posts big blind $3
*** HOLE CARDS ***
jimmylace: folds
Uncalled bet ($2) returned to nearoda1969
nearoda1969 collected $2 from pot
nearoda1969: doesn't show hand
*** SUMMARY ***
Total pot $2 | Rake $0
Seat 2: jimmylace (button) (small blind) folded before Flop
Seat 3: nearoda1969 (big blind) collected ($2)


PokerStars Hand #146212971275:  Hold'em Limit ($3/$6 USD) - 2015/12/31 1:48:56 ET
Table 'Anneliese' 6-max Seat #3 is the button
Seat 2: jimmylace ($186.72 in chips)
Seat 3: nearoda1969 ($549.90 in chips)
nearoda1969: posts small blind $1
zizonmusang: is sitting out
jimmylace: posts big blind $3
*** HOLE CARDS ***
nearoda1969: raises $3 to $6
jimmylace: folds
Uncalled bet ($3) returned to nearoda1969
nearoda1969 collected $6 from pot
nearoda1969: doesn't show hand
*** SUMMARY ***
Total pot $6 | Rake $0
Seat 2: jimmylace (big blind) folded before Flop
Seat 3: nearoda1969 (button) (small blind) collected ($6)


PokerStars Hand #146213009436:  Hold'em Limit ($3/$6 USD) - 2015/12/31 1:50:58 ET
Table 'Anneliese' 6-max Seat #3 is the button
Seat 2: jimmylace ($189.98 in chips)
Seat 3: nearoda1969 ($572.51 in chips)
nearoda1969: posts small blind $1
jimmylace: posts big blind $3
*** HOLE CARDS ***
nearoda1969: raises $3 to $6
jimmylace: calls $3
*** FLOP *** [Qh 6c 8d]
jimmylace: checks
nearoda1969: checks
*** TURN *** [Qh 6c 8d] [Kd]
jimmylace: checks
nearoda1969: checks
*** RIVER *** [Qh 6c 8d Kd] [9s]
jimmylace: checks
nearoda1969: checks
*** SHOW DOWN ***
jimmylace: shows [4d 4h] (a pair of Fours)
nearoda1969: mucks hand
jimmylace collected $11.76 from pot
*** SUMMARY ***
Total pot $12 | Rake $0.24
Board [Qh 6c 8d Kd 9s]
Seat 2: jimmylace (big blind) showed [4d 4h] and won ($11.76) with a pair of Fours
Seat 3: nearoda1969 (button) (small blind) mucked


PokerStars Hand #146212996094:  Hold'em Limit ($3/$6 USD) - 2015/12/31 1:50:15 ET
Table 'Anneliese' 6-max Seat #3 is the button
Seat 2: jimmylace ($166.72 in chips)
Seat 3: nearoda1969 ($596.51 in chips)
nearoda1969: posts small blind $1
jimmylace: posts big blind $3
*** HOLE CARDS ***
nearoda1969: calls $2
jimmylace: checks
*** FLOP *** [8c 6c Td]
jimmylace: bets $3
nearoda1969: calls $3
*** TURN *** [8c 6c Td] [Jd]
jimmylace: checks
nearoda1969: checks
*** RIVER *** [8c 6c Td Jd] [9s]
jimmylace: bets $6
nearoda1969: folds
Uncalled bet ($6) returned to jimmylace
jimmylace collected $11.76 from pot
jimmylace: doesn't show hand
*** SUMMARY ***
Total pot $12 | Rake $0.24
Board [8c 6c Td Jd 9s]
Seat 2: jimmylace (big blind) collected ($11.76)
Seat 3: nearoda1969 (button) (small blind) folded on the River


PokerStars Hand #146213000821:  Hold'em Limit ($3/$6 USD) - 2015/12/31 1:50:31 ET
Table 'Anneliese' 6-max Seat #2 is the button
Seat 2: jimmylace ($172.48 in chips)
Seat 3: nearoda1969 ($590.51 in chips)
jimmylace: posts small blind $1
nearoda1969: posts big blind $3
*** HOLE CARDS ***
jimmylace: raises $3 to $6
nearoda1969: calls $3
*** FLOP *** [5s 8h Qh]
nearoda1969: checks
jimmylace: bets $3
nearoda1969: raises $3 to $6
jimmylace: calls $3
*** TURN *** [5s 8h Qh] [5c]
nearoda1969: checks
jimmylace: checks
*** RIVER *** [5s 8h Qh 5c] [Td]
nearoda1969: bets $6
jimmylace: raises $6 to $12
nearoda1969: folds
Uncalled bet ($6) returned to jimmylace
jimmylace collected $35.50 from pot
jimmylace: doesn't show hand
*** SUMMARY ***
Total pot $36 | Rake $0.50
Board [5s 8h Qh 5c Td]
Seat 2: jimmylace (button) (small blind) collected ($35.50)
Seat 3: nearoda1969 (big blind) folded on the River


PokerStars Hand #146213026561:  Hold'em Limit ($3/$6 USD) - 2015/12/31 1:51:52 ET
Table 'Anneliese' 6-max Seat #2 is the button
Seat 2: jimmylace ($193.62 in chips)
Seat 3: nearoda1969 ($568.51 in chips)
jimmylace: posts small blind $1
nearoda1969: posts big blind $3
*** HOLE CARDS ***
jimmylace: folds
Uncalled bet ($2) returned to nearoda1969
nearoda1969 collected $2 from pot
nearoda1969: doesn't show hand
*** SUMMARY ***
Total pot $2 | Rake $0
Seat 2: jimmylace (button) (small blind) folded before Flop
Seat 3: nearoda1969 (big blind) collected ($2)


PokerStars Hand #146213024918:  Hold'em Limit ($3/$6 USD) - 2015/12/31 1:51:47 ET
Table 'Anneliese' 6-max Seat #3 is the button
Seat 2: jimmylace ($196.62 in chips)
Seat 3: nearoda1969 ($565.51 in chips)
nearoda1969: posts small blind $1
jimmylace: posts big blind $3
*** HOLE CARDS ***
nearoda1969: raises $3 to $6
jimmylace: folds
Uncalled bet ($3) returned to nearoda1969
nearoda1969 collected $6 from pot
nearoda1969: doesn't show hand
*** SUMMARY ***
Total pot $6 | Rake $0
Seat 2: jimmylace (big blind) folded before Flop
Seat 3: nearoda1969 (button) (small blind) collected ($6)


PokerStars Hand #146213023051:  Hold'em Limit ($3/$6 USD) - 2015/12/31 1:51:41 ET
Table 'Anneliese' 6-max Seat #2 is the button
Seat 2: jimmylace ($197.62 in chips)
Seat 3: nearoda1969 ($564.51 in chips)
jimmylace: posts small blind $1
nearoda1969: posts big blind $3
*** HOLE CARDS ***
jimmylace: folds
Uncalled bet ($2) returned to nearoda1969
nearoda1969 collected $2 from pot
nearoda1969: doesn't show hand
*** SUMMARY ***
Total pot $2 | Rake $0
Seat 2: jimmylace (button) (small blind) folded before Flop
Seat 3: nearoda1969 (big blind) collected ($2)


PokerStars Hand #146213031294:  Hold'em Limit ($3/$6 USD) - 2015/12/31 1:52:08 ET
Table 'Anneliese' 6-max Seat #2 is the button
Seat 2: jimmylace ($198.38 in chips)
Seat 3: nearoda1969 ($563.51 in chips)
jimmylace: posts small blind $1
nearoda1969: posts big blind $3
*** HOLE CARDS ***
jimmylace: raises $3 to $6
nearoda1969: folds
Uncalled bet ($3) returned to jimmylace
jimmylace collected $6 from pot
jimmylace: doesn't show hand
*** SUMMARY ***
Total pot $6 | Rake $0
Seat 2: jimmylace (button) (small blind) collected ($6)
Seat 3: nearoda1969 (big blind) folded before Flop


PokerStars Hand #146213028218:  Hold'em Limit ($3/$6 USD) - 2015/12/31 1:51:58 ET
Table 'Anneliese' 6-max Seat #3 is the button
Seat 2: jimmylace ($192.62 in chips)
Seat 3: nearoda1969 ($569.51 in chips)
nearoda1969: posts small blind $1
jimmylace: posts big blind $3
*** HOLE CARDS ***
nearoda1969: calls $2
jimmylace: raises $3 to $6
nearoda1969: calls $3
*** FLOP *** [8s Ks As]
jimmylace: bets $3
nearoda1969: folds
Uncalled bet ($3) returned to jimmylace
jimmylace collected $11.76 from pot
jimmylace: doesn't show hand
*** SUMMARY ***
Total pot $12 | Rake $0.24
Board [8s Ks As]
Seat 2: jimmylace (big blind) collected ($11.76)
Seat 3: nearoda1969 (button) (small blind) folded on the Flop


PokerStars Hand #146213013388:  Hold'em Limit ($3/$6 USD) - 2015/12/31 1:51:10 ET
Table 'Anneliese' 6-max Seat #2 is the button
Seat 2: jimmylace ($195.74 in chips)
Seat 3: nearoda1969 ($566.51 in chips)
jimmylace: posts small blind $1
nearoda1969: posts big blind $3
*** HOLE CARDS ***
jimmylace: folds
Uncalled bet ($2) returned to nearoda1969
nearoda1969 collected $2 from pot
nearoda1969: doesn't show hand
*** SUMMARY ***
Total pot $2 | Rake $0
Seat 2: jimmylace (button) (small blind) folded before Flop
Seat 3: nearoda1969 (big blind) collected ($2)


PokerStars Hand #146213021555:  Hold'em Limit ($3/$6 USD) - 2015/12/31 1:51:36 ET
Table 'Anneliese' 6-max Seat #3 is the button
Seat 2: jimmylace ($196.62 in chips)
Seat 3: nearoda1969 ($565.51 in chips)
nearoda1969: posts small blind $1
jimmylace: posts big blind $3
*** HOLE CARDS ***
nearoda1969: folds
Uncalled bet ($2) returned to jimmylace
jimmylace collected $2 from pot
jimmylace: doesn't show hand
*** SUMMARY ***
Total pot $2 | Rake $0
Seat 2: jimmylace (big blind) collected ($2)
Seat 3: nearoda1969 (button) (small blind) folded before Flop


PokerStars Hand #146213019494:  Hold'em Limit ($3/$6 USD) - 2015/12/31 1:51:30 ET
Table 'Anneliese' 6-max Seat #2 is the button
Seat 2: jimmylace ($197.62 in chips)
Seat 3: nearoda1969 ($564.51 in chips)
jimmylace: posts small blind $1
nearoda1969: posts big blind $3
*** HOLE CARDS ***
jimmylace: folds
Uncalled bet ($2) returned to nearoda1969
nearoda1969 collected $2 from pot
nearoda1969: doesn't show hand
*** SUMMARY ***
Total pot $2 | Rake $0
Seat 2: jimmylace (button) (small blind) folded before Flop
Seat 3: nearoda1969 (big blind) collected ($2)


PokerStars Hand #146213015595:  Hold'em Limit ($3/$6 USD) - 2015/12/31 1:51:17 ET
Table 'Anneliese' 6-max Seat #3 is the button
Seat 2: jimmylace ($194.74 in chips)
Seat 3: nearoda1969 ($567.51 in chips)
nearoda1969: posts small blind $1
jimmylace: posts big blind $3
*** HOLE CARDS ***
nearoda1969: calls $2
jimmylace: checks
*** FLOP *** [8h Ad Kh]
jimmylace: checks
nearoda1969: checks
*** TURN *** [8h Ad Kh] [3h]
jimmylace: checks
nearoda1969: checks
*** RIVER *** [8h Ad Kh 3h] [5d]
jimmylace: checks
nearoda1969: checks
*** SHOW DOWN ***
jimmylace: shows [7d 3s] (a pair of Threes)
nearoda1969: mucks hand
jimmylace collected $5.88 from pot
*** SUMMARY ***
Total pot $6 | Rake $0.12
Board [8h Ad Kh 3h 5d]
Seat 2: jimmylace (big blind) showed [7d 3s] and won ($5.88) with a pair of Threes
Seat 3: nearoda1969 (button) (small blind) mucked


PokerStars Hand #146213034931:  Hold'em Limit ($3/$6 USD) - 2015/12/31 1:52:19 ET
Table 'Anneliese' 6-max Seat #2 is the button
Seat 2: jimmylace ($198.38 in chips)
Seat 3: nearoda1969 ($563.51 in chips)
jimmylace: posts small blind $1
nearoda1969: posts big blind $3
*** HOLE CARDS ***
jimmylace: raises $3 to $6
nearoda1969: calls $3
*** FLOP *** [3s 3d 6c]
nearoda1969: checks
jimmylace: bets $3
nearoda1969: calls $3
*** TURN *** [3s 3d 6c] [Qh]
nearoda1969: checks
jimmylace: checks
*** RIVER *** [3s 3d 6c Qh] [5s]
nearoda1969: bets $6
jimmylace: folds
Uncalled bet ($6) returned to nearoda1969
nearoda1969 collected $17.64 from pot
nearoda1969: doesn't show hand
*** SUMMARY ***
Total pot $18 | Rake $0.36
Board [3s 3d 6c Qh 5s]
Seat 2: jimmylace (button) (small blind) folded on the River
Seat 3: nearoda1969 (big blind) collected ($17.64)


PokerStars Hand #146213033202:  Hold'em Limit ($3/$6 USD) - 2015/12/31 1:52:14 ET
Table 'Anneliese' 6-max Seat #3 is the button
Seat 2: jimmylace ($201.38 in chips)
Seat 3: nearoda1969 ($560.51 in chips)
nearoda1969: posts small blind $1
jimmylace: posts big blind $3
*** HOLE CARDS ***
nearoda1969: raises $3 to $6
jimmylace: folds
Uncalled bet ($3) returned to nearoda1969
nearoda1969 collected $6 from pot
nearoda1969: doesn't show hand
SexybarbieD joins the table at seat #4
*** SUMMARY ***
Total pot $6 | Rake $0
Seat 2: jimmylace (big blind) folded before Flop
Seat 3: nearoda1969 (button) (small blind) collected ($6)


PokerStars Hand #146214779394:  Hold'em Limit ($3/$6 USD) - 2015/12/31 3:20:54 ET
Table 'Anneliese' 6-max Seat #5 is the button
Seat 2: jimmylace ($112.63 in chips)
Seat 5: ex-cali999 ($353.38 in chips)
ex-cali999: posts small blind $1
jimmylace: posts big blind $3
*** HOLE CARDS ***
ex-cali999: raises $3 to $6
jimmylace: folds
Uncalled bet ($3) returned to ex-cali999
ex-cali999 collected $6 from pot
ex-cali999: doesn't show hand
*** SUMMARY ***
Total pot $6 | Rake $0
Seat 2: jimmylace (big blind) folded before Flop
Seat 5: ex-cali999 (button) (small blind) collected ($6)


PokerStars Hand #146214777494:  Hold'em Limit ($3/$6 USD) - 2015/12/31 3:20:49 ET
Table 'Anneliese' 6-max Seat #2 is the button
Seat 2: jimmylace ($113.63 in chips)
Seat 5: ex-cali999 ($352.38 in chips)
jimmylace: posts small blind $1
ex-cali999: posts big blind $3
*** HOLE CARDS ***
jimmylace: folds
Uncalled bet ($2) returned to ex-cali999
ex-cali999 collected $2 from pot
ex-cali999: doesn't show hand
*** SUMMARY ***
Total pot $2 | Rake $0
Seat 2: jimmylace (button) (small blind) folded before Flop
Seat 5: ex-cali999 (big blind) collected ($2)


PokerStars Hand #146214795842:  Hold'em Limit ($3/$6 USD) - 2015/12/31 3:21:40 ET
Table 'Anneliese' 6-max Seat #5 is the button
Seat 2: jimmylace ($118.27 in chips)
Seat 5: ex-cali999 ($347.38 in chips)
ex-cali999: posts small blind $1
jimmylace: posts big blind $3
*** HOLE CARDS ***
ex-cali999: raises $3 to $6
jimmylace: folds
Uncalled bet ($3) returned to ex-cali999
ex-cali999 collected $6 from pot
ex-cali999: doesn't show hand
*** SUMMARY ***
Total pot $6 | Rake $0
Seat 2: jimmylace (big blind) folded before Flop
Seat 5: ex-cali999 (button) (small blind) collected ($6)


PokerStars Hand #146214782286:  Hold'em Limit ($3/$6 USD) - 2015/12/31 3:21:02 ET
Table 'Anneliese' 6-max Seat #2 is the button
Seat 2: jimmylace ($109.63 in chips)
Seat 5: ex-cali999 ($356.38 in chips)
jimmylace: posts small blind $1
ex-cali999: posts big blind $3
*** HOLE CARDS ***
jimmylace: raises $3 to $6
ex-cali999: calls $3
*** FLOP *** [7c 8h Qs]
ex-cali999: checks
jimmylace: bets $3
ex-cali999: calls $3
*** TURN *** [7c 8h Qs] [Kc]
ex-cali999: checks
jimmylace: bets $6
ex-cali999: folds
Uncalled bet ($6) returned to jimmylace
jimmylace collected $17.64 from pot
jimmylace: doesn't show hand
*** SUMMARY ***
Total pot $18 | Rake $0.36
Board [7c 8h Qs Kc]
Seat 2: jimmylace (button) (small blind) collected ($17.64)
Seat 5: ex-cali999 (big blind) folded on the Turn


PokerStars Hand #146214813654:  Hold'em Limit ($3/$6 USD) - 2015/12/31 3:22:29 ET
Table 'Anneliese' 6-max Seat #2 is the button
Seat 2: jimmylace ($88.27 in chips)
Seat 5: ex-cali999 ($376.88 in chips)
jimmylace: posts small blind $1
ex-cali999: posts big blind $3
*** HOLE CARDS ***
jimmylace: raises $3 to $6
ex-cali999: raises $3 to $9
jimmylace: calls $3
*** FLOP *** [2h Js Qc]
ex-cali999: bets $3
jimmylace: folds
Uncalled bet ($3) returned to ex-cali999
ex-cali999 collected $17.64 from pot
ex-cali999: doesn't show hand
*** SUMMARY ***
Total pot $18 | Rake $0.36
Board [2h Js Qc]
Seat 2: jimmylace (button) (small blind) folded on the Flop
Seat 5: ex-cali999 (big blind) collected ($17.64)


PokerStars Hand #146214811077:  Hold'em Limit ($3/$6 USD) - 2015/12/31 3:22:22 ET
Table 'Anneliese' 6-max Seat #5 is the button
Seat 2: jimmylace ($91.27 in chips)
Seat 5: ex-cali999 ($373.88 in chips)
ex-cali999: posts small blind $1
jimmylace: posts big blind $3
*** HOLE CARDS ***
ex-cali999: raises $3 to $6
jimmylace: folds
Uncalled bet ($3) returned to ex-cali999
ex-cali999 collected $6 from pot
ex-cali999: doesn't show hand
*** SUMMARY ***
Total pot $6 | Rake $0
Seat 2: jimmylace (big blind) folded before Flop
Seat 5: ex-cali999 (button) (small blind) collected ($6)


PokerStars Hand #146214798271:  Hold'em Limit ($3/$6 USD) - 2015/12/31 3:21:47 ET
Table 'Anneliese' 6-max Seat #2 is the button
Seat 2: jimmylace ($115.27 in chips)
Seat 5: ex-cali999 ($350.38 in chips)
jimmylace: posts small blind $1
ex-cali999: posts big blind $3
*** HOLE CARDS ***
jimmylace: raises $3 to $6
ex-cali999: calls $3
*** FLOP *** [6h 4s 2d]
ex-cali999: checks
jimmylace: bets $3
ex-cali999: raises $3 to $6
jimmylace: calls $3
*** TURN *** [6h 4s 2d] [6d]
ex-cali999: bets $6
jimmylace: calls $6
*** RIVER *** [6h 4s 2d 6d] [4h]
ex-cali999: bets $6
jimmylace: calls $6
*** SHOW DOWN ***
ex-cali999: shows [4c 3c] (a full house, Fours full of Sixes)
jimmylace: mucks hand
ex-cali999 collected $47.50 from pot
*** SUMMARY ***
Total pot $48 | Rake $0.50
Board [6h 4s 2d 6d 4h]
Seat 2: jimmylace (button) (small blind) mucked
Seat 5: ex-cali999 (big blind) showed [4c 3c] and won ($47.50) with a full house, Fours full of Sixes


PokerStars Hand #146214835121:  Hold'em Limit ($3/$6 USD) - 2015/12/31 3:23:29 ET
Table 'Anneliese' 6-max Seat #2 is the button
Seat 2: jimmylace ($70.27 in chips)
Seat 5: ex-cali999 ($394.16 in chips)
jimmylace: posts small blind $1
ex-cali999: posts big blind $3
*** HOLE CARDS ***
jimmylace: folds
Uncalled bet ($2) returned to ex-cali999
ex-cali999 collected $2 from pot
ex-cali999: doesn't show hand
*** SUMMARY ***
Total pot $2 | Rake $0
Seat 2: jimmylace (button) (small blind) folded before Flop
Seat 5: ex-cali999 (big blind) collected ($2)


PokerStars Hand #146214840084:  Hold'em Limit ($3/$6 USD) - 2015/12/31 3:23:42 ET
Table 'Anneliese' 6-max Seat #2 is the button
Seat 2: jimmylace ($66.27 in chips)
Seat 5: ex-cali999 ($398.16 in chips)
jimmylace: posts small blind $1
ex-cali999: posts big blind $3
*** HOLE CARDS ***
jimmylace: folds
Uncalled bet ($2) returned to ex-cali999
ex-cali999 collected $2 from pot
ex-cali999: doesn't show hand
*** SUMMARY ***
Total pot $2 | Rake $0
Seat 2: jimmylace (button) (small blind) folded before Flop
Seat 5: ex-cali999 (big blind) collected ($2)


PokerStars Hand #146214836820:  Hold'em Limit ($3/$6 USD) - 2015/12/31 3:23:34 ET
Table 'Anneliese' 6-max Seat #5 is the button
Seat 2: jimmylace ($69.27 in chips)
Seat 5: ex-cali999 ($395.16 in chips)
ex-cali999: posts small blind $1
jimmylace: posts big blind $3
*** HOLE CARDS ***
ex-cali999: raises $3 to $6
jimmylace: folds
Uncalled bet ($3) returned to ex-cali999
ex-cali999 collected $6 from pot
ex-cali999: doesn't show hand
*** SUMMARY ***
Total pot $6 | Rake $0
Seat 2: jimmylace (big blind) folded before Flop
Seat 5: ex-cali999 (button) (small blind) collected ($6)


PokerStars Hand #146214841721:  Hold'em Limit ($3/$6 USD) - 2015/12/31 3:23:47 ET
Table 'Anneliese' 6-max Seat #5 is the button
Seat 2: jimmylace ($65.27 in chips)
Seat 5: ex-cali999 ($399.16 in chips)
ex-cali999: posts small blind $1
jimmylace: posts big blind $3
*** HOLE CARDS ***
ex-cali999: raises $3 to $6
jimmylace: calls $3
*** FLOP *** [Js 4d 8c]
jimmylace: checks
ex-cali999: bets $3
jimmylace: calls $3
*** TURN *** [Js 4d 8c] [5c]
jimmylace: checks
ex-cali999: bets $6
jimmylace: calls $6
*** RIVER *** [Js 4d 8c 5c] [7c]
jimmylace: checks
ex-cali999: bets $6
jimmylace: calls $6
*** SHOW DOWN ***
ex-cali999: shows [8s 7d] (two pair, Eights and Sevens)
jimmylace: mucks hand
ex-cali999 collected $41.50 from pot
*** SUMMARY ***
Total pot $42 | Rake $0.50
Board [Js 4d 8c 5c 7c]
Seat 2: jimmylace (big blind) mucked
Seat 5: ex-cali999 (button) (small blind) showed [8s 7d] and won ($41.50) with two pair, Eights and Sevens


PokerStars Hand #146214862475:  Hold'em Limit ($3/$6 USD) - 2015/12/31 3:24:44 ET
Table 'Anneliese' 6-max Seat #5 is the button
Seat 2: jimmylace ($26.27 in chips)
Seat 5: ex-cali999 ($437.16 in chips)
ex-cali999: posts small blind $1
jimmylace: posts big blind $3
*** HOLE CARDS ***
ex-cali999: raises $3 to $6
jimmylace: calls $3
*** FLOP *** [Js 2c Ah]
jimmylace: checks
ex-cali999: bets $3
jimmylace: folds
Uncalled bet ($3) returned to ex-cali999
ex-cali999 collected $11.76 from pot
ex-cali999: doesn't show hand
*** SUMMARY ***
Total pot $12 | Rake $0.24
Board [Js 2c Ah]
Seat 2: jimmylace (big blind) folded on the Flop
Seat 5: ex-cali999 (button) (small blind) collected ($11.76)


PokerStars Hand #146214867383:  Hold'em Limit ($3/$6 USD) - 2015/12/31 3:24:57 ET
Table 'Anneliese' 6-max Seat #2 is the button
Seat 2: jimmylace ($20.27 in chips)
Seat 5: ex-cali999 ($442.92 in chips)
jimmylace: posts small blind $1
ex-cali999: posts big blind $3
*** HOLE CARDS ***
jimmylace: folds
Uncalled bet ($2) returned to ex-cali999
ex-cali999 collected $2 from pot
ex-cali999: doesn't show hand
*** SUMMARY ***
Total pot $2 | Rake $0
Seat 2: jimmylace (button) (small blind) folded before Flop
Seat 5: ex-cali999 (big blind) collected ($2)


PokerStars Hand #146214869008:  Hold'em Limit ($3/$6 USD) - 2015/12/31 3:25:02 ET
Table 'Anneliese' 6-max Seat #5 is the button
Seat 2: jimmylace ($19.27 in chips)
Seat 5: ex-cali999 ($443.92 in chips)
ex-cali999: posts small blind $1
jimmylace: posts big blind $3
*** HOLE CARDS ***
ex-cali999: raises $3 to $6
jimmylace: folds
Uncalled bet ($3) returned to ex-cali999
ex-cali999 collected $6 from pot
ex-cali999: doesn't show hand
*** SUMMARY ***
Total pot $6 | Rake $0
Seat 2: jimmylace (big blind) folded before Flop
Seat 5: ex-cali999 (button) (small blind) collected ($6)


PokerStars Hand #146214872749:  Hold'em Limit ($3/$6 USD) - 2015/12/31 3:25:12 ET
Table 'Anneliese' 6-max Seat #2 is the button
Seat 2: jimmylace ($16.27 in chips)
Seat 5: ex-cali999 ($446.92 in chips)
jimmylace: posts small blind $1
ex-cali999: posts big blind $3
*** HOLE CARDS ***
jimmylace: raises $3 to $6
ex-cali999: calls $3
*** FLOP *** [8s 8h 2c]
ex-cali999: bets $3
jimmylace: calls $3
*** TURN *** [8s 8h 2c] [Th]
ex-cali999: bets $6
jimmylace: raises $1.27 to $7.27 and is all-in
ex-cali999: calls $1.27
*** RIVER *** [8s 8h 2c Th] [Jh]
*** SHOW DOWN ***
ex-cali999: shows [2h 2d] (a full house, Deuces full of Eights)
jimmylace: shows [3s 3h] (two pair, Eights and Threes)
ex-cali999 collected $32.04 from pot
*** SUMMARY ***
Total pot $32.54 | Rake $0.50
Board [8s 8h 2c Th Jh]
Seat 2: jimmylace (button) (small blind) showed [3s 3h] and lost with two pair, Eights and Threes
Seat 5: ex-cali999 (big blind) showed [2h 2d] and won ($32.04) with a full house, Deuces full of Eights


PokerStars Hand #146214906302:  Hold'em Limit ($3/$6 USD) - 2015/12/31 3:26:44 ET
Table 'Anneliese' 6-max Seat #5 is the button
Seat 2: jimmylace ($120.38 in chips)
Seat 5: ex-cali999 ($457.69 in chips)
ex-cali999: posts small blind $1
jimmylace: posts big blind $3
*** HOLE CARDS ***
ex-cali999: raises $3 to $6
jimmylace: raises $3 to $9
ex-cali999: calls $3
*** FLOP *** [Qc Th Jd]
jimmylace: bets $3
ex-cali999: folds
Uncalled bet ($3) returned to jimmylace
jimmylace collected $17.64 from pot
jimmylace: doesn't show hand
*** SUMMARY ***
Total pot $18 | Rake $0.36
Board [Qc Th Jd]
Seat 2: jimmylace (big blind) collected ($17.64)
Seat 5: ex-cali999 (button) (small blind) folded on the Flop


PokerStars Hand #146214904537:  Hold'em Limit ($3/$6 USD) - 2015/12/31 3:26:39 ET
Table 'Anneliese' 6-max Seat #2 is the button
Seat 2: jimmylace ($121.38 in chips)
Seat 5: ex-cali999 ($456.69 in chips)
jimmylace: posts small blind $1
ex-cali999: posts big blind $3
*** HOLE CARDS ***
jimmylace: folds
Uncalled bet ($2) returned to ex-cali999
ex-cali999 collected $2 from pot
ex-cali999: doesn't show hand
*** SUMMARY ***
Total pot $2 | Rake $0
Seat 2: jimmylace (button) (small blind) folded before Flop
Seat 5: ex-cali999 (big blind) collected ($2)


PokerStars Hand #146214897596:  Hold'em Limit ($3/$6 USD) - 2015/12/31 3:26:20 ET
Table 'Anneliese' 6-max Seat #5 is the button
Seat 2: jimmylace ($115.62 in chips)
Seat 5: ex-cali999 ($462.69 in chips)
ex-cali999: posts small blind $1
jimmylace: posts big blind $3
*** HOLE CARDS ***
ex-cali999: raises $3 to $6
jimmylace: calls $3
*** FLOP *** [7s 6h Qh]
jimmylace: checks
ex-cali999: checks
*** TURN *** [7s 6h Qh] [6c]
jimmylace: bets $6
ex-cali999: folds
Uncalled bet ($6) returned to jimmylace
jimmylace collected $11.76 from pot
jimmylace: doesn't show hand
*** SUMMARY ***
Total pot $12 | Rake $0.24
Board [7s 6h Qh 6c]
Seat 2: jimmylace (big blind) collected ($11.76)
Seat 5: ex-cali999 (button) (small blind) folded on the Turn


PokerStars Hand #146214911935:  Hold'em Limit ($3/$6 USD) - 2015/12/31 3:26:59 ET
Table 'Anneliese' 6-max Seat #2 is the button
Seat 2: jimmylace ($129.02 in chips)
Seat 5: ex-cali999 ($448.69 in chips)
jimmylace: posts small blind $1
ex-cali999: posts big blind $3
*** HOLE CARDS ***
jimmylace: raises $3 to $6
ex-cali999: calls $3
*** FLOP *** [Tc 7s 6c]
ex-cali999: checks
jimmylace: bets $3
ex-cali999: raises $3 to $6
jimmylace: raises $3 to $9
ex-cali999: calls $3
*** TURN *** [Tc 7s 6c] [Ks]
ex-cali999: bets $6
jimmylace: raises $6 to $12
ex-cali999: raises $6 to $18
jimmylace: calls $6
*** RIVER *** [Tc 7s 6c Ks] [Qh]
ex-cali999: bets $6
jimmylace: calls $6
*** SHOW DOWN ***
ex-cali999: shows [8h 9s] (a straight, Six to Ten)
jimmylace: mucks hand
ex-cali999 collected $77.50 from pot
*** SUMMARY ***
Total pot $78 | Rake $0.50
Board [Tc 7s 6c Ks Qh]
Seat 2: jimmylace (button) (small blind) mucked
Seat 5: ex-cali999 (big blind) showed [8h 9s] and won ($77.50) with a straight, Six to Ten


PokerStars Hand #146214930897:  Hold'em Limit ($3/$6 USD) - 2015/12/31 3:27:51 ET
Table 'Anneliese' 6-max Seat #2 is the button
Seat 2: jimmylace ($110.52 in chips)
Seat 5: ex-cali999 ($466.19 in chips)
jimmylace: posts small blind $1
ex-cali999: posts big blind $3
*** HOLE CARDS ***
jimmylace: raises $3 to $6
ex-cali999: calls $3
*** FLOP *** [Qd 5d Ks]
ex-cali999: checks
jimmylace: bets $3
ex-cali999: raises $3 to $6
jimmylace: calls $3
*** TURN *** [Qd 5d Ks] [4s]
ex-cali999: bets $6
jimmylace: folds
Uncalled bet ($6) returned to ex-cali999
ex-cali999 collected $23.52 from pot
ex-cali999: doesn't show hand
*** SUMMARY ***
Total pot $24 | Rake $0.48
Board [Qd 5d Ks 4s]
Seat 2: jimmylace (button) (small blind) folded on the Turn
Seat 5: ex-cali999 (big blind) collected ($23.52)


PokerStars Hand #146214950062:  Hold'em Limit ($3/$6 USD) - 2015/12/31 3:28:43 ET
Table 'Anneliese' 6-max Seat #2 is the button
Seat 2: jimmylace ($89.28 in chips)
Seat 5: ex-cali999 ($486.23 in chips)
jimmylace: posts small blind $1
ex-cali999: posts big blind $3
*** HOLE CARDS ***
jimmylace: raises $3 to $6
ex-cali999: calls $3
*** FLOP *** [Ad 2c Js]
ex-cali999: checks
jimmylace: checks
*** TURN *** [Ad 2c Js] [Jd]
ex-cali999: checks
jimmylace: bets $6
ex-cali999: folds
Uncalled bet ($6) returned to jimmylace
jimmylace collected $11.76 from pot
jimmylace: doesn't show hand
*** SUMMARY ***
Total pot $12 | Rake $0.24
Board [Ad 2c Js Jd]
Seat 2: jimmylace (button) (small blind) collected ($11.76)
Seat 5: ex-cali999 (big blind) folded on the Turn


PokerStars Hand #146214948022:  Hold'em Limit ($3/$6 USD) - 2015/12/31 3:28:38 ET
Table 'Anneliese' 6-max Seat #5 is the button
Seat 2: jimmylace ($92.28 in chips)
Seat 5: ex-cali999 ($483.23 in chips)
ex-cali999: posts small blind $1
jimmylace: posts big blind $3
*** HOLE CARDS ***
ex-cali999: raises $3 to $6
jimmylace: folds
Uncalled bet ($3) returned to ex-cali999
ex-cali999 collected $6 from pot
ex-cali999: doesn't show hand
*** SUMMARY ***
Total pot $6 | Rake $0
Seat 2: jimmylace (big blind) folded before Flop
Seat 5: ex-cali999 (button) (small blind) collected ($6)


PokerStars Hand #146214936127:  Hold'em Limit ($3/$6 USD) - 2015/12/31 3:28:05 ET
Table 'Anneliese' 6-max Seat #5 is the button
Seat 2: jimmylace ($98.52 in chips)
Seat 5: ex-cali999 ($477.71 in chips)
ex-cali999: posts small blind $1
jimmylace: posts big blind $3
*** HOLE CARDS ***
ex-cali999: raises $3 to $6
jimmylace: calls $3
*** FLOP *** [Jd 8h 7c]
jimmylace: bets $3
ex-cali999: raises $3 to $6
jimmylace: calls $3
*** TURN *** [Jd 8h 7c] [Jc]
jimmylace: checks
ex-cali999: bets $6
jimmylace: folds
Uncalled bet ($6) returned to ex-cali999
ex-cali999 collected $23.52 from pot
ex-cali999: doesn't show hand
*** SUMMARY ***
Total pot $24 | Rake $0.48
Board [Jd 8h 7c Jc]
Seat 2: jimmylace (big blind) folded on the Turn
Seat 5: ex-cali999 (button) (small blind) collected ($23.52)


PokerStars Hand #146214942771:  Hold'em Limit ($3/$6 USD) - 2015/12/31 3:28:24 ET
Table 'Anneliese' 6-max Seat #2 is the button
Seat 2: jimmylace ($86.52 in chips)
Seat 5: ex-cali999 ($489.23 in chips)
jimmylace: posts small blind $1
ex-cali999: posts big blind $3
*** HOLE CARDS ***
jimmylace: raises $3 to $6
ex-cali999: calls $3
*** FLOP *** [7d 5c Ac]
ex-cali999: checks
jimmylace: bets $3
ex-cali999: folds
Uncalled bet ($3) returned to jimmylace
jimmylace collected $11.76 from pot
jimmylace: doesn't show hand
*** SUMMARY ***
Total pot $12 | Rake $0.24
Board [7d 5c Ac]
Seat 2: jimmylace (button) (small blind) collected ($11.76)
Seat 5: ex-cali999 (big blind) folded on the Flop


PokerStars Hand #146214962007:  Hold'em Limit ($3/$6 USD) - 2015/12/31 3:29:17 ET
Table 'Anneliese' 6-max Seat #2 is the button
Seat 2: jimmylace ($92.04 in chips)
Seat 5: ex-cali999 ($483.23 in chips)
jimmylace: posts small blind $1
ex-cali999: posts big blind $3
*** HOLE CARDS ***
jimmylace: folds
Uncalled bet ($2) returned to ex-cali999
ex-cali999 collected $2 from pot
ex-cali999: doesn't show hand
*** SUMMARY ***
Total pot $2 | Rake $0
Seat 2: jimmylace (button) (small blind) folded before Flop
Seat 5: ex-cali999 (big blind) collected ($2)


PokerStars Hand #146214958802:  Hold'em Limit ($3/$6 USD) - 2015/12/31 3:29:08 ET
Table 'Anneliese' 6-max Seat #5 is the button
Seat 2: jimmylace ($95.04 in chips)
Seat 5: ex-cali999 ($480.23 in chips)
ex-cali999: posts small blind $1
jimmylace: posts big blind $3
*** HOLE CARDS ***
ex-cali999: raises $3 to $6
jimmylace: folds
Uncalled bet ($3) returned to ex-cali999
ex-cali999 collected $6 from pot
ex-cali999: doesn't show hand
*** SUMMARY ***
Total pot $6 | Rake $0
Seat 2: jimmylace (big blind) folded before Flop
Seat 5: ex-cali999 (button) (small blind) collected ($6)


PokerStars Hand #146214963784:  Hold'em Limit ($3/$6 USD) - 2015/12/31 3:29:21 ET
Table 'Anneliese' 6-max Seat #5 is the button
Seat 2: jimmylace ($91.04 in chips)
Seat 5: ex-cali999 ($484.23 in chips)
ex-cali999: posts small blind $1
jimmylace: posts big blind $3
*** HOLE CARDS ***
ex-cali999: raises $3 to $6
jimmylace: folds
Uncalled bet ($3) returned to ex-cali999
ex-cali999 collected $6 from pot
ex-cali999: doesn't show hand
*** SUMMARY ***
Total pot $6 | Rake $0
Seat 2: jimmylace (big blind) folded before Flop
Seat 5: ex-cali999 (button) (small blind) collected ($6)


PokerStars Hand #146214971305:  Hold'em Limit ($3/$6 USD) - 2015/12/31 3:29:42 ET
Table 'Anneliese' 6-max Seat #5 is the button
Seat 2: jimmylace ($93.80 in chips)
Seat 5: ex-cali999 ($481.23 in chips)
ex-cali999: posts small blind $1
jimmylace: posts big blind $3
*** HOLE CARDS ***
ex-cali999: raises $3 to $6
jimmylace: raises $3 to $9
ex-cali999: calls $3
*** FLOP *** [5c Ad Ts]
jimmylace: bets $3
ex-cali999: calls $3
*** TURN *** [5c Ad Ts] [5d]
jimmylace: bets $6
ex-cali999: calls $6
*** RIVER *** [5c Ad Ts 5d] [7s]
jimmylace: checks
ex-cali999: checks
*** SHOW DOWN ***
jimmylace: shows [4d 4h] (two pair, Fives and Fours)
ex-cali999: shows [8c 8d] (two pair, Eights and Fives)
ex-cali999 collected $35.50 from pot
*** SUMMARY ***
Total pot $36 | Rake $0.50
Board [5c Ad Ts 5d 7s]
Seat 2: jimmylace (big blind) showed [4d 4h] and lost with two pair, Fives and Fours
Seat 5: ex-cali999 (button) (small blind) showed [8c 8d] and won ($35.50) with two pair, Eights and Fives


PokerStars Hand #146214966017:  Hold'em Limit ($3/$6 USD) - 2015/12/31 3:29:27 ET
Table 'Anneliese' 6-max Seat #2 is the button
Seat 2: jimmylace ($88.04 in chips)
Seat 5: ex-cali999 ($487.23 in chips)
jimmylace: posts small blind $1
ex-cali999: posts big blind $3
*** HOLE CARDS ***
jimmylace: raises $3 to $6
ex-cali999: calls $3
*** FLOP *** [9s 2h 3c]
ex-cali999: checks
jimmylace: bets $3
ex-cali999: folds
Uncalled bet ($3) returned to jimmylace
jimmylace collected $11.76 from pot
jimmylace: doesn't show hand
*** SUMMARY ***
Total pot $12 | Rake $0.24
Board [9s 2h 3c]
Seat 2: jimmylace (button) (small blind) collected ($11.76)
Seat 5: ex-cali999 (big blind) folded on the Flop


PokerStars Hand #146214999558:  Hold'em Limit ($3/$6 USD) - 2015/12/31 3:30:59 ET
Table 'Anneliese' 6-max Seat #5 is the button
Seat 2: jimmylace ($77.30 in chips)
Seat 5: ex-cali999 ($496.23 in chips)
ex-cali999: posts small blind $1
jimmylace: posts big blind $3
*** HOLE CARDS ***
ex-cali999: raises $3 to $6
jimmylace: folds
Uncalled bet ($3) returned to ex-cali999
ex-cali999 collected $6 from pot
ex-cali999: doesn't show hand
*** SUMMARY ***
Total pot $6 | Rake $0
Seat 2: jimmylace (big blind) folded before Flop
Seat 5: ex-cali999 (button) (small blind) collected ($6)


PokerStars Hand #146214978396:  Hold'em Limit ($3/$6 USD) - 2015/12/31 3:30:01 ET
Table 'Anneliese' 6-max Seat #2 is the button
Seat 2: jimmylace ($75.80 in chips)
Seat 5: ex-cali999 ($498.73 in chips)
jimmylace: posts small blind $1
ex-cali999: posts big blind $3
*** HOLE CARDS ***
jimmylace: raises $3 to $6
ex-cali999: raises $3 to $9
jimmylace: calls $3
*** FLOP *** [Qh 3d Js]
ex-cali999: bets $3
jimmylace: raises $3 to $6
ex-cali999: calls $3
*** TURN *** [Qh 3d Js] [8c]
ex-cali999: checks
jimmylace: bets $6
ex-cali999: calls $6
*** RIVER *** [Qh 3d Js 8c] [Ah]
ex-cali999: checks
jimmylace: checks
*** SHOW DOWN ***
ex-cali999: shows [8d As] (two pair, Aces and Eights)
jimmylace: mucks hand
ex-cali999 collected $41.50 from pot
*** SUMMARY ***
Total pot $42 | Rake $0.50
Board [Qh 3d Js 8c Ah]
Seat 2: jimmylace (button) (small blind) mucked
Seat 5: ex-cali999 (big blind) showed [8d As] and won ($41.50) with two pair, Aces and Eights


PokerStars Hand #146214997674:  Hold'em Limit ($3/$6 USD) - 2015/12/31 3:30:54 ET
Table 'Anneliese' 6-max Seat #2 is the button
Seat 2: jimmylace ($78.30 in chips)
Seat 5: ex-cali999 ($495.23 in chips)
jimmylace: posts small blind $1
ex-cali999: posts big blind $3
*** HOLE CARDS ***
jimmylace: folds
Uncalled bet ($2) returned to ex-cali999
ex-cali999 collected $2 from pot
ex-cali999: doesn't show hand
*** SUMMARY ***
Total pot $2 | Rake $0
Seat 2: jimmylace (button) (small blind) folded before Flop
Seat 5: ex-cali999 (big blind) collected ($2)


PokerStars Hand #146214987898:  Hold'em Limit ($3/$6 USD) - 2015/12/31 3:30:27 ET
Table 'Anneliese' 6-max Seat #5 is the button
Seat 2: jimmylace ($54.80 in chips)
Seat 5: ex-cali999 ($519.23 in chips)
ex-cali999: posts small blind $1
jimmylace: posts big blind $3
*** HOLE CARDS ***
ex-cali999: raises $3 to $6
jimmylace: raises $3 to $9
ex-cali999: calls $3
*** FLOP *** [Tc 7c 7s]
jimmylace: bets $3
ex-cali999: calls $3
*** TURN *** [Tc 7c 7s] [Ks]
jimmylace: bets $6
ex-cali999: calls $6
*** RIVER *** [Tc 7c 7s Ks] [Ad]
jimmylace: bets $6
ex-cali999: calls $6
*** SHOW DOWN ***
jimmylace: shows [Ac 8c] (two pair, Aces and Sevens)
ex-cali999: mucks hand
jimmylace collected $47.50 from pot
*** SUMMARY ***
Total pot $48 | Rake $0.50
Board [Tc 7c 7s Ks Ad]
Seat 2: jimmylace (big blind) showed [Ac 8c] and won ($47.50) with two pair, Aces and Sevens
Seat 5: ex-cali999 (button) (small blind) mucked


PokerStars Hand #146215002072:  Hold'em Limit ($3/$6 USD) - 2015/12/31 3:31:06 ET
Table 'Anneliese' 6-max Seat #2 is the button
Seat 2: jimmylace ($74.30 in chips)
Seat 5: ex-cali999 ($499.23 in chips)
jimmylace: posts small blind $1
ex-cali999: posts big blind $3
*** HOLE CARDS ***
jimmylace: raises $3 to $6
ex-cali999: calls $3
*** FLOP *** [Ad Ts Kc]
ex-cali999: checks
jimmylace: bets $3
ex-cali999: folds
Uncalled bet ($3) returned to jimmylace
jimmylace collected $11.76 from pot
jimmylace: doesn't show hand
*** SUMMARY ***
Total pot $12 | Rake $0.24
Board [Ad Ts Kc]
Seat 2: jimmylace (button) (small blind) collected ($11.76)
Seat 5: ex-cali999 (big blind) folded on the Flop


PokerStars Hand #146215008774:  Hold'em Limit ($3/$6 USD) - 2015/12/31 3:31:24 ET
Table 'Anneliese' 6-max Seat #2 is the button
Seat 2: jimmylace ($77.06 in chips)
Seat 5: ex-cali999 ($496.23 in chips)
jimmylace: posts small blind $1
ex-cali999: posts big blind $3
*** HOLE CARDS ***
jimmylace: raises $3 to $6
ex-cali999: raises $3 to $9
jimmylace: calls $3
*** FLOP *** [5d 8h 2d]
ex-cali999: bets $3
jimmylace: raises $3 to $6
ex-cali999: calls $3
*** TURN *** [5d 8h 2d] [Qc]
ex-cali999: checks
jimmylace: bets $6
ex-cali999: raises $6 to $12
jimmylace: calls $6
*** RIVER *** [5d 8h 2d Qc] [5c]
ex-cali999: bets $6
jimmylace: calls $6
*** SHOW DOWN ***
ex-cali999: shows [Qd As] (two pair, Queens and Fives)
jimmylace: mucks hand
ex-cali999 collected $65.50 from pot
*** SUMMARY ***
Total pot $66 | Rake $0.50
Board [5d 8h 2d Qc 5c]
Seat 2: jimmylace (button) (small blind) mucked
Seat 5: ex-cali999 (big blind) showed [Qd As] and won ($65.50) with two pair, Queens and Fives


PokerStars Hand #146215006639:  Hold'em Limit ($3/$6 USD) - 2015/12/31 3:31:18 ET
Table 'Anneliese' 6-max Seat #5 is the button
Seat 2: jimmylace ($80.06 in chips)
Seat 5: ex-cali999 ($493.23 in chips)
ex-cali999: posts small blind $1
jimmylace: posts big blind $3
*** HOLE CARDS ***
ex-cali999: raises $3 to $6
jimmylace: folds
Uncalled bet ($3) returned to ex-cali999
ex-cali999 collected $6 from pot
ex-cali999: doesn't show hand
*** SUMMARY ***
Total pot $6 | Rake $0
Seat 2: jimmylace (big blind) folded before Flop
Seat 5: ex-cali999 (button) (small blind) collected ($6)


PokerStars Hand #146215024901:  Hold'em Limit ($3/$6 USD) - 2015/12/31 3:32:08 ET
Table 'Anneliese' 6-max Seat #2 is the button
Seat 2: jimmylace ($23.06 in chips)
Seat 5: ex-cali999 ($549.23 in chips)
jimmylace: posts small blind $1
ex-cali999: posts big blind $3
*** HOLE CARDS ***
jimmylace: raises $3 to $6
ex-cali999: calls $3
*** FLOP *** [Td Qd 6s]
ex-cali999: checks
jimmylace: bets $3
ex-cali999: calls $3
*** TURN *** [Td Qd 6s] [Jh]
ex-cali999: checks
jimmylace: checks
*** RIVER *** [Td Qd 6s Jh] [Kc]
ex-cali999: checks
jimmylace: checks
*** SHOW DOWN ***
ex-cali999: shows [Ks 5c] (a pair of Kings)
jimmylace: mucks hand
ex-cali999 collected $17.64 from pot
*** SUMMARY ***
Total pot $18 | Rake $0.36
Board [Td Qd 6s Jh Kc]
Seat 2: jimmylace (button) (small blind) mucked
Seat 5: ex-cali999 (big blind) showed [Ks 5c] and won ($17.64) with a pair of Kings


PokerStars Hand #146215031033:  Hold'em Limit ($3/$6 USD) - 2015/12/31 3:32:25 ET
Table 'Anneliese' 6-max Seat #5 is the button
Seat 2: jimmylace ($14.06 in chips)
Seat 5: ex-cali999 ($557.87 in chips)
ex-cali999: posts small blind $1
jimmylace: posts big blind $3
*** HOLE CARDS ***
ex-cali999: raises $3 to $6
jimmylace: calls $3
*** FLOP *** [7h 8c 5h]
jimmylace: checks
ex-cali999: bets $3
jimmylace: folds
Uncalled bet ($3) returned to ex-cali999
ex-cali999 collected $11.76 from pot
ex-cali999: doesn't show hand
*** SUMMARY ***
Total pot $12 | Rake $0.24
Board [7h 8c 5h]
Seat 2: jimmylace (big blind) folded on the Flop
Seat 5: ex-cali999 (button) (small blind) collected ($11.76)


PokerStars Hand #146215034554:  Hold'em Limit ($3/$6 USD) - 2015/12/31 3:32:34 ET
Table 'Anneliese' 6-max Seat #2 is the button
Seat 2: jimmylace ($8.06 in chips)
Seat 5: ex-cali999 ($563.63 in chips)
jimmylace: posts small blind $1
ex-cali999: posts big blind $3
*** HOLE CARDS ***
jimmylace: raises $3 to $6
ex-cali999: calls $3
*** FLOP *** [As 8d 4c]
ex-cali999: checks
jimmylace: bets $2.06 and is all-in
ex-cali999: calls $2.06
*** TURN *** [As 8d 4c] [6c]
*** RIVER *** [As 8d 4c 6c] [7s]
*** SHOW DOWN ***
ex-cali999: shows [6h Kd] (a pair of Sixes)
jimmylace: shows [9d 6d] (a pair of Sixes - lower kicker)
ex-cali999 collected $15.80 from pot
*** SUMMARY ***
Total pot $16.12 | Rake $0.32
Board [As 8d 4c 6c 7s]
Seat 2: jimmylace (button) (small blind) showed [9d 6d] and lost with a pair of Sixes
Seat 5: ex-cali999 (big blind) showed [6h Kd] and won ($15.80) with a pair of Sixes


PokerStars Hand #146232590079:  Hold'em Limit ($3/$6 USD) - 2015/12/31 11:19:46 ET
Table 'Anneliese' 6-max Seat #4 is the button
Seat 4: Great_Kang ($120 in chips)
Seat 6: BARCA1CRIS ($402 in chips)
Great_Kang: posts small blind $1
BARCA1CRIS: posts big blind $3
*** HOLE CARDS ***
Great_Kang: raises $3 to $6
BARCA1CRIS: calls $3
*** FLOP *** [9c Ts 5h]
BARCA1CRIS: checks
Great_Kang: bets $3
BARCA1CRIS: calls $3
*** TURN *** [9c Ts 5h] [Th]
BARCA1CRIS: checks
Great_Kang: bets $6
BARCA1CRIS: calls $6
*** RIVER *** [9c Ts 5h Th] [2c]
BARCA1CRIS: checks
Great_Kang: checks
*** SHOW DOWN ***
BARCA1CRIS: shows [5d 4d] (two pair, Tens and Fives)
Great_Kang: mucks hand
BARCA1CRIS collected $29.50 from pot
*** SUMMARY ***
Total pot $30 | Rake $0.50
Board [9c Ts 5h Th 2c]
Seat 4: Great_Kang (button) (small blind) mucked
Seat 6: BARCA1CRIS (big blind) showed [5d 4d] and won ($29.50) with two pair, Tens and Fives


PokerStars Hand #146232635467:  Hold'em Limit ($3/$6 USD) - 2015/12/31 11:20:43 ET
Table 'Anneliese' 6-max Seat #4 is the button
Seat 4: Great_Kang ($123.52 in chips)
Seat 6: BARCA1CRIS ($412.26 in chips)
Great_Kang: posts small blind $1
BARCA1CRIS: posts big blind $3
*** HOLE CARDS ***
Great_Kang: folds
Uncalled bet ($2) returned to BARCA1CRIS
BARCA1CRIS collected $2 from pot
BARCA1CRIS: doesn't show hand
*** SUMMARY ***
Total pot $2 | Rake $0
Seat 4: Great_Kang (button) (small blind) folded before Flop
Seat 6: BARCA1CRIS (big blind) collected ($2)


PokerStars Hand #146232627730:  Hold'em Limit ($3/$6 USD) - 2015/12/31 11:20:33 ET
Table 'Anneliese' 6-max Seat #6 is the button
Seat 4: Great_Kang ($129.52 in chips)
Seat 6: BARCA1CRIS ($406.50 in chips)
BARCA1CRIS: posts small blind $1
Great_Kang: posts big blind $3
*** HOLE CARDS ***
BARCA1CRIS: raises $3 to $6
Great_Kang: calls $3
*** FLOP *** [Jd 9s 6h]
Great_Kang: checks
BARCA1CRIS: bets $3
Great_Kang: folds
Uncalled bet ($3) returned to BARCA1CRIS
BARCA1CRIS collected $11.76 from pot
BARCA1CRIS: doesn't show hand
*** SUMMARY ***
Total pot $12 | Rake $0.24
Board [Jd 9s 6h]
Seat 4: Great_Kang (big blind) folded on the Flop
Seat 6: BARCA1CRIS (button) (small blind) collected ($11.76)


PokerStars Hand #146232620066:  Hold'em Limit ($3/$6 USD) - 2015/12/31 11:20:23 ET
Table 'Anneliese' 6-max Seat #4 is the button
Seat 4: Great_Kang ($123.76 in chips)
Seat 6: BARCA1CRIS ($412.50 in chips)
Great_Kang: posts small blind $1
BARCA1CRIS: posts big blind $3
*** HOLE CARDS ***
Great_Kang: raises $3 to $6
BARCA1CRIS: calls $3
*** FLOP *** [4c Tc 4s]
BARCA1CRIS: checks
Great_Kang: bets $3
BARCA1CRIS: folds
Uncalled bet ($3) returned to Great_Kang
Great_Kang collected $11.76 from pot
Great_Kang: doesn't show hand
*** SUMMARY ***
Total pot $12 | Rake $0.24
Board [4c Tc 4s]
Seat 4: Great_Kang (button) (small blind) collected ($11.76)
Seat 6: BARCA1CRIS (big blind) folded on the Flop


PokerStars Hand #146232615316:  Hold'em Limit ($3/$6 USD) - 2015/12/31 11:20:17 ET
Table 'Anneliese' 6-max Seat #6 is the button
Seat 4: Great_Kang ($126.76 in chips)
Seat 6: BARCA1CRIS ($409.50 in chips)
BARCA1CRIS: posts small blind $1
Great_Kang: posts big blind $3
*** HOLE CARDS ***
BARCA1CRIS: raises $3 to $6
Great_Kang: folds
Uncalled bet ($3) returned to BARCA1CRIS
BARCA1CRIS collected $6 from pot
BARCA1CRIS: doesn't show hand
*** SUMMARY ***
Total pot $6 | Rake $0
Seat 4: Great_Kang (big blind) folded before Flop
Seat 6: BARCA1CRIS (button) (small blind) collected ($6)


PokerStars Hand #146232607774:  Hold'em Limit ($3/$6 USD) - 2015/12/31 11:20:08 ET
Table 'Anneliese' 6-max Seat #4 is the button
Seat 4: Great_Kang ($121 in chips)
Seat 6: BARCA1CRIS ($415.50 in chips)
Great_Kang: posts small blind $1
BARCA1CRIS: posts big blind $3
*** HOLE CARDS ***
Great_Kang: raises $3 to $6
BARCA1CRIS: calls $3
*** FLOP *** [8s Kh 8d]
BARCA1CRIS: checks
Great_Kang: bets $3
BARCA1CRIS: folds
Uncalled bet ($3) returned to Great_Kang
Great_Kang collected $11.76 from pot
Great_Kang: doesn't show hand
*** SUMMARY ***
Total pot $12 | Rake $0.24
Board [8s Kh 8d]
Seat 4: Great_Kang (button) (small blind) collected ($11.76)
Seat 6: BARCA1CRIS (big blind) folded on the Flop


PokerStars Hand #146232604291:  Hold'em Limit ($3/$6 USD) - 2015/12/31 11:20:04 ET
Table 'Anneliese' 6-max Seat #6 is the button
Seat 4: Great_Kang ($120 in chips)
Seat 6: BARCA1CRIS ($416.50 in chips)
BARCA1CRIS: posts small blind $1
Great_Kang: posts big blind $3
*** HOLE CARDS ***
BARCA1CRIS: folds
Uncalled bet ($2) returned to Great_Kang
Great_Kang collected $2 from pot
Great_Kang: doesn't show hand
*** SUMMARY ***
Total pot $2 | Rake $0
Seat 4: Great_Kang (big blind) collected ($2)
Seat 6: BARCA1CRIS (button) (small blind) folded before Flop


PokerStars Hand #146232693184:  Hold'em Limit ($3/$6 USD) - 2015/12/31 11:21:55 ET
Table 'Anneliese' 6-max Seat #4 is the button
Seat 4: Great_Kang ($187.52 in chips)
Seat 6: BARCA1CRIS ($347.14 in chips)
Great_Kang: posts small blind $1
BARCA1CRIS: posts big blind $3
*** HOLE CARDS ***
Great_Kang: raises $3 to $6
BARCA1CRIS: raises $3 to $9
Great_Kang: calls $3
*** FLOP *** [8s 7h 5c]
BARCA1CRIS: bets $3
Great_Kang: folds
Uncalled bet ($3) returned to BARCA1CRIS
BARCA1CRIS collected $17.64 from pot
BARCA1CRIS: doesn't show hand
*** SUMMARY ***
Total pot $18 | Rake $0.36
Board [8s 7h 5c]
Seat 4: Great_Kang (button) (small blind) folded on the Flop
Seat 6: BARCA1CRIS (big blind) collected ($17.64)


PokerStars Hand #146232679430:  Hold'em Limit ($3/$6 USD) - 2015/12/31 11:21:38 ET
Table 'Anneliese' 6-max Seat #6 is the button
Seat 4: Great_Kang ($190.52 in chips)
Seat 6: BARCA1CRIS ($344.26 in chips)
BARCA1CRIS: posts small blind $1
Great_Kang: posts big blind $3
*** HOLE CARDS ***
BARCA1CRIS: calls $2
Great_Kang: checks
*** FLOP *** [9d Js Ad]
Great_Kang: checks
BARCA1CRIS: checks
*** TURN *** [9d Js Ad] [As]
Great_Kang: checks
BARCA1CRIS: checks
*** RIVER *** [9d Js Ad As] [Qh]
Great_Kang: checks
BARCA1CRIS: checks
*** SHOW DOWN ***
Great_Kang: shows [7s 3h] (a pair of Aces)
BARCA1CRIS: shows [4s Ts] (a pair of Aces - Queen+Jack+Ten kicker)
BARCA1CRIS collected $5.88 from pot
*** SUMMARY ***
Total pot $6 | Rake $0.12
Board [9d Js Ad As Qh]
Seat 4: Great_Kang (big blind) showed [7s 3h] and lost with a pair of Aces
Seat 6: BARCA1CRIS (button) (small blind) showed [4s Ts] and won ($5.88) with a pair of Aces


PokerStars Hand #146232663315:  Hold'em Limit ($3/$6 USD) - 2015/12/31 11:21:18 ET
Table 'Anneliese' 6-max Seat #4 is the button
Seat 4: Great_Kang ($152.02 in chips)
Seat 6: BARCA1CRIS ($383.26 in chips)
Great_Kang: posts small blind $1
BARCA1CRIS: posts big blind $3
*** HOLE CARDS ***
Great_Kang: raises $3 to $6
BARCA1CRIS: calls $3
*** FLOP *** [Ts 4s 2c]
BARCA1CRIS: checks
Great_Kang: bets $3
BARCA1CRIS: calls $3
*** TURN *** [Ts 4s 2c] [As]
BARCA1CRIS: checks
Great_Kang: bets $6
BARCA1CRIS: raises $6 to $12
Great_Kang: raises $6 to $18
BARCA1CRIS: calls $6
*** RIVER *** [Ts 4s 2c As] [Qs]
BARCA1CRIS: checks
Great_Kang: bets $6
BARCA1CRIS: raises $6 to $12
Great_Kang: calls $6
*** SHOW DOWN ***
BARCA1CRIS: shows [Ad 6s] (a flush, Ace high)
Great_Kang: shows [7s Js] (a flush, Ace high - Jack higher)
Great_Kang collected $77.50 from pot
*** SUMMARY ***
Total pot $78 | Rake $0.50
Board [Ts 4s 2c As Qs]
Seat 4: Great_Kang (button) (small blind) showed [7s Js] and won ($77.50) with a flush, Ace high
Seat 6: BARCA1CRIS (big blind) showed [Ad 6s] and lost with a flush, Ace high


PokerStars Hand #146232642433:  Hold'em Limit ($3/$6 USD) - 2015/12/31 11:20:51 ET
Table 'Anneliese' 6-max Seat #6 is the button
Seat 4: Great_Kang ($122.52 in chips)
Seat 6: BARCA1CRIS ($413.26 in chips)
BARCA1CRIS: posts small blind $1
Great_Kang: posts big blind $3
*** HOLE CARDS ***
BARCA1CRIS: raises $3 to $6
Great_Kang: raises $3 to $9
BARCA1CRIS: raises $3 to $12
Betting is capped
Great_Kang: calls $3
*** FLOP *** [7c 9s Ad]
Great_Kang: checks
BARCA1CRIS: bets $3
Great_Kang: raises $3 to $6
BARCA1CRIS: calls $3
*** TURN *** [7c 9s Ad] [8s]
Great_Kang: bets $6
BARCA1CRIS: calls $6
*** RIVER *** [7c 9s Ad 8s] [Ac]
Great_Kang: bets $6
BARCA1CRIS: calls $6
*** SHOW DOWN ***
Great_Kang: shows [Kc Ah] (three of a kind, Aces)
BARCA1CRIS: mucks hand
Great_Kang collected $59.50 from pot
*** SUMMARY ***
Total pot $60 | Rake $0.50
Board [7c 9s Ad 8s Ac]
Seat 4: Great_Kang (big blind) showed [Kc Ah] and won ($59.50) with three of a kind, Aces
Seat 6: BARCA1CRIS (button) (small blind) mucked


PokerStars Hand #146232701714:  Hold'em Limit ($3/$6 USD) - 2015/12/31 11:22:05 ET
Table 'Anneliese' 6-max Seat #6 is the button
Seat 4: Great_Kang ($178.52 in chips)
Seat 6: BARCA1CRIS ($355.78 in chips)
BARCA1CRIS: posts small blind $1
Great_Kang: posts big blind $3
*** HOLE CARDS ***
BARCA1CRIS: raises $3 to $6
Great_Kang: calls $3
*** FLOP *** [Tc Kh 5s]
Great_Kang: checks
BARCA1CRIS: bets $3
LukaSteel joins the table at seat #1
Great_Kang: raises $3 to $6
BARCA1CRIS: calls $3
*** TURN *** [Tc Kh 5s] [4s]
Great_Kang: bets $6
BARCA1CRIS: calls $6
*** RIVER *** [Tc Kh 5s 4s] [5h]
Great_Kang: bets $6
BARCA1CRIS: calls $6
*** SHOW DOWN ***
Great_Kang: shows [Ks 7h] (two pair, Kings and Fives)
BARCA1CRIS: mucks hand
Great_Kang collected $47.50 from pot
*** SUMMARY ***
Total pot $48 | Rake $0.50
Board [Tc Kh 5s 4s 5h]
Seat 4: Great_Kang (big blind) showed [Ks 7h] and won ($47.50) with two pair, Kings and Fives
Seat 6: BARCA1CRIS (button) (small blind) mucked


PokerStars Hand #146232737086:  Hold'em Limit ($3/$6 USD) - 2015/12/31 11:22:49 ET
Table 'Anneliese' 6-max Seat #4 is the button
Seat 4: Great_Kang ($202.02 in chips)
Seat 6: BARCA1CRIS ($331.78 in chips)
Great_Kang: posts small blind $1
BARCA1CRIS: posts big blind $3
*** HOLE CARDS ***
Great_Kang: raises $3 to $6
BARCA1CRIS: calls $3
*** FLOP *** [2c 7d Qd]
BARCA1CRIS: checks
Great_Kang: bets $3
BARCA1CRIS: calls $3
*** TURN *** [2c 7d Qd] [7c]
BARCA1CRIS: checks
Great_Kang: checks
*** RIVER *** [2c 7d Qd 7c] [Qc]
BARCA1CRIS: bets $6
Great_Kang: folds
Uncalled bet ($6) returned to BARCA1CRIS
BARCA1CRIS collected $17.64 from pot
BARCA1CRIS: doesn't show hand
*** SUMMARY ***
Total pot $18 | Rake $0.36
Board [2c 7d Qd 7c Qc]
Seat 4: Great_Kang (button) (small blind) folded on the River
Seat 6: BARCA1CRIS (big blind) collected ($17.64)


PokerStars Hand #146239453574:  Hold'em Limit ($3/$6 USD) - 2015/12/31 13:47:18 ET
Table 'Anneliese' 6-max Seat #1 is the button
Seat 1: masterblstr8 ($275.21 in chips)
Seat 3: Artem111999 ($192.73 in chips)
masterblstr8: posts small blind $1
Artem111999: posts big blind $3
*** HOLE CARDS ***
masterblstr8: raises $3 to $6
Artem111999: calls $3
*** FLOP *** [Kd 4h Th]
Artem111999: checks
masterblstr8: bets $3
Artem111999: folds
Uncalled bet ($3) returned to masterblstr8
masterblstr8 collected $11.76 from pot
masterblstr8: doesn't show hand
*** SUMMARY ***
Total pot $12 | Rake $0.24
Board [Kd 4h Th]
Seat 1: masterblstr8 (button) (small blind) collected ($11.76)
Seat 3: Artem111999 (big blind) folded on the Flop


PokerStars Hand #146239445375:  Hold'em Limit ($3/$6 USD) - 2015/12/31 13:47:12 ET
Table 'Anneliese' 6-max Seat #3 is the button
Seat 1: masterblstr8 ($274.21 in chips)
Seat 3: Artem111999 ($193.73 in chips)
Artem111999: posts small blind $1
chroettu: is sitting out
masterblstr8: posts big blind $3
*** HOLE CARDS ***
Artem111999: folds
Uncalled bet ($2) returned to masterblstr8
masterblstr8 collected $2 from pot
masterblstr8: doesn't show hand
chroettu leaves the table
*** SUMMARY ***
Total pot $2 | Rake $0
Seat 1: masterblstr8 (big blind) collected ($2)
Seat 3: Artem111999 (button) (small blind) folded before Flop


