PokerStars Hand #150550731506:  Hold'em Limit ($3/$6 USD) - 2016/03/18 14:52:48 ET
Table 'Anser II' 6-max Seat #3 is the button
Seat 3: kimevel1 ($24.50 in chips)
Seat 4: AzureCaper ($94.14 in chips)
kimevel1: posts small blind $1
AzureCaper: posts big blind $3
*** HOLE CARDS ***
kimevel1: folds
Uncalled bet ($2) returned to AzureCaper
AzureCaper collected $2 from pot
AzureCaper: doesn't show hand
*** SUMMARY ***
Total pot $2 | Rake $0
Seat 3: kimevel1 (button) (small blind) folded before Flop
Seat 4: AzureCaper (big blind) collected ($2)


PokerStars Hand #150550725169:  Hold'em Limit ($3/$6 USD) - 2016/03/18 14:52:41 ET
Table 'Anser II' 6-max Seat #4 is the button
Seat 3: kimevel1 ($23.50 in chips)
Seat 4: AzureCaper ($95.14 in chips)
AzureCaper: posts small blind $1
kimevel1: posts big blind $3
*** HOLE CARDS ***
AzureCaper: folds
Uncalled bet ($2) returned to kimevel1
kimevel1 collected $2 from pot
kimevel1: doesn't show hand
*** SUMMARY ***
Total pot $2 | Rake $0
Seat 3: kimevel1 (big blind) collected ($2)
Seat 4: AzureCaper (button) (small blind) folded before Flop


PokerStars Hand #150550780196:  Hold'em Limit ($3/$6 USD) - 2016/03/18 14:53:43 ET
Table 'Anser II' 6-max Seat #4 is the button
Seat 3: kimevel1 ($18.14 in chips)
Seat 4: AzureCaper ($99.64 in chips)
AzureCaper: posts small blind $1
kimevel1: posts big blind $3
*** HOLE CARDS ***
AzureCaper: raises $3 to $6
kimevel1: calls $3
*** FLOP *** [Ah 5d 9s]
kimevel1: checks
AzureCaper: checks
*** TURN *** [Ah 5d 9s] [9c]
kimevel1: checks
AzureCaper: checks
*** RIVER *** [Ah 5d 9s 9c] [6d]
kimevel1: bets $6
AzureCaper: calls $6
*** SHOW DOWN ***
kimevel1: shows [4h 3c] (a pair of Nines)
AzureCaper: shows [Qc Qh] (two pair, Queens and Nines)
AzureCaper collected $23.52 from pot
*** SUMMARY ***
Total pot $24 | Rake $0.48
Board [Ah 5d 9s 9c 6d]
Seat 3: kimevel1 (big blind) showed [4h 3c] and lost with a pair of Nines
Seat 4: AzureCaper (button) (small blind) showed [Qc Qh] and won ($23.52) with two pair, Queens and Nines


PokerStars Hand #150550758769:  Hold'em Limit ($3/$6 USD) - 2016/03/18 14:53:19 ET
Table 'Anser II' 6-max Seat #3 is the button
Seat 3: kimevel1 ($36.14 in chips)
Seat 4: AzureCaper ($82.14 in chips)
kimevel1: posts small blind $1
AzureCaper: posts big blind $3
*** HOLE CARDS ***
kimevel1: calls $2
AzureCaper: raises $3 to $6
kimevel1: calls $3
*** FLOP *** [6c 2c 9s]
AzureCaper: checks
kimevel1: checks
*** TURN *** [6c 2c 9s] [6s]
AzureCaper: bets $6
kimevel1: calls $6
*** RIVER *** [6c 2c 9s 6s] [5s]
AzureCaper: checks
kimevel1: bets $6
AzureCaper: calls $6
*** SHOW DOWN ***
kimevel1: shows [4d Qc] (a pair of Sixes)
AzureCaper: shows [As 8c] (a pair of Sixes - Ace kicker)
AzureCaper collected $35.50 from pot
*** SUMMARY ***
Total pot $36 | Rake $0.50
Board [6c 2c 9s 6s 5s]
Seat 3: kimevel1 (button) (small blind) showed [4d Qc] and lost with a pair of Sixes
Seat 4: AzureCaper (big blind) showed [As 8c] and won ($35.50) with a pair of Sixes


PokerStars Hand #150550750560:  Hold'em Limit ($3/$6 USD) - 2016/03/18 14:53:09 ET
Table 'Anser II' 6-max Seat #4 is the button
Seat 3: kimevel1 ($35.14 in chips)
Seat 4: AzureCaper ($83.14 in chips)
AzureCaper: posts small blind $1
kimevel1: posts big blind $3
*** HOLE CARDS ***
AzureCaper: folds
Uncalled bet ($2) returned to kimevel1
kimevel1 collected $2 from pot
kimevel1: doesn't show hand
*** SUMMARY ***
Total pot $2 | Rake $0
Seat 3: kimevel1 (big blind) collected ($2)
Seat 4: AzureCaper (button) (small blind) folded before Flop


PokerStars Hand #150550745885:  Hold'em Limit ($3/$6 USD) - 2016/03/18 14:53:04 ET
Table 'Anser II' 6-max Seat #3 is the button
Seat 3: kimevel1 ($32.14 in chips)
Seat 4: AzureCaper ($86.14 in chips)
kimevel1: posts small blind $1
AzureCaper: posts big blind $3
*** HOLE CARDS ***
kimevel1: raises $3 to $6
AzureCaper: folds
Uncalled bet ($3) returned to kimevel1
kimevel1 collected $6 from pot
kimevel1: doesn't show hand
*** SUMMARY ***
Total pot $6 | Rake $0
Seat 3: kimevel1 (button) (small blind) collected ($6)
Seat 4: AzureCaper (big blind) folded before Flop


PokerStars Hand #150550735816:  Hold'em Limit ($3/$6 USD) - 2016/03/18 14:52:53 ET
Table 'Anser II' 6-max Seat #4 is the button
Seat 3: kimevel1 ($23.50 in chips)
Seat 4: AzureCaper ($95.14 in chips)
AzureCaper: posts small blind $1
kimevel1: posts big blind $3
*** HOLE CARDS ***
AzureCaper: raises $3 to $6
kimevel1: raises $3 to $9
AzureCaper: calls $3
*** FLOP *** [2d Qh Tc]
kimevel1: bets $3
AzureCaper: folds
Uncalled bet ($3) returned to kimevel1
kimevel1 collected $17.64 from pot
kimevel1: doesn't show hand
*** SUMMARY ***
Total pot $18 | Rake $0.36
Board [2d Qh Tc]
Seat 3: kimevel1 (big blind) collected ($17.64)
Seat 4: AzureCaper (button) (small blind) folded on the Flop


PokerStars Hand #150550831231:  Hold'em Limit ($3/$6 USD) - 2016/03/18 14:54:41 ET
Table 'Anser II' 6-max Seat #4 is the button
Seat 3: kimevel1 ($19.56 in chips)
Seat 4: AzureCaper ($96.63 in chips)
AzureCaper: posts small blind $1
kimevel1: posts big blind $3
*** HOLE CARDS ***
AzureCaper: raises $3 to $6
kimevel1: raises $3 to $9
AzureCaper: calls $3
*** FLOP *** [6d 2d Th]
kimevel1: bets $3
AzureCaper: calls $3
*** TURN *** [6d 2d Th] [Kh]
kimevel1: bets $6
AzureCaper: folds
Uncalled bet ($6) returned to kimevel1
kimevel1 collected $23.52 from pot
kimevel1: doesn't show hand
*** SUMMARY ***
Total pot $24 | Rake $0.48
Board [6d 2d Th Kh]
Seat 3: kimevel1 (big blind) collected ($23.52)
Seat 4: AzureCaper (button) (small blind) folded on the Turn


PokerStars Hand #150550826433:  Hold'em Limit ($3/$6 USD) - 2016/03/18 14:54:35 ET
Table 'Anser II' 6-max Seat #3 is the button
Seat 3: kimevel1 ($16.56 in chips)
Seat 4: AzureCaper ($99.63 in chips)
kimevel1: posts small blind $1
AzureCaper: posts big blind $3
*** HOLE CARDS ***
kimevel1: raises $3 to $6
AzureCaper: folds
Uncalled bet ($3) returned to kimevel1
kimevel1 collected $6 from pot
kimevel1: doesn't show hand
*** SUMMARY ***
Total pot $6 | Rake $0
Seat 3: kimevel1 (button) (small blind) collected ($6)
Seat 4: AzureCaper (big blind) folded before Flop


PokerStars Hand #150550813700:  Hold'em Limit ($3/$6 USD) - 2016/03/18 14:54:21 ET
Table 'Anser II' 6-max Seat #4 is the button
Seat 3: kimevel1 ($25.56 in chips)
Seat 4: AzureCaper ($90.99 in chips)
AzureCaper: posts small blind $1
kimevel1: posts big blind $3
*** HOLE CARDS ***
AzureCaper: raises $3 to $6
kimevel1: calls $3
*** FLOP *** [4c Kh 6s]
kimevel1: bets $3
AzureCaper: calls $3
*** TURN *** [4c Kh 6s] [Jd]
kimevel1: checks
AzureCaper: checks
*** RIVER *** [4c Kh 6s Jd] [Tc]
kimevel1: checks
AzureCaper: bets $6
kimevel1: folds
Uncalled bet ($6) returned to AzureCaper
AzureCaper collected $17.64 from pot
AzureCaper: doesn't show hand
*** SUMMARY ***
Total pot $18 | Rake $0.36
Board [4c Kh 6s Jd Tc]
Seat 3: kimevel1 (big blind) folded on the River
Seat 4: AzureCaper (button) (small blind) collected ($17.64)


PokerStars Hand #150550803382:  Hold'em Limit ($3/$6 USD) - 2016/03/18 14:54:09 ET
Table 'Anser II' 6-max Seat #3 is the button
Seat 3: kimevel1 ($13.03 in chips)
Seat 4: AzureCaper ($104.02 in chips)
kimevel1: posts small blind $1
AzureCaper: posts big blind $3
*** HOLE CARDS ***
kimevel1: raises $3 to $6
AzureCaper: raises $3 to $9
kimevel1: raises $3 to $12
Betting is capped
AzureCaper: calls $3
*** FLOP *** [5c 6s 3d]
AzureCaper: bets $3
kimevel1: calls $1.03 and is all-in
Uncalled bet ($1.97) returned to AzureCaper
*** TURN *** [5c 6s 3d] [Js]
*** RIVER *** [5c 6s 3d Js] [8h]
*** SHOW DOWN ***
AzureCaper: shows [Ah Ks] (high card Ace)
kimevel1: shows [8c 4s] (a pair of Eights)
kimevel1 collected $25.56 from pot
*** SUMMARY ***
Total pot $26.06 | Rake $0.50
Board [5c 6s 3d Js 8h]
Seat 3: kimevel1 (button) (small blind) showed [8c 4s] and won ($25.56) with a pair of Eights
Seat 4: AzureCaper (big blind) showed [Ah Ks] and lost with high card Ace


PokerStars Hand #150550799643:  Hold'em Limit ($3/$6 USD) - 2016/03/18 14:54:05 ET
Table 'Anser II' 6-max Seat #4 is the button
Seat 3: kimevel1 ($12.03 in chips)
Seat 4: AzureCaper ($105.02 in chips)
AzureCaper: posts small blind $1
kimevel1: posts big blind $3
*** HOLE CARDS ***
AzureCaper: folds
Uncalled bet ($2) returned to kimevel1
kimevel1 collected $2 from pot
kimevel1: doesn't show hand
*** SUMMARY ***
Total pot $2 | Rake $0
Seat 3: kimevel1 (big blind) collected ($2)
Seat 4: AzureCaper (button) (small blind) folded before Flop


PokerStars Hand #150550790449:  Hold'em Limit ($3/$6 USD) - 2016/03/18 14:53:55 ET
Table 'Anser II' 6-max Seat #3 is the button
Seat 3: kimevel1 ($6.14 in chips)
Seat 4: AzureCaper ($111.16 in chips)
kimevel1: posts small blind $1
AzureCaper: posts big blind $3
*** HOLE CARDS ***
kimevel1: raises $3 to $6
AzureCaper: raises $3 to $9
kimevel1: calls $0.14 and is all-in
Uncalled bet ($2.86) returned to AzureCaper
*** FLOP *** [As 2d Qh]
*** TURN *** [As 2d Qh] [Ks]
*** RIVER *** [As 2d Qh Ks] [Qc]
*** SHOW DOWN ***
AzureCaper: shows [Kc 7c] (two pair, Kings and Queens)
kimevel1: shows [Qs 5c] (three of a kind, Queens)
kimevel1 collected $12.03 from pot
*** SUMMARY ***
Total pot $12.28 | Rake $0.25
Board [As 2d Qh Ks Qc]
Seat 3: kimevel1 (button) (small blind) showed [Qs 5c] and won ($12.03) with three of a kind, Queens
Seat 4: AzureCaper (big blind) showed [Kc 7c] and lost with two pair, Kings and Queens


PokerStars Hand #150550886207:  Hold'em Limit ($3/$6 USD) - 2016/03/18 14:55:53 ET
Table 'Anser II' 6-max Seat #4 is the button
Seat 3: kimevel1 ($48.84 in chips)
Seat 4: AzureCaper ($72 in chips)
AzureCaper: posts small blind $1
kimevel1: posts big blind $3
*** HOLE CARDS ***
AzureCaper: folds
Uncalled bet ($2) returned to kimevel1
kimevel1 collected $2 from pot
kimevel1: doesn't show hand
*** SUMMARY ***
Total pot $2 | Rake $0
Seat 3: kimevel1 (big blind) collected ($2)
Seat 4: AzureCaper (button) (small blind) folded before Flop


PokerStars Hand #150550881720:  Hold'em Limit ($3/$6 USD) - 2016/03/18 14:55:46 ET
Table 'Anser II' 6-max Seat #3 is the button
Seat 3: kimevel1 ($45.84 in chips)
Seat 4: AzureCaper ($72 in chips)
kimevel1: posts small blind $1
AzureCaper: posts big blind $3
*** HOLE CARDS ***
kimevel1: raises $3 to $6
AzureCaper: folds
Uncalled bet ($3) returned to kimevel1
kimevel1 collected $6 from pot
kimevel1: doesn't show hand
*** SUMMARY ***
Total pot $6 | Rake $0
Seat 3: kimevel1 (button) (small blind) collected ($6)
Seat 4: AzureCaper (big blind) folded before Flop


PokerStars Hand #150550878414:  Hold'em Limit ($3/$6 USD) - 2016/03/18 14:55:42 ET
Table 'Anser II' 6-max Seat #4 is the button
Seat 3: kimevel1 ($44.84 in chips)
Seat 4: AzureCaper ($72 in chips)
AzureCaper: posts small blind $1
kimevel1: posts big blind $3
*** HOLE CARDS ***
AzureCaper: folds
Uncalled bet ($2) returned to kimevel1
kimevel1 collected $2 from pot
kimevel1: doesn't show hand
*** SUMMARY ***
Total pot $2 | Rake $0
Seat 3: kimevel1 (big blind) collected ($2)
Seat 4: AzureCaper (button) (small blind) folded before Flop


PokerStars Hand #150550874551:  Hold'em Limit ($3/$6 USD) - 2016/03/18 14:55:36 ET
Table 'Anser II' 6-max Seat #3 is the button
Seat 3: kimevel1 ($41.84 in chips)
Seat 4: AzureCaper ($73.63 in chips)
kimevel1: posts small blind $1
AzureCaper: posts big blind $3
*** HOLE CARDS ***
kimevel1: raises $3 to $6
AzureCaper: folds
Uncalled bet ($3) returned to kimevel1
kimevel1 collected $6 from pot
kimevel1: doesn't show hand
*** SUMMARY ***
Total pot $6 | Rake $0
Seat 3: kimevel1 (button) (small blind) collected ($6)
Seat 4: AzureCaper (big blind) folded before Flop


PokerStars Hand #150550871530:  Hold'em Limit ($3/$6 USD) - 2016/03/18 14:55:32 ET
Table 'Anser II' 6-max Seat #4 is the button
Seat 3: kimevel1 ($40.84 in chips)
Seat 4: AzureCaper ($74.63 in chips)
AzureCaper: posts small blind $1
kimevel1: posts big blind $3
*** HOLE CARDS ***
AzureCaper: folds
Uncalled bet ($2) returned to kimevel1
kimevel1 collected $2 from pot
kimevel1: doesn't show hand
*** SUMMARY ***
Total pot $2 | Rake $0
Seat 3: kimevel1 (big blind) collected ($2)
Seat 4: AzureCaper (button) (small blind) folded before Flop


PokerStars Hand #150550867092:  Hold'em Limit ($3/$6 USD) - 2016/03/18 14:55:25 ET
Table 'Anser II' 6-max Seat #3 is the button
Seat 3: kimevel1 ($37.84 in chips)
Seat 4: AzureCaper ($77.63 in chips)
kimevel1: posts small blind $1
AzureCaper: posts big blind $3
*** HOLE CARDS ***
kimevel1: raises $3 to $6
AzureCaper: folds
Uncalled bet ($3) returned to kimevel1
kimevel1 collected $6 from pot
kimevel1: doesn't show hand
*** SUMMARY ***
Total pot $6 | Rake $0
Seat 3: kimevel1 (button) (small blind) collected ($6)
Seat 4: AzureCaper (big blind) folded before Flop


PokerStars Hand #150550863333:  Hold'em Limit ($3/$6 USD) - 2016/03/18 14:55:20 ET
Table 'Anser II' 6-max Seat #4 is the button
Seat 3: kimevel1 ($36.84 in chips)
Seat 4: AzureCaper ($78.63 in chips)
AzureCaper: posts small blind $1
kimevel1: posts big blind $3
*** HOLE CARDS ***
AzureCaper: folds
Uncalled bet ($2) returned to kimevel1
kimevel1 collected $2 from pot
kimevel1: doesn't show hand
*** SUMMARY ***
Total pot $2 | Rake $0
Seat 3: kimevel1 (big blind) collected ($2)
Seat 4: AzureCaper (button) (small blind) folded before Flop


PokerStars Hand #150550860000:  Hold'em Limit ($3/$6 USD) - 2016/03/18 14:55:15 ET
Table 'Anser II' 6-max Seat #3 is the button
Seat 3: kimevel1 ($37.84 in chips)
Seat 4: AzureCaper ($77.63 in chips)
kimevel1: posts small blind $1
AzureCaper: posts big blind $3
*** HOLE CARDS ***
kimevel1: folds
Uncalled bet ($2) returned to AzureCaper
AzureCaper collected $2 from pot
AzureCaper: doesn't show hand
*** SUMMARY ***
Total pot $2 | Rake $0
Seat 3: kimevel1 (button) (small blind) folded before Flop
Seat 4: AzureCaper (big blind) collected ($2)


PokerStars Hand #150550856804:  Hold'em Limit ($3/$6 USD) - 2016/03/18 14:55:11 ET
Table 'Anser II' 6-max Seat #4 is the button
Seat 3: kimevel1 ($36.84 in chips)
Seat 4: AzureCaper ($78.63 in chips)
AzureCaper: posts small blind $1
kimevel1: posts big blind $3
*** HOLE CARDS ***
AzureCaper: folds
Uncalled bet ($2) returned to kimevel1
kimevel1 collected $2 from pot
kimevel1: doesn't show hand
*** SUMMARY ***
Total pot $2 | Rake $0
Seat 3: kimevel1 (big blind) collected ($2)
Seat 4: AzureCaper (button) (small blind) folded before Flop


PokerStars Hand #150550848679:  Hold'em Limit ($3/$6 USD) - 2016/03/18 14:55:00 ET
Table 'Anser II' 6-max Seat #3 is the button
Seat 3: kimevel1 ($31.08 in chips)
Seat 4: AzureCaper ($84.63 in chips)
kimevel1: posts small blind $1
AzureCaper: posts big blind $3
*** HOLE CARDS ***
kimevel1: raises $3 to $6
AzureCaper: calls $3
*** FLOP *** [2d 6s Qd]
AzureCaper: checks
kimevel1: bets $3
AzureCaper: folds
Uncalled bet ($3) returned to kimevel1
kimevel1 collected $11.76 from pot
kimevel1: doesn't show hand
*** SUMMARY ***
Total pot $12 | Rake $0.24
Board [2d 6s Qd]
Seat 3: kimevel1 (button) (small blind) collected ($11.76)
Seat 4: AzureCaper (big blind) folded on the Flop


PokerStars Hand #150550918536:  Hold'em Limit ($3/$6 USD) - 2016/03/18 14:56:38 ET
Table 'Anser II' 6-max Seat #4 is the button
Seat 3: kimevel1 ($73.10 in chips)
Seat 4: AzureCaper ($72 in chips)
AzureCaper: posts small blind $1
kimevel1: posts big blind $3
*** HOLE CARDS ***
AzureCaper: folds
Uncalled bet ($2) returned to kimevel1
kimevel1 collected $2 from pot
kimevel1: doesn't show hand
*** SUMMARY ***
Total pot $2 | Rake $0
Seat 3: kimevel1 (big blind) collected ($2)
Seat 4: AzureCaper (button) (small blind) folded before Flop


PokerStars Hand #150550902357:  Hold'em Limit ($3/$6 USD) - 2016/03/18 14:56:15 ET
Table 'Anser II' 6-max Seat #3 is the button
Seat 3: kimevel1 ($52.60 in chips)
Seat 4: AzureCaper ($75 in chips)
kimevel1: posts small blind $1
AzureCaper: posts big blind $3
*** HOLE CARDS ***
kimevel1: raises $3 to $6
AzureCaper: calls $3
*** FLOP *** [3h 3d 4h]
AzureCaper: bets $3
kimevel1: calls $3
*** TURN *** [3h 3d 4h] [Td]
AzureCaper: bets $6
kimevel1: calls $6
*** RIVER *** [3h 3d 4h Td] [Ad]
AzureCaper: bets $6
kimevel1: raises $6 to $12
AzureCaper: folds
Uncalled bet ($6) returned to kimevel1
kimevel1 collected $41.50 from pot
kimevel1: doesn't show hand
*** SUMMARY ***
Total pot $42 | Rake $0.50
Board [3h 3d 4h Td Ad]
Seat 3: kimevel1 (button) (small blind) collected ($41.50)
Seat 4: AzureCaper (big blind) folded on the River


PokerStars Hand #150550898593:  Hold'em Limit ($3/$6 USD) - 2016/03/18 14:56:10 ET
Table 'Anser II' 6-max Seat #4 is the button
Seat 3: kimevel1 ($55.60 in chips)
Seat 4: AzureCaper ($72 in chips)
AzureCaper: posts small blind $1
kimevel1: posts big blind $3
*** HOLE CARDS ***
AzureCaper: raises $3 to $6
kimevel1: folds
Uncalled bet ($3) returned to AzureCaper
AzureCaper collected $6 from pot
AzureCaper: doesn't show hand
*** SUMMARY ***
Total pot $6 | Rake $0
Seat 3: kimevel1 (big blind) folded before Flop
Seat 4: AzureCaper (button) (small blind) collected ($6)


PokerStars Hand #150550890052:  Hold'em Limit ($3/$6 USD) - 2016/03/18 14:55:58 ET
Table 'Anser II' 6-max Seat #3 is the button
Seat 3: kimevel1 ($49.84 in chips)
Seat 4: AzureCaper ($72 in chips)
kimevel1: posts small blind $1
AzureCaper: posts big blind $3
*** HOLE CARDS ***
kimevel1: raises $3 to $6
AzureCaper: calls $3
*** FLOP *** [5h 2d Ks]
AzureCaper: checks
kimevel1: bets $3
AzureCaper: folds
Uncalled bet ($3) returned to kimevel1
kimevel1 collected $11.76 from pot
kimevel1: doesn't show hand
*** SUMMARY ***
Total pot $12 | Rake $0.24
Board [5h 2d Ks]
Seat 3: kimevel1 (button) (small blind) collected ($11.76)
Seat 4: AzureCaper (big blind) folded on the Flop


PokerStars Hand #150550951378:  Hold'em Limit ($3/$6 USD) - 2016/03/18 14:57:15 ET
Table 'Anser II' 6-max Seat #3 is the button
Seat 3: kimevel1 ($77.98 in chips)
Seat 4: AzureCaper ($72 in chips)
kimevel1: posts small blind $1
AzureCaper: posts big blind $3
*** HOLE CARDS ***
kimevel1: calls $2
AzureCaper: checks
*** FLOP *** [Kd As 8c]
AzureCaper: checks
kimevel1: checks
*** TURN *** [Kd As 8c] [5h]
AzureCaper: checks
kimevel1: bets $6
AzureCaper: folds
Uncalled bet ($6) returned to kimevel1
iskambil joins the table at seat #1
kimevel1 collected $5.88 from pot
kimevel1: doesn't show hand
*** SUMMARY ***
Total pot $6 | Rake $0.12
Board [Kd As 8c 5h]
Seat 3: kimevel1 (button) (small blind) collected ($5.88)
Seat 4: AzureCaper (big blind) folded on the Turn


PokerStars Hand #150550948023:  Hold'em Limit ($3/$6 USD) - 2016/03/18 14:57:11 ET
Table 'Anser II' 6-max Seat #4 is the button
Seat 3: kimevel1 ($76.98 in chips)
Seat 4: AzureCaper ($72 in chips)
AzureCaper: posts small blind $1
kimevel1: posts big blind $3
*** HOLE CARDS ***
AzureCaper: folds
Uncalled bet ($2) returned to kimevel1
kimevel1 collected $2 from pot
kimevel1: doesn't show hand
*** SUMMARY ***
Total pot $2 | Rake $0
Seat 3: kimevel1 (big blind) collected ($2)
Seat 4: AzureCaper (button) (small blind) folded before Flop


PokerStars Hand #150550924081:  Hold'em Limit ($3/$6 USD) - 2016/03/18 14:56:46 ET
Table 'Anser II' 6-max Seat #3 is the button
Seat 3: kimevel1 ($74.10 in chips)
Seat 4: AzureCaper ($72 in chips)
kimevel1: posts small blind $1
AzureCaper: posts big blind $3
*** HOLE CARDS ***
kimevel1: calls $2
AzureCaper: checks
*** FLOP *** [6c Js Kh]
AzureCaper: checks
kimevel1: checks
*** TURN *** [6c Js Kh] [Qc]
AzureCaper: checks
kimevel1: bets $6
AzureCaper: folds
Uncalled bet ($6) returned to kimevel1
kimevel1 collected $5.88 from pot
kimevel1: doesn't show hand
*** SUMMARY ***
Total pot $6 | Rake $0.12
Board [6c Js Kh Qc]
Seat 3: kimevel1 (button) (small blind) collected ($5.88)
Seat 4: AzureCaper (big blind) folded on the Turn


PokerStars Hand #150551021240:  Hold'em Limit ($3/$6 USD) - 2016/03/18 14:58:52 ET
Table 'Anser II' 6-max Seat #4 is the button
Seat 3: kimevel1 ($87.54 in chips)
Seat 4: AzureCaper ($72 in chips)
AzureCaper: posts small blind $1
kimevel1: posts big blind $3
*** HOLE CARDS ***
AzureCaper: raises $3 to $6
kimevel1: calls $3
*** FLOP *** [8s 8h 4c]
kimevel1: checks
AzureCaper: bets $3
kimevel1: folds
Uncalled bet ($3) returned to AzureCaper
AzureCaper collected $11.76 from pot
AzureCaper: doesn't show hand
*** SUMMARY ***
Total pot $12 | Rake $0.24
Board [8s 8h 4c]
Seat 3: kimevel1 (big blind) folded on the Flop
Seat 4: AzureCaper (button) (small blind) collected ($11.76)


PokerStars Hand #150551014172:  Hold'em Limit ($3/$6 USD) - 2016/03/18 14:58:42 ET
Table 'Anser II' 6-max Seat #3 is the button
Seat 3: kimevel1 ($81.78 in chips)
Seat 4: AzureCaper ($72 in chips)
kimevel1: posts small blind $1
AzureCaper: posts big blind $3
*** HOLE CARDS ***
kimevel1: raises $3 to $6
AzureCaper: calls $3
*** FLOP *** [Kc Qc 9s]
AzureCaper: checks
kimevel1: bets $3
AzureCaper: folds
Uncalled bet ($3) returned to kimevel1
kimevel1 collected $11.76 from pot
kimevel1: doesn't show hand
*** SUMMARY ***
Total pot $12 | Rake $0.24
Board [Kc Qc 9s]
Seat 3: kimevel1 (button) (small blind) collected ($11.76)
Seat 4: AzureCaper (big blind) folded on the Flop


PokerStars Hand #150551011245:  Hold'em Limit ($3/$6 USD) - 2016/03/18 14:58:38 ET
Table 'Anser II' 6-max Seat #4 is the button
Seat 3: kimevel1 ($80.78 in chips)
Seat 4: AzureCaper ($72 in chips)
AzureCaper: posts small blind $1
kimevel1: posts big blind $3
*** HOLE CARDS ***
AzureCaper: folds
Uncalled bet ($2) returned to kimevel1
kimevel1 collected $2 from pot
kimevel1: doesn't show hand
*** SUMMARY ***
Total pot $2 | Rake $0
Seat 3: kimevel1 (big blind) collected ($2)
Seat 4: AzureCaper (button) (small blind) folded before Flop


PokerStars Hand #150551052065:  Hold'em Limit ($3/$6 USD) - 2016/03/18 14:59:34 ET
Table 'Anser II' 6-max Seat #3 is the button
Seat 3: kimevel1 ($66.04 in chips)
Seat 4: AzureCaper ($104.50 in chips)
kimevel1: posts small blind $1
AzureCaper: posts big blind $3
*** HOLE CARDS ***
kimevel1: raises $3 to $6
AzureCaper: folds
Uncalled bet ($3) returned to kimevel1
kimevel1 collected $6 from pot
kimevel1: doesn't show hand
*** SUMMARY ***
Total pot $6 | Rake $0
Seat 3: kimevel1 (button) (small blind) collected ($6)
Seat 4: AzureCaper (big blind) folded before Flop


PokerStars Hand #150551039452:  Hold'em Limit ($3/$6 USD) - 2016/03/18 14:59:17 ET
Table 'Anser II' 6-max Seat #4 is the button
Seat 3: kimevel1 ($99.04 in chips)
Seat 4: AzureCaper ($72 in chips)
AzureCaper: posts small blind $1
kimevel1: posts big blind $3
*** HOLE CARDS ***
AzureCaper: raises $3 to $6
kimevel1: calls $3
*** FLOP *** [4c 3c 9c]
kimevel1: bets $3
AzureCaper: calls $3
*** TURN *** [4c 3c 9c] [Th]
kimevel1: checks
AzureCaper: bets $6
kimevel1: raises $6 to $12
AzureCaper: raises $6 to $18
kimevel1: calls $6
*** RIVER *** [4c 3c 9c Th] [7c]
kimevel1: checks
AzureCaper: bets $6
kimevel1: calls $6
*** SHOW DOWN ***
AzureCaper: shows [Tc Ac] (a flush, Ace high)
kimevel1: mucks hand
AzureCaper collected $65.50 from pot
*** SUMMARY ***
Total pot $66 | Rake $0.50
Board [4c 3c 9c Th 7c]
Seat 3: kimevel1 (big blind) mucked
Seat 4: AzureCaper (button) (small blind) showed [Tc Ac] and won ($65.50) with a flush, Ace high


PokerStars Hand #150551027374:  Hold'em Limit ($3/$6 USD) - 2016/03/18 14:59:01 ET
Table 'Anser II' 6-max Seat #3 is the button
Seat 3: kimevel1 ($81.54 in chips)
Seat 4: AzureCaper ($77.76 in chips)
kimevel1: posts small blind $1
AzureCaper: posts big blind $3
*** HOLE CARDS ***
kimevel1: raises $3 to $6
AzureCaper: raises $3 to $9
kimevel1: calls $3
*** FLOP *** [9h 5c As]
AzureCaper: bets $3
kimevel1: calls $3
*** TURN *** [9h 5c As] [Js]
AzureCaper: checks
kimevel1: checks
*** RIVER *** [9h 5c As Js] [4s]
AzureCaper: bets $6
kimevel1: calls $6
*** SHOW DOWN ***
AzureCaper: shows [Th Ts] (a pair of Tens)
kimevel1: shows [Jd Kh] (a pair of Jacks)
kimevel1 collected $35.50 from pot
*** SUMMARY ***
Total pot $36 | Rake $0.50
Board [9h 5c As Js 4s]
Seat 3: kimevel1 (button) (small blind) showed [Jd Kh] and won ($35.50) with a pair of Jacks
Seat 4: AzureCaper (big blind) showed [Th Ts] and lost with a pair of Tens


PokerStars Hand #150551106850:  Hold'em Limit ($3/$6 USD) - 2016/03/18 15:00:46 ET
Table 'Anser II' 6-max Seat #3 is the button
Seat 3: kimevel1 ($104.06 in chips)
Seat 4: AzureCaper ($72 in chips)
kimevel1: posts small blind $1
AzureCaper: posts big blind $3
*** HOLE CARDS ***
kimevel1: raises $3 to $6
AzureCaper: calls $3
*** FLOP *** [2d 9c Qc]
iskambil leaves the table
AzureCaper: checks
kimevel1: bets $3
AzureCaper: raises $3 to $6
kimevel1: calls $3
*** TURN *** [2d 9c Qc] [Ts]
AzureCaper: bets $6
kimevel1: calls $6
*** RIVER *** [2d 9c Qc Ts] [7h]
AzureCaper: checks
kimevel1: checks
*** SHOW DOWN ***
AzureCaper: shows [9d Jh] (a pair of Nines)
kimevel1: shows [9s 7d] (two pair, Nines and Sevens)
kimevel1 collected $35.50 from pot
*** SUMMARY ***
Total pot $36 | Rake $0.50
Board [2d 9c Qc Ts 7h]
Seat 3: kimevel1 (button) (small blind) showed [9s 7d] and won ($35.50) with two pair, Nines and Sevens
Seat 4: AzureCaper (big blind) showed [9d Jh] and lost with a pair of Nines


PokerStars Hand #150551091475:  Hold'em Limit ($3/$6 USD) - 2016/03/18 15:00:26 ET
Table 'Anser II' 6-max Seat #4 is the button
Seat 3: kimevel1 ($77.56 in chips)
Seat 4: AzureCaper ($92.38 in chips)
AzureCaper: posts small blind $1
kimevel1: posts big blind $3
*** HOLE CARDS ***
AzureCaper: raises $3 to $6
kimevel1: calls $3
*** FLOP *** [3d 6d 8h]
kimevel1: checks
AzureCaper: bets $3
kimevel1: calls $3
*** TURN *** [3d 6d 8h] [4h]
kimevel1: checks
AzureCaper: bets $6
kimevel1: raises $6 to $12
AzureCaper: calls $6
*** RIVER *** [3d 6d 8h 4h] [Js]
kimevel1: bets $6
AzureCaper: calls $6
*** SHOW DOWN ***
kimevel1: shows [Jh 9d] (a pair of Jacks)
AzureCaper: mucks hand
kimevel1 collected $53.50 from pot
*** SUMMARY ***
Total pot $54 | Rake $0.50
Board [3d 6d 8h 4h Js]
Seat 3: kimevel1 (big blind) showed [Jh 9d] and won ($53.50) with a pair of Jacks
Seat 4: AzureCaper (button) (small blind) mucked


PokerStars Hand #150551075406:  Hold'em Limit ($3/$6 USD) - 2016/03/18 15:00:06 ET
Table 'Anser II' 6-max Seat #3 is the button
Seat 3: kimevel1 ($77.68 in chips)
Seat 4: AzureCaper ($92.50 in chips)
kimevel1: posts small blind $1
AzureCaper: posts big blind $3
*** HOLE CARDS ***
kimevel1: calls $2
AzureCaper: checks
*** FLOP *** [5c 4h 4c]
AzureCaper: bets $3
kimevel1: calls $3
*** TURN *** [5c 4h 4c] [5h]
AzureCaper: checks
kimevel1: checks
*** RIVER *** [5c 4h 4c 5h] [Ad]
AzureCaper: checks
kimevel1: checks
*** SHOW DOWN ***
AzureCaper: shows [7c Jc] (two pair, Fives and Fours)
kimevel1: shows [Qd 3c] (two pair, Fives and Fours)
AzureCaper collected $5.88 from pot
kimevel1 collected $5.88 from pot
*** SUMMARY ***
Total pot $12 | Rake $0.24
Board [5c 4h 4c 5h Ad]
Seat 3: kimevel1 (button) (small blind) showed [Qd 3c] and won ($5.88) with two pair, Fives and Fours
Seat 4: AzureCaper (big blind) showed [7c Jc] and won ($5.88) with two pair, Fives and Fours


PokerStars Hand #150551058169:  Hold'em Limit ($3/$6 USD) - 2016/03/18 14:59:43 ET
Table 'Anser II' 6-max Seat #4 is the button
Seat 3: kimevel1 ($69.04 in chips)
Seat 4: AzureCaper ($101.50 in chips)
AzureCaper: posts small blind $1
kimevel1: posts big blind $3
*** HOLE CARDS ***
AzureCaper: raises $3 to $6
kimevel1: calls $3
*** FLOP *** [Td Kc 2c]
kimevel1: checks
AzureCaper: bets $3
kimevel1: calls $3
*** TURN *** [Td Kc 2c] [8c]
kimevel1: checks
AzureCaper: checks
*** RIVER *** [Td Kc 2c 8c] [5h]
kimevel1: bets $6
AzureCaper: folds
Uncalled bet ($6) returned to kimevel1
kimevel1 collected $17.64 from pot
kimevel1: doesn't show hand
*** SUMMARY ***
Total pot $18 | Rake $0.36
Board [Td Kc 2c 8c 5h]
Seat 3: kimevel1 (big blind) collected ($17.64)
Seat 4: AzureCaper (button) (small blind) folded on the River


PokerStars Hand #150551154298:  Hold'em Limit ($3/$6 USD) - 2016/03/18 15:01:42 ET
Table 'Anser II' 6-max Seat #3 is the button
Seat 3: kimevel1 ($138.60 in chips)
Seat 4: AzureCaper ($72 in chips)
kimevel1: posts small blind $1
AzureCaper: posts big blind $3
*** HOLE CARDS ***
kimevel1: calls $2
AzureCaper: checks
*** FLOP *** [8s Qc 3d]
AzureCaper: bets $3
kimevel1: calls $3
*** TURN *** [8s Qc 3d] [4c]
AzureCaper: bets $6
kimevel1: calls $6
*** RIVER *** [8s Qc 3d 4c] [Tc]
AzureCaper: bets $6
kimevel1: raises $6 to $12
AzureCaper: folds
Uncalled bet ($6) returned to kimevel1
kimevel1 collected $35.50 from pot
kimevel1: doesn't show hand
*** SUMMARY ***
Total pot $36 | Rake $0.50
Board [8s Qc 3d 4c Tc]
Seat 3: kimevel1 (button) (small blind) collected ($35.50)
Seat 4: AzureCaper (big blind) folded on the River


PokerStars Hand #150551140695:  Hold'em Limit ($3/$6 USD) - 2016/03/18 15:01:26 ET
Table 'Anser II' 6-max Seat #4 is the button
Seat 3: kimevel1 ($127.08 in chips)
Seat 4: AzureCaper ($77.76 in chips)
AzureCaper: posts small blind $1
kimevel1: posts big blind $3
*** HOLE CARDS ***
AzureCaper: raises $3 to $6
kimevel1: raises $3 to $9
AzureCaper: calls $3
*** FLOP *** [9s 5c Tc]
kimevel1: bets $3
AzureCaper: calls $3
*** TURN *** [9s 5c Tc] [Td]
kimevel1: bets $6
AzureCaper: folds
Uncalled bet ($6) returned to kimevel1
kimevel1 collected $23.52 from pot
kimevel1: doesn't show hand
*** SUMMARY ***
Total pot $24 | Rake $0.48
Board [9s 5c Tc Td]
Seat 3: kimevel1 (big blind) collected ($23.52)
Seat 4: AzureCaper (button) (small blind) folded on the Turn


PokerStars Hand #150551131206:  Hold'em Limit ($3/$6 USD) - 2016/03/18 15:01:15 ET
Table 'Anser II' 6-max Seat #3 is the button
Seat 3: kimevel1 ($133.08 in chips)
Seat 4: AzureCaper ($72 in chips)
kimevel1: posts small blind $1
AzureCaper: posts big blind $3
*** HOLE CARDS ***
kimevel1: calls $2
AzureCaper: checks
*** FLOP *** [5c Jc 2s]
AzureCaper: checks
kimevel1: bets $3
AzureCaper: calls $3
*** TURN *** [5c Jc 2s] [Ks]
AzureCaper: checks
kimevel1: checks
*** RIVER *** [5c Jc 2s Ks] [2c]
AzureCaper: checks
kimevel1: checks
*** SHOW DOWN ***
AzureCaper: shows [3d Ac] (a pair of Deuces)
kimevel1: mucks hand
AzureCaper collected $11.76 from pot
*** SUMMARY ***
Total pot $12 | Rake $0.24
Board [5c Jc 2s Ks 2c]
Seat 3: kimevel1 (button) (small blind) mucked
Seat 4: AzureCaper (big blind) showed [3d Ac] and won ($11.76) with a pair of Deuces


PokerStars Hand #150551117321:  Hold'em Limit ($3/$6 USD) - 2016/03/18 15:00:59 ET
Table 'Anser II' 6-max Seat #4 is the button
Seat 3: kimevel1 ($121.56 in chips)
Seat 4: AzureCaper ($72 in chips)
AzureCaper: posts small blind $1
kimevel1: posts big blind $3
*** HOLE CARDS ***
AzureCaper: raises $3 to $6
kimevel1: calls $3
*** FLOP *** [Jh 6h 3c]
kimevel1: checks
AzureCaper: bets $3
kimevel1: raises $3 to $6
AzureCaper: calls $3
*** TURN *** [Jh 6h 3c] [4s]
kimevel1: checks
AzureCaper: checks
*** RIVER *** [Jh 6h 3c 4s] [7s]
kimevel1: bets $6
AzureCaper: folds
Uncalled bet ($6) returned to kimevel1
kimevel1 collected $23.52 from pot
kimevel1: doesn't show hand
*** SUMMARY ***
Total pot $24 | Rake $0.48
Board [Jh 6h 3c 4s 7s]
Seat 3: kimevel1 (big blind) collected ($23.52)
Seat 4: AzureCaper (button) (small blind) folded on the River


PokerStars Hand #150551219800:  Hold'em Limit ($3/$6 USD) - 2016/03/18 15:02:54 ET
Table 'Anser II' 6-max Seat #3 is the button
Seat 3: kimevel1 ($111.74 in chips)
Seat 4: AzureCaper ($114.50 in chips)
kimevel1: posts small blind $1
AzureCaper: posts big blind $3
*** HOLE CARDS ***
kimevel1: folds
Uncalled bet ($2) returned to AzureCaper
AzureCaper collected $2 from pot
AzureCaper: doesn't show hand
*** SUMMARY ***
Total pot $2 | Rake $0
Seat 3: kimevel1 (button) (small blind) folded before Flop
Seat 4: AzureCaper (big blind) collected ($2)


PokerStars Hand #150551215852:  Hold'em Limit ($3/$6 USD) - 2016/03/18 15:02:50 ET
Table 'Anser II' 6-max Seat #4 is the button
Seat 3: kimevel1 ($110.74 in chips)
Seat 4: AzureCaper ($115.50 in chips)
AzureCaper: posts small blind $1
kimevel1: posts big blind $3
*** HOLE CARDS ***
AzureCaper: folds
Uncalled bet ($2) returned to kimevel1
kimevel1 collected $2 from pot
kimevel1: doesn't show hand
*** SUMMARY ***
Total pot $2 | Rake $0
Seat 3: kimevel1 (big blind) collected ($2)
Seat 4: AzureCaper (button) (small blind) folded before Flop


PokerStars Hand #150551201972:  Hold'em Limit ($3/$6 USD) - 2016/03/18 15:02:35 ET
Table 'Anser II' 6-max Seat #3 is the button
Seat 3: kimevel1 ($125.74 in chips)
Seat 4: AzureCaper ($101 in chips)
kimevel1: posts small blind $1
AzureCaper: posts big blind $3
*** HOLE CARDS ***
kimevel1: raises $3 to $6
AzureCaper: calls $3
*** FLOP *** [Qc 9h Tc]
AzureCaper: checks
kimevel1: bets $3
AzureCaper: calls $3
*** TURN *** [Qc 9h Tc] [Kc]
AzureCaper: bets $6
kimevel1: calls $6
*** RIVER *** [Qc 9h Tc Kc] [8d]
AzureCaper: bets $6
kimevel1: folds
Uncalled bet ($6) returned to AzureCaper
AzureCaper collected $29.50 from pot
AzureCaper: doesn't show hand
*** SUMMARY ***
Total pot $30 | Rake $0.50
Board [Qc 9h Tc Kc 8d]
Seat 3: kimevel1 (button) (small blind) folded on the River
Seat 4: AzureCaper (big blind) collected ($29.50)


PokerStars Hand #150551194243:  Hold'em Limit ($3/$6 USD) - 2016/03/18 15:02:26 ET
Table 'Anser II' 6-max Seat #4 is the button
Seat 3: kimevel1 ($117.10 in chips)
Seat 4: AzureCaper ($110 in chips)
AzureCaper: posts small blind $1
kimevel1: posts big blind $3
*** HOLE CARDS ***
AzureCaper: raises $3 to $6
kimevel1: raises $3 to $9
AzureCaper: calls $3
*** FLOP *** [Ac 4c Tc]
kimevel1: bets $3
AzureCaper: folds
Uncalled bet ($3) returned to kimevel1
kimevel1 collected $17.64 from pot
kimevel1: doesn't show hand
*** SUMMARY ***
Total pot $18 | Rake $0.36
Board [Ac 4c Tc]
Seat 3: kimevel1 (big blind) collected ($17.64)
Seat 4: AzureCaper (button) (small blind) folded on the Flop


PokerStars Hand #150551182329:  Hold'em Limit ($3/$6 USD) - 2016/03/18 15:02:13 ET
Table 'Anser II' 6-max Seat #3 is the button
Seat 3: kimevel1 ($135.10 in chips)
Seat 4: AzureCaper ($92.50 in chips)
kimevel1: posts small blind $1
AzureCaper: posts big blind $3
*** HOLE CARDS ***
kimevel1: raises $3 to $6
AzureCaper: raises $3 to $9
kimevel1: calls $3
*** FLOP *** [Qs 5s 6d]
AzureCaper: bets $3
kimevel1: calls $3
*** TURN *** [Qs 5s 6d] [Ts]
AzureCaper: bets $6
kimevel1: calls $6
*** RIVER *** [Qs 5s 6d Ts] [3h]
AzureCaper: checks
kimevel1: checks
*** SHOW DOWN ***
AzureCaper: shows [Qd Ac] (a pair of Queens)
kimevel1: mucks hand
AzureCaper collected $35.50 from pot
*** SUMMARY ***
Total pot $36 | Rake $0.50
Board [Qs 5s 6d Ts 3h]
Seat 3: kimevel1 (button) (small blind) mucked
Seat 4: AzureCaper (big blind) showed [Qd Ac] and won ($35.50) with a pair of Queens


PokerStars Hand #150551168779:  Hold'em Limit ($3/$6 USD) - 2016/03/18 15:01:58 ET
Table 'Anser II' 6-max Seat #4 is the button
Seat 3: kimevel1 ($156.10 in chips)
Seat 4: AzureCaper ($72 in chips)
AzureCaper: posts small blind $1
kimevel1: posts big blind $3
*** HOLE CARDS ***
AzureCaper: raises $3 to $6
kimevel1: calls $3
*** FLOP *** [Jd Jh 2h]
kimevel1: bets $3
AzureCaper: calls $3
*** TURN *** [Jd Jh 2h] [7c]
kimevel1: checks
AzureCaper: bets $6
kimevel1: calls $6
*** RIVER *** [Jd Jh 2h 7c] [Kd]
kimevel1: checks
AzureCaper: bets $6
kimevel1: calls $6
*** SHOW DOWN ***
AzureCaper: shows [Td 7h] (two pair, Jacks and Sevens)
kimevel1: mucks hand
AzureCaper collected $41.50 from pot
*** SUMMARY ***
Total pot $42 | Rake $0.50
Board [Jd Jh 2h 7c Kd]
Seat 3: kimevel1 (big blind) mucked
Seat 4: AzureCaper (button) (small blind) showed [Td 7h] and won ($41.50) with two pair, Jacks and Sevens


PokerStars Hand #150551272879:  Hold'em Limit ($3/$6 USD) - 2016/03/18 15:03:53 ET
Table 'Anser II' 6-max Seat #4 is the button
Seat 3: kimevel1 ($89.50 in chips)
Seat 4: AzureCaper ($136 in chips)
AzureCaper: posts small blind $1
kimevel1: posts big blind $3
*** HOLE CARDS ***
AzureCaper: folds
Uncalled bet ($2) returned to kimevel1
kimevel1 collected $2 from pot
kimevel1: doesn't show hand
*** SUMMARY ***
Total pot $2 | Rake $0
Seat 3: kimevel1 (big blind) collected ($2)
Seat 4: AzureCaper (button) (small blind) folded before Flop


PokerStars Hand #150551262361:  Hold'em Limit ($3/$6 USD) - 2016/03/18 15:03:41 ET
Table 'Anser II' 6-max Seat #3 is the button
Seat 3: kimevel1 ($83.74 in chips)
Seat 4: AzureCaper ($142 in chips)
kimevel1: posts small blind $1
AzureCaper: posts big blind $3
*** HOLE CARDS ***
kimevel1: raises $3 to $6
AzureCaper: calls $3
*** FLOP *** [3d 7h 7c]
AzureCaper: checks
kimevel1: bets $3
AzureCaper: folds
Uncalled bet ($3) returned to kimevel1
kimevel1 collected $11.76 from pot
kimevel1: doesn't show hand
*** SUMMARY ***
Total pot $12 | Rake $0.24
Board [3d 7h 7c]
Seat 3: kimevel1 (button) (small blind) collected ($11.76)
Seat 4: AzureCaper (big blind) folded on the Flop


PokerStars Hand #150551232187:  Hold'em Limit ($3/$6 USD) - 2016/03/18 15:03:08 ET
Table 'Anser II' 6-max Seat #4 is the button
Seat 3: kimevel1 ($110.74 in chips)
Seat 4: AzureCaper ($115.50 in chips)
AzureCaper: posts small blind $1
kimevel1: posts big blind $3
*** HOLE CARDS ***
AzureCaper: raises $3 to $6
kimevel1: calls $3
*** FLOP *** [6s 4h 6h]
kimevel1: checks
AzureCaper: bets $3
kimevel1: calls $3
*** TURN *** [6s 4h 6h] [9c]
kimevel1: checks
AzureCaper: bets $6
kimevel1: raises $6 to $12
AzureCaper: raises $6 to $18
kimevel1: calls $6
*** RIVER *** [6s 4h 6h 9c] [Qd]
kimevel1: checks
AzureCaper: bets $6
kimevel1: folds
Uncalled bet ($6) returned to AzureCaper
AzureCaper collected $53.50 from pot
AzureCaper: doesn't show hand
*** SUMMARY ***
Total pot $54 | Rake $0.50
Board [6s 4h 6h 9c Qd]
Seat 3: kimevel1 (big blind) folded on the River
Seat 4: AzureCaper (button) (small blind) collected ($53.50)


PokerStars Hand #150551228016:  Hold'em Limit ($3/$6 USD) - 2016/03/18 15:03:04 ET
Table 'Anser II' 6-max Seat #3 is the button
Seat 3: kimevel1 ($111.74 in chips)
Seat 4: AzureCaper ($114.50 in chips)
kimevel1: posts small blind $1
AzureCaper: posts big blind $3
*** HOLE CARDS ***
kimevel1: folds
Uncalled bet ($2) returned to AzureCaper
AzureCaper collected $2 from pot
AzureCaper: doesn't show hand
*** SUMMARY ***
Total pot $2 | Rake $0
Seat 3: kimevel1 (button) (small blind) folded before Flop
Seat 4: AzureCaper (big blind) collected ($2)


PokerStars Hand #150551223833:  Hold'em Limit ($3/$6 USD) - 2016/03/18 15:02:59 ET
Table 'Anser II' 6-max Seat #4 is the button
Seat 3: kimevel1 ($110.74 in chips)
Seat 4: AzureCaper ($115.50 in chips)
AzureCaper: posts small blind $1
kimevel1: posts big blind $3
*** HOLE CARDS ***
AzureCaper: folds
Uncalled bet ($2) returned to kimevel1
kimevel1 collected $2 from pot
kimevel1: doesn't show hand
*** SUMMARY ***
Total pot $2 | Rake $0
Seat 3: kimevel1 (big blind) collected ($2)
Seat 4: AzureCaper (button) (small blind) folded before Flop


PokerStars Hand #150551320504:  Hold'em Limit ($3/$6 USD) - 2016/03/18 15:04:44 ET
Table 'Anser II' 6-max Seat #4 is the button
Seat 3: kimevel1 ($95.50 in chips)
Seat 4: AzureCaper ($129.88 in chips)
AzureCaper: posts small blind $1
kimevel1: posts big blind $3
*** HOLE CARDS ***
AzureCaper: raises $3 to $6
kimevel1: raises $3 to $9
AzureCaper: calls $3
*** FLOP *** [Ac 7s 9d]
kimevel1: bets $3
AzureCaper: calls $3
*** TURN *** [Ac 7s 9d] [7c]
kimevel1: bets $6
AzureCaper: calls $6
*** RIVER *** [Ac 7s 9d 7c] [8s]
kimevel1: bets $6
AzureCaper: calls $6
*** SHOW DOWN ***
kimevel1: shows [7h Th] (three of a kind, Sevens)
AzureCaper: mucks hand
kimevel1 collected $47.50 from pot
*** SUMMARY ***
Total pot $48 | Rake $0.50
Board [Ac 7s 9d 7c 8s]
Seat 3: kimevel1 (big blind) showed [7h Th] and won ($47.50) with three of a kind, Sevens
Seat 4: AzureCaper (button) (small blind) mucked


PokerStars Hand #150551314288:  Hold'em Limit ($3/$6 USD) - 2016/03/18 15:04:37 ET
Table 'Anser II' 6-max Seat #3 is the button
Seat 3: kimevel1 ($92.50 in chips)
Seat 4: AzureCaper ($132.88 in chips)
kimevel1: posts small blind $1
AzureCaper: posts big blind $3
*** HOLE CARDS ***
kimevel1: raises $3 to $6
AzureCaper: folds
Uncalled bet ($3) returned to kimevel1
kimevel1 collected $6 from pot
kimevel1: doesn't show hand
*** SUMMARY ***
Total pot $6 | Rake $0
Seat 3: kimevel1 (button) (small blind) collected ($6)
Seat 4: AzureCaper (big blind) folded before Flop


PokerStars Hand #150551305263:  Hold'em Limit ($3/$6 USD) - 2016/03/18 15:04:28 ET
Table 'Anser II' 6-max Seat #3 is the button
Seat 3: kimevel1 ($92.50 in chips)
Seat 4: AzureCaper ($132.88 in chips)
kimevel1: posts small blind $1
AzureCaper: posts big blind $3
*** HOLE CARDS ***
kimevel1: folds
Uncalled bet ($2) returned to AzureCaper
AzureCaper collected $2 from pot
AzureCaper: doesn't show hand
*** SUMMARY ***
Total pot $2 | Rake $0
Seat 3: kimevel1 (button) (small blind) folded before Flop
Seat 4: AzureCaper (big blind) collected ($2)


PokerStars Hand #150551300655:  Hold'em Limit ($3/$6 USD) - 2016/03/18 15:04:23 ET
Table 'Anser II' 6-max Seat #4 is the button
Seat 3: kimevel1 ($91.50 in chips)
Seat 4: AzureCaper ($133.88 in chips)
AzureCaper: posts small blind $1
kimevel1: posts big blind $3
*** HOLE CARDS ***
AzureCaper: folds
Uncalled bet ($2) returned to kimevel1
kimevel1 collected $2 from pot
kimevel1: doesn't show hand
*** SUMMARY ***
Total pot $2 | Rake $0
Seat 3: kimevel1 (big blind) collected ($2)
Seat 4: AzureCaper (button) (small blind) folded before Flop


PokerStars Hand #150551288886:  Hold'em Limit ($3/$6 USD) - 2016/03/18 15:04:10 ET
Table 'Anser II' 6-max Seat #3 is the button
Seat 3: kimevel1 ($94.50 in chips)
Seat 4: AzureCaper ($131 in chips)
kimevel1: posts small blind $1
AzureCaper: posts big blind $3
*** HOLE CARDS ***
kimevel1: calls $2
AzureCaper: checks
*** FLOP *** [Jh Ts 6d]
AzureCaper: bets $3
kimevel1: folds
Uncalled bet ($3) returned to AzureCaper
AzureCaper collected $5.88 from pot
AzureCaper: doesn't show hand
*** SUMMARY ***
Total pot $6 | Rake $0.12
Board [Jh Ts 6d]
Seat 3: kimevel1 (button) (small blind) folded on the Flop
Seat 4: AzureCaper (big blind) collected ($5.88)


PokerStars Hand #150551284360:  Hold'em Limit ($3/$6 USD) - 2016/03/18 15:04:05 ET
Table 'Anser II' 6-max Seat #4 is the button
Seat 3: kimevel1 ($93.50 in chips)
Seat 4: AzureCaper ($132 in chips)
AzureCaper: posts small blind $1
kimevel1: posts big blind $3
*** HOLE CARDS ***
AzureCaper: folds
Uncalled bet ($2) returned to kimevel1
kimevel1 collected $2 from pot
kimevel1: doesn't show hand
*** SUMMARY ***
Total pot $2 | Rake $0
Seat 3: kimevel1 (big blind) collected ($2)
Seat 4: AzureCaper (button) (small blind) folded before Flop


PokerStars Hand #150551278274:  Hold'em Limit ($3/$6 USD) - 2016/03/18 15:03:58 ET
Table 'Anser II' 6-max Seat #3 is the button
Seat 3: kimevel1 ($90.50 in chips)
Seat 4: AzureCaper ($135 in chips)
kimevel1: posts small blind $1
AzureCaper: posts big blind $3
*** HOLE CARDS ***
kimevel1: raises $3 to $6
AzureCaper: folds
Uncalled bet ($3) returned to kimevel1
kimevel1 collected $6 from pot
kimevel1: doesn't show hand
*** SUMMARY ***
Total pot $6 | Rake $0
Seat 3: kimevel1 (button) (small blind) collected ($6)
Seat 4: AzureCaper (big blind) folded before Flop


PokerStars Hand #150551376496:  Hold'em Limit ($3/$6 USD) - 2016/03/18 15:05:45 ET
Table 'Anser II' 6-max Seat #4 is the button
Seat 3: kimevel1 ($133.28 in chips)
Seat 4: AzureCaper ($90.88 in chips)
AzureCaper: posts small blind $1
kimevel1: posts big blind $3
*** HOLE CARDS ***
AzureCaper: raises $3 to $6
kimevel1: calls $3
*** FLOP *** [Th Ah 6s]
kimevel1: checks
AzureCaper: bets $3
kimevel1: calls $3
*** TURN *** [Th Ah 6s] [Js]
kimevel1: checks
AzureCaper: bets $6
kimevel1: calls $6
*** RIVER *** [Th Ah 6s Js] [4d]
kimevel1: checks
AzureCaper: bets $6
kimevel1: calls $6
*** SHOW DOWN ***
AzureCaper: shows [Kh Ac] (a pair of Aces)
kimevel1: mucks hand
AzureCaper collected $41.50 from pot
*** SUMMARY ***
Total pot $42 | Rake $0.50
Board [Th Ah 6s Js 4d]
Seat 3: kimevel1 (big blind) mucked
Seat 4: AzureCaper (button) (small blind) showed [Kh Ac] and won ($41.50) with a pair of Aces


PokerStars Hand #150551359855:  Hold'em Limit ($3/$6 USD) - 2016/03/18 15:05:27 ET
Table 'Anser II' 6-max Seat #3 is the button
Seat 3: kimevel1 ($124.64 in chips)
Seat 4: AzureCaper ($99.88 in chips)
kimevel1: posts small blind $1
AzureCaper: posts big blind $3
*** HOLE CARDS ***
kimevel1: raises $3 to $6
AzureCaper: calls $3
*** FLOP *** [7d 4h 5c]
AzureCaper: checks
kimevel1: bets $3
AzureCaper: calls $3
*** TURN *** [7d 4h 5c] [Kd]
AzureCaper: checks
kimevel1: checks
*** RIVER *** [7d 4h 5c Kd] [Jc]
AzureCaper: checks
kimevel1: checks
*** SHOW DOWN ***
AzureCaper: shows [3s 4s] (a pair of Fours)
kimevel1: shows [5s 9c] (a pair of Fives)
kimevel1 collected $17.64 from pot
*** SUMMARY ***
Total pot $18 | Rake $0.36
Board [7d 4h 5c Kd Jc]
Seat 3: kimevel1 (button) (small blind) showed [5s 9c] and won ($17.64) with a pair of Fives
Seat 4: AzureCaper (big blind) showed [3s 4s] and lost with a pair of Fours


PokerStars Hand #150551354381:  Hold'em Limit ($3/$6 USD) - 2016/03/18 15:05:21 ET
Table 'Anser II' 6-max Seat #4 is the button
Seat 3: kimevel1 ($127.64 in chips)
Seat 4: AzureCaper ($96.88 in chips)
AzureCaper: posts small blind $1
kimevel1: posts big blind $3
*** HOLE CARDS ***
AzureCaper: raises $3 to $6
kimevel1: folds
Uncalled bet ($3) returned to AzureCaper
AzureCaper collected $6 from pot
AzureCaper: doesn't show hand
*** SUMMARY ***
Total pot $6 | Rake $0
Seat 3: kimevel1 (big blind) folded before Flop
Seat 4: AzureCaper (button) (small blind) collected ($6)


PokerStars Hand #150551333036:  Hold'em Limit ($3/$6 USD) - 2016/03/18 15:04:58 ET
Table 'Anser II' 6-max Seat #3 is the button
Seat 3: kimevel1 ($119 in chips)
Seat 4: AzureCaper ($105.88 in chips)
kimevel1: posts small blind $1
AzureCaper: posts big blind $3
*** HOLE CARDS ***
kimevel1: raises $3 to $6
AzureCaper: calls $3
*** FLOP *** [3d Jh 3c]
AzureCaper: checks
kimevel1: bets $3
AzureCaper: calls $3
*** TURN *** [3d Jh 3c] [6s]
AzureCaper: checks
kimevel1: checks
*** RIVER *** [3d Jh 3c 6s] [8d]
AzureCaper: checks
kimevel1: bets $6
AzureCaper: folds
Uncalled bet ($6) returned to kimevel1
kimevel1 collected $17.64 from pot
kimevel1: doesn't show hand
*** SUMMARY ***
Total pot $18 | Rake $0.36
Board [3d Jh 3c 6s 8d]
Seat 3: kimevel1 (button) (small blind) collected ($17.64)
Seat 4: AzureCaper (big blind) folded on the River


PokerStars Hand #150551393005:  Hold'em Limit ($3/$6 USD) - 2016/03/18 15:06:02 ET
Table 'Anser II' 6-max Seat #3 is the button
Seat 3: kimevel1 ($112.28 in chips)
Seat 4: AzureCaper ($111.38 in chips)
kimevel1: posts small blind $1
AzureCaper: posts big blind $3
*** HOLE CARDS ***
kimevel1: raises $3 to $6
AzureCaper: calls $3
*** FLOP *** [Qc 5s Jh]
AzureCaper: checks
kimevel1: bets $3
AzureCaper: folds
Uncalled bet ($3) returned to kimevel1
kimevel1 collected $11.76 from pot
kimevel1: doesn't show hand
*** SUMMARY ***
Total pot $12 | Rake $0.24
Board [Qc 5s Jh]
Seat 3: kimevel1 (button) (small blind) collected ($11.76)
Seat 4: AzureCaper (big blind) folded on the Flop


PokerStars Hand #150551409215:  Hold'em Limit ($3/$6 USD) - 2016/03/18 15:06:20 ET
Table 'Anser II' 6-max Seat #4 is the button
Seat 3: kimevel1 ($118.04 in chips)
Seat 4: AzureCaper ($105.38 in chips)
AzureCaper: posts small blind $1
kimevel1: posts big blind $3
*** HOLE CARDS ***
AzureCaper: raises $3 to $6
kimevel1: folds
Uncalled bet ($3) returned to AzureCaper
AzureCaper collected $6 from pot
AzureCaper: doesn't show hand
*** SUMMARY ***
Total pot $6 | Rake $0
Seat 3: kimevel1 (big blind) folded before Flop
Seat 4: AzureCaper (button) (small blind) collected ($6)


PokerStars Hand #150551413839:  Hold'em Limit ($3/$6 USD) - 2016/03/18 15:06:25 ET
Table 'Anser II' 6-max Seat #3 is the button
Seat 3: kimevel1 ($115.04 in chips)
Seat 4: AzureCaper ($108.38 in chips)
kimevel1: posts small blind $1
AzureCaper: posts big blind $3
*** HOLE CARDS ***
kimevel1: raises $3 to $6
AzureCaper: folds
Uncalled bet ($3) returned to kimevel1
kimevel1 collected $6 from pot
kimevel1: doesn't show hand
*** SUMMARY ***
Total pot $6 | Rake $0
Seat 3: kimevel1 (button) (small blind) collected ($6)
Seat 4: AzureCaper (big blind) folded before Flop


PokerStars Hand #150551425014:  Hold'em Limit ($3/$6 USD) - 2016/03/18 15:06:37 ET
Table 'Anser II' 6-max Seat #4 is the button
Seat 3: kimevel1 ($118.04 in chips)
Seat 4: AzureCaper ($105.38 in chips)
AzureCaper: posts small blind $1
kimevel1: posts big blind $3
*** HOLE CARDS ***
AzureCaper: raises $3 to $6
kimevel1: raises $3 to $9
AzureCaper: calls $3
*** FLOP *** [Tc 7c Jd]
kimevel1: bets $3
AzureCaper: raises $3 to $6
kimevel1: calls $3
*** TURN *** [Tc 7c Jd] [8d]
kimevel1: checks
AzureCaper: checks
*** RIVER *** [Tc 7c Jd 8d] [7s]
kimevel1: checks
AzureCaper: bets $6
kimevel1: calls $6
*** SHOW DOWN ***
AzureCaper: shows [Qh Js] (two pair, Jacks and Sevens)
kimevel1: mucks hand
AzureCaper collected $41.50 from pot
*** SUMMARY ***
Total pot $42 | Rake $0.50
Board [Tc 7c Jd 8d 7s]
Seat 3: kimevel1 (big blind) mucked
Seat 4: AzureCaper (button) (small blind) showed [Qh Js] and won ($41.50) with two pair, Jacks and Sevens


PokerStars Hand #150551471034:  Hold'em Limit ($3/$6 USD) - 2016/03/18 15:07:27 ET
Table 'Anser II' 6-max Seat #4 is the button
Seat 3: kimevel1 ($111.54 in chips)
Seat 4: AzureCaper ($110.88 in chips)
AzureCaper: posts small blind $1
kimevel1: posts big blind $3
*** HOLE CARDS ***
AzureCaper: folds
Uncalled bet ($2) returned to kimevel1
kimevel1 collected $2 from pot
kimevel1: doesn't show hand
*** SUMMARY ***
Total pot $2 | Rake $0
Seat 3: kimevel1 (big blind) collected ($2)
Seat 4: AzureCaper (button) (small blind) folded before Flop


PokerStars Hand #150551451350:  Hold'em Limit ($3/$6 USD) - 2016/03/18 15:07:05 ET
Table 'Anser II' 6-max Seat #3 is the button
Seat 3: kimevel1 ($97.04 in chips)
Seat 4: AzureCaper ($125.88 in chips)
kimevel1: posts small blind $1
AzureCaper: posts big blind $3
*** HOLE CARDS ***
kimevel1: raises $3 to $6
AzureCaper: calls $3
*** FLOP *** [7d 3c 9d]
AzureCaper: bets $3
kimevel1: calls $3
*** TURN *** [7d 3c 9d] [Qh]
AzureCaper: checks
kimevel1: bets $6
AzureCaper: calls $6
*** RIVER *** [7d 3c 9d Qh] [8d]
AzureCaper: checks
kimevel1: checks
*** SHOW DOWN ***
AzureCaper: shows [Kc Jc] (high card King)
kimevel1: shows [9s Tc] (a pair of Nines)
kimevel1 collected $29.50 from pot
*** SUMMARY ***
Total pot $30 | Rake $0.50
Board [7d 3c 9d Qh 8d]
Seat 3: kimevel1 (button) (small blind) showed [9s Tc] and won ($29.50) with a pair of Nines
Seat 4: AzureCaper (big blind) showed [Kc Jc] and lost with high card King


PokerStars Hand #150551480394:  Hold'em Limit ($3/$6 USD) - 2016/03/18 15:07:37 ET
Table 'Anser II' 6-max Seat #4 is the button
Seat 3: kimevel1 ($115.54 in chips)
Seat 4: AzureCaper ($106.88 in chips)
AzureCaper: posts small blind $1
kimevel1: posts big blind $3
*** HOLE CARDS ***
AzureCaper: folds
Uncalled bet ($2) returned to kimevel1
kimevel1 collected $2 from pot
kimevel1: doesn't show hand
*** SUMMARY ***
Total pot $2 | Rake $0
Seat 3: kimevel1 (big blind) collected ($2)
Seat 4: AzureCaper (button) (small blind) folded before Flop


PokerStars Hand #150551474928:  Hold'em Limit ($3/$6 USD) - 2016/03/18 15:07:31 ET
Table 'Anser II' 6-max Seat #3 is the button
Seat 3: kimevel1 ($112.54 in chips)
Seat 4: AzureCaper ($109.88 in chips)
kimevel1: posts small blind $1
AzureCaper: posts big blind $3
*** HOLE CARDS ***
kimevel1: raises $3 to $6
AzureCaper: folds
Uncalled bet ($3) returned to kimevel1
kimevel1 collected $6 from pot
kimevel1: doesn't show hand
*** SUMMARY ***
Total pot $6 | Rake $0
Seat 3: kimevel1 (button) (small blind) collected ($6)
Seat 4: AzureCaper (big blind) folded before Flop


PokerStars Hand #150551490669:  Hold'em Limit ($3/$6 USD) - 2016/03/18 15:07:48 ET
Table 'Anser II' 6-max Seat #4 is the button
Seat 3: kimevel1 ($119.54 in chips)
Seat 4: AzureCaper ($102.88 in chips)
AzureCaper: posts small blind $1
kimevel1: posts big blind $3
*** HOLE CARDS ***
AzureCaper: folds
Uncalled bet ($2) returned to kimevel1
kimevel1 collected $2 from pot
kimevel1: doesn't show hand
*** SUMMARY ***
Total pot $2 | Rake $0
Seat 3: kimevel1 (big blind) collected ($2)
Seat 4: AzureCaper (button) (small blind) folded before Flop


PokerStars Hand #150551484572:  Hold'em Limit ($3/$6 USD) - 2016/03/18 15:07:41 ET
Table 'Anser II' 6-max Seat #3 is the button
Seat 3: kimevel1 ($116.54 in chips)
Seat 4: AzureCaper ($105.88 in chips)
kimevel1: posts small blind $1
AzureCaper: posts big blind $3
*** HOLE CARDS ***
kimevel1: raises $3 to $6
AzureCaper: folds
Uncalled bet ($3) returned to kimevel1
kimevel1 collected $6 from pot
kimevel1: doesn't show hand
*** SUMMARY ***
Total pot $6 | Rake $0
Seat 3: kimevel1 (button) (small blind) collected ($6)
Seat 4: AzureCaper (big blind) folded before Flop


PokerStars Hand #150551495354:  Hold'em Limit ($3/$6 USD) - 2016/03/18 15:07:53 ET
Table 'Anser II' 6-max Seat #3 is the button
Seat 3: kimevel1 ($120.54 in chips)
Seat 4: AzureCaper ($101.88 in chips)
kimevel1: posts small blind $1
AzureCaper: posts big blind $3
*** HOLE CARDS ***
kimevel1: folds
Uncalled bet ($2) returned to AzureCaper
AzureCaper collected $2 from pot
AzureCaper: doesn't show hand
*** SUMMARY ***
Total pot $2 | Rake $0
Seat 3: kimevel1 (button) (small blind) folded before Flop
Seat 4: AzureCaper (big blind) collected ($2)


PokerStars Hand #150551500264:  Hold'em Limit ($3/$6 USD) - 2016/03/18 15:07:59 ET
Table 'Anser II' 6-max Seat #4 is the button
Seat 3: kimevel1 ($119.54 in chips)
Seat 4: AzureCaper ($102.88 in chips)
AzureCaper: posts small blind $1
kimevel1: posts big blind $3
*** HOLE CARDS ***
AzureCaper: raises $3 to $6
kimevel1: folds
Uncalled bet ($3) returned to AzureCaper
AzureCaper collected $6 from pot
AzureCaper: doesn't show hand
*** SUMMARY ***
Total pot $6 | Rake $0
Seat 3: kimevel1 (big blind) folded before Flop
Seat 4: AzureCaper (button) (small blind) collected ($6)


PokerStars Hand #150551505257:  Hold'em Limit ($3/$6 USD) - 2016/03/18 15:08:04 ET
Table 'Anser II' 6-max Seat #3 is the button
Seat 3: kimevel1 ($116.54 in chips)
Seat 4: AzureCaper ($105.88 in chips)
kimevel1: posts small blind $1
AzureCaper: posts big blind $3
*** HOLE CARDS ***
kimevel1: raises $3 to $6
AzureCaper: calls $3
*** FLOP *** [4h Jc As]
AzureCaper: checks
kimevel1: bets $3
AzureCaper: calls $3
*** TURN *** [4h Jc As] [9s]
AzureCaper: checks
kimevel1: bets $6
AzureCaper: folds
Uncalled bet ($6) returned to kimevel1
kimevel1 collected $17.64 from pot
kimevel1: doesn't show hand
*** SUMMARY ***
Total pot $18 | Rake $0.36
Board [4h Jc As 9s]
Seat 3: kimevel1 (button) (small blind) collected ($17.64)
Seat 4: AzureCaper (big blind) folded on the Turn


PokerStars Hand #150551516658:  Hold'em Limit ($3/$6 USD) - 2016/03/18 15:08:16 ET
Table 'Anser II' 6-max Seat #4 is the button
Seat 3: kimevel1 ($125.18 in chips)
Seat 4: AzureCaper ($96.88 in chips)
AzureCaper: posts small blind $1
kimevel1: posts big blind $3
*** HOLE CARDS ***
AzureCaper: raises $3 to $6
kimevel1: calls $3
*** FLOP *** [Ks Kh Ad]
kimevel1: checks
AzureCaper: bets $3
kimevel1: calls $3
*** TURN *** [Ks Kh Ad] [2s]
kimevel1: checks
AzureCaper: bets $6
kimevel1: calls $6
*** RIVER *** [Ks Kh Ad 2s] [Jh]
kimevel1: checks
AzureCaper: bets $6
kimevel1: calls $6
*** SHOW DOWN ***
AzureCaper: shows [Kd 8d] (three of a kind, Kings)
kimevel1: mucks hand
AzureCaper collected $41.50 from pot
*** SUMMARY ***
Total pot $42 | Rake $0.50
Board [Ks Kh Ad 2s Jh]
Seat 3: kimevel1 (big blind) mucked
Seat 4: AzureCaper (button) (small blind) showed [Kd 8d] and won ($41.50) with three of a kind, Kings


PokerStars Hand #150551532670:  Hold'em Limit ($3/$6 USD) - 2016/03/18 15:08:34 ET
Table 'Anser II' 6-max Seat #3 is the button
Seat 3: kimevel1 ($104.18 in chips)
Seat 4: AzureCaper ($117.38 in chips)
kimevel1: posts small blind $1
AzureCaper: posts big blind $3
*** HOLE CARDS ***
kimevel1: raises $3 to $6
AzureCaper: raises $3 to $9
kimevel1: raises $3 to $12
Betting is capped
AzureCaper: calls $3
*** FLOP *** [8d 6h 3c]
AzureCaper: checks
kimevel1: bets $3
AzureCaper: calls $3
*** TURN *** [8d 6h 3c] [Jh]
AzureCaper: checks
kimevel1: checks
*** RIVER *** [8d 6h 3c Jh] [Kh]
AzureCaper: bets $6
kimevel1: calls $6
*** SHOW DOWN ***
AzureCaper: shows [Kc Js] (two pair, Kings and Jacks)
kimevel1: mucks hand
AzureCaper collected $41.50 from pot
*** SUMMARY ***
Total pot $42 | Rake $0.50
Board [8d 6h 3c Jh Kh]
Seat 3: kimevel1 (button) (small blind) mucked
Seat 4: AzureCaper (big blind) showed [Kc Js] and won ($41.50) with two pair, Kings and Jacks


PokerStars Hand #150551547842:  Hold'em Limit ($3/$6 USD) - 2016/03/18 15:08:50 ET
Table 'Anser II' 6-max Seat #4 is the button
Seat 3: kimevel1 ($83.18 in chips)
Seat 4: AzureCaper ($137.88 in chips)
AzureCaper: posts small blind $1
kimevel1: posts big blind $3
*** HOLE CARDS ***
AzureCaper: raises $3 to $6
kimevel1: raises $3 to $9
AzureCaper: calls $3
*** FLOP *** [9s 4d Kc]
kimevel1: bets $3
AzureCaper: calls $3
*** TURN *** [9s 4d Kc] [3c]
kimevel1: bets $6
AzureCaper: calls $6
*** RIVER *** [9s 4d Kc 3c] [Tc]
kimevel1: checks
AzureCaper: bets $6
kimevel1: folds
Uncalled bet ($6) returned to AzureCaper
AzureCaper collected $35.50 from pot
AzureCaper: doesn't show hand
*** SUMMARY ***
Total pot $36 | Rake $0.50
Board [9s 4d Kc 3c Tc]
Seat 3: kimevel1 (big blind) folded on the River
Seat 4: AzureCaper (button) (small blind) collected ($35.50)


PokerStars Hand #150551579293:  Hold'em Limit ($3/$6 USD) - 2016/03/18 15:09:24 ET
Table 'Anser II' 6-max Seat #4 is the button
Seat 3: kimevel1 ($64.93 in chips)
Seat 4: AzureCaper ($155.13 in chips)
AzureCaper: posts small blind $1
kimevel1: posts big blind $3
*** HOLE CARDS ***
AzureCaper: raises $3 to $6
kimevel1: calls $3
*** FLOP *** [7d As 8s]
kimevel1: checks
AzureCaper: bets $3
kimevel1: folds
Uncalled bet ($3) returned to AzureCaper
AzureCaper collected $11.76 from pot
AzureCaper: doesn't show hand
*** SUMMARY ***
Total pot $12 | Rake $0.24
Board [7d As 8s]
Seat 3: kimevel1 (big blind) folded on the Flop
Seat 4: AzureCaper (button) (small blind) collected ($11.76)


PokerStars Hand #150551563632:  Hold'em Limit ($3/$6 USD) - 2016/03/18 15:09:07 ET
Table 'Anser II' 6-max Seat #3 is the button
Seat 3: kimevel1 ($65.18 in chips)
Seat 4: AzureCaper ($155.38 in chips)
kimevel1: posts small blind $1
AzureCaper: posts big blind $3
*** HOLE CARDS ***
kimevel1: raises $3 to $6
AzureCaper: raises $3 to $9
kimevel1: calls $3
*** FLOP *** [Th Td 3s]
AzureCaper: bets $3
kimevel1: calls $3
*** TURN *** [Th Td 3s] [2h]
AzureCaper: checks
kimevel1: bets $6
AzureCaper: calls $6
*** RIVER *** [Th Td 3s 2h] [7h]
AzureCaper: checks
kimevel1: bets $6
AzureCaper: calls $6
*** SHOW DOWN ***
kimevel1: shows [Ah 9c] (a pair of Tens)
AzureCaper: shows [9h Ac] (a pair of Tens)
AzureCaper collected $23.75 from pot
kimevel1 collected $23.75 from pot
*** SUMMARY ***
Total pot $48 | Rake $0.50
Board [Th Td 3s 2h 7h]
Seat 3: kimevel1 (button) (small blind) showed [Ah 9c] and won ($23.75) with a pair of Tens
Seat 4: AzureCaper (big blind) showed [9h Ac] and won ($23.75) with a pair of Tens


PokerStars Hand #150551588058:  Hold'em Limit ($3/$6 USD) - 2016/03/18 15:09:33 ET
Table 'Anser II' 6-max Seat #3 is the button
Seat 3: kimevel1 ($58.93 in chips)
Seat 4: AzureCaper ($160.89 in chips)
kimevel1: posts small blind $1
AzureCaper: posts big blind $3
*** HOLE CARDS ***
kimevel1: raises $3 to $6
AzureCaper: folds
Uncalled bet ($3) returned to kimevel1
kimevel1 collected $6 from pot
kimevel1: doesn't show hand
*** SUMMARY ***
Total pot $6 | Rake $0
Seat 3: kimevel1 (button) (small blind) collected ($6)
Seat 4: AzureCaper (big blind) folded before Flop


PokerStars Hand #150551594206:  Hold'em Limit ($3/$6 USD) - 2016/03/18 15:09:40 ET
Table 'Anser II' 6-max Seat #4 is the button
Seat 3: kimevel1 ($61.93 in chips)
Seat 4: AzureCaper ($157.89 in chips)
AzureCaper: posts small blind $1
kimevel1: posts big blind $3
*** HOLE CARDS ***
AzureCaper: raises $3 to $6
kimevel1: calls $3
*** FLOP *** [6c Td 6s]
kimevel1: checks
AzureCaper: bets $3
kimevel1: calls $3
*** TURN *** [6c Td 6s] [4h]
kimevel1: checks
AzureCaper: checks
*** RIVER *** [6c Td 6s 4h] [Ts]
kimevel1: checks
AzureCaper: checks
*** SHOW DOWN ***
kimevel1: shows [Ks 4d] (two pair, Tens and Sixes)
AzureCaper: mucks hand
kimevel1 collected $17.64 from pot
*** SUMMARY ***
Total pot $18 | Rake $0.36
Board [6c Td 6s 4h Ts]
Seat 3: kimevel1 (big blind) showed [Ks 4d] and won ($17.64) with two pair, Tens and Sixes
Seat 4: AzureCaper (button) (small blind) mucked


PokerStars Hand #150551611230:  Hold'em Limit ($3/$6 USD) - 2016/03/18 15:09:58 ET
Table 'Anser II' 6-max Seat #3 is the button
Seat 3: kimevel1 ($70.57 in chips)
Seat 4: AzureCaper ($148.89 in chips)
kimevel1: posts small blind $1
AzureCaper: posts big blind $3
*** HOLE CARDS ***
kimevel1: raises $3 to $6
AzureCaper: calls $3
*** FLOP *** [9h 5h 3h]
AzureCaper: checks
kimevel1: bets $3
AzureCaper: folds
Uncalled bet ($3) returned to kimevel1
kimevel1 collected $11.76 from pot
kimevel1: doesn't show hand
*** SUMMARY ***
Total pot $12 | Rake $0.24
Board [9h 5h 3h]
Seat 3: kimevel1 (button) (small blind) collected ($11.76)
Seat 4: AzureCaper (big blind) folded on the Flop


PokerStars Hand #150551619641:  Hold'em Limit ($3/$6 USD) - 2016/03/18 15:10:08 ET
Table 'Anser II' 6-max Seat #4 is the button
Seat 3: kimevel1 ($76.33 in chips)
Seat 4: AzureCaper ($142.89 in chips)
AzureCaper: posts small blind $1
kimevel1: posts big blind $3
*** HOLE CARDS ***
AzureCaper: raises $3 to $6
_fayzulllo_ joins the table at seat #2
kimevel1: calls $3
*** FLOP *** [Ad 3d 6s]
kimevel1: checks
AzureCaper: bets $3
kimevel1: raises $3 to $6
AzureCaper: folds
Uncalled bet ($3) returned to kimevel1
kimevel1 collected $17.64 from pot
kimevel1: doesn't show hand
*** SUMMARY ***
Total pot $18 | Rake $0.36
Board [Ad 3d 6s]
Seat 3: kimevel1 (big blind) collected ($17.64)
Seat 4: AzureCaper (button) (small blind) folded on the Flop


PokerStars Hand #150551633120:  Hold'em Limit ($3/$6 USD) - 2016/03/18 15:10:23 ET
Table 'Anser II' 6-max Seat #3 is the button
Seat 3: kimevel1 ($84.97 in chips)
Seat 4: AzureCaper ($133.89 in chips)
kimevel1: posts small blind $1
AzureCaper: posts big blind $3
*** HOLE CARDS ***
kimevel1: folds
Uncalled bet ($2) returned to AzureCaper
AzureCaper collected $2 from pot
AzureCaper: doesn't show hand
*** SUMMARY ***
Total pot $2 | Rake $0
Seat 3: kimevel1 (button) (small blind) folded before Flop
Seat 4: AzureCaper (big blind) collected ($2)


PokerStars Hand #150560477761:  Hold'em Limit ($3/$6 USD) - 2016/03/18 17:45:05 ET
Table 'Anser II' 6-max Seat #5 is the button
Seat 1: jvc336 ($81.65 in chips)
Seat 5: JayEm82 ($228.72 in chips)
belik555 will be allowed to play after the button
JayEm82: posts small blind $1
SmellyToes4u: is sitting out
jvc336: posts big blind $3
*** HOLE CARDS ***
JayEm82: folds
Uncalled bet ($2) returned to jvc336
jvc336 collected $2 from pot
*** SUMMARY ***
Total pot $2 | Rake $0
Seat 1: jvc336 (big blind) collected ($2)
Seat 5: JayEm82 (button) (small blind) folded before Flop


PokerStars Hand #150560524461:  Hold'em Limit ($3/$6 USD) - 2016/03/18 17:45:55 ET
Table 'Anser II' 6-max Seat #2 is the button
Seat 2: belik555 ($73 in chips)
Seat 5: JayEm82 ($218.72 in chips)
belik555: posts small blind $1
JayEm82: posts big blind $3
*** HOLE CARDS ***
belik555: raises $3 to $6
JayEm82: calls $3
*** FLOP *** [5d Td Jd]
JayEm82: bets $3
belik555: folds
Uncalled bet ($3) returned to JayEm82
JayEm82 collected $11.76 from pot
JayEm82: doesn't show hand
*** SUMMARY ***
Total pot $12 | Rake $0.24
Board [5d Td Jd]
Seat 2: belik555 (button) (small blind) folded on the Flop
Seat 5: JayEm82 (big blind) collected ($11.76)


PokerStars Hand #150560517784:  Hold'em Limit ($3/$6 USD) - 2016/03/18 17:45:48 ET
Table 'Anser II' 6-max Seat #5 is the button
Seat 2: belik555 ($72 in chips)
Seat 5: JayEm82 ($219.72 in chips)
JayEm82: posts small blind $1
jvc336: is sitting out
belik555: posts big blind $3
*** HOLE CARDS ***
jvc336 leaves the table
JayEm82: folds
Uncalled bet ($2) returned to belik555
belik555 collected $2 from pot
belik555: doesn't show hand
*** SUMMARY ***
Total pot $2 | Rake $0
Seat 2: belik555 (big blind) collected ($2)
Seat 5: JayEm82 (button) (small blind) folded before Flop


