PokerStars Hand #176728302695:  Hold'em Limit ($3/$6 USD) - 2017/10/10 5:44:51 ET
Table 'Anser II' 6-max Seat #3 is the button
Seat 1: CharginWapos ($128.92 in chips)
Seat 3: Rus29APX ($241.99 in chips)
Rus29APX: posts small blind $1
CharginWapos: posts big blind $3
*** HOLE CARDS ***
Rus29APX: raises $3 to $6
CharginWapos: raises $3 to $9
Rus29APX: raises $3 to $12
Betting is capped
CharginWapos: calls $3
*** FLOP *** [6s Jc 4s]
CharginWapos: checks
Rus29APX: bets $3
CharginWapos: calls $3
*** TURN *** [6s Jc 4s] [5s]
CharginWapos: checks
Rus29APX: bets $6
CharginWapos: calls $6
*** RIVER *** [6s Jc 4s 5s] [3h]
CharginWapos: bets $6
Rus29APX: calls $6
*** SHOW DOWN ***
CharginWapos: shows [7h 9d] (a straight, Three to Seven)
Rus29APX: mucks hand
CharginWapos collected $53.50 from pot
*** SUMMARY ***
Total pot $54 | Rake $0.50
Board [6s Jc 4s 5s 3h]
Seat 1: CharginWapos (big blind) showed [7h 9d] and won ($53.50) with a straight, Three to Seven
Seat 3: Rus29APX (button) (small blind) mucked


PokerStars Hand #176728296880:  Hold'em Limit ($3/$6 USD) - 2017/10/10 5:44:34 ET
Table 'Anser II' 6-max Seat #1 is the button
Seat 1: CharginWapos ($134.92 in chips)
Seat 3: Rus29APX ($236.23 in chips)
CharginWapos: posts small blind $1
Rus29APX: posts big blind $3
*** HOLE CARDS ***
CharginWapos: raises $3 to $6
Rus29APX: calls $3
*** FLOP *** [2s 4c Js]
Rus29APX: checks
CharginWapos: checks
*** TURN *** [2s 4c Js] [4s]
Rus29APX: bets $6
CharginWapos: folds
Uncalled bet ($6) returned to Rus29APX
Rus29APX collected $11.76 from pot
Rus29APX: doesn't show hand
*** SUMMARY ***
Total pot $12 | Rake $0.24
Board [2s 4c Js 4s]
Seat 1: CharginWapos (button) (small blind) folded on the Turn
Seat 3: Rus29APX (big blind) collected ($11.76)


PokerStars Hand #176728314654:  Hold'em Limit ($3/$6 USD) - 2017/10/10 5:45:26 ET
Table 'Anser II' 6-max Seat #1 is the button
Seat 1: CharginWapos ($155.42 in chips)
Seat 3: Rus29APX ($214.99 in chips)
CharginWapos: posts small blind $1
Rus29APX: posts big blind $3
*** HOLE CARDS ***
CharginWapos: raises $3 to $6
Rus29APX: folds
Uncalled bet ($3) returned to CharginWapos
CharginWapos collected $6 from pot
CharginWapos: doesn't show hand
*** SUMMARY ***
Total pot $6 | Rake $0
Seat 1: CharginWapos (button) (small blind) collected ($6)
Seat 3: Rus29APX (big blind) folded before Flop


PokerStars Hand #176728318021:  Hold'em Limit ($3/$6 USD) - 2017/10/10 5:45:36 ET
Table 'Anser II' 6-max Seat #3 is the button
Seat 1: CharginWapos ($158.42 in chips)
Seat 3: Rus29APX ($211.99 in chips)
Rus29APX: posts small blind $1
CharginWapos: posts big blind $3
*** HOLE CARDS ***
Rus29APX: raises $3 to $6
CharginWapos: calls $3
*** FLOP *** [Ts 5s Kh]
CharginWapos: checks
Rus29APX: bets $3
CharginWapos: raises $3 to $6
Rus29APX: calls $3
*** TURN *** [Ts 5s Kh] [9d]
CharginWapos: bets $6
Rus29APX: raises $6 to $12
CharginWapos: calls $6
*** RIVER *** [Ts 5s Kh 9d] [7d]
CharginWapos: checks
Rus29APX: bets $6
CharginWapos: calls $6
*** SHOW DOWN ***
Rus29APX: shows [Qs Jc] (a straight, Nine to King)
CharginWapos: mucks hand
Rus29APX collected $59.50 from pot
*** SUMMARY ***
Total pot $60 | Rake $0.50
Board [Ts 5s Kh 9d 7d]
Seat 1: CharginWapos (big blind) mucked
Seat 3: Rus29APX (button) (small blind) showed [Qs Jc] and won ($59.50) with a straight, Nine to King


PokerStars Hand #176728328453:  Hold'em Limit ($3/$6 USD) - 2017/10/10 5:46:06 ET
Table 'Anser II' 6-max Seat #1 is the button
Seat 1: CharginWapos ($128.42 in chips)
Seat 3: Rus29APX ($241.49 in chips)
CharginWapos: posts small blind $1
Rus29APX: posts big blind $3
*** HOLE CARDS ***
CharginWapos: raises $3 to $6
Rus29APX: calls $3
*** FLOP *** [Kc 2h 6s]
Rus29APX: checks
CharginWapos: bets $3
Rus29APX: folds
Uncalled bet ($3) returned to CharginWapos
CharginWapos collected $11.76 from pot
CharginWapos: doesn't show hand
*** SUMMARY ***
Total pot $12 | Rake $0.24
Board [Kc 2h 6s]
Seat 1: CharginWapos (button) (small blind) collected ($11.76)
Seat 3: Rus29APX (big blind) folded on the Flop


PokerStars Hand #176728334121:  Hold'em Limit ($3/$6 USD) - 2017/10/10 5:46:22 ET
Table 'Anser II' 6-max Seat #3 is the button
Seat 1: CharginWapos ($134.18 in chips)
Seat 3: Rus29APX ($235.49 in chips)
Rus29APX: posts small blind $1
CharginWapos: posts big blind $3
*** HOLE CARDS ***
Rus29APX: raises $3 to $6
CharginWapos: folds
Uncalled bet ($3) returned to Rus29APX
Rus29APX collected $6 from pot
Rus29APX: doesn't show hand
*** SUMMARY ***
Total pot $6 | Rake $0
Seat 1: CharginWapos (big blind) folded before Flop
Seat 3: Rus29APX (button) (small blind) collected ($6)


PokerStars Hand #176728340618:  Hold'em Limit ($3/$6 USD) - 2017/10/10 5:46:41 ET
Table 'Anser II' 6-max Seat #3 is the button
Seat 1: CharginWapos ($130.18 in chips)
Seat 3: Rus29APX ($239.49 in chips)
Rus29APX: posts small blind $1
CharginWapos: posts big blind $3
*** HOLE CARDS ***
Rus29APX: folds
Uncalled bet ($2) returned to CharginWapos
CharginWapos collected $2 from pot
CharginWapos: doesn't show hand
*** SUMMARY ***
Total pot $2 | Rake $0
Seat 1: CharginWapos (big blind) collected ($2)
Seat 3: Rus29APX (button) (small blind) folded before Flop


PokerStars Hand #176728338669:  Hold'em Limit ($3/$6 USD) - 2017/10/10 5:46:35 ET
Table 'Anser II' 6-max Seat #1 is the button
Seat 1: CharginWapos ($131.18 in chips)
Seat 3: Rus29APX ($238.49 in chips)
CharginWapos: posts small blind $1
Rus29APX: posts big blind $3
*** HOLE CARDS ***
CharginWapos: folds
Uncalled bet ($2) returned to Rus29APX
Rus29APX collected $2 from pot
Rus29APX: doesn't show hand
*** SUMMARY ***
Total pot $2 | Rake $0
Seat 1: CharginWapos (button) (small blind) folded before Flop
Seat 3: Rus29APX (big blind) collected ($2)


PokerStars Hand #176728375148:  Hold'em Limit ($3/$6 USD) - 2017/10/10 5:48:21 ET
Table 'Anser II' 6-max Seat #3 is the button
Seat 1: CharginWapos ($109.70 in chips)
Seat 3: Rus29APX ($258.63 in chips)
Rus29APX: posts small blind $1
CharginWapos: posts big blind $3
*** HOLE CARDS ***
Rus29APX: raises $3 to $6
CharginWapos: folds
Uncalled bet ($3) returned to Rus29APX
Rus29APX collected $6 from pot
Rus29APX: doesn't show hand
*** SUMMARY ***
Total pot $6 | Rake $0
Seat 1: CharginWapos (big blind) folded before Flop
Seat 3: Rus29APX (button) (small blind) collected ($6)


PokerStars Hand #176728373344:  Hold'em Limit ($3/$6 USD) - 2017/10/10 5:48:16 ET
Table 'Anser II' 6-max Seat #1 is the button
Seat 1: CharginWapos ($110.70 in chips)
Seat 3: Rus29APX ($257.63 in chips)
CharginWapos: posts small blind $1
Rus29APX: posts big blind $3
*** HOLE CARDS ***
CharginWapos: folds
Uncalled bet ($2) returned to Rus29APX
Rus29APX collected $2 from pot
Rus29APX: doesn't show hand
*** SUMMARY ***
Total pot $2 | Rake $0
Seat 1: CharginWapos (button) (small blind) folded before Flop
Seat 3: Rus29APX (big blind) collected ($2)


PokerStars Hand #176728353863:  Hold'em Limit ($3/$6 USD) - 2017/10/10 5:47:19 ET
Table 'Anser II' 6-max Seat #3 is the button
Seat 1: CharginWapos ($107.18 in chips)
Seat 3: Rus29APX ($261.99 in chips)
Rus29APX: posts small blind $1
CharginWapos: posts big blind $3
*** HOLE CARDS ***
Rus29APX: raises $3 to $6
CharginWapos: raises $3 to $9
Rus29APX: calls $3
*** FLOP *** [Th 9h 4c]
CharginWapos: checks
Rus29APX: checks
*** TURN *** [Th 9h 4c] [8c]
CharginWapos: checks
Rus29APX: bets $6
CharginWapos: folds
Uncalled bet ($6) returned to Rus29APX
Rus29APX collected $17.64 from pot
Rus29APX: doesn't show hand
*** SUMMARY ***
Total pot $18 | Rake $0.36
Board [Th 9h 4c 8c]
Seat 1: CharginWapos (big blind) folded on the Turn
Seat 3: Rus29APX (button) (small blind) collected ($17.64)


PokerStars Hand #176728371522:  Hold'em Limit ($3/$6 USD) - 2017/10/10 5:48:11 ET
Table 'Anser II' 6-max Seat #3 is the button
Seat 1: CharginWapos ($109.70 in chips)
Seat 3: Rus29APX ($258.63 in chips)
Rus29APX: posts small blind $1
CharginWapos: posts big blind $3
*** HOLE CARDS ***
Rus29APX: folds
Uncalled bet ($2) returned to CharginWapos
CharginWapos collected $2 from pot
CharginWapos: doesn't show hand
*** SUMMARY ***
Total pot $2 | Rake $0
Seat 1: CharginWapos (big blind) collected ($2)
Seat 3: Rus29APX (button) (small blind) folded before Flop


PokerStars Hand #176728362750:  Hold'em Limit ($3/$6 USD) - 2017/10/10 5:47:45 ET
Table 'Anser II' 6-max Seat #1 is the button
Seat 1: CharginWapos ($98.18 in chips)
Seat 3: Rus29APX ($270.63 in chips)
CharginWapos: posts small blind $1
Rus29APX: posts big blind $3
*** HOLE CARDS ***
CharginWapos: raises $3 to $6
Rus29APX: calls $3
*** FLOP *** [Jh 5h Jd]
Rus29APX: checks
CharginWapos: checks
*** TURN *** [Jh 5h Jd] [8s]
Rus29APX: bets $6
CharginWapos: calls $6
*** RIVER *** [Jh 5h Jd 8s] [9s]
Rus29APX: checks
CharginWapos: bets $6
Rus29APX: folds
Uncalled bet ($6) returned to CharginWapos
CharginWapos collected $23.52 from pot
CharginWapos: doesn't show hand
*** SUMMARY ***
Total pot $24 | Rake $0.48
Board [Jh 5h Jd 8s 9s]
Seat 1: CharginWapos (button) (small blind) collected ($23.52)
Seat 3: Rus29APX (big blind) folded on the River


PokerStars Hand #176728379371:  Hold'em Limit ($3/$6 USD) - 2017/10/10 5:48:34 ET
Table 'Anser II' 6-max Seat #3 is the button
Seat 1: CharginWapos ($109.70 in chips)
Seat 3: Rus29APX ($258.63 in chips)
Rus29APX: posts small blind $1
CharginWapos: posts big blind $3
*** HOLE CARDS ***
Rus29APX: folds
Uncalled bet ($2) returned to CharginWapos
CharginWapos collected $2 from pot
CharginWapos: doesn't show hand
*** SUMMARY ***
Total pot $2 | Rake $0
Seat 1: CharginWapos (big blind) collected ($2)
Seat 3: Rus29APX (button) (small blind) folded before Flop


PokerStars Hand #176728381516:  Hold'em Limit ($3/$6 USD) - 2017/10/10 5:48:40 ET
Table 'Anser II' 6-max Seat #1 is the button
Seat 1: CharginWapos ($110.70 in chips)
Seat 3: Rus29APX ($257.63 in chips)
CharginWapos: posts small blind $1
Rus29APX: posts big blind $3
*** HOLE CARDS ***
CharginWapos: raises $3 to $6
Rus29APX: calls $3
*** FLOP *** [8s 7h Jd]
Rus29APX: checks
CharginWapos: checks
*** TURN *** [8s 7h Jd] [6c]
Rus29APX: bets $6
CharginWapos: calls $6
*** RIVER *** [8s 7h Jd 6c] [3s]
Rus29APX: checks
CharginWapos: bets $6
Rus29APX: raises $6 to $12
CharginWapos: calls $6
*** SHOW DOWN ***
Rus29APX: shows [8d 5s] (a pair of Eights)
CharginWapos: shows [8h 2h] (a pair of Eights)
Rus29APX collected $23.75 from pot
CharginWapos collected $23.75 from pot
*** SUMMARY ***
Total pot $48 | Rake $0.50
Board [8s 7h Jd 6c 3s]
Seat 1: CharginWapos (button) (small blind) showed [8h 2h] and won ($23.75) with a pair of Eights
Seat 3: Rus29APX (big blind) showed [8d 5s] and won ($23.75) with a pair of Eights


PokerStars Hand #176728377108:  Hold'em Limit ($3/$6 USD) - 2017/10/10 5:48:27 ET
Table 'Anser II' 6-max Seat #1 is the button
Seat 1: CharginWapos ($106.70 in chips)
Seat 3: Rus29APX ($261.63 in chips)
CharginWapos: posts small blind $1
Rus29APX: posts big blind $3
*** HOLE CARDS ***
CharginWapos: raises $3 to $6
Rus29APX: folds
Uncalled bet ($3) returned to CharginWapos
CharginWapos collected $6 from pot
CharginWapos: doesn't show hand
*** SUMMARY ***
Total pot $6 | Rake $0
Seat 1: CharginWapos (button) (small blind) collected ($6)
Seat 3: Rus29APX (big blind) folded before Flop


PokerStars Hand #176728403935:  Hold'em Limit ($3/$6 USD) - 2017/10/10 5:49:45 ET
Table 'Anser II' 6-max Seat #3 is the button
Seat 1: CharginWapos ($89.45 in chips)
Seat 3: Rus29APX ($277.88 in chips)
Rus29APX: posts small blind $1
CharginWapos: posts big blind $3
*** HOLE CARDS ***
Rus29APX: raises $3 to $6
CharginWapos: calls $3
*** FLOP *** [Qc 8d 9c]
CharginWapos: checks
Rus29APX: bets $3
CharginWapos: calls $3
*** TURN *** [Qc 8d 9c] [5s]
CharginWapos: checks
Rus29APX: bets $6
CharginWapos: calls $6
*** RIVER *** [Qc 8d 9c 5s] [Qs]
CharginWapos: bets $6
Rus29APX: calls $6
*** SHOW DOWN ***
CharginWapos: shows [Qd 4d] (three of a kind, Queens)
Rus29APX: mucks hand
CharginWapos collected $41.50 from pot
*** SUMMARY ***
Total pot $42 | Rake $0.50
Board [Qc 8d 9c 5s Qs]
Seat 1: CharginWapos (big blind) showed [Qd 4d] and won ($41.50) with three of a kind, Queens
Seat 3: Rus29APX (button) (small blind) mucked


PokerStars Hand #176728401178:  Hold'em Limit ($3/$6 USD) - 2017/10/10 5:49:37 ET
Table 'Anser II' 6-max Seat #1 is the button
Seat 1: CharginWapos ($86.45 in chips)
Seat 3: Rus29APX ($280.88 in chips)
CharginWapos: posts small blind $1
Rus29APX: posts big blind $3
*** HOLE CARDS ***
CharginWapos: raises $3 to $6
Rus29APX: folds
Uncalled bet ($3) returned to CharginWapos
CharginWapos collected $6 from pot
CharginWapos: doesn't show hand
*** SUMMARY ***
Total pot $6 | Rake $0
Seat 1: CharginWapos (button) (small blind) collected ($6)
Seat 3: Rus29APX (big blind) folded before Flop


PokerStars Hand #176728391113:  Hold'em Limit ($3/$6 USD) - 2017/10/10 5:49:08 ET
Table 'Anser II' 6-max Seat #3 is the button
Seat 1: CharginWapos ($110.45 in chips)
Seat 3: Rus29APX ($257.38 in chips)
Rus29APX: posts small blind $1
CharginWapos: posts big blind $3
*** HOLE CARDS ***
Rus29APX: raises $3 to $6
CharginWapos: raises $3 to $9
Rus29APX: calls $3
*** FLOP *** [As 3d 6h]
CharginWapos: bets $3
Rus29APX: calls $3
*** TURN *** [As 3d 6h] [4c]
CharginWapos: bets $6
Rus29APX: calls $6
*** RIVER *** [As 3d 6h 4c] [Jc]
CharginWapos: bets $6
Rus29APX: calls $6
*** SHOW DOWN ***
CharginWapos: shows [Qc 7c] (high card Ace)
Rus29APX: shows [Jd Kc] (a pair of Jacks)
Rus29APX collected $47.50 from pot
*** SUMMARY ***
Total pot $48 | Rake $0.50
Board [As 3d 6h 4c Jc]
Seat 1: CharginWapos (big blind) showed [Qc 7c] and lost with high card Ace
Seat 3: Rus29APX (button) (small blind) showed [Jd Kc] and won ($47.50) with a pair of Jacks


PokerStars Hand #176728429788:  Hold'em Limit ($3/$6 USD) - 2017/10/10 5:51:01 ET
Table 'Anser II' 6-max Seat #1 is the button
Seat 1: CharginWapos ($67.95 in chips)
Seat 3: Rus29APX ($298.38 in chips)
CharginWapos: posts small blind $1
Rus29APX: posts big blind $3
*** HOLE CARDS ***
CharginWapos: raises $3 to $6
Rus29APX: calls $3
*** FLOP *** [Qc 8d Ac]
Rus29APX: checks
CharginWapos: checks
*** TURN *** [Qc 8d Ac] [4d]
Rus29APX: bets $6
CharginWapos: calls $6
*** RIVER *** [Qc 8d Ac 4d] [3h]
Rus29APX: bets $6
CharginWapos: folds
Uncalled bet ($6) returned to Rus29APX
Rus29APX collected $23.52 from pot
Rus29APX: doesn't show hand
*** SUMMARY ***
Total pot $24 | Rake $0.48
Board [Qc 8d Ac 4d 3h]
Seat 1: CharginWapos (button) (small blind) folded on the River
Seat 3: Rus29APX (big blind) collected ($23.52)


PokerStars Hand #176728414295:  Hold'em Limit ($3/$6 USD) - 2017/10/10 5:50:16 ET
Table 'Anser II' 6-max Seat #1 is the button
Seat 1: CharginWapos ($109.95 in chips)
Seat 3: Rus29APX ($256.88 in chips)
CharginWapos: posts small blind $1
Rus29APX: posts big blind $3
*** HOLE CARDS ***
CharginWapos: raises $3 to $6
Rus29APX: calls $3
*** FLOP *** [9s Ks Jd]
Rus29APX: checks
CharginWapos: bets $3
Rus29APX: calls $3
*** TURN *** [9s Ks Jd] [2d]
Rus29APX: checks
CharginWapos: bets $6
Rus29APX: calls $6
*** RIVER *** [9s Ks Jd 2d] [7d]
Rus29APX: bets $6
CharginWapos: raises $6 to $12
Rus29APX: raises $6 to $18
CharginWapos: raises $6 to $24
Betting is capped
Rus29APX: calls $6
*** SHOW DOWN ***
CharginWapos: shows [5d Kd] (a flush, King high)
Rus29APX: shows [Ad 3d] (a flush, Ace high)
Rus29APX collected $77.50 from pot
*** SUMMARY ***
Total pot $78 | Rake $0.50
Board [9s Ks Jd 2d 7d]
Seat 1: CharginWapos (button) (small blind) showed [5d Kd] and lost with a flush, King high
Seat 3: Rus29APX (big blind) showed [Ad 3d] and won ($77.50) with a flush, Ace high


PokerStars Hand #176728435533:  Hold'em Limit ($3/$6 USD) - 2017/10/10 5:51:17 ET
Table 'Anser II' 6-max Seat #3 is the button
Seat 1: CharginWapos ($55.95 in chips)
Seat 3: Rus29APX ($309.90 in chips)
Rus29APX: posts small blind $1
CharginWapos: posts big blind $3
*** HOLE CARDS ***
Rus29APX: raises $3 to $6
CharginWapos: calls $3
*** FLOP *** [Jc 9c 6d]
CharginWapos: checks
Rus29APX: bets $3
CharginWapos: folds
Uncalled bet ($3) returned to Rus29APX
Rus29APX collected $11.76 from pot
Rus29APX: doesn't show hand
*** SUMMARY ***
Total pot $12 | Rake $0.24
Board [Jc 9c 6d]
Seat 1: CharginWapos (big blind) folded on the Flop
Seat 3: Rus29APX (button) (small blind) collected ($11.76)


PokerStars Hand #176728427657:  Hold'em Limit ($3/$6 USD) - 2017/10/10 5:50:54 ET
Table 'Anser II' 6-max Seat #3 is the button
Seat 1: CharginWapos ($70.95 in chips)
Seat 3: Rus29APX ($295.38 in chips)
Rus29APX: posts small blind $1
CharginWapos: posts big blind $3
*** HOLE CARDS ***
Rus29APX: raises $3 to $6
CharginWapos: folds
Uncalled bet ($3) returned to Rus29APX
Rus29APX collected $6 from pot
Rus29APX: doesn't show hand
*** SUMMARY ***
Total pot $6 | Rake $0
Seat 1: CharginWapos (big blind) folded before Flop
Seat 3: Rus29APX (button) (small blind) collected ($6)


PokerStars Hand #176728444794:  Hold'em Limit ($3/$6 USD) - 2017/10/10 5:51:44 ET
Table 'Anser II' 6-max Seat #3 is the button
Seat 1: CharginWapos ($43.95 in chips)
Seat 3: Rus29APX ($321.42 in chips)
Rus29APX: posts small blind $1
CharginWapos: posts big blind $3
*** HOLE CARDS ***
Rus29APX: raises $3 to $6
CharginWapos: raises $3 to $9
Rus29APX: calls $3
*** FLOP *** [5d 8h Th]
CharginWapos: bets $3
Rus29APX: calls $3
*** TURN *** [5d 8h Th] [3s]
CharginWapos: checks
Rus29APX: bets $6
CharginWapos: folds [Ac 9c]
Uncalled bet ($6) returned to Rus29APX
Rus29APX collected $23.52 from pot
Rus29APX: doesn't show hand
*** SUMMARY ***
Total pot $24 | Rake $0.48
Board [5d 8h Th 3s]
Seat 1: CharginWapos (big blind) folded on the Turn
Seat 3: Rus29APX (button) (small blind) collected ($23.52)


PokerStars Hand #176728439922:  Hold'em Limit ($3/$6 USD) - 2017/10/10 5:51:30 ET
Table 'Anser II' 6-max Seat #1 is the button
Seat 1: CharginWapos ($49.95 in chips)
Seat 3: Rus29APX ($315.66 in chips)
CharginWapos: posts small blind $1
Rus29APX: posts big blind $3
*** HOLE CARDS ***
CharginWapos: calls $2
Rus29APX: raises $3 to $6
CharginWapos: calls $3
*** FLOP *** [Kd 3d 4d]
Rus29APX: bets $3
CharginWapos: folds
Uncalled bet ($3) returned to Rus29APX
Rus29APX collected $11.76 from pot
Rus29APX: doesn't show hand
*** SUMMARY ***
Total pot $12 | Rake $0.24
Board [Kd 3d 4d]
Seat 1: CharginWapos (button) (small blind) folded on the Flop
Seat 3: Rus29APX (big blind) collected ($11.76)


PokerStars Hand #176728478035:  Hold'em Limit ($3/$6 USD) - 2017/10/10 5:53:20 ET
Table 'Anser II' 6-max Seat #3 is the button
Seat 1: CharginWapos ($46.09 in chips)
Seat 3: Rus29APX ($317.58 in chips)
Rus29APX: posts small blind $1
CharginWapos: posts big blind $3
*** HOLE CARDS ***
Rus29APX: raises $3 to $6
CharginWapos: folds
Uncalled bet ($3) returned to Rus29APX
Rus29APX collected $6 from pot
Rus29APX: doesn't show hand
*** SUMMARY ***
Total pot $6 | Rake $0
Seat 1: CharginWapos (big blind) folded before Flop
Seat 3: Rus29APX (button) (small blind) collected ($6)


PokerStars Hand #176728467178:  Hold'em Limit ($3/$6 USD) - 2017/10/10 5:52:48 ET
Table 'Anser II' 6-max Seat #3 is the button
Seat 1: CharginWapos ($46.45 in chips)
Seat 3: Rus29APX ($317.94 in chips)
Rus29APX: posts small blind $1
CharginWapos: posts big blind $3
*** HOLE CARDS ***
Rus29APX: raises $3 to $6
CharginWapos: raises $3 to $9
Rus29APX: calls $3
*** FLOP *** [Qs 5d 4d]
CharginWapos: bets $3
Rus29APX: folds
Uncalled bet ($3) returned to CharginWapos
CharginWapos collected $17.64 from pot
CharginWapos: doesn't show hand
*** SUMMARY ***
Total pot $18 | Rake $0.36
Board [Qs 5d 4d]
Seat 1: CharginWapos (big blind) collected ($17.64)
Seat 3: Rus29APX (button) (small blind) folded on the Flop


PokerStars Hand #176728456996:  Hold'em Limit ($3/$6 USD) - 2017/10/10 5:52:19 ET
Table 'Anser II' 6-max Seat #1 is the button
Seat 1: CharginWapos ($31.95 in chips)
Seat 3: Rus29APX ($332.94 in chips)
CharginWapos: posts small blind $1
Rus29APX: posts big blind $3
*** HOLE CARDS ***
CharginWapos: raises $3 to $6
Rus29APX: calls $3
*** FLOP *** [As 6s Ks]
Rus29APX: checks
CharginWapos: bets $3
Rus29APX: calls $3
*** TURN *** [As 6s Ks] [7c]
Rus29APX: checks
CharginWapos: checks
*** RIVER *** [As 6s Ks 7c] [Kd]
Rus29APX: bets $6
CharginWapos: calls $6
*** SHOW DOWN ***
Rus29APX: shows [5c 4s] (a pair of Kings)
CharginWapos: shows [Kc Qd] (three of a kind, Kings)
CharginWapos collected $29.50 from pot
*** SUMMARY ***
Total pot $30 | Rake $0.50
Board [As 6s Ks 7c Kd]
Seat 1: CharginWapos (button) (small blind) showed [Kc Qd] and won ($29.50) with three of a kind, Kings
Seat 3: Rus29APX (big blind) showed [5c 4s] and lost with a pair of Kings


PokerStars Hand #176728473083:  Hold'em Limit ($3/$6 USD) - 2017/10/10 5:53:06 ET
Table 'Anser II' 6-max Seat #1 is the button
Seat 1: CharginWapos ($55.09 in chips)
Seat 3: Rus29APX ($308.94 in chips)
CharginWapos: posts small blind $1
Rus29APX: posts big blind $3
*** HOLE CARDS ***
CharginWapos: raises $3 to $6
Rus29APX: raises $3 to $9
CharginWapos: calls $3
*** FLOP *** [3d 5s As]
Rus29APX: bets $3
CharginWapos: folds
Uncalled bet ($3) returned to Rus29APX
Rus29APX collected $17.64 from pot
Rus29APX: doesn't show hand
*** SUMMARY ***
Total pot $18 | Rake $0.36
Board [3d 5s As]
Seat 1: CharginWapos (button) (small blind) folded on the Flop
Seat 3: Rus29APX (big blind) collected ($17.64)


PokerStars Hand #176728500175:  Hold'em Limit ($3/$6 USD) - 2017/10/10 5:54:24 ET
Table 'Anser II' 6-max Seat #1 is the button
Seat 1: CharginWapos ($53.37 in chips)
Seat 3: Rus29APX ($309.34 in chips)
CharginWapos: posts small blind $1
Rus29APX: posts big blind $3
*** HOLE CARDS ***
CharginWapos: folds
Uncalled bet ($2) returned to Rus29APX
Rus29APX collected $2 from pot
Rus29APX: doesn't show hand
*** SUMMARY ***
Total pot $2 | Rake $0
Seat 1: CharginWapos (button) (small blind) folded before Flop
Seat 3: Rus29APX (big blind) collected ($2)


PokerStars Hand #176728495942:  Hold'em Limit ($3/$6 USD) - 2017/10/10 5:54:12 ET
Table 'Anser II' 6-max Seat #3 is the button
Seat 1: CharginWapos ($59.37 in chips)
Seat 3: Rus29APX ($303.58 in chips)
Rus29APX: posts small blind $1
CharginWapos: posts big blind $3
*** HOLE CARDS ***
Rus29APX: raises $3 to $6
CharginWapos: calls $3
*** FLOP *** [2d 7d Jh]
CharginWapos: checks
Rus29APX: bets $3
CharginWapos: folds
Uncalled bet ($3) returned to Rus29APX
Rus29APX collected $11.76 from pot
Rus29APX: doesn't show hand
*** SUMMARY ***
Total pot $12 | Rake $0.24
Board [2d 7d Jh]
Seat 1: CharginWapos (big blind) folded on the Flop
Seat 3: Rus29APX (button) (small blind) collected ($11.76)


PokerStars Hand #176728480503:  Hold'em Limit ($3/$6 USD) - 2017/10/10 5:53:27 ET
Table 'Anser II' 6-max Seat #1 is the button
Seat 1: CharginWapos ($43.09 in chips)
Seat 3: Rus29APX ($320.58 in chips)
CharginWapos: posts small blind $1
Rus29APX: posts big blind $3
*** HOLE CARDS ***
CharginWapos: raises $3 to $6
Rus29APX: calls $3
*** FLOP *** [Js Qd 6s]
Rus29APX: checks
CharginWapos: bets $3
Rus29APX: folds
Uncalled bet ($3) returned to CharginWapos
CharginWapos collected $11.76 from pot
CharginWapos: doesn't show hand
*** SUMMARY ***
Total pot $12 | Rake $0.24
Board [Js Qd 6s]
Seat 1: CharginWapos (button) (small blind) collected ($11.76)
Seat 3: Rus29APX (big blind) folded on the Flop


PokerStars Hand #176728494276:  Hold'em Limit ($3/$6 USD) - 2017/10/10 5:54:07 ET
Table 'Anser II' 6-max Seat #1 is the button
Seat 1: CharginWapos ($60.37 in chips)
Seat 3: Rus29APX ($302.58 in chips)
CharginWapos: posts small blind $1
Rus29APX: posts big blind $3
*** HOLE CARDS ***
CharginWapos: folds
Uncalled bet ($2) returned to Rus29APX
Rus29APX collected $2 from pot
Rus29APX: doesn't show hand
*** SUMMARY ***
Total pot $2 | Rake $0
Seat 1: CharginWapos (button) (small blind) folded before Flop
Seat 3: Rus29APX (big blind) collected ($2)


PokerStars Hand #176728486512:  Hold'em Limit ($3/$6 USD) - 2017/10/10 5:53:45 ET
Table 'Anser II' 6-max Seat #3 is the button
Seat 1: CharginWapos ($48.85 in chips)
Seat 3: Rus29APX ($314.58 in chips)
Rus29APX: posts small blind $1
CharginWapos: posts big blind $3
*** HOLE CARDS ***
Rus29APX: raises $3 to $6
CharginWapos: calls $3
*** FLOP *** [6s Jh 5d]
CharginWapos: checks
Rus29APX: bets $3
CharginWapos: raises $3 to $6
Rus29APX: calls $3
*** TURN *** [6s Jh 5d] [2s]
CharginWapos: bets $6
Rus29APX: folds
Uncalled bet ($6) returned to CharginWapos
CharginWapos collected $23.52 from pot
CharginWapos: doesn't show hand
*** SUMMARY ***
Total pot $24 | Rake $0.48
Board [6s Jh 5d 2s]
Seat 1: CharginWapos (big blind) collected ($23.52)
Seat 3: Rus29APX (button) (small blind) folded on the Turn


PokerStars Hand #176728502256:  Hold'em Limit ($3/$6 USD) - 2017/10/10 5:54:30 ET
Table 'Anser II' 6-max Seat #3 is the button
Seat 1: CharginWapos ($52.37 in chips)
Seat 3: Rus29APX ($310.34 in chips)
Rus29APX: posts small blind $1
CharginWapos: posts big blind $3
*** HOLE CARDS ***
Rus29APX: raises $3 to $6
CharginWapos: raises $3 to $9
Rus29APX: calls $3
*** FLOP *** [Qh Ts 3h]
CharginWapos: bets $3
Rus29APX: calls $3
*** TURN *** [Qh Ts 3h] [Ks]
CharginWapos: bets $6
Rus29APX: calls $6
*** RIVER *** [Qh Ts 3h Ks] [4c]
CharginWapos: bets $6
Rus29APX: calls $6
*** SHOW DOWN ***
CharginWapos: shows [8h Ac] (high card Ace)
Rus29APX: shows [6d Kh] (a pair of Kings)
Rus29APX collected $47.50 from pot
*** SUMMARY ***
Total pot $48 | Rake $0.50
Board [Qh Ts 3h Ks 4c]
Seat 1: CharginWapos (big blind) showed [8h Ac] and lost with high card Ace
Seat 3: Rus29APX (button) (small blind) showed [6d Kh] and won ($47.50) with a pair of Kings


PokerStars Hand #176728514343:  Hold'em Limit ($3/$6 USD) - 2017/10/10 5:55:05 ET
Table 'Anser II' 6-max Seat #1 is the button
Seat 1: CharginWapos ($28.37 in chips)
Seat 3: Rus29APX ($333.84 in chips)
CharginWapos: posts small blind $1
Rus29APX: posts big blind $3
*** HOLE CARDS ***
CharginWapos: calls $2
Rus29APX: raises $3 to $6
CharginWapos: raises $3 to $9
Rus29APX: calls $3
*** FLOP *** [Qh 5d Qc]
Rus29APX: checks
CharginWapos: bets $3
Rus29APX: calls $3
*** TURN *** [Qh 5d Qc] [As]
Rus29APX: checks
CharginWapos: checks
*** RIVER *** [Qh 5d Qc As] [Jh]
Rus29APX: bets $6
CharginWapos: calls $6
*** SHOW DOWN ***
Rus29APX: shows [7s Ad] (two pair, Aces and Queens)
CharginWapos: mucks hand
Rus29APX collected $35.50 from pot
*** SUMMARY ***
Total pot $36 | Rake $0.50
Board [Qh 5d Qc As Jh]
Seat 1: CharginWapos (button) (small blind) mucked
Seat 3: Rus29APX (big blind) showed [7s Ad] and won ($35.50) with two pair, Aces and Queens


PokerStars Hand #176728525392:  Hold'em Limit ($3/$6 USD) - 2017/10/10 5:55:40 ET
Table 'Anser II' 6-max Seat #3 is the button
Seat 1: CharginWapos ($10.37 in chips)
Seat 3: Rus29APX ($351.34 in chips)
Rus29APX: posts small blind $1
CharginWapos: posts big blind $3
*** HOLE CARDS ***
Rus29APX: raises $3 to $6
CharginWapos: raises $3 to $9
Rus29APX: raises $3 to $12
Betting is capped
CharginWapos: calls $1.37 and is all-in
Uncalled bet ($1.63) returned to Rus29APX
*** FLOP *** [Qh 5h 7h]
*** TURN *** [Qh 5h 7h] [6c]
*** RIVER *** [Qh 5h 7h 6c] [6s]
*** SHOW DOWN ***
CharginWapos: shows [3d Kh] (a pair of Sixes)
Rus29APX: shows [Ad 4h] (a pair of Sixes - Ace kicker)
Rus29APX collected $20.33 from pot
*** SUMMARY ***
Total pot $20.74 | Rake $0.41
Board [Qh 5h 7h 6c 6s]
Seat 1: CharginWapos (big blind) showed [3d Kh] and lost with a pair of Sixes
Seat 3: Rus29APX (button) (small blind) showed [Ad 4h] and won ($20.33) with a pair of Sixes


