PokerStars Hand #171787160186:  Hold'em Limit ($3/$6 USD) - 2017/06/14 20:06:53 ET
Table 'Anser' 6-max Seat #6 is the button
Seat 2: scorpio04 ($208.22 in chips)
Seat 6: Svedda70 ($360.24 in chips)
Svedda70: posts small blind $1
scorpio04: posts big blind $3
*** HOLE CARDS ***
Svedda70: raises $3 to $6
scorpio04: calls $3
*** FLOP *** [4h 4d 4c]
scorpio04: checks
Svedda70: bets $3
scorpio04: calls $3
*** TURN *** [4h 4d 4c] [3c]
scorpio04: checks
Svedda70: bets $6
scorpio04: raises $6 to $12
Svedda70: calls $6
*** RIVER *** [4h 4d 4c 3c] [9d]
scorpio04: bets $6
Svedda70: folds
Uncalled bet ($6) returned to scorpio04
scorpio04 collected $41.50 from pot
scorpio04: doesn't show hand
*** SUMMARY ***
Total pot $42 | Rake $0.50
Board [4h 4d 4c 3c 9d]
Seat 2: scorpio04 (big blind) collected ($41.50)
Seat 6: Svedda70 (button) (small blind) folded on the River


PokerStars Hand #171788229798:  Hold'em Limit ($3/$6 USD) - 2017/06/14 20:46:52 ET
Table 'Anser' 6-max Seat #2 is the button
Seat 1: apq921086 ($101.85 in chips)
Seat 2: scorpio04 ($349.52 in chips)
scorpio04: posts small blind $1
apq921086: posts big blind $3
*** HOLE CARDS ***
scorpio04: raises $3 to $6
apq921086: folds
Uncalled bet ($3) returned to scorpio04
scorpio04 collected $6 from pot
scorpio04: doesn't show hand
*** SUMMARY ***
Total pot $6 | Rake $0
Seat 1: apq921086 (big blind) folded before Flop
Seat 2: scorpio04 (button) (small blind) collected ($6)


PokerStars Hand #171788227235:  Hold'em Limit ($3/$6 USD) - 2017/06/14 20:46:46 ET
Table 'Anser' 6-max Seat #1 is the button
Seat 1: apq921086 ($102.85 in chips)
Seat 2: scorpio04 ($348.52 in chips)
apq921086: posts small blind $1
scorpio04: posts big blind $3
*** HOLE CARDS ***
apq921086: folds
Uncalled bet ($2) returned to scorpio04
just-sinan leaves the table
scorpio04 collected $2 from pot
scorpio04: doesn't show hand
*** SUMMARY ***
Total pot $2 | Rake $0
Seat 1: apq921086 (button) (small blind) folded before Flop
Seat 2: scorpio04 (big blind) collected ($2)


