PokerStars Hand #159952809113:  Hold'em Limit ($3/$6 USD) - 2016/10/15 4:11:31 ET
Table 'Antares' 6-max Seat #3 is the button
Seat 3: leonranger ($94 in chips)
Seat 5: Pelurile ($88.92 in chips)
leonranger: posts small blind $1
Agrotait: is sitting out
Pelurile: posts big blind $3
*** HOLE CARDS ***
Agrotait leaves the table
leonranger: raises $3 to $6
Pelurile: raises $3 to $9
leonranger: calls $3
*** FLOP *** [Ts 4h 8h]
Pelurile: bets $3
leonranger: calls $3
*** TURN *** [Ts 4h 8h] [Ac]
Pelurile: bets $6
leonranger: folds
Uncalled bet ($6) returned to Pelurile
Pelurile collected $23.52 from pot
Pelurile: doesn't show hand
*** SUMMARY ***
Total pot $24 | Rake $0.48
Board [Ts 4h 8h Ac]
Seat 3: leonranger (button) (small blind) folded on the Turn
Seat 5: Pelurile (big blind) collected ($23.52)


PokerStars Hand #159952818862:  Hold'em Limit ($3/$6 USD) - 2016/10/15 4:12:01 ET
Table 'Antares' 6-max Seat #5 is the button
Seat 3: leonranger ($82 in chips)
Seat 5: Pelurile ($100.44 in chips)
Pelurile: posts small blind $1
leonranger: posts big blind $3
*** HOLE CARDS ***
Pelurile: raises $3 to $6
leonranger: calls $3
*** FLOP *** [Tc 5d 8c]
leonranger: checks
Pelurile: bets $3
leonranger: calls $3
*** TURN *** [Tc 5d 8c] [2h]
leonranger: checks
Pelurile: bets $6
leonranger: calls $6
*** RIVER *** [Tc 5d 8c 2h] [6d]
Ultrafranke joins the table at seat #6
leonranger: checks
Pelurile: bets $6
leonranger: calls $6
*** SHOW DOWN ***
Pelurile: shows [Ks 8d] (a pair of Eights)
leonranger: mucks hand
Pelurile collected $41.50 from pot
*** SUMMARY ***
Total pot $42 | Rake $0.50
Board [Tc 5d 8c 2h 6d]
Seat 3: leonranger (big blind) mucked
Seat 5: Pelurile (button) (small blind) showed [Ks 8d] and won ($41.50) with a pair of Eights


PokerStars Hand #159952832601:  Hold'em Limit ($3/$6 USD) - 2016/10/15 4:12:44 ET
Table 'Antares' 6-max Seat #3 is the button
Seat 3: leonranger ($61 in chips)
Seat 5: Pelurile ($120.94 in chips)
leonranger: posts small blind $1
Pelurile: posts big blind $3
*** HOLE CARDS ***
leonranger: raises $3 to $6
Pelurile: calls $3
*** FLOP *** [Jh Th 5h]
Pelurile: checks
leonranger: bets $3
Pelurile: raises $3 to $6
leonranger: calls $3
*** TURN *** [Jh Th 5h] [5s]
Pelurile: bets $6
leonranger: calls $6
*** RIVER *** [Jh Th 5h 5s] [Kd]
Pelurile: bets $6
leonranger: raises $6 to $12
Pelurile: calls $6
*** SHOW DOWN ***
leonranger: shows [7h 4h] (a flush, Jack high)
Pelurile: mucks hand
leonranger collected $59.50 from pot
*** SUMMARY ***
Total pot $60 | Rake $0.50
Board [Jh Th 5h 5s Kd]
Seat 3: leonranger (button) (small blind) showed [7h 4h] and won ($59.50) with a flush, Jack high
Seat 5: Pelurile (big blind) mucked


PokerStars Hand #159953783166:  Hold'em Limit ($3/$6 USD) - 2016/10/15 4:59:24 ET
Table 'Antares' 6-max Seat #6 is the button
Seat 1: Apanage ($142.83 in chips)
Seat 6: Ultrafranke ($227.55 in chips)
Ultrafranke: posts small blind $1
Apanage: posts big blind $3
*** HOLE CARDS ***
Ultrafranke: raises $3 to $6
Apanage: calls $3
*** FLOP *** [6c Ks 5h]
michi99999 leaves the table
Apanage: checks
Ultrafranke: checks
*** TURN *** [6c Ks 5h] [Jh]
Apanage: checks
Ultrafranke: checks
*** RIVER *** [6c Ks 5h Jh] [Th]
Apanage: bets $6
Ultrafranke: calls $6
*** SHOW DOWN ***
Apanage: shows [Tc 9s] (a pair of Tens)
Ultrafranke: mucks hand
Apanage collected $23.52 from pot
*** SUMMARY ***
Total pot $24 | Rake $0.48
Board [6c Ks 5h Jh Th]
Seat 1: Apanage (big blind) showed [Tc 9s] and won ($23.52) with a pair of Tens
Seat 6: Ultrafranke (button) (small blind) mucked


PokerStars Hand #159953781257:  Hold'em Limit ($3/$6 USD) - 2016/10/15 4:59:19 ET
Table 'Antares' 6-max Seat #1 is the button
Seat 1: Apanage ($143.83 in chips)
Seat 6: Ultrafranke ($226.55 in chips)
Apanage: posts small blind $1
VolkovDmitri: is sitting out
Ultrafranke: posts big blind $3
*** HOLE CARDS ***
Apanage: folds
Uncalled bet ($2) returned to Ultrafranke
michi99999 said, "zzzzzzzzzzzzzzzzzzzzzzzzzzzzzzzzzzzzzzzzzzzzzzzzzzzzzzzz"
VolkovDmitri leaves the table
Ultrafranke collected $2 from pot
Ultrafranke: doesn't show hand
*** SUMMARY ***
Total pot $2 | Rake $0
Seat 1: Apanage (button) (small blind) folded before Flop
Seat 6: Ultrafranke (big blind) collected ($2)


PokerStars Hand #159953790819:  Hold'em Limit ($3/$6 USD) - 2016/10/15 4:59:48 ET
Table 'Antares' 6-max Seat #1 is the button
Seat 1: Apanage ($154.35 in chips)
Seat 6: Ultrafranke ($215.55 in chips)
Apanage: posts small blind $1
Ultrafranke: posts big blind $3
*** HOLE CARDS ***
Apanage: raises $3 to $6
Ultrafranke: raises $3 to $9
Apanage: calls $3
*** FLOP *** [Qh Kd 3h]
Ultrafranke: bets $3
Apanage: calls $3
*** TURN *** [Qh Kd 3h] [Ks]
Ultrafranke: checks
Apanage: bets $6
Ultrafranke: calls $6
*** RIVER *** [Qh Kd 3h Ks] [6d]
Ultrafranke: checks
Apanage: bets $6
Ultrafranke: calls $6
*** SHOW DOWN ***
Apanage: shows [9c Qs] (two pair, Kings and Queens)
Ultrafranke: mucks hand
Apanage collected $47.50 from pot
*** SUMMARY ***
Total pot $48 | Rake $0.50
Board [Qh Kd 3h Ks 6d]
Seat 1: Apanage (button) (small blind) showed [9c Qs] and won ($47.50) with two pair, Kings and Queens
Seat 6: Ultrafranke (big blind) mucked


