PokerStars Hand #156488727428:  Hold'em Limit ($3/$6 USD) - 2016/07/26 19:15:28 ET
Table 'Antares' 6-max Seat #1 is the button
Seat 1: Zubasa07 ($500 in chips)
Seat 3: knysi ($43.95 in chips)
belik555 joins the table at seat #4
Zubasa07: posts small blind $1
knysi: posts big blind $3
*** HOLE CARDS ***
Zubasa07: raises $3 to $6
knysi: folds
Uncalled bet ($3) returned to Zubasa07
Zubasa07 collected $6 from pot
Zubasa07: doesn't show hand
*** SUMMARY ***
Total pot $6 | Rake $0
Seat 1: Zubasa07 (button) (small blind) collected ($6)
Seat 3: knysi (big blind) folded before Flop


PokerStars Hand #156488836951:  Hold'em Limit ($3/$6 USD) - 2016/07/26 19:18:26 ET
Table 'Antares' 6-max Seat #4 is the button
Seat 1: Zubasa07 ($486 in chips)
Seat 4: belik555 ($72 in chips)
ValeryRon will be allowed to play after the button
belik555: posts small blind $1
Zubasa07: posts big blind $3
*** HOLE CARDS ***
belik555: raises $3 to $6
libaikang leaves the table
ValeryRon leaves the table
Zubasa07: folds
Uncalled bet ($3) returned to belik555
belik555 collected $6 from pot
belik555: doesn't show hand
*** SUMMARY ***
Total pot $6 | Rake $0
Seat 1: Zubasa07 (big blind) folded before Flop
Seat 4: belik555 (button) (small blind) collected ($6)


