PokerStars Hand #148544572229:  Hold'em Limit ($3/$6 USD) - 2016/02/10 1:53:49 ET
Table 'Antenor II' 2-max Seat #2 is the button
Seat 1: ct-650 ($129.90 in chips)
Seat 2: jl45259071 ($193.36 in chips)
jl45259071: posts small blind $1
ct-650: posts big blind $3
*** HOLE CARDS ***
jl45259071: raises $3 to $6
ct-650: calls $3
*** FLOP *** [6d 8c Kd]
ct-650: checks
jl45259071: bets $3
ct-650: calls $3
*** TURN *** [6d 8c Kd] [7c]
ct-650: checks
jl45259071: checks
*** RIVER *** [6d 8c Kd 7c] [4h]
ct-650: checks
jl45259071: bets $6
ct-650: calls $6
*** SHOW DOWN ***
jl45259071: shows [Ac 8s] (a pair of Eights)
ct-650: mucks hand
jl45259071 collected $29.50 from pot
*** SUMMARY ***
Total pot $30 | Rake $0.50
Board [6d 8c Kd 7c 4h]
Seat 1: ct-650 (big blind) mucked
Seat 2: jl45259071 (button) (small blind) showed [Ac 8s] and won ($29.50) with a pair of Eights


PokerStars Hand #148544584584:  Hold'em Limit ($3/$6 USD) - 2016/02/10 1:54:33 ET
Table 'Antenor II' 2-max Seat #2 is the button
Seat 1: ct-650 ($129.40 in chips)
Seat 2: jl45259071 ($192.86 in chips)
jl45259071: posts small blind $1
ct-650: posts big blind $3
*** HOLE CARDS ***
jl45259071: calls $2
ct-650: checks
*** FLOP *** [Jd 9c Qh]
ct-650: bets $3
jl45259071: raises $3 to $6
ct-650: raises $3 to $9
jl45259071: calls $3
*** TURN *** [Jd 9c Qh] [7h]
ct-650: bets $6
jl45259071: calls $6
*** RIVER *** [Jd 9c Qh 7h] [7d]
ct-650: bets $6
jl45259071: calls $6
*** SHOW DOWN ***
ct-650: shows [4s Qc] (two pair, Queens and Sevens)
jl45259071: shows [8s Qd] (two pair, Queens and Sevens)
ct-650 collected $23.75 from pot
jl45259071 collected $23.75 from pot
*** SUMMARY ***
Total pot $48 | Rake $0.50
Board [Jd 9c Qh 7h 7d]
Seat 1: ct-650 (big blind) showed [4s Qc] and won ($23.75) with two pair, Queens and Sevens
Seat 2: jl45259071 (button) (small blind) showed [8s Qd] and won ($23.75) with two pair, Queens and Sevens


PokerStars Hand #148544577321:  Hold'em Limit ($3/$6 USD) - 2016/02/10 1:54:07 ET
Table 'Antenor II' 2-max Seat #1 is the button
Seat 1: ct-650 ($114.90 in chips)
Seat 2: jl45259071 ($207.86 in chips)
ct-650: posts small blind $1
jl45259071: posts big blind $3
*** HOLE CARDS ***
ct-650: raises $3 to $6
jl45259071: calls $3
*** FLOP *** [3d 5h 9s]
jl45259071: checks
ct-650: bets $3
jl45259071: calls $3
*** TURN *** [3d 5h 9s] [6c]
jl45259071: checks
ct-650: bets $6
jl45259071: calls $6
*** RIVER *** [3d 5h 9s 6c] [Jh]
jl45259071: checks
ct-650: checks
*** SHOW DOWN ***
jl45259071: shows [7d Ah] (high card Ace)
ct-650: shows [6s Kd] (a pair of Sixes)
ct-650 collected $29.50 from pot
*** SUMMARY ***
Total pot $30 | Rake $0.50
Board [3d 5h 9s 6c Jh]
Seat 1: ct-650 (button) (small blind) showed [6s Kd] and won ($29.50) with a pair of Sixes
Seat 2: jl45259071 (big blind) showed [7d Ah] and lost with high card Ace


PokerStars Hand #148544588976:  Hold'em Limit ($3/$6 USD) - 2016/02/10 1:54:48 ET
Table 'Antenor II' 2-max Seat #1 is the button
Seat 1: ct-650 ($129.15 in chips)
Seat 2: jl45259071 ($192.61 in chips)
ct-650: posts small blind $1
jl45259071: posts big blind $3
*** HOLE CARDS ***
ct-650: raises $3 to $6
jl45259071: calls $3
*** FLOP *** [As 8c 7d]
jl45259071: checks
ct-650: bets $3
jl45259071: calls $3
*** TURN *** [As 8c 7d] [3d]
jl45259071: checks
ct-650: checks
*** RIVER *** [As 8c 7d 3d] [4s]
jl45259071: bets $6
ct-650: calls $6
*** SHOW DOWN ***
jl45259071: shows [6s 8h] (a pair of Eights)
ct-650: mucks hand
jl45259071 collected $29.50 from pot
*** SUMMARY ***
Total pot $30 | Rake $0.50
Board [As 8c 7d 3d 4s]
Seat 1: ct-650 (button) (small blind) mucked
Seat 2: jl45259071 (big blind) showed [6s 8h] and won ($29.50) with a pair of Eights


PokerStars Hand #148544594612:  Hold'em Limit ($3/$6 USD) - 2016/02/10 1:55:07 ET
Table 'Antenor II' 2-max Seat #2 is the button
Seat 1: ct-650 ($114.15 in chips)
Seat 2: jl45259071 ($207.11 in chips)
jl45259071: posts small blind $1
ct-650: posts big blind $3
*** HOLE CARDS ***
jl45259071: calls $2
ct-650: checks
*** FLOP *** [Ah 8s 6c]
ct-650: checks
jl45259071: bets $3
ct-650: raises $3 to $6
jl45259071: folds
Uncalled bet ($3) returned to ct-650
ct-650 collected $11.76 from pot
*** SUMMARY ***
Total pot $12 | Rake $0.24
Board [Ah 8s 6c]
Seat 1: ct-650 (big blind) collected ($11.76)
Seat 2: jl45259071 (button) (small blind) folded on the Flop


PokerStars Hand #148544821747:  Hold'em Limit ($3/$6 USD) - 2016/02/10 2:08:28 ET
Table 'Antenor II' 2-max Seat #1 is the button
Seat 1: ct-650 ($119.91 in chips)
Seat 2: jl45259071 ($120 in chips)
ct-650: posts small blind $1
jl45259071: posts big blind $3
*** HOLE CARDS ***
ct-650: raises $3 to $6
jl45259071: raises $3 to $9
ct-650: calls $3
*** FLOP *** [8s 6h 5c]
jl45259071: bets $3
ct-650: folds
Uncalled bet ($3) returned to jl45259071
jl45259071 collected $17.64 from pot
jl45259071: doesn't show hand
*** SUMMARY ***
Total pot $18 | Rake $0.36
Board [8s 6h 5c]
Seat 1: ct-650 (button) (small blind) folded on the Flop
Seat 2: jl45259071 (big blind) collected ($17.64)


PokerStars Hand #148544840920:  Hold'em Limit ($3/$6 USD) - 2016/02/10 2:09:34 ET
Table 'Antenor II' 2-max Seat #2 is the button
Seat 1: ct-650 ($128.41 in chips)
Seat 2: jl45259071 ($110.40 in chips)
jl45259071: posts small blind $1
ct-650: posts big blind $3
*** HOLE CARDS ***
jl45259071: folds
Uncalled bet ($2) returned to ct-650
ct-650 collected $2 from pot
*** SUMMARY ***
Total pot $2 | Rake $0
Seat 1: ct-650 (big blind) collected ($2)
Seat 2: jl45259071 (button) (small blind) folded before Flop


PokerStars Hand #148544837824:  Hold'em Limit ($3/$6 USD) - 2016/02/10 2:09:24 ET
Table 'Antenor II' 2-max Seat #1 is the button
Seat 1: ct-650 ($134.41 in chips)
Seat 2: jl45259071 ($104.64 in chips)
ct-650: posts small blind $1
jl45259071: posts big blind $3
*** HOLE CARDS ***
ct-650: raises $3 to $6
jl45259071: calls $3
*** FLOP *** [6d 4c 9s]
jl45259071: bets $3
ct-650: folds
Uncalled bet ($3) returned to jl45259071
jl45259071 collected $11.76 from pot
jl45259071: doesn't show hand
*** SUMMARY ***
Total pot $12 | Rake $0.24
Board [6d 4c 9s]
Seat 1: ct-650 (button) (small blind) folded on the Flop
Seat 2: jl45259071 (big blind) collected ($11.76)


PokerStars Hand #148544826921:  Hold'em Limit ($3/$6 USD) - 2016/02/10 2:08:46 ET
Table 'Antenor II' 2-max Seat #2 is the button
Seat 1: ct-650 ($110.91 in chips)
Seat 2: jl45259071 ($128.64 in chips)
jl45259071: posts small blind $1
ct-650: posts big blind $3
*** HOLE CARDS ***
jl45259071: raises $3 to $6
ct-650: calls $3
*** FLOP *** [Tc 6c Ad]
ct-650: checks
jl45259071: bets $3
ct-650: raises $3 to $6
jl45259071: calls $3
*** TURN *** [Tc 6c Ad] [Jc]
ct-650: bets $6
jl45259071: calls $6
*** RIVER *** [Tc 6c Ad Jc] [5s]
ct-650: bets $6
jl45259071: calls $6
*** SHOW DOWN ***
ct-650: shows [Ac 3d] (a pair of Aces)
jl45259071: mucks hand
ct-650 collected $47.50 from pot
*** SUMMARY ***
Total pot $48 | Rake $0.50
Board [Tc 6c Ad Jc 5s]
Seat 1: ct-650 (big blind) showed [Ac 3d] and won ($47.50) with a pair of Aces
Seat 2: jl45259071 (button) (small blind) mucked


PokerStars Hand #148544850713:  Hold'em Limit ($3/$6 USD) - 2016/02/10 2:10:07 ET
Table 'Antenor II' 2-max Seat #2 is the button
Seat 1: ct-650 ($111.41 in chips)
Seat 2: jl45259071 ($126.90 in chips)
jl45259071: posts small blind $1
ct-650: posts big blind $3
*** HOLE CARDS ***
jl45259071: calls $2
ct-650: checks
*** FLOP *** [8h Kd Jh]
ct-650: bets $3
jl45259071: calls $3
*** TURN *** [8h Kd Jh] [5d]
ct-650: checks
jl45259071: bets $6
ct-650: calls $6
*** RIVER *** [8h Kd Jh 5d] [Qs]
ct-650: bets $6
jl45259071: folds
Uncalled bet ($6) returned to ct-650
ct-650 collected $23.52 from pot
*** SUMMARY ***
Total pot $24 | Rake $0.48
Board [8h Kd Jh 5d Qs]
Seat 1: ct-650 (big blind) collected ($23.52)
Seat 2: jl45259071 (button) (small blind) folded on the River


PokerStars Hand #148544842488:  Hold'em Limit ($3/$6 USD) - 2016/02/10 2:09:40 ET
Table 'Antenor II' 2-max Seat #1 is the button
Seat 1: ct-650 ($129.41 in chips)
Seat 2: jl45259071 ($109.40 in chips)
ct-650: posts small blind $1
jl45259071: posts big blind $3
*** HOLE CARDS ***
ct-650: raises $3 to $6
jl45259071: raises $3 to $9
ct-650: calls $3
*** FLOP *** [Qh 4d 7d]
jl45259071: bets $3
ct-650: raises $3 to $6
jl45259071: raises $3 to $9
ct-650: calls $3
*** TURN *** [Qh 4d 7d] [Kh]
jl45259071: bets $6
ct-650: folds
Uncalled bet ($6) returned to jl45259071
jl45259071 collected $35.50 from pot
jl45259071: doesn't show hand
*** SUMMARY ***
Total pot $36 | Rake $0.50
Board [Qh 4d 7d Kh]
Seat 1: ct-650 (button) (small blind) folded on the Turn
Seat 2: jl45259071 (big blind) collected ($35.50)


PokerStars Hand #148544876299:  Hold'em Limit ($3/$6 USD) - 2016/02/10 2:11:34 ET
Table 'Antenor II' 2-max Seat #2 is the button
Seat 1: ct-650 ($125.31 in chips)
Seat 2: jl45259071 ($111.40 in chips)
jl45259071: posts small blind $1
ct-650: posts big blind $3
*** HOLE CARDS ***
jl45259071: calls $2
ct-650: checks
*** FLOP *** [5d Ac 5s]
ct-650: checks
jl45259071: checks
*** TURN *** [5d Ac 5s] [Jd]
ct-650: checks
jl45259071: checks
*** RIVER *** [5d Ac 5s Jd] [2h]
ct-650: checks
jl45259071: bets $6
ct-650: folds
Uncalled bet ($6) returned to jl45259071
jl45259071 collected $5.88 from pot
jl45259071: doesn't show hand
*** SUMMARY ***
Total pot $6 | Rake $0.12
Board [5d Ac 5s Jd 2h]
Seat 1: ct-650 (big blind) folded on the River
Seat 2: jl45259071 (button) (small blind) collected ($5.88)


PokerStars Hand #148544870020:  Hold'em Limit ($3/$6 USD) - 2016/02/10 2:11:13 ET
Table 'Antenor II' 2-max Seat #1 is the button
Seat 1: ct-650 ($143.31 in chips)
Seat 2: jl45259071 ($93.90 in chips)
ct-650: posts small blind $1
jl45259071: posts big blind $3
*** HOLE CARDS ***
ct-650: raises $3 to $6
jl45259071: calls $3
*** FLOP *** [6d 4s 2h]
jl45259071: checks
ct-650: checks
*** TURN *** [6d 4s 2h] [8c]
jl45259071: bets $6
ct-650: calls $6
*** RIVER *** [6d 4s 2h 8c] [7c]
jl45259071: bets $6
ct-650: calls $6
*** SHOW DOWN ***
jl45259071: shows [5c 6s] (a straight, Four to Eight)
ct-650: mucks hand
jl45259071 collected $35.50 from pot
*** SUMMARY ***
Total pot $36 | Rake $0.50
Board [6d 4s 2h 8c 7c]
Seat 1: ct-650 (button) (small blind) mucked
Seat 2: jl45259071 (big blind) showed [5c 6s] and won ($35.50) with a straight, Four to Eight


PokerStars Hand #148544865247:  Hold'em Limit ($3/$6 USD) - 2016/02/10 2:10:57 ET
Table 'Antenor II' 2-max Seat #2 is the button
Seat 1: ct-650 ($140.43 in chips)
Seat 2: jl45259071 ($96.90 in chips)
jl45259071: posts small blind $1
ct-650: posts big blind $3
*** HOLE CARDS ***
jl45259071: calls $2
ct-650: checks
*** FLOP *** [3s 8d Qc]
ct-650: checks
jl45259071: checks
*** TURN *** [3s 8d Qc] [3h]
ct-650: checks
jl45259071: checks
*** RIVER *** [3s 8d Qc 3h] [8c]
ct-650: checks
jl45259071: checks
*** SHOW DOWN ***
ct-650: shows [5d Kh] (two pair, Eights and Threes)
jl45259071: mucks hand
ct-650 collected $5.88 from pot
*** SUMMARY ***
Total pot $6 | Rake $0.12
Board [3s 8d Qc 3h 8c]
Seat 1: ct-650 (big blind) showed [5d Kh] and won ($5.88) with two pair, Eights and Threes
Seat 2: jl45259071 (button) (small blind) mucked


PokerStars Hand #148544860881:  Hold'em Limit ($3/$6 USD) - 2016/02/10 2:10:42 ET
Table 'Antenor II' 2-max Seat #1 is the button
Seat 1: ct-650 ($122.93 in chips)
Seat 2: jl45259071 ($114.90 in chips)
ct-650: posts small blind $1
jl45259071: posts big blind $3
*** HOLE CARDS ***
ct-650: raises $3 to $6
jl45259071: raises $3 to $9
ct-650: calls $3
*** FLOP *** [4c 5d Qc]
jl45259071: bets $3
ct-650: calls $3
*** TURN *** [4c 5d Qc] [7s]
jl45259071: bets $6
ct-650: raises $6 to $12
jl45259071: folds
Uncalled bet ($6) returned to ct-650
ct-650 collected $35.50 from pot
*** SUMMARY ***
Total pot $36 | Rake $0.50
Board [4c 5d Qc 7s]
Seat 1: ct-650 (button) (small blind) collected ($35.50)
Seat 2: jl45259071 (big blind) folded on the Turn


PokerStars Hand #148544889840:  Hold'em Limit ($3/$6 USD) - 2016/02/10 2:12:21 ET
Table 'Antenor II' 2-max Seat #1 is the button
Seat 1: ct-650 ($113.31 in chips)
Seat 2: jl45259071 ($122.92 in chips)
ct-650: posts small blind $1
jl45259071: posts big blind $3
*** HOLE CARDS ***
ct-650: raises $3 to $6
jl45259071: calls $3
*** FLOP *** [4d Jh 9c]
jl45259071: checks
ct-650: checks
*** TURN *** [4d Jh 9c] [Qs]
jl45259071: checks
ct-650: checks
*** RIVER *** [4d Jh 9c Qs] [8c]
jl45259071: checks
ct-650: checks
*** SHOW DOWN ***
jl45259071: shows [3d 2d] (high card Queen)
ct-650: shows [Ac 3h] (high card Ace)
ct-650 collected $11.76 from pot
*** SUMMARY ***
Total pot $12 | Rake $0.24
Board [4d Jh 9c Qs 8c]
Seat 1: ct-650 (button) (small blind) showed [Ac 3h] and won ($11.76) with high card Ace
Seat 2: jl45259071 (big blind) showed [3d 2d] and lost with high card Queen


PokerStars Hand #148544886381:  Hold'em Limit ($3/$6 USD) - 2016/02/10 2:12:09 ET
Table 'Antenor II' 2-max Seat #2 is the button
Seat 1: ct-650 ($116.31 in chips)
Seat 2: jl45259071 ($120.04 in chips)
jl45259071: posts small blind $1
ct-650: posts big blind $3
*** HOLE CARDS ***
jl45259071: calls $2
ct-650: checks
*** FLOP *** [Td 7d 2d]
ct-650: checks
jl45259071: bets $3
ct-650: folds
Uncalled bet ($3) returned to jl45259071
jl45259071 collected $5.88 from pot
jl45259071: doesn't show hand
*** SUMMARY ***
Total pot $6 | Rake $0.12
Board [Td 7d 2d]
Seat 1: ct-650 (big blind) folded on the Flop
Seat 2: jl45259071 (button) (small blind) collected ($5.88)


PokerStars Hand #148544882822:  Hold'em Limit ($3/$6 USD) - 2016/02/10 2:11:57 ET
Table 'Antenor II' 2-max Seat #1 is the button
Seat 1: ct-650 ($122.31 in chips)
Seat 2: jl45259071 ($114.28 in chips)
ct-650: posts small blind $1
jl45259071: posts big blind $3
*** HOLE CARDS ***
ct-650: raises $3 to $6
jl45259071: calls $3
*** FLOP *** [7c Js 8c]
jl45259071: bets $3
ct-650: folds
Uncalled bet ($3) returned to jl45259071
jl45259071 collected $11.76 from pot
jl45259071: doesn't show hand
*** SUMMARY ***
Total pot $12 | Rake $0.24
Board [7c Js 8c]
Seat 1: ct-650 (button) (small blind) folded on the Flop
Seat 2: jl45259071 (big blind) collected ($11.76)


PokerStars Hand #148544913192:  Hold'em Limit ($3/$6 USD) - 2016/02/10 2:13:40 ET
Table 'Antenor II' 2-max Seat #2 is the button
Seat 1: ct-650 ($164.71 in chips)
Seat 2: jl45259071 ($69.92 in chips)
jl45259071: posts small blind $1
ct-650: posts big blind $3
*** HOLE CARDS ***
jl45259071: raises $3 to $6
ct-650: raises $3 to $9
jl45259071: raises $3 to $12
Betting is capped
ct-650: calls $3
*** FLOP *** [Jd 5h Kh]
ct-650: checks
jl45259071: checks
*** TURN *** [Jd 5h Kh] [3d]
ct-650: checks
jl45259071: checks
*** RIVER *** [Jd 5h Kh 3d] [Ah]
ct-650: bets $6
jl45259071: folds
Uncalled bet ($6) returned to ct-650
ct-650 collected $23.52 from pot
*** SUMMARY ***
Total pot $24 | Rake $0.48
Board [Jd 5h Kh 3d Ah]
Seat 1: ct-650 (big blind) collected ($23.52)
Seat 2: jl45259071 (button) (small blind) folded on the River


PokerStars Hand #148544911757:  Hold'em Limit ($3/$6 USD) - 2016/02/10 2:13:35 ET
Table 'Antenor II' 2-max Seat #1 is the button
Seat 1: ct-650 ($165.71 in chips)
Seat 2: jl45259071 ($68.92 in chips)
ct-650: posts small blind $1
jl45259071: posts big blind $3
*** HOLE CARDS ***
ct-650: folds
Uncalled bet ($2) returned to jl45259071
jl45259071 collected $2 from pot
jl45259071: doesn't show hand
*** SUMMARY ***
Total pot $2 | Rake $0
Seat 1: ct-650 (button) (small blind) folded before Flop
Seat 2: jl45259071 (big blind) collected ($2)


PokerStars Hand #148544907253:  Hold'em Limit ($3/$6 USD) - 2016/02/10 2:13:20 ET
Table 'Antenor II' 2-max Seat #2 is the button
Seat 1: ct-650 ($151.21 in chips)
Seat 2: jl45259071 ($83.92 in chips)
jl45259071: posts small blind $1
ct-650: posts big blind $3
*** HOLE CARDS ***
jl45259071: calls $2
ct-650: raises $3 to $6
jl45259071: calls $3
*** FLOP *** [4c 2s Jh]
ct-650: bets $3
jl45259071: calls $3
*** TURN *** [4c 2s Jh] [Qc]
ct-650: bets $6
jl45259071: calls $6
*** RIVER *** [4c 2s Jh Qc] [7s]
ct-650: bets $6
jl45259071: folds
Uncalled bet ($6) returned to ct-650
ct-650 collected $29.50 from pot
*** SUMMARY ***
Total pot $30 | Rake $0.50
Board [4c 2s Jh Qc 7s]
Seat 1: ct-650 (big blind) collected ($29.50)
Seat 2: jl45259071 (button) (small blind) folded on the River


PokerStars Hand #148544902743:  Hold'em Limit ($3/$6 USD) - 2016/02/10 2:13:04 ET
Table 'Antenor II' 2-max Seat #1 is the button
Seat 1: ct-650 ($127.71 in chips)
Seat 2: jl45259071 ($107.92 in chips)
ct-650: posts small blind $1
jl45259071: posts big blind $3
*** HOLE CARDS ***
ct-650: raises $3 to $6
jl45259071: raises $3 to $9
ct-650: calls $3
*** FLOP *** [7d 8d Jd]
jl45259071: bets $3
ct-650: calls $3
*** TURN *** [7d 8d Jd] [Ks]
jl45259071: bets $6
ct-650: raises $6 to $12
jl45259071: calls $6
*** RIVER *** [7d 8d Jd Ks] [Ts]
jl45259071: checks
ct-650: checks
*** SHOW DOWN ***
jl45259071: shows [Ac 7s] (a pair of Sevens)
ct-650: shows [Ad Tc] (a pair of Tens)
ct-650 collected $47.50 from pot
*** SUMMARY ***
Total pot $48 | Rake $0.50
Board [7d 8d Jd Ks Ts]
Seat 1: ct-650 (button) (small blind) showed [Ad Tc] and won ($47.50) with a pair of Tens
Seat 2: jl45259071 (big blind) showed [Ac 7s] and lost with a pair of Sevens


PokerStars Hand #148544897875:  Hold'em Limit ($3/$6 USD) - 2016/02/10 2:12:48 ET
Table 'Antenor II' 2-max Seat #2 is the button
Seat 1: ct-650 ($119.07 in chips)
Seat 2: jl45259071 ($116.92 in chips)
jl45259071: posts small blind $1
ct-650: posts big blind $3
*** HOLE CARDS ***
jl45259071: calls $2
ct-650: raises $3 to $6
jl45259071: calls $3
*** FLOP *** [7h 4h 6s]
ct-650: bets $3
jl45259071: calls $3
*** TURN *** [7h 4h 6s] [Kc]
ct-650: checks
jl45259071: checks
*** RIVER *** [7h 4h 6s Kc] [7d]
ct-650: bets $6
jl45259071: folds
Uncalled bet ($6) returned to ct-650
ct-650 collected $17.64 from pot
*** SUMMARY ***
Total pot $18 | Rake $0.36
Board [7h 4h 6s Kc 7d]
Seat 1: ct-650 (big blind) collected ($17.64)
Seat 2: jl45259071 (button) (small blind) folded on the River


PokerStars Hand #148544929942:  Hold'em Limit ($3/$6 USD) - 2016/02/10 2:14:37 ET
Table 'Antenor II' 2-max Seat #2 is the button
Seat 1: ct-650 ($163.23 in chips)
Seat 2: jl45259071 ($70.44 in chips)
jl45259071: posts small blind $1
ct-650: posts big blind $3
*** HOLE CARDS ***
jl45259071: calls $2
ct-650: checks
*** FLOP *** [9s Jc 5d]
ct-650: bets $3
jl45259071: folds
Uncalled bet ($3) returned to ct-650
ct-650 collected $5.88 from pot
*** SUMMARY ***
Total pot $6 | Rake $0.12
Board [9s Jc 5d]
Seat 1: ct-650 (big blind) collected ($5.88)
Seat 2: jl45259071 (button) (small blind) folded on the Flop


PokerStars Hand #148544928585:  Hold'em Limit ($3/$6 USD) - 2016/02/10 2:14:33 ET
Table 'Antenor II' 2-max Seat #1 is the button
Seat 1: ct-650 ($164.23 in chips)
Seat 2: jl45259071 ($69.44 in chips)
ct-650: posts small blind $1
jl45259071: posts big blind $3
*** HOLE CARDS ***
ct-650: folds
Uncalled bet ($2) returned to jl45259071
jl45259071 collected $2 from pot
jl45259071: doesn't show hand
*** SUMMARY ***
Total pot $2 | Rake $0
Seat 1: ct-650 (button) (small blind) folded before Flop
Seat 2: jl45259071 (big blind) collected ($2)


PokerStars Hand #148544923772:  Hold'em Limit ($3/$6 USD) - 2016/02/10 2:14:16 ET
Table 'Antenor II' 2-max Seat #2 is the button
Seat 1: ct-650 ($167.23 in chips)
Seat 2: jl45259071 ($66.56 in chips)
jl45259071: posts small blind $1
ct-650: posts big blind $3
*** HOLE CARDS ***
jl45259071: calls $2
ct-650: checks
*** FLOP *** [Kc 2s 8s]
ct-650: checks
jl45259071: checks
*** TURN *** [Kc 2s 8s] [6c]
ct-650: checks
jl45259071: checks
*** RIVER *** [Kc 2s 8s 6c] [Tc]
ct-650: checks
jl45259071: bets $6
ct-650: folds
Uncalled bet ($6) returned to jl45259071
jl45259071 collected $5.88 from pot
jl45259071: doesn't show hand
*** SUMMARY ***
Total pot $6 | Rake $0.12
Board [Kc 2s 8s 6c Tc]
Seat 1: ct-650 (big blind) folded on the River
Seat 2: jl45259071 (button) (small blind) collected ($5.88)


PokerStars Hand #148544918919:  Hold'em Limit ($3/$6 USD) - 2016/02/10 2:14:00 ET
Table 'Antenor II' 2-max Seat #1 is the button
Seat 1: ct-650 ($176.23 in chips)
Seat 2: jl45259071 ($57.92 in chips)
ct-650: posts small blind $1
jl45259071: posts big blind $3
*** HOLE CARDS ***
ct-650: raises $3 to $6
jl45259071: calls $3
*** FLOP *** [Jd 4c 7d]
jl45259071: checks
ct-650: bets $3
jl45259071: calls $3
*** TURN *** [Jd 4c 7d] [8s]
jl45259071: checks
ct-650: checks
*** RIVER *** [Jd 4c 7d 8s] [2d]
jl45259071: bets $6
ct-650: folds
Uncalled bet ($6) returned to jl45259071
jl45259071 collected $17.64 from pot
jl45259071: doesn't show hand
*** SUMMARY ***
Total pot $18 | Rake $0.36
Board [Jd 4c 7d 8s 2d]
Seat 1: ct-650 (button) (small blind) folded on the River
Seat 2: jl45259071 (big blind) collected ($17.64)


PokerStars Hand #148544946063:  Hold'em Limit ($3/$6 USD) - 2016/02/10 2:15:32 ET
Table 'Antenor II' 2-max Seat #1 is the button
Seat 1: ct-650 ($183.36 in chips)
Seat 2: jl45259071 ($49.19 in chips)
ct-650: posts small blind $1
jl45259071: posts big blind $3
*** HOLE CARDS ***
ct-650: raises $3 to $6
jl45259071: raises $3 to $9
ct-650: calls $3
*** FLOP *** [7c Qh 6c]
jl45259071: bets $3
ct-650: raises $3 to $6
jl45259071: calls $3
*** TURN *** [7c Qh 6c] [6d]
jl45259071: checks
ct-650: checks
*** RIVER *** [7c Qh 6c 6d] [5d]
jl45259071: checks
ct-650: checks
*** SHOW DOWN ***
jl45259071: shows [Ts 9s] (a pair of Sixes)
ct-650: mucks hand
jl45259071 collected $29.50 from pot
*** SUMMARY ***
Total pot $30 | Rake $0.50
Board [7c Qh 6c 6d 5d]
Seat 1: ct-650 (button) (small blind) mucked
Seat 2: jl45259071 (big blind) showed [Ts 9s] and won ($29.50) with a pair of Sixes


PokerStars Hand #148544938912:  Hold'em Limit ($3/$6 USD) - 2016/02/10 2:15:08 ET
Table 'Antenor II' 2-max Seat #2 is the button
Seat 1: ct-650 ($183.61 in chips)
Seat 2: jl45259071 ($49.44 in chips)
jl45259071: posts small blind $1
ct-650: posts big blind $3
*** HOLE CARDS ***
jl45259071: calls $2
ct-650: checks
*** FLOP *** [Qc 6h 7c]
ct-650: checks
jl45259071: bets $3
ct-650: raises $3 to $6
jl45259071: raises $3 to $9
ct-650: calls $3
*** TURN *** [Qc 6h 7c] [5d]
ct-650: checks
jl45259071: checks
*** RIVER *** [Qc 6h 7c 5d] [4s]
ct-650: bets $6
jl45259071: raises $6 to $12
ct-650: calls $6
*** SHOW DOWN ***
jl45259071: shows [5h 8d] (a straight, Four to Eight)
ct-650: shows [Qs 8s] (a straight, Four to Eight)
ct-650 collected $23.75 from pot
jl45259071 collected $23.75 from pot
*** SUMMARY ***
Total pot $48 | Rake $0.50
Board [Qc 6h 7c 5d 4s]
Seat 1: ct-650 (big blind) showed [Qs 8s] and won ($23.75) with a straight, Four to Eight
Seat 2: jl45259071 (button) (small blind) showed [5h 8d] and won ($23.75) with a straight, Four to Eight


PokerStars Hand #148544933390:  Hold'em Limit ($3/$6 USD) - 2016/02/10 2:14:49 ET
Table 'Antenor II' 2-max Seat #1 is the button
Seat 1: ct-650 ($166.11 in chips)
Seat 2: jl45259071 ($67.44 in chips)
ct-650: posts small blind $1
jl45259071: posts big blind $3
*** HOLE CARDS ***
ct-650: raises $3 to $6
jl45259071: raises $3 to $9
ct-650: calls $3
*** FLOP *** [Jd Jc 6h]
jl45259071: bets $3
ct-650: calls $3
*** TURN *** [Jd Jc 6h] [Qd]
jl45259071: checks
ct-650: bets $6
jl45259071: calls $6
*** RIVER *** [Jd Jc 6h Qd] [9c]
jl45259071: checks
ct-650: checks
*** SHOW DOWN ***
jl45259071: shows [5s 5c] (two pair, Jacks and Fives)
ct-650: shows [6d 7d] (two pair, Jacks and Sixes)
ct-650 collected $35.50 from pot
*** SUMMARY ***
Total pot $36 | Rake $0.50
Board [Jd Jc 6h Qd 9c]
Seat 1: ct-650 (button) (small blind) showed [6d 7d] and won ($35.50) with two pair, Jacks and Sixes
Seat 2: jl45259071 (big blind) showed [5s 5c] and lost with two pair, Jacks and Fives


PokerStars Hand #148544966966:  Hold'em Limit ($3/$6 USD) - 2016/02/10 2:16:43 ET
Table 'Antenor II' 2-max Seat #1 is the button
Seat 1: ct-650 ($156 in chips)
Seat 2: jl45259071 ($74.85 in chips)
ct-650: posts small blind $1
jl45259071: posts big blind $3
*** HOLE CARDS ***
ct-650: raises $3 to $6
jl45259071: calls $3
*** FLOP *** [5c Qs 4d]
jl45259071: checks
ct-650: bets $3
jl45259071: raises $3 to $6
ct-650: folds
Uncalled bet ($3) returned to jl45259071
jl45259071 collected $17.64 from pot
jl45259071: doesn't show hand
*** SUMMARY ***
Total pot $18 | Rake $0.36
Board [5c Qs 4d]
Seat 1: ct-650 (button) (small blind) folded on the Flop
Seat 2: jl45259071 (big blind) collected ($17.64)


PokerStars Hand #148544961087:  Hold'em Limit ($3/$6 USD) - 2016/02/10 2:16:23 ET
Table 'Antenor II' 2-max Seat #2 is the button
Seat 1: ct-650 ($168 in chips)
Seat 2: jl45259071 ($63.33 in chips)
jl45259071: posts small blind $1
ct-650: posts big blind $3
*** HOLE CARDS ***
jl45259071: calls $2
ct-650: checks
*** FLOP *** [2s 7c Qh]
ct-650: bets $3
jl45259071: calls $3
*** TURN *** [2s 7c Qh] [7d]
ct-650: checks
jl45259071: checks
*** RIVER *** [2s 7c Qh 7d] [8h]
ct-650: bets $6
jl45259071: calls $6
*** SHOW DOWN ***
ct-650: shows [9h Tc] (a pair of Sevens)
jl45259071: shows [8c 4c] (two pair, Eights and Sevens)
jl45259071 collected $23.52 from pot
*** SUMMARY ***
Total pot $24 | Rake $0.48
Board [2s 7c Qh 7d 8h]
Seat 1: ct-650 (big blind) showed [9h Tc] and lost with a pair of Sevens
Seat 2: jl45259071 (button) (small blind) showed [8c 4c] and won ($23.52) with two pair, Eights and Sevens


PokerStars Hand #148544956701:  Hold'em Limit ($3/$6 USD) - 2016/02/10 2:16:08 ET
Table 'Antenor II' 2-max Seat #1 is the button
Seat 1: ct-650 ($159.36 in chips)
Seat 2: jl45259071 ($72.33 in chips)
ct-650: posts small blind $1
jl45259071: posts big blind $3
*** HOLE CARDS ***
ct-650: raises $3 to $6
jl45259071: calls $3
*** FLOP *** [Ts Tc 8d]
jl45259071: checks
ct-650: bets $3
jl45259071: calls $3
*** TURN *** [Ts Tc 8d] [3d]
jl45259071: checks
ct-650: bets $6
jl45259071: folds
Uncalled bet ($6) returned to ct-650
ct-650 collected $17.64 from pot
*** SUMMARY ***
Total pot $18 | Rake $0.36
Board [Ts Tc 8d 3d]
Seat 1: ct-650 (button) (small blind) collected ($17.64)
Seat 2: jl45259071 (big blind) folded on the Turn


PokerStars Hand #148544951258:  Hold'em Limit ($3/$6 USD) - 2016/02/10 2:15:50 ET
Table 'Antenor II' 2-max Seat #2 is the button
Seat 1: ct-650 ($168.36 in chips)
Seat 2: jl45259071 ($63.69 in chips)
jl45259071: posts small blind $1
ct-650: posts big blind $3
*** HOLE CARDS ***
jl45259071: calls $2
ct-650: raises $3 to $6
jl45259071: calls $3
*** FLOP *** [4c Td 7h]
ct-650: bets $3
jl45259071: calls $3
*** TURN *** [4c Td 7h] [6h]
ct-650: checks
jl45259071: checks
*** RIVER *** [4c Td 7h 6h] [3c]
ct-650: checks
jl45259071: checks
*** SHOW DOWN ***
ct-650: shows [2d 2c] (a pair of Deuces)
jl45259071: shows [Kh 4d] (a pair of Fours)
jl45259071 collected $17.64 from pot
*** SUMMARY ***
Total pot $18 | Rake $0.36
Board [4c Td 7h 6h 3c]
Seat 1: ct-650 (big blind) showed [2d 2c] and lost with a pair of Deuces
Seat 2: jl45259071 (button) (small blind) showed [Kh 4d] and won ($17.64) with a pair of Fours


PokerStars Hand #148544985685:  Hold'em Limit ($3/$6 USD) - 2016/02/10 2:17:46 ET
Table 'Antenor II' 2-max Seat #2 is the button
Seat 1: ct-650 ($163.02 in chips)
Seat 2: jl45259071 ($66.13 in chips)
jl45259071: posts small blind $1
ct-650: posts big blind $3
*** HOLE CARDS ***
jl45259071: calls $2
ct-650: checks
*** FLOP *** [8c 9d Qh]
ct-650: bets $3
jl45259071: calls $3
*** TURN *** [8c 9d Qh] [7h]
ct-650: bets $6
jl45259071: calls $6
*** RIVER *** [8c 9d Qh 7h] [3h]
ct-650: bets $6
jl45259071: folds
Uncalled bet ($6) returned to ct-650
ct-650 collected $23.52 from pot
*** SUMMARY ***
Total pot $24 | Rake $0.48
Board [8c 9d Qh 7h 3h]
Seat 1: ct-650 (big blind) collected ($23.52)
Seat 2: jl45259071 (button) (small blind) folded on the River


PokerStars Hand #148544984057:  Hold'em Limit ($3/$6 USD) - 2016/02/10 2:17:41 ET
Table 'Antenor II' 2-max Seat #1 is the button
Seat 1: ct-650 ($164.02 in chips)
Seat 2: jl45259071 ($65.13 in chips)
ct-650: posts small blind $1
jl45259071: posts big blind $3
*** HOLE CARDS ***
ct-650: folds
Uncalled bet ($2) returned to jl45259071
jl45259071 collected $2 from pot
jl45259071: doesn't show hand
*** SUMMARY ***
Total pot $2 | Rake $0
Seat 1: ct-650 (button) (small blind) folded before Flop
Seat 2: jl45259071 (big blind) collected ($2)


PokerStars Hand #148544979236:  Hold'em Limit ($3/$6 USD) - 2016/02/10 2:17:24 ET
Table 'Antenor II' 2-max Seat #2 is the button
Seat 1: ct-650 ($173.02 in chips)
Seat 2: jl45259071 ($56.49 in chips)
jl45259071: posts small blind $1
ct-650: posts big blind $3
*** HOLE CARDS ***
jl45259071: raises $3 to $6
ct-650: calls $3
*** FLOP *** [Th 5h Qs]
ct-650: checks
jl45259071: bets $3
ct-650: calls $3
*** TURN *** [Th 5h Qs] [3c]
ct-650: checks
jl45259071: checks
*** RIVER *** [Th 5h Qs 3c] [Ah]
ct-650: checks
jl45259071: bets $6
ct-650: folds
Uncalled bet ($6) returned to jl45259071
jl45259071 collected $17.64 from pot
*** SUMMARY ***
Total pot $18 | Rake $0.36
Board [Th 5h Qs 3c Ah]
Seat 1: ct-650 (big blind) folded on the River
Seat 2: jl45259071 (button) (small blind) collected ($17.64)


PokerStars Hand #148544974431:  Hold'em Limit ($3/$6 USD) - 2016/02/10 2:17:08 ET
Table 'Antenor II' 2-max Seat #1 is the button
Seat 1: ct-650 ($158.52 in chips)
Seat 2: jl45259071 ($71.49 in chips)
ct-650: posts small blind $1
jl45259071: posts big blind $3
*** HOLE CARDS ***
ct-650: raises $3 to $6
jl45259071: calls $3
*** FLOP *** [3h 6s Jh]
jl45259071: checks
ct-650: bets $3
jl45259071: calls $3
*** TURN *** [3h 6s Jh] [4s]
jl45259071: checks
ct-650: bets $6
jl45259071: calls $6
*** RIVER *** [3h 6s Jh 4s] [7d]
jl45259071: checks
ct-650: checks
*** SHOW DOWN ***
jl45259071: shows [8c Qh] (high card Queen)
ct-650: shows [As 3s] (a pair of Threes)
ct-650 collected $29.50 from pot
*** SUMMARY ***
Total pot $30 | Rake $0.50
Board [3h 6s Jh 4s 7d]
Seat 1: ct-650 (button) (small blind) showed [As 3s] and won ($29.50) with a pair of Threes
Seat 2: jl45259071 (big blind) showed [8c Qh] and lost with high card Queen


PokerStars Hand #148544969735:  Hold'em Limit ($3/$6 USD) - 2016/02/10 2:16:52 ET
Table 'Antenor II' 2-max Seat #2 is the button
Seat 1: ct-650 ($147 in chips)
Seat 2: jl45259071 ($83.49 in chips)
jl45259071: posts small blind $1
ct-650: posts big blind $3
*** HOLE CARDS ***
jl45259071: calls $2
ct-650: checks
*** FLOP *** [2d As Jd]
ct-650: bets $3
jl45259071: calls $3
*** TURN *** [2d As Jd] [6d]
ct-650: bets $6
jl45259071: calls $6
*** RIVER *** [2d As Jd 6d] [7c]
ct-650: bets $6
jl45259071: folds
Uncalled bet ($6) returned to ct-650
ct-650 collected $23.52 from pot
*** SUMMARY ***
Total pot $24 | Rake $0.48
Board [2d As Jd 6d 7c]
Seat 1: ct-650 (big blind) collected ($23.52)
Seat 2: jl45259071 (button) (small blind) folded on the River


PokerStars Hand #148545000223:  Hold'em Limit ($3/$6 USD) - 2016/02/10 2:18:35 ET
Table 'Antenor II' 2-max Seat #2 is the button
Seat 1: ct-650 ($185.04 in chips)
Seat 2: jl45259071 ($43.01 in chips)
jl45259071: posts small blind $1
ct-650: posts big blind $3
*** HOLE CARDS ***
jl45259071: calls $2
ct-650: checks
*** FLOP *** [3h 8s Jd]
ct-650: checks
jl45259071: checks
*** TURN *** [3h 8s Jd] [9s]
ct-650: checks
jl45259071: bets $6
ct-650: folds
Uncalled bet ($6) returned to jl45259071
jl45259071 collected $5.88 from pot
jl45259071: doesn't show hand
*** SUMMARY ***
Total pot $6 | Rake $0.12
Board [3h 8s Jd 9s]
Seat 1: ct-650 (big blind) folded on the Turn
Seat 2: jl45259071 (button) (small blind) collected ($5.88)


PokerStars Hand #148544996111:  Hold'em Limit ($3/$6 USD) - 2016/02/10 2:18:21 ET
Table 'Antenor II' 2-max Seat #1 is the button
Seat 1: ct-650 ($170.54 in chips)
Seat 2: jl45259071 ($58.01 in chips)
ct-650: posts small blind $1
jl45259071: posts big blind $3
*** HOLE CARDS ***
ct-650: raises $3 to $6
jl45259071: calls $3
*** FLOP *** [Td Th Jh]
jl45259071: checks
ct-650: bets $3
jl45259071: calls $3
*** TURN *** [Td Th Jh] [8c]
jl45259071: checks
ct-650: bets $6
jl45259071: calls $6
*** RIVER *** [Td Th Jh 8c] [Tc]
jl45259071: checks
ct-650: bets $6
jl45259071: folds
Uncalled bet ($6) returned to ct-650
ct-650 collected $29.50 from pot
*** SUMMARY ***
Total pot $30 | Rake $0.50
Board [Td Th Jh 8c Tc]
Seat 1: ct-650 (button) (small blind) collected ($29.50)
Seat 2: jl45259071 (big blind) folded on the River


PokerStars Hand #148544992466:  Hold'em Limit ($3/$6 USD) - 2016/02/10 2:18:09 ET
Table 'Antenor II' 2-max Seat #2 is the button
Seat 1: ct-650 ($173.54 in chips)
Seat 2: jl45259071 ($55.13 in chips)
jl45259071: posts small blind $1
ct-650: posts big blind $3
*** HOLE CARDS ***
jl45259071: calls $2
ct-650: checks
*** FLOP *** [6c Qh Qs]
ct-650: checks
jl45259071: checks
*** TURN *** [6c Qh Qs] [4s]
ct-650: checks
jl45259071: checks
*** RIVER *** [6c Qh Qs 4s] [4h]
ct-650: checks
jl45259071: checks
*** SHOW DOWN ***
ct-650: shows [9c 3d] (two pair, Queens and Fours)
jl45259071: shows [9h Tc] (two pair, Queens and Fours - Ten kicker)
jl45259071 collected $5.88 from pot
*** SUMMARY ***
Total pot $6 | Rake $0.12
Board [6c Qh Qs 4s 4h]
Seat 1: ct-650 (big blind) showed [9c 3d] and lost with two pair, Queens and Fours
Seat 2: jl45259071 (button) (small blind) showed [9h Tc] and won ($5.88) with two pair, Queens and Fours


PokerStars Hand #148544990564:  Hold'em Limit ($3/$6 USD) - 2016/02/10 2:18:02 ET
Table 'Antenor II' 2-max Seat #1 is the button
Seat 1: ct-650 ($174.54 in chips)
Seat 2: jl45259071 ($54.13 in chips)
ct-650: posts small blind $1
jl45259071: posts big blind $3
*** HOLE CARDS ***
ct-650: folds
Uncalled bet ($2) returned to jl45259071
jl45259071 collected $2 from pot
jl45259071: doesn't show hand
*** SUMMARY ***
Total pot $2 | Rake $0
Seat 1: ct-650 (button) (small blind) folded before Flop
Seat 2: jl45259071 (big blind) collected ($2)


PokerStars Hand #148545020956:  Hold'em Limit ($3/$6 USD) - 2016/02/10 2:19:45 ET
Table 'Antenor II' 2-max Seat #1 is the button
Seat 1: ct-650 ($163.18 in chips)
Seat 2: jl45259071 ($62.89 in chips)
ct-650: posts small blind $1
jl45259071: posts big blind $3
*** HOLE CARDS ***
ct-650: raises $3 to $6
jl45259071: raises $3 to $9
ct-650: calls $3
*** FLOP *** [3d 4h Kc]
jl45259071: bets $3
ct-650: folds
Uncalled bet ($3) returned to jl45259071
jl45259071 collected $17.64 from pot
jl45259071: doesn't show hand
*** SUMMARY ***
Total pot $18 | Rake $0.36
Board [3d 4h Kc]
Seat 1: ct-650 (button) (small blind) folded on the Flop
Seat 2: jl45259071 (big blind) collected ($17.64)


PokerStars Hand #148545016988:  Hold'em Limit ($3/$6 USD) - 2016/02/10 2:19:32 ET
Table 'Antenor II' 2-max Seat #2 is the button
Seat 1: ct-650 ($178.18 in chips)
Seat 2: jl45259071 ($48.39 in chips)
jl45259071: posts small blind $1
ct-650: posts big blind $3
*** HOLE CARDS ***
jl45259071: raises $3 to $6
ct-650: calls $3
*** FLOP *** [Qs 6h Jd]
ct-650: checks
jl45259071: bets $3
ct-650: calls $3
*** TURN *** [Qs 6h Jd] [3h]
ct-650: checks
jl45259071: bets $6
ct-650: calls $6
*** RIVER *** [Qs 6h Jd 3h] [Kc]
ct-650: checks
jl45259071: bets $6
ct-650: folds
Uncalled bet ($6) returned to jl45259071
jl45259071 collected $29.50 from pot
jl45259071: doesn't show hand
*** SUMMARY ***
Total pot $30 | Rake $0.50
Board [Qs 6h Jd 3h Kc]
Seat 1: ct-650 (big blind) folded on the River
Seat 2: jl45259071 (button) (small blind) collected ($29.50)


PokerStars Hand #148545012953:  Hold'em Limit ($3/$6 USD) - 2016/02/10 2:19:18 ET
Table 'Antenor II' 2-max Seat #1 is the button
Seat 1: ct-650 ($154.68 in chips)
Seat 2: jl45259071 ($72.39 in chips)
ct-650: posts small blind $1
jl45259071: posts big blind $3
*** HOLE CARDS ***
ct-650: raises $3 to $6
jl45259071: raises $3 to $9
ct-650: calls $3
*** FLOP *** [3d Qc 7h]
jl45259071: bets $3
ct-650: calls $3
*** TURN *** [3d Qc 7h] [3h]
jl45259071: bets $6
ct-650: calls $6
*** RIVER *** [3d Qc 7h 3h] [5d]
jl45259071: bets $6
ct-650: calls $6
*** SHOW DOWN ***
jl45259071: shows [As 8h] (a pair of Threes)
ct-650: shows [6s 6d] (two pair, Sixes and Threes)
ct-650 collected $47.50 from pot
*** SUMMARY ***
Total pot $48 | Rake $0.50
Board [3d Qc 7h 3h 5d]
Seat 1: ct-650 (button) (small blind) showed [6s 6d] and won ($47.50) with two pair, Sixes and Threes
Seat 2: jl45259071 (big blind) showed [As 8h] and lost with a pair of Threes


PokerStars Hand #148545009001:  Hold'em Limit ($3/$6 USD) - 2016/02/10 2:19:05 ET
Table 'Antenor II' 2-max Seat #2 is the button
Seat 1: ct-650 ($146.04 in chips)
Seat 2: jl45259071 ($81.39 in chips)
jl45259071: posts small blind $1
ct-650: posts big blind $3
*** HOLE CARDS ***
jl45259071: raises $3 to $6
ct-650: calls $3
*** FLOP *** [Kc 5c Jc]
ct-650: checks
jl45259071: bets $3
ct-650: calls $3
*** TURN *** [Kc 5c Jc] [6h]
ct-650: checks
jl45259071: checks
*** RIVER *** [Kc 5c Jc 6h] [4c]
ct-650: checks
jl45259071: checks
*** SHOW DOWN ***
ct-650: shows [7h 5d] (a pair of Fives)
jl45259071: mucks hand
ct-650 collected $17.64 from pot
*** SUMMARY ***
Total pot $18 | Rake $0.36
Board [Kc 5c Jc 6h 4c]
Seat 1: ct-650 (big blind) showed [7h 5d] and won ($17.64) with a pair of Fives
Seat 2: jl45259071 (button) (small blind) mucked


PokerStars Hand #148545003625:  Hold'em Limit ($3/$6 USD) - 2016/02/10 2:18:46 ET
Table 'Antenor II' 2-max Seat #1 is the button
Seat 1: ct-650 ($182.04 in chips)
Seat 2: jl45259071 ($45.89 in chips)
ct-650: posts small blind $1
jl45259071: posts big blind $3
*** HOLE CARDS ***
ct-650: raises $3 to $6
jl45259071: raises $3 to $9
ct-650: calls $3
*** FLOP *** [6s 6h 3h]
jl45259071: bets $3
ct-650: calls $3
*** TURN *** [6s 6h 3h] [7c]
jl45259071: bets $6
ct-650: raises $6 to $12
jl45259071: raises $6 to $18
ct-650: calls $6
*** RIVER *** [6s 6h 3h 7c] [6c]
jl45259071: bets $6
ct-650: calls $6
*** SHOW DOWN ***
jl45259071: shows [7d 7s] (a full house, Sevens full of Sixes)
ct-650: mucks hand
jl45259071 collected $71.50 from pot
*** SUMMARY ***
Total pot $72 | Rake $0.50
Board [6s 6h 3h 7c 6c]
Seat 1: ct-650 (button) (small blind) mucked
Seat 2: jl45259071 (big blind) showed [7d 7s] and won ($71.50) with a full house, Sevens full of Sixes


PokerStars Hand #148545035965:  Hold'em Limit ($3/$6 USD) - 2016/02/10 2:20:36 ET
Table 'Antenor II' 2-max Seat #2 is the button
Seat 1: ct-650 ($133.06 in chips)
Seat 2: jl45259071 ($91.57 in chips)
jl45259071: posts small blind $1
ct-650: posts big blind $3
*** HOLE CARDS ***
jl45259071: calls $2
ct-650: raises $3 to $6
jl45259071: calls $3
*** FLOP *** [7h 8c 2s]
ct-650: bets $3
jl45259071: calls $3
*** TURN *** [7h 8c 2s] [7d]
ct-650: bets $6
jl45259071: calls $6
*** RIVER *** [7h 8c 2s 7d] [7c]
ct-650: checks
jl45259071: bets $6
ct-650: calls $6
*** SHOW DOWN ***
jl45259071: shows [7s 4c] (four of a kind, Sevens)
ct-650: mucks hand
jl45259071 collected $41.50 from pot
*** SUMMARY ***
Total pot $42 | Rake $0.50
Board [7h 8c 2s 7d 7c]
Seat 1: ct-650 (big blind) mucked
Seat 2: jl45259071 (button) (small blind) showed [7s 4c] and won ($41.50) with four of a kind, Sevens


PokerStars Hand #148545033463:  Hold'em Limit ($3/$6 USD) - 2016/02/10 2:20:28 ET
Table 'Antenor II' 2-max Seat #1 is the button
Seat 1: ct-650 ($142.06 in chips)
Seat 2: jl45259071 ($82.93 in chips)
ct-650: posts small blind $1
jl45259071: posts big blind $3
*** HOLE CARDS ***
ct-650: raises $3 to $6
jl45259071: raises $3 to $9
ct-650: calls $3
*** FLOP *** [Ks Ac 6c]
jl45259071: bets $3
ct-650: folds
Uncalled bet ($3) returned to jl45259071
jl45259071 collected $17.64 from pot
jl45259071: doesn't show hand
*** SUMMARY ***
Total pot $18 | Rake $0.36
Board [Ks Ac 6c]
Seat 1: ct-650 (button) (small blind) folded on the Flop
Seat 2: jl45259071 (big blind) collected ($17.64)


PokerStars Hand #148545030267:  Hold'em Limit ($3/$6 USD) - 2016/02/10 2:20:17 ET
Table 'Antenor II' 2-max Seat #2 is the button
Seat 1: ct-650 ($139.18 in chips)
Seat 2: jl45259071 ($85.93 in chips)
jl45259071: posts small blind $1
ct-650: posts big blind $3
*** HOLE CARDS ***
jl45259071: calls $2
ct-650: checks
*** FLOP *** [Js Th 5h]
ct-650: checks
jl45259071: checks
*** TURN *** [Js Th 5h] [Kd]
ct-650: bets $6
jl45259071: folds
Uncalled bet ($6) returned to ct-650
ct-650 collected $5.88 from pot
*** SUMMARY ***
Total pot $6 | Rake $0.12
Board [Js Th 5h Kd]
Seat 1: ct-650 (big blind) collected ($5.88)
Seat 2: jl45259071 (button) (small blind) folded on the Turn


PokerStars Hand #148545026712:  Hold'em Limit ($3/$6 USD) - 2016/02/10 2:20:05 ET
Table 'Antenor II' 2-max Seat #1 is the button
Seat 1: ct-650 ($151.18 in chips)
Seat 2: jl45259071 ($74.41 in chips)
ct-650: posts small blind $1
jl45259071: posts big blind $3
*** HOLE CARDS ***
ct-650: raises $3 to $6
jl45259071: calls $3
*** FLOP *** [8s 6c 2c]
jl45259071: checks
ct-650: checks
*** TURN *** [8s 6c 2c] [Th]
jl45259071: bets $6
ct-650: calls $6
*** RIVER *** [8s 6c 2c Th] [Ah]
jl45259071: bets $6
ct-650: folds
Uncalled bet ($6) returned to jl45259071
jl45259071 collected $23.52 from pot
jl45259071: doesn't show hand
*** SUMMARY ***
Total pot $24 | Rake $0.48
Board [8s 6c 2c Th Ah]
Seat 1: ct-650 (button) (small blind) folded on the River
Seat 2: jl45259071 (big blind) collected ($23.52)


PokerStars Hand #148545023419:  Hold'em Limit ($3/$6 USD) - 2016/02/10 2:19:53 ET
Table 'Antenor II' 2-max Seat #2 is the button
Seat 1: ct-650 ($154.18 in chips)
Seat 2: jl45259071 ($71.53 in chips)
jl45259071: posts small blind $1
ct-650: posts big blind $3
*** HOLE CARDS ***
jl45259071: calls $2
ct-650: checks
*** FLOP *** [3d 2c 5s]
ct-650: checks
jl45259071: checks
*** TURN *** [3d 2c 5s] [4h]
ct-650: checks
jl45259071: bets $6
ct-650: folds
Uncalled bet ($6) returned to jl45259071
jl45259071 collected $5.88 from pot
jl45259071: doesn't show hand
*** SUMMARY ***
Total pot $6 | Rake $0.12
Board [3d 2c 5s 4h]
Seat 1: ct-650 (big blind) folded on the Turn
Seat 2: jl45259071 (button) (small blind) collected ($5.88)


PokerStars Hand #148545052169:  Hold'em Limit ($3/$6 USD) - 2016/02/10 2:21:31 ET
Table 'Antenor II' 2-max Seat #2 is the button
Seat 1: ct-650 ($108.56 in chips)
Seat 2: jl45259071 ($114.33 in chips)
jl45259071: posts small blind $1
ct-650: posts big blind $3
*** HOLE CARDS ***
jl45259071: calls $2
ct-650: raises $3 to $6
jl45259071: calls $3
*** FLOP *** [3c 8c Qd]
ct-650: bets $3
jl45259071: calls $3
*** TURN *** [3c 8c Qd] [2c]
ct-650: bets $6
jl45259071: calls $6
*** RIVER *** [3c 8c Qd 2c] [9s]
ct-650: bets $6
jl45259071: folds
Uncalled bet ($6) returned to ct-650
ct-650 collected $29.50 from pot
*** SUMMARY ***
Total pot $30 | Rake $0.50
Board [3c 8c Qd 2c 9s]
Seat 1: ct-650 (big blind) collected ($29.50)
Seat 2: jl45259071 (button) (small blind) folded on the River


PokerStars Hand #148545049322:  Hold'em Limit ($3/$6 USD) - 2016/02/10 2:21:21 ET
Table 'Antenor II' 2-max Seat #1 is the button
Seat 1: ct-650 ($114.56 in chips)
Seat 2: jl45259071 ($108.57 in chips)
ct-650: posts small blind $1
jl45259071: posts big blind $3
*** HOLE CARDS ***
ct-650: raises $3 to $6
jl45259071: calls $3
*** FLOP *** [Qd 7h As]
jl45259071: checks
ct-650: checks
*** TURN *** [Qd 7h As] [4h]
jl45259071: bets $6
ct-650: folds
Uncalled bet ($6) returned to jl45259071
jl45259071 collected $11.76 from pot
jl45259071: doesn't show hand
*** SUMMARY ***
Total pot $12 | Rake $0.24
Board [Qd 7h As 4h]
Seat 1: ct-650 (button) (small blind) folded on the Turn
Seat 2: jl45259071 (big blind) collected ($11.76)


PokerStars Hand #148545044992:  Hold'em Limit ($3/$6 USD) - 2016/02/10 2:21:06 ET
Table 'Antenor II' 2-max Seat #2 is the button
Seat 1: ct-650 ($132.56 in chips)
Seat 2: jl45259071 ($91.07 in chips)
jl45259071: posts small blind $1
ct-650: posts big blind $3
*** HOLE CARDS ***
jl45259071: calls $2
ct-650: checks
*** FLOP *** [8s 4d Ac]
ct-650: bets $3
jl45259071: calls $3
*** TURN *** [8s 4d Ac] [2h]
ct-650: bets $6
jl45259071: calls $6
*** RIVER *** [8s 4d Ac 2h] [Qc]
ct-650: checks
jl45259071: bets $6
ct-650: calls $6
*** SHOW DOWN ***
jl45259071: shows [4c Qs] (two pair, Queens and Fours)
ct-650: mucks hand
jl45259071 collected $35.50 from pot
*** SUMMARY ***
Total pot $36 | Rake $0.50
Board [8s 4d Ac 2h Qc]
Seat 1: ct-650 (big blind) mucked
Seat 2: jl45259071 (button) (small blind) showed [4c Qs] and won ($35.50) with two pair, Queens and Fours


PokerStars Hand #148545040805:  Hold'em Limit ($3/$6 USD) - 2016/02/10 2:20:52 ET
Table 'Antenor II' 2-max Seat #1 is the button
Seat 1: ct-650 ($112.06 in chips)
Seat 2: jl45259071 ($112.07 in chips)
ct-650: posts small blind $1
jl45259071: posts big blind $3
*** HOLE CARDS ***
ct-650: raises $3 to $6
jl45259071: calls $3
*** FLOP *** [4c 3d Tc]
jl45259071: checks
ct-650: bets $3
jl45259071: calls $3
*** TURN *** [4c 3d Tc] [5d]
jl45259071: checks
ct-650: bets $6
jl45259071: calls $6
*** RIVER *** [4c 3d Tc 5d] [Qs]
jl45259071: checks
ct-650: bets $6
jl45259071: calls $6
*** SHOW DOWN ***
ct-650: shows [Qc Ts] (two pair, Queens and Tens)
jl45259071: mucks hand
ct-650 collected $41.50 from pot
*** SUMMARY ***
Total pot $42 | Rake $0.50
Board [4c 3d Tc 5d Qs]
Seat 1: ct-650 (button) (small blind) showed [Qc Ts] and won ($41.50) with two pair, Queens and Tens
Seat 2: jl45259071 (big blind) mucked


PokerStars Hand #148545070149:  Hold'em Limit ($3/$6 USD) - 2016/02/10 2:22:31 ET
Table 'Antenor II' 2-max Seat #2 is the button
Seat 1: ct-650 ($124.58 in chips)
Seat 2: jl45259071 ($96.85 in chips)
jl45259071: posts small blind $1
ct-650: posts big blind $3
*** HOLE CARDS ***
jl45259071: calls $2
ct-650: checks
*** FLOP *** [5s Ks Ah]
ct-650: checks
jl45259071: bets $3
ct-650: folds
Uncalled bet ($3) returned to jl45259071
jl45259071 collected $5.88 from pot
jl45259071: doesn't show hand
*** SUMMARY ***
Total pot $6 | Rake $0.12
Board [5s Ks Ah]
Seat 1: ct-650 (big blind) folded on the Flop
Seat 2: jl45259071 (button) (small blind) collected ($5.88)


PokerStars Hand #148545067949:  Hold'em Limit ($3/$6 USD) - 2016/02/10 2:22:24 ET
Table 'Antenor II' 2-max Seat #1 is the button
Seat 1: ct-650 ($121.58 in chips)
Seat 2: jl45259071 ($99.85 in chips)
ct-650: posts small blind $1
jl45259071: posts big blind $3
*** HOLE CARDS ***
ct-650: raises $3 to $6
jl45259071: folds
Uncalled bet ($3) returned to ct-650
ct-650 collected $6 from pot
*** SUMMARY ***
Total pot $6 | Rake $0
Seat 1: ct-650 (button) (small blind) collected ($6)
Seat 2: jl45259071 (big blind) folded before Flop


PokerStars Hand #148545063408:  Hold'em Limit ($3/$6 USD) - 2016/02/10 2:22:08 ET
Table 'Antenor II' 2-max Seat #1 is the button
Seat 1: ct-650 ($113.94 in chips)
Seat 2: jl45259071 ($107.85 in chips)
ct-650: posts small blind $1
jl45259071: posts big blind $3
*** HOLE CARDS ***
ct-650: folds
Uncalled bet ($2) returned to jl45259071
jl45259071 collected $2 from pot
jl45259071: doesn't show hand
*** SUMMARY ***
Total pot $2 | Rake $0
Seat 1: ct-650 (button) (small blind) folded before Flop
Seat 2: jl45259071 (big blind) collected ($2)


PokerStars Hand #148545059676:  Hold'em Limit ($3/$6 USD) - 2016/02/10 2:21:56 ET
Table 'Antenor II' 2-max Seat #2 is the button
Seat 1: ct-650 ($111.06 in chips)
Seat 2: jl45259071 ($110.85 in chips)
jl45259071: posts small blind $1
ct-650: posts big blind $3
*** HOLE CARDS ***
jl45259071: calls $2
ct-650: checks
*** FLOP *** [2c Jd 5h]
ct-650: checks
jl45259071: checks
*** TURN *** [2c Jd 5h] [4h]
ct-650: checks
jl45259071: checks
*** RIVER *** [2c Jd 5h 4h] [4d]
ct-650: checks
jl45259071: checks
*** SHOW DOWN ***
ct-650: shows [6h Kd] (a pair of Fours)
jl45259071: mucks hand
ct-650 collected $5.88 from pot
*** SUMMARY ***
Total pot $6 | Rake $0.12
Board [2c Jd 5h 4h 4d]
Seat 1: ct-650 (big blind) showed [6h Kd] and won ($5.88) with a pair of Fours
Seat 2: jl45259071 (button) (small blind) mucked


PokerStars Hand #148545064769:  Hold'em Limit ($3/$6 USD) - 2016/02/10 2:22:13 ET
Table 'Antenor II' 2-max Seat #2 is the button
Seat 1: ct-650 ($112.94 in chips)
Seat 2: jl45259071 ($108.85 in chips)
jl45259071: posts small blind $1
ct-650: posts big blind $3
*** HOLE CARDS ***
jl45259071: calls $2
ct-650: raises $3 to $6
jl45259071: calls $3
*** FLOP *** [2s Kc Kh]
ct-650: bets $3
jl45259071: calls $3
*** TURN *** [2s Kc Kh] [Ad]
ct-650: bets $6
jl45259071: folds
Uncalled bet ($6) returned to ct-650
ct-650 collected $17.64 from pot
*** SUMMARY ***
Total pot $18 | Rake $0.36
Board [2s Kc Kh Ad]
Seat 1: ct-650 (big blind) collected ($17.64)
Seat 2: jl45259071 (button) (small blind) folded on the Turn


PokerStars Hand #148545056270:  Hold'em Limit ($3/$6 USD) - 2016/02/10 2:21:44 ET
Table 'Antenor II' 2-max Seat #1 is the button
Seat 1: ct-650 ($123.06 in chips)
Seat 2: jl45259071 ($99.33 in chips)
ct-650: posts small blind $1
jl45259071: posts big blind $3
*** HOLE CARDS ***
ct-650: raises $3 to $6
jl45259071: raises $3 to $9
ct-650: calls $3
*** FLOP *** [7s 8c 6c]
jl45259071: bets $3
ct-650: calls $3
*** TURN *** [7s 8c 6c] [2c]
jl45259071: bets $6
ct-650: folds
Uncalled bet ($6) returned to jl45259071
jl45259071 collected $23.52 from pot
jl45259071: doesn't show hand
*** SUMMARY ***
Total pot $24 | Rake $0.48
Board [7s 8c 6c 2c]
Seat 1: ct-650 (button) (small blind) folded on the Turn
Seat 2: jl45259071 (big blind) collected ($23.52)


PokerStars Hand #148545072844:  Hold'em Limit ($3/$6 USD) - 2016/02/10 2:22:40 ET
Table 'Antenor II' 2-max Seat #1 is the button
Seat 1: ct-650 ($121.58 in chips)
Seat 2: jl45259071 ($99.73 in chips)
ct-650: posts small blind $1
jl45259071: posts big blind $3
*** HOLE CARDS ***
ct-650: raises $3 to $6
jl45259071: calls $3
*** FLOP *** [Kh 9s 9h]
jl45259071: checks
ct-650: bets $3
jl45259071: folds
Uncalled bet ($3) returned to ct-650
ct-650 collected $11.76 from pot
*** SUMMARY ***
Total pot $12 | Rake $0.24
Board [Kh 9s 9h]
Seat 1: ct-650 (button) (small blind) collected ($11.76)
Seat 2: jl45259071 (big blind) folded on the Flop


PokerStars Hand #148545079965:  Hold'em Limit ($3/$6 USD) - 2016/02/10 2:23:04 ET
Table 'Antenor II' 2-max Seat #1 is the button
Seat 1: ct-650 ($133.10 in chips)
Seat 2: jl45259071 ($87.73 in chips)
ct-650: posts small blind $1
jl45259071: posts big blind $3
*** HOLE CARDS ***
ct-650: folds
Uncalled bet ($2) returned to jl45259071
jl45259071 collected $2 from pot
jl45259071: doesn't show hand
*** SUMMARY ***
Total pot $2 | Rake $0
Seat 1: ct-650 (button) (small blind) folded before Flop
Seat 2: jl45259071 (big blind) collected ($2)


PokerStars Hand #148545083191:  Hold'em Limit ($3/$6 USD) - 2016/02/10 2:23:14 ET
Table 'Antenor II' 2-max Seat #1 is the button
Seat 1: ct-650 ($129.10 in chips)
Seat 2: jl45259071 ($91.73 in chips)
ct-650: posts small blind $1
jl45259071: posts big blind $3
*** HOLE CARDS ***
ct-650: folds
Uncalled bet ($2) returned to jl45259071
jl45259071 collected $2 from pot
jl45259071: doesn't show hand
*** SUMMARY ***
Total pot $2 | Rake $0
Seat 1: ct-650 (button) (small blind) folded before Flop
Seat 2: jl45259071 (big blind) collected ($2)


PokerStars Hand #148545081399:  Hold'em Limit ($3/$6 USD) - 2016/02/10 2:23:09 ET
Table 'Antenor II' 2-max Seat #2 is the button
Seat 1: ct-650 ($132.10 in chips)
Seat 2: jl45259071 ($88.73 in chips)
jl45259071: posts small blind $1
ct-650: posts big blind $3
*** HOLE CARDS ***
jl45259071: raises $3 to $6
ct-650: folds
Uncalled bet ($3) returned to jl45259071
jl45259071 collected $6 from pot
jl45259071: doesn't show hand
*** SUMMARY ***
Total pot $6 | Rake $0
Seat 1: ct-650 (big blind) folded before Flop
Seat 2: jl45259071 (button) (small blind) collected ($6)


PokerStars Hand #148545084477:  Hold'em Limit ($3/$6 USD) - 2016/02/10 2:23:19 ET
Table 'Antenor II' 2-max Seat #2 is the button
Seat 1: ct-650 ($128.10 in chips)
Seat 2: jl45259071 ($92.73 in chips)
jl45259071: posts small blind $1
ct-650: posts big blind $3
*** HOLE CARDS ***
jl45259071: raises $3 to $6
ct-650: calls $3
*** FLOP *** [Jc 9h Th]
ct-650: checks
jl45259071: checks
*** TURN *** [Jc 9h Th] [Js]
ct-650: checks
jl45259071: checks
*** RIVER *** [Jc 9h Th Js] [5h]
ct-650: bets $6
jl45259071: raises $6 to $12
ct-650: raises $6 to $18
jl45259071: raises $6 to $24
Betting is capped
ct-650: calls $6
*** SHOW DOWN ***
jl45259071: shows [5d 5s] (a full house, Fives full of Jacks)
ct-650: mucks hand
jl45259071 collected $59.50 from pot
*** SUMMARY ***
Total pot $60 | Rake $0.50
Board [Jc 9h Th Js 5h]
Seat 1: ct-650 (big blind) mucked
Seat 2: jl45259071 (button) (small blind) showed [5d 5s] and won ($59.50) with a full house, Fives full of Jacks


PokerStars Hand #148545089797:  Hold'em Limit ($3/$6 USD) - 2016/02/10 2:23:37 ET
Table 'Antenor II' 2-max Seat #1 is the button
Seat 1: ct-650 ($98.10 in chips)
Seat 2: jl45259071 ($122.23 in chips)
ct-650: posts small blind $1
jl45259071: posts big blind $3
*** HOLE CARDS ***
ct-650: raises $3 to $6
jl45259071: calls $3
*** FLOP *** [Jh Kd 6h]
jl45259071: checks
ct-650: bets $3
jl45259071: folds
Uncalled bet ($3) returned to ct-650
ct-650 collected $11.76 from pot
*** SUMMARY ***
Total pot $12 | Rake $0.24
Board [Jh Kd 6h]
Seat 1: ct-650 (button) (small blind) collected ($11.76)
Seat 2: jl45259071 (big blind) folded on the Flop


PokerStars Hand #148545075359:  Hold'em Limit ($3/$6 USD) - 2016/02/10 2:22:48 ET
Table 'Antenor II' 2-max Seat #2 is the button
Seat 1: ct-650 ($127.34 in chips)
Seat 2: jl45259071 ($93.73 in chips)
jl45259071: posts small blind $1
ct-650: posts big blind $3
*** HOLE CARDS ***
jl45259071: calls $2
ct-650: checks
*** FLOP *** [3c Jh Tc]
ct-650: checks
jl45259071: bets $3
ct-650: calls $3
*** TURN *** [3c Jh Tc] [2s]
ct-650: checks
jl45259071: checks
*** RIVER *** [3c Jh Tc 2s] [4c]
ct-650: checks
jl45259071: checks
*** SHOW DOWN ***
ct-650: shows [Qc 8d] (high card Queen)
jl45259071: mucks hand
ct-650 collected $11.76 from pot
*** SUMMARY ***
Total pot $12 | Rake $0.24
Board [3c Jh Tc 2s 4c]
Seat 1: ct-650 (big blind) showed [Qc 8d] and won ($11.76) with high card Queen
Seat 2: jl45259071 (button) (small blind) mucked


PokerStars Hand #148545097882:  Hold'em Limit ($3/$6 USD) - 2016/02/10 2:24:04 ET
Table 'Antenor II' 2-max Seat #2 is the button
Seat 1: ct-650 ($117.36 in chips)
Seat 2: jl45259071 ($102.23 in chips)
jl45259071: posts small blind $1
ct-650: posts big blind $3
*** HOLE CARDS ***
jl45259071: calls $2
ct-650: checks
*** FLOP *** [Ah 7d 5d]
ct-650: bets $3
jl45259071: calls $3
*** TURN *** [Ah 7d 5d] [Js]
ct-650: bets $6
jl45259071: calls $6
*** RIVER *** [Ah 7d 5d Js] [Ad]
ct-650: checks
jl45259071: checks
*** SHOW DOWN ***
ct-650: shows [4h 6h] (a pair of Aces)
jl45259071: shows [8h 5h] (two pair, Aces and Fives)
jl45259071 collected $23.52 from pot
*** SUMMARY ***
Total pot $24 | Rake $0.48
Board [Ah 7d 5d Js Ad]
Seat 1: ct-650 (big blind) showed [4h 6h] and lost with a pair of Aces
Seat 2: jl45259071 (button) (small blind) showed [8h 5h] and won ($23.52) with two pair, Aces and Fives


PokerStars Hand #148545104261:  Hold'em Limit ($3/$6 USD) - 2016/02/10 2:24:25 ET
Table 'Antenor II' 2-max Seat #2 is the button
Seat 1: ct-650 ($111.12 in chips)
Seat 2: jl45259071 ($107.75 in chips)
jl45259071: posts small blind $1
ct-650: posts big blind $3
*** HOLE CARDS ***
jl45259071: calls $2
ct-650: checks
*** FLOP *** [Td 4c Ac]
ct-650: checks
jl45259071: bets $3
ct-650: folds
Uncalled bet ($3) returned to jl45259071
jl45259071 collected $5.88 from pot
jl45259071: doesn't show hand
*** SUMMARY ***
Total pot $6 | Rake $0.12
Board [Td 4c Ac]
Seat 1: ct-650 (big blind) folded on the Flop
Seat 2: jl45259071 (button) (small blind) collected ($5.88)


PokerStars Hand #148545101900:  Hold'em Limit ($3/$6 USD) - 2016/02/10 2:24:17 ET
Table 'Antenor II' 2-max Seat #1 is the button
Seat 1: ct-650 ($105.36 in chips)
Seat 2: jl45259071 ($113.75 in chips)
ct-650: posts small blind $1
jl45259071: posts big blind $3
*** HOLE CARDS ***
ct-650: raises $3 to $6
jl45259071: calls $3
*** FLOP *** [Qs 8s 5d]
jl45259071: checks
ct-650: bets $3
jl45259071: folds
Uncalled bet ($3) returned to ct-650
ct-650 collected $11.76 from pot
*** SUMMARY ***
Total pot $12 | Rake $0.24
Board [Qs 8s 5d]
Seat 1: ct-650 (button) (small blind) collected ($11.76)
Seat 2: jl45259071 (big blind) folded on the Flop


PokerStars Hand #148545106810:  Hold'em Limit ($3/$6 USD) - 2016/02/10 2:24:34 ET
Table 'Antenor II' 2-max Seat #1 is the button
Seat 1: ct-650 ($108.12 in chips)
Seat 2: jl45259071 ($110.63 in chips)
ct-650: posts small blind $1
jl45259071: posts big blind $3
*** HOLE CARDS ***
ct-650: raises $3 to $6
jl45259071: folds
Uncalled bet ($3) returned to ct-650
ct-650 collected $6 from pot
*** SUMMARY ***
Total pot $6 | Rake $0
Seat 1: ct-650 (button) (small blind) collected ($6)
Seat 2: jl45259071 (big blind) folded before Flop


PokerStars Hand #148545108468:  Hold'em Limit ($3/$6 USD) - 2016/02/10 2:24:39 ET
Table 'Antenor II' 2-max Seat #2 is the button
Seat 1: ct-650 ($111.12 in chips)
Seat 2: jl45259071 ($107.63 in chips)
jl45259071: posts small blind $1
ct-650: posts big blind $3
*** HOLE CARDS ***
jl45259071: calls $2
ct-650: checks
*** FLOP *** [2s Jh Tc]
ct-650: checks
jl45259071: bets $3
ct-650: folds
Uncalled bet ($3) returned to jl45259071
jl45259071 collected $5.88 from pot
jl45259071: doesn't show hand
*** SUMMARY ***
Total pot $6 | Rake $0.12
Board [2s Jh Tc]
Seat 1: ct-650 (big blind) folded on the Flop
Seat 2: jl45259071 (button) (small blind) collected ($5.88)


PokerStars Hand #148545096563:  Hold'em Limit ($3/$6 USD) - 2016/02/10 2:23:59 ET
Table 'Antenor II' 2-max Seat #1 is the button
Seat 1: ct-650 ($118.36 in chips)
Seat 2: jl45259071 ($101.23 in chips)
ct-650: posts small blind $1
jl45259071: posts big blind $3
*** HOLE CARDS ***
ct-650: folds
Uncalled bet ($2) returned to jl45259071
jl45259071 collected $2 from pot
jl45259071: doesn't show hand
*** SUMMARY ***
Total pot $2 | Rake $0
Seat 1: ct-650 (button) (small blind) folded before Flop
Seat 2: jl45259071 (big blind) collected ($2)


PokerStars Hand #148545092254:  Hold'em Limit ($3/$6 USD) - 2016/02/10 2:23:45 ET
Table 'Antenor II' 2-max Seat #2 is the button
Seat 1: ct-650 ($103.86 in chips)
Seat 2: jl45259071 ($116.23 in chips)
jl45259071: posts small blind $1
ct-650: posts big blind $3
*** HOLE CARDS ***
jl45259071: calls $2
ct-650: raises $3 to $6
jl45259071: calls $3
*** FLOP *** [Qc 6s 4s]
ct-650: bets $3
jl45259071: calls $3
*** TURN *** [Qc 6s 4s] [6h]
ct-650: bets $6
jl45259071: calls $6
*** RIVER *** [Qc 6s 4s 6h] [Ks]
ct-650: bets $6
jl45259071: folds
Uncalled bet ($6) returned to ct-650
ct-650 collected $29.50 from pot
*** SUMMARY ***
Total pot $30 | Rake $0.50
Board [Qc 6s 4s 6h Ks]
Seat 1: ct-650 (big blind) collected ($29.50)
Seat 2: jl45259071 (button) (small blind) folded on the River


PokerStars Hand #148545115773:  Hold'em Limit ($3/$6 USD) - 2016/02/10 2:25:04 ET
Table 'Antenor II' 2-max Seat #2 is the button
Seat 1: ct-650 ($84.12 in chips)
Seat 2: jl45259071 ($134.01 in chips)
jl45259071: posts small blind $1
ct-650: posts big blind $3
*** HOLE CARDS ***
jl45259071: calls $2
ct-650: checks
*** FLOP *** [7s 6c 2s]
ct-650: bets $3
jl45259071: raises $3 to $6
ct-650: calls $3
*** TURN *** [7s 6c 2s] [3s]
ct-650: checks
jl45259071: checks
*** RIVER *** [7s 6c 2s 3s] [9h]
ct-650: checks
jl45259071: bets $6
ct-650: calls $6
*** SHOW DOWN ***
jl45259071: shows [Qh Qc] (a pair of Queens)
ct-650: mucks hand
jl45259071 collected $29.50 from pot
*** SUMMARY ***
Total pot $30 | Rake $0.50
Board [7s 6c 2s 3s 9h]
Seat 1: ct-650 (big blind) mucked
Seat 2: jl45259071 (button) (small blind) showed [Qh Qc] and won ($29.50) with a pair of Queens


PokerStars Hand #148545121431:  Hold'em Limit ($3/$6 USD) - 2016/02/10 2:25:22 ET
Table 'Antenor II' 2-max Seat #1 is the button
Seat 1: ct-650 ($69.12 in chips)
Seat 2: jl45259071 ($148.51 in chips)
ct-650: posts small blind $1
jl45259071: posts big blind $3
*** HOLE CARDS ***
ct-650: raises $3 to $6
jl45259071: calls $3
*** FLOP *** [3s 3c Qc]
jl45259071: checks
ct-650: bets $3
jl45259071: calls $3
*** TURN *** [3s 3c Qc] [8s]
jl45259071: checks
ct-650: bets $6
jl45259071: folds
Uncalled bet ($6) returned to ct-650
ct-650 collected $17.64 from pot
*** SUMMARY ***
Total pot $18 | Rake $0.36
Board [3s 3c Qc 8s]
Seat 1: ct-650 (button) (small blind) collected ($17.64)
Seat 2: jl45259071 (big blind) folded on the Turn


PokerStars Hand #148545111036:  Hold'em Limit ($3/$6 USD) - 2016/02/10 2:24:48 ET
Table 'Antenor II' 2-max Seat #1 is the button
Seat 1: ct-650 ($108.12 in chips)
Seat 2: jl45259071 ($110.51 in chips)
ct-650: posts small blind $1
jl45259071: posts big blind $3
*** HOLE CARDS ***
ct-650: raises $3 to $6
jl45259071: raises $3 to $9
ct-650: calls $3
*** FLOP *** [8c 6d 3h]
jl45259071: bets $3
ct-650: calls $3
*** TURN *** [8c 6d 3h] [Js]
jl45259071: bets $6
ct-650: calls $6
*** RIVER *** [8c 6d 3h Js] [Tc]
jl45259071: bets $6
ct-650: calls $6
*** SHOW DOWN ***
jl45259071: shows [Ks 8d] (a pair of Eights)
ct-650: mucks hand
jl45259071 collected $47.50 from pot
*** SUMMARY ***
Total pot $48 | Rake $0.50
Board [8c 6d 3h Js Tc]
Seat 1: ct-650 (button) (small blind) mucked
Seat 2: jl45259071 (big blind) showed [Ks 8d] and won ($47.50) with a pair of Eights


PokerStars Hand #148546437546:  Hold'em Limit ($3/$6 USD) - 2016/02/10 3:33:20 ET
Table 'Antenor II' 2-max Seat #1 is the button
Seat 1: ct-650 ($138.76 in chips)
Seat 2: Niro010905 ($71 in chips)
ct-650: posts small blind $1
Niro010905: posts big blind $3
*** HOLE CARDS ***
ct-650: raises $3 to $6
Niro010905: calls $3
*** FLOP *** [Ks Kd 7c]
Niro010905: checks
ct-650: bets $3
Niro010905: calls $3
*** TURN *** [Ks Kd 7c] [Kc]
Niro010905: checks
ct-650: bets $6
Niro010905: folds
Uncalled bet ($6) returned to ct-650
ct-650 collected $17.64 from pot
*** SUMMARY ***
Total pot $18 | Rake $0.36
Board [Ks Kd 7c Kc]
Seat 1: ct-650 (button) (small blind) collected ($17.64)
Seat 2: Niro010905 (big blind) folded on the Turn


PokerStars Hand #148546435186:  Hold'em Limit ($3/$6 USD) - 2016/02/10 3:33:13 ET
Table 'Antenor II' 2-max Seat #2 is the button
Seat 1: ct-650 ($137.76 in chips)
Seat 2: Niro010905 ($72 in chips)
Niro010905: posts small blind $1
ct-650: posts big blind $3
*** HOLE CARDS ***
Niro010905: folds
Uncalled bet ($2) returned to ct-650
ct-650 collected $2 from pot
*** SUMMARY ***
Total pot $2 | Rake $0
Seat 1: ct-650 (big blind) collected ($2)
Seat 2: Niro010905 (button) (small blind) folded before Flop


PokerStars Hand #148546452013:  Hold'em Limit ($3/$6 USD) - 2016/02/10 3:34:01 ET
Table 'Antenor II' 2-max Seat #2 is the button
Seat 1: ct-650 ($128.40 in chips)
Seat 2: Niro010905 ($80.50 in chips)
Niro010905: posts small blind $1
ct-650: posts big blind $3
*** HOLE CARDS ***
Niro010905: folds
Uncalled bet ($2) returned to ct-650
ct-650 collected $2 from pot
*** SUMMARY ***
Total pot $2 | Rake $0
Seat 1: ct-650 (big blind) collected ($2)
Seat 2: Niro010905 (button) (small blind) folded before Flop


PokerStars Hand #148546457183:  Hold'em Limit ($3/$6 USD) - 2016/02/10 3:34:16 ET
Table 'Antenor II' 2-max Seat #2 is the button
Seat 1: ct-650 ($120.40 in chips)
Seat 2: Niro010905 ($88.14 in chips)
Niro010905: posts small blind $1
ct-650: posts big blind $3
*** HOLE CARDS ***
Niro010905: raises $3 to $6
ct-650: calls $3
*** FLOP *** [3d 2s 7d]
ct-650: checks
Niro010905: bets $3
ct-650: raises $3 to $6
Niro010905: raises $3 to $9
ct-650: raises $3 to $12
Betting is capped
Niro010905: calls $3
*** TURN *** [3d 2s 7d] [Kc]
ct-650: bets $6
Niro010905: calls $6
*** RIVER *** [3d 2s 7d Kc] [Ts]
ct-650: bets $6
Niro010905: calls $6
*** SHOW DOWN ***
ct-650: shows [7c Qd] (a pair of Sevens)
Niro010905: shows [Qs 7s] (a pair of Sevens)
ct-650 collected $29.75 from pot
Niro010905 collected $29.75 from pot
*** SUMMARY ***
Total pot $60 | Rake $0.50
Board [3d 2s 7d Kc Ts]
Seat 1: ct-650 (big blind) showed [7c Qd] and won ($29.75) with a pair of Sevens
Seat 2: Niro010905 (button) (small blind) showed [Qs 7s] and won ($29.75) with a pair of Sevens


PokerStars Hand #148546464815:  Hold'em Limit ($3/$6 USD) - 2016/02/10 3:34:37 ET
Table 'Antenor II' 2-max Seat #2 is the button
Seat 1: ct-650 ($119.15 in chips)
Seat 2: Niro010905 ($88.89 in chips)
Niro010905: posts small blind $1
ct-650: posts big blind $3
*** HOLE CARDS ***
Niro010905: raises $3 to $6
ct-650: folds
Uncalled bet ($3) returned to Niro010905
Niro010905 collected $6 from pot
Niro010905: doesn't show hand
*** SUMMARY ***
Total pot $6 | Rake $0
Seat 1: ct-650 (big blind) folded before Flop
Seat 2: Niro010905 (button) (small blind) collected ($6)


PokerStars Hand #148546466808:  Hold'em Limit ($3/$6 USD) - 2016/02/10 3:34:43 ET
Table 'Antenor II' 2-max Seat #1 is the button
Seat 1: ct-650 ($116.15 in chips)
Seat 2: Niro010905 ($91.89 in chips)
ct-650: posts small blind $1
Niro010905: posts big blind $3
*** HOLE CARDS ***
ct-650: folds
Uncalled bet ($2) returned to Niro010905
Niro010905 collected $2 from pot
Niro010905: doesn't show hand
*** SUMMARY ***
Total pot $2 | Rake $0
Seat 1: ct-650 (button) (small blind) folded before Flop
Seat 2: Niro010905 (big blind) collected ($2)


PokerStars Hand #148546443880:  Hold'em Limit ($3/$6 USD) - 2016/02/10 3:33:38 ET
Table 'Antenor II' 2-max Seat #2 is the button
Seat 1: ct-650 ($147.40 in chips)
Seat 2: Niro010905 ($62 in chips)
Niro010905: posts small blind $1
ct-650: posts big blind $3
*** HOLE CARDS ***
Niro010905: raises $3 to $6
ct-650: calls $3
*** FLOP *** [9s 7h 9c]
ct-650: checks
Niro010905: checks
*** TURN *** [9s 7h 9c] [3c]
ct-650: checks
Niro010905: bets $6
ct-650: calls $6
*** RIVER *** [9s 7h 9c 3c] [5s]
ct-650: checks
Niro010905: bets $6
ct-650: calls $6
*** SHOW DOWN ***
Niro010905: shows [5d 8d] (two pair, Nines and Fives)
ct-650: mucks hand
Niro010905 collected $35.50 from pot
*** SUMMARY ***
Total pot $36 | Rake $0.50
Board [9s 7h 9c 3c 5s]
Seat 1: ct-650 (big blind) mucked
Seat 2: Niro010905 (button) (small blind) showed [5d 8d] and won ($35.50) with two pair, Nines and Fives


PokerStars Hand #148546453973:  Hold'em Limit ($3/$6 USD) - 2016/02/10 3:34:07 ET
Table 'Antenor II' 2-max Seat #1 is the button
Seat 1: ct-650 ($129.40 in chips)
Seat 2: Niro010905 ($79.50 in chips)
ct-650: posts small blind $1
Niro010905: posts big blind $3
*** HOLE CARDS ***
ct-650: raises $3 to $6
Niro010905: raises $3 to $9
ct-650: calls $3
*** FLOP *** [Qh 2d Jd]
Niro010905: bets $3
ct-650: folds
Uncalled bet ($3) returned to Niro010905
Niro010905 collected $17.64 from pot
Niro010905: doesn't show hand
*** SUMMARY ***
Total pot $18 | Rake $0.36
Board [Qh 2d Jd]
Seat 1: ct-650 (button) (small blind) folded on the Flop
Seat 2: Niro010905 (big blind) collected ($17.64)


PokerStars Hand #148546468306:  Hold'em Limit ($3/$6 USD) - 2016/02/10 3:34:48 ET
Table 'Antenor II' 2-max Seat #2 is the button
Seat 1: ct-650 ($115.15 in chips)
Seat 2: Niro010905 ($92.89 in chips)
Niro010905: posts small blind $1
ct-650: posts big blind $3
*** HOLE CARDS ***
Niro010905: raises $3 to $6
ct-650: calls $3
*** FLOP *** [6d 7h 8s]
ct-650: checks
Niro010905: checks
*** TURN *** [6d 7h 8s] [Jc]
ct-650: bets $6
Niro010905: calls $6
*** RIVER *** [6d 7h 8s Jc] [Tc]
ct-650: checks
Niro010905: checks
*** SHOW DOWN ***
ct-650: shows [6c Kh] (a pair of Sixes)
Niro010905: mucks hand
ct-650 collected $23.52 from pot
*** SUMMARY ***
Total pot $24 | Rake $0.48
Board [6d 7h 8s Jc Tc]
Seat 1: ct-650 (big blind) showed [6c Kh] and won ($23.52) with a pair of Sixes
Seat 2: Niro010905 (button) (small blind) mucked


PokerStars Hand #148546481729:  Hold'em Limit ($3/$6 USD) - 2016/02/10 3:35:25 ET
Table 'Antenor II' 2-max Seat #1 is the button
Seat 1: ct-650 ($105.67 in chips)
Seat 2: Niro010905 ($101.27 in chips)
ct-650: posts small blind $1
Niro010905: posts big blind $3
*** HOLE CARDS ***
ct-650: raises $3 to $6
Niro010905: raises $3 to $9
ct-650: calls $3
*** FLOP *** [3d 4h 9d]
Niro010905: bets $3
ct-650: calls $3
*** TURN *** [3d 4h 9d] [Jc]
Niro010905: bets $6
ct-650: folds
Uncalled bet ($6) returned to Niro010905
Niro010905 collected $23.52 from pot
Niro010905: doesn't show hand
*** SUMMARY ***
Total pot $24 | Rake $0.48
Board [3d 4h 9d Jc]
Seat 1: ct-650 (button) (small blind) folded on the Turn
Seat 2: Niro010905 (big blind) collected ($23.52)


PokerStars Hand #148546477531:  Hold'em Limit ($3/$6 USD) - 2016/02/10 3:35:13 ET
Table 'Antenor II' 2-max Seat #2 is the button
Seat 1: ct-650 ($108.67 in chips)
Seat 2: Niro010905 ($98.39 in chips)
Niro010905: posts small blind $1
ct-650: posts big blind $3
*** HOLE CARDS ***
Niro010905: calls $2
ct-650: checks
*** FLOP *** [6d 6c Tc]
ct-650: checks
Niro010905: bets $3
ct-650: folds
Uncalled bet ($3) returned to Niro010905
Niro010905 collected $5.88 from pot
Niro010905: doesn't show hand
*** SUMMARY ***
Total pot $6 | Rake $0.12
Board [6d 6c Tc]
Seat 1: ct-650 (big blind) folded on the Flop
Seat 2: Niro010905 (button) (small blind) collected ($5.88)


PokerStars Hand #148546485524:  Hold'em Limit ($3/$6 USD) - 2016/02/10 3:35:36 ET
Table 'Antenor II' 2-max Seat #2 is the button
Seat 1: ct-650 ($93.67 in chips)
Seat 2: Niro010905 ($112.79 in chips)
Niro010905: posts small blind $1
ct-650: posts big blind $3
*** HOLE CARDS ***
Niro010905: raises $3 to $6
ct-650: calls $3
*** FLOP *** [5d Ts Kc]
ct-650: checks
Niro010905: checks
*** TURN *** [5d Ts Kc] [6h]
ct-650: checks
Niro010905: checks
*** RIVER *** [5d Ts Kc 6h] [Jh]
ct-650: checks
Niro010905: bets $6
ct-650: folds
Uncalled bet ($6) returned to Niro010905
Niro010905 collected $11.76 from pot
Niro010905: doesn't show hand
*** SUMMARY ***
Total pot $12 | Rake $0.24
Board [5d Ts Kc 6h Jh]
Seat 1: ct-650 (big blind) folded on the River
Seat 2: Niro010905 (button) (small blind) collected ($11.76)


PokerStars Hand #148546472987:  Hold'em Limit ($3/$6 USD) - 2016/02/10 3:35:01 ET
Table 'Antenor II' 2-max Seat #1 is the button
Seat 1: ct-650 ($126.67 in chips)
Seat 2: Niro010905 ($80.89 in chips)
ct-650: posts small blind $1
Niro010905: posts big blind $3
*** HOLE CARDS ***
ct-650: raises $3 to $6
Niro010905: raises $3 to $9
ct-650: calls $3
*** FLOP *** [Qs Td Jc]
Niro010905: bets $3
ct-650: calls $3
*** TURN *** [Qs Td Jc] [Jd]
Niro010905: bets $6
ct-650: calls $6
*** RIVER *** [Qs Td Jc Jd] [4c]
Niro010905: bets $6
ct-650: folds
Uncalled bet ($6) returned to Niro010905
Niro010905 collected $35.50 from pot
Niro010905: doesn't show hand
*** SUMMARY ***
Total pot $36 | Rake $0.50
Board [Qs Td Jc Jd 4c]
Seat 1: ct-650 (button) (small blind) folded on the River
Seat 2: Niro010905 (big blind) collected ($35.50)


PokerStars Hand #148546506162:  Hold'em Limit ($3/$6 USD) - 2016/02/10 3:36:34 ET
Table 'Antenor II' 2-max Seat #1 is the button
Seat 1: ct-650 ($78.19 in chips)
Seat 2: Niro010905 ($126.83 in chips)
ct-650: posts small blind $1
Niro010905: posts big blind $3
*** HOLE CARDS ***
ct-650: folds
Uncalled bet ($2) returned to Niro010905
Niro010905 collected $2 from pot
Niro010905: doesn't show hand
*** SUMMARY ***
Total pot $2 | Rake $0
Seat 1: ct-650 (button) (small blind) folded before Flop
Seat 2: Niro010905 (big blind) collected ($2)


PokerStars Hand #148546504359:  Hold'em Limit ($3/$6 USD) - 2016/02/10 3:36:29 ET
Table 'Antenor II' 2-max Seat #2 is the button
Seat 1: ct-650 ($81.19 in chips)
Seat 2: Niro010905 ($123.83 in chips)
Niro010905: posts small blind $1
ct-650: posts big blind $3
*** HOLE CARDS ***
Niro010905: raises $3 to $6
ct-650: folds
Uncalled bet ($3) returned to Niro010905
Niro010905 collected $6 from pot
Niro010905: doesn't show hand
*** SUMMARY ***
Total pot $6 | Rake $0
Seat 1: ct-650 (big blind) folded before Flop
Seat 2: Niro010905 (button) (small blind) collected ($6)


PokerStars Hand #148546499859:  Hold'em Limit ($3/$6 USD) - 2016/02/10 3:36:17 ET
Table 'Antenor II' 2-max Seat #1 is the button
Seat 1: ct-650 ($93.19 in chips)
Seat 2: Niro010905 ($112.31 in chips)
ct-650: posts small blind $1
Niro010905: posts big blind $3
*** HOLE CARDS ***
ct-650: raises $3 to $6
Niro010905: raises $3 to $9
ct-650: calls $3
*** FLOP *** [2h 8d Kh]
Niro010905: bets $3
ct-650: calls $3
*** TURN *** [2h 8d Kh] [Tc]
Niro010905: bets $6
ct-650: folds
Uncalled bet ($6) returned to Niro010905
Niro010905 collected $23.52 from pot
Niro010905: doesn't show hand
*** SUMMARY ***
Total pot $24 | Rake $0.48
Board [2h 8d Kh Tc]
Seat 1: ct-650 (button) (small blind) folded on the Turn
Seat 2: Niro010905 (big blind) collected ($23.52)


PokerStars Hand #148546494838:  Hold'em Limit ($3/$6 USD) - 2016/02/10 3:36:02 ET
Table 'Antenor II' 2-max Seat #2 is the button
Seat 1: ct-650 ($81.67 in chips)
Seat 2: Niro010905 ($124.31 in chips)
Niro010905: posts small blind $1
ct-650: posts big blind $3
*** HOLE CARDS ***
Niro010905: raises $3 to $6
ct-650: calls $3
*** FLOP *** [7s 2h Td]
ct-650: checks
Niro010905: checks
*** TURN *** [7s 2h Td] [9s]
ct-650: checks
Niro010905: checks
*** RIVER *** [7s 2h Td 9s] [7c]
ct-650: bets $6
Niro010905: calls $6
*** SHOW DOWN ***
ct-650: shows [5d 7h] (three of a kind, Sevens)
Niro010905: mucks hand
ct-650 collected $23.52 from pot
*** SUMMARY ***
Total pot $24 | Rake $0.48
Board [7s 2h Td 9s 7c]
Seat 1: ct-650 (big blind) showed [5d 7h] and won ($23.52) with three of a kind, Sevens
Seat 2: Niro010905 (button) (small blind) mucked


PokerStars Hand #148546489798:  Hold'em Limit ($3/$6 USD) - 2016/02/10 3:35:48 ET
Table 'Antenor II' 2-max Seat #1 is the button
Seat 1: ct-650 ($87.67 in chips)
Seat 2: Niro010905 ($118.55 in chips)
ct-650: posts small blind $1
Niro010905: posts big blind $3
*** HOLE CARDS ***
ct-650: raises $3 to $6
Niro010905: calls $3
*** FLOP *** [Ts 2d 3c]
Niro010905: checks
ct-650: checks
*** TURN *** [Ts 2d 3c] [Ks]
Niro010905: bets $6
ct-650: folds
Uncalled bet ($6) returned to Niro010905
Niro010905 collected $11.76 from pot
Niro010905: doesn't show hand
*** SUMMARY ***
Total pot $12 | Rake $0.24
Board [Ts 2d 3c Ks]
Seat 1: ct-650 (button) (small blind) folded on the Turn
Seat 2: Niro010905 (big blind) collected ($11.76)


PokerStars Hand #148546526527:  Hold'em Limit ($3/$6 USD) - 2016/02/10 3:37:31 ET
Table 'Antenor II' 2-max Seat #2 is the button
Seat 1: ct-650 ($138.19 in chips)
Seat 2: Niro010905 ($185.83 in chips)
Niro010905: posts small blind $1
ct-650: posts big blind $3
*** HOLE CARDS ***
Niro010905: folds
Uncalled bet ($2) returned to ct-650
ct-650 collected $2 from pot
*** SUMMARY ***
Total pot $2 | Rake $0
Seat 1: ct-650 (big blind) collected ($2)
Seat 2: Niro010905 (button) (small blind) folded before Flop


PokerStars Hand #148546532442:  Hold'em Limit ($3/$6 USD) - 2016/02/10 3:37:47 ET
Table 'Antenor II' 2-max Seat #2 is the button
Seat 1: ct-650 ($147.83 in chips)
Seat 2: Niro010905 ($175.83 in chips)
Niro010905: posts small blind $1
ct-650: posts big blind $3
*** HOLE CARDS ***
Niro010905: raises $3 to $6
ct-650: folds
Uncalled bet ($3) returned to Niro010905
Niro010905 collected $6 from pot
Niro010905: doesn't show hand
*** SUMMARY ***
Total pot $6 | Rake $0
Seat 1: ct-650 (big blind) folded before Flop
Seat 2: Niro010905 (button) (small blind) collected ($6)


PokerStars Hand #148546528405:  Hold'em Limit ($3/$6 USD) - 2016/02/10 3:37:36 ET
Table 'Antenor II' 2-max Seat #1 is the button
Seat 1: ct-650 ($139.19 in chips)
Seat 2: Niro010905 ($184.83 in chips)
ct-650: posts small blind $1
Niro010905: posts big blind $3
*** HOLE CARDS ***
ct-650: raises $3 to $6
Niro010905: calls $3
*** FLOP *** [6h Ad 5d]
Niro010905: checks
ct-650: bets $3
Niro010905: calls $3
*** TURN *** [6h Ad 5d] [Ac]
Niro010905: checks
ct-650: bets $6
Niro010905: folds
Uncalled bet ($6) returned to ct-650
ct-650 collected $17.64 from pot
*** SUMMARY ***
Total pot $18 | Rake $0.36
Board [6h Ad 5d Ac]
Seat 1: ct-650 (button) (small blind) collected ($17.64)
Seat 2: Niro010905 (big blind) folded on the Turn


PokerStars Hand #148546519685:  Hold'em Limit ($3/$6 USD) - 2016/02/10 3:37:12 ET
Table 'Antenor II' 2-max Seat #1 is the button
Seat 1: ct-650 ($114.19 in chips)
Seat 2: Niro010905 ($150.33 in chips)
ct-650: posts small blind $1
Niro010905: posts big blind $3
*** HOLE CARDS ***
ct-650: raises $3 to $6
Niro010905: raises $3 to $9
ct-650: calls $3
*** FLOP *** [4h Jd Ac]
Niro010905: bets $3
ct-650: calls $3
*** TURN *** [4h Jd Ac] [9c]
Niro010905: bets $6
ct-650: calls $6
*** RIVER *** [4h Jd Ac 9c] [Ks]
Niro010905: bets $6
ct-650: raises $6 to $12
Niro010905: raises $6 to $18
ct-650: calls $6
*** SHOW DOWN ***
Niro010905: shows [Ts Qh] (a straight, Ten to Ace)
ct-650: mucks hand
Niro010905 collected $71.50 from pot
*** SUMMARY ***
Total pot $72 | Rake $0.50
Board [4h Jd Ac 9c Ks]
Seat 1: ct-650 (button) (small blind) mucked
Seat 2: Niro010905 (big blind) showed [Ts Qh] and won ($71.50) with a straight, Ten to Ace


PokerStars Hand #148546517776:  Hold'em Limit ($3/$6 USD) - 2016/02/10 3:37:06 ET
Table 'Antenor II' 2-max Seat #2 is the button
Seat 1: ct-650 ($113.19 in chips)
Seat 2: Niro010905 ($151.33 in chips)
Niro010905: posts small blind $1
ct-650: posts big blind $3
*** HOLE CARDS ***
Niro010905: folds
Uncalled bet ($2) returned to ct-650
ct-650 collected $2 from pot
*** SUMMARY ***
Total pot $2 | Rake $0
Seat 1: ct-650 (big blind) collected ($2)
Seat 2: Niro010905 (button) (small blind) folded before Flop


PokerStars Hand #148546514911:  Hold'em Limit ($3/$6 USD) - 2016/02/10 3:36:58 ET
Table 'Antenor II' 2-max Seat #1 is the button
Seat 1: ct-650 ($50.19 in chips)
Seat 2: Niro010905 ($154.33 in chips)
ct-650: posts small blind $1
Niro010905: posts big blind $3
*** HOLE CARDS ***
ct-650: raises $3 to $6
Niro010905: folds
Uncalled bet ($3) returned to ct-650
ct-650 collected $6 from pot
*** SUMMARY ***
Total pot $6 | Rake $0
Seat 1: ct-650 (button) (small blind) collected ($6)
Seat 2: Niro010905 (big blind) folded before Flop


PokerStars Hand #148546549717:  Hold'em Limit ($3/$6 USD) - 2016/02/10 3:38:36 ET
Table 'Antenor II' 2-max Seat #1 is the button
Seat 1: ct-650 ($115.83 in chips)
Seat 2: Niro010905 ($206.73 in chips)
ct-650: posts small blind $1
Niro010905: posts big blind $3
*** HOLE CARDS ***
ct-650: raises $3 to $6
Niro010905: raises $3 to $9
ct-650: calls $3
*** FLOP *** [7h 3s Jh]
Niro010905: bets $3
ct-650: calls $3
*** TURN *** [7h 3s Jh] [3d]
Niro010905: bets $6
ct-650: folds
Uncalled bet ($6) returned to Niro010905
Niro010905 collected $23.52 from pot
Niro010905: doesn't show hand
*** SUMMARY ***
Total pot $24 | Rake $0.48
Board [7h 3s Jh 3d]
Seat 1: ct-650 (button) (small blind) folded on the Turn
Seat 2: Niro010905 (big blind) collected ($23.52)


PokerStars Hand #148546542694:  Hold'em Limit ($3/$6 USD) - 2016/02/10 3:38:16 ET
Table 'Antenor II' 2-max Seat #2 is the button
Seat 1: ct-650 ($130.83 in chips)
Seat 2: Niro010905 ($192.23 in chips)
Niro010905: posts small blind $1
ct-650: posts big blind $3
*** HOLE CARDS ***
Niro010905: raises $3 to $6
ct-650: calls $3
*** FLOP *** [8d 6c As]
ct-650: checks
Niro010905: bets $3
ct-650: calls $3
*** TURN *** [8d 6c As] [4s]
ct-650: checks
Niro010905: bets $6
ct-650: calls $6
*** RIVER *** [8d 6c As 4s] [5d]
ct-650: checks
Niro010905: checks
*** SHOW DOWN ***
ct-650: shows [Jc 6s] (a pair of Sixes)
Niro010905: shows [Th Td] (a pair of Tens)
Niro010905 collected $29.50 from pot
*** SUMMARY ***
Total pot $30 | Rake $0.50
Board [8d 6c As 4s 5d]
Seat 1: ct-650 (big blind) showed [Jc 6s] and lost with a pair of Sixes
Seat 2: Niro010905 (button) (small blind) showed [Th Td] and won ($29.50) with a pair of Tens


PokerStars Hand #148546539494:  Hold'em Limit ($3/$6 USD) - 2016/02/10 3:38:07 ET
Table 'Antenor II' 2-max Seat #1 is the button
Seat 1: ct-650 ($139.83 in chips)
Seat 2: Niro010905 ($183.59 in chips)
ct-650: posts small blind $1
Niro010905: posts big blind $3
*** HOLE CARDS ***
ct-650: raises $3 to $6
Niro010905: raises $3 to $9
ct-650: calls $3
*** FLOP *** [Js Jh As]
Niro010905: bets $3
ct-650: folds
Uncalled bet ($3) returned to Niro010905
Niro010905 collected $17.64 from pot
Niro010905: doesn't show hand
*** SUMMARY ***
Total pot $18 | Rake $0.36
Board [Js Jh As]
Seat 1: ct-650 (button) (small blind) folded on the Flop
Seat 2: Niro010905 (big blind) collected ($17.64)


PokerStars Hand #148546537873:  Hold'em Limit ($3/$6 USD) - 2016/02/10 3:38:02 ET
Table 'Antenor II' 2-max Seat #2 is the button
Seat 1: ct-650 ($138.83 in chips)
Seat 2: Niro010905 ($184.59 in chips)
Niro010905: posts small blind $1
ct-650: posts big blind $3
*** HOLE CARDS ***
Niro010905: folds
Uncalled bet ($2) returned to ct-650
ct-650 collected $2 from pot
*** SUMMARY ***
Total pot $2 | Rake $0
Seat 1: ct-650 (big blind) collected ($2)
Seat 2: Niro010905 (button) (small blind) folded before Flop


PokerStars Hand #148546534303:  Hold'em Limit ($3/$6 USD) - 2016/02/10 3:37:53 ET
Table 'Antenor II' 2-max Seat #1 is the button
Seat 1: ct-650 ($144.83 in chips)
Seat 2: Niro010905 ($178.83 in chips)
ct-650: posts small blind $1
Niro010905: posts big blind $3
*** HOLE CARDS ***
ct-650: raises $3 to $6
Niro010905: calls $3
*** FLOP *** [2s 3c 3s]
Niro010905: checks
ct-650: checks
*** TURN *** [2s 3c 3s] [2d]
Niro010905: checks
ct-650: checks
*** RIVER *** [2s 3c 3s 2d] [Tc]
Niro010905: bets $6
ct-650: folds
Uncalled bet ($6) returned to Niro010905
Niro010905 collected $11.76 from pot
Niro010905: doesn't show hand
*** SUMMARY ***
Total pot $12 | Rake $0.24
Board [2s 3c 3s 2d Tc]
Seat 1: ct-650 (button) (small blind) folded on the River
Seat 2: Niro010905 (big blind) collected ($11.76)


PokerStars Hand #148546573418:  Hold'em Limit ($3/$6 USD) - 2016/02/10 3:39:42 ET
Table 'Antenor II' 2-max Seat #1 is the button
Seat 1: ct-650 ($184.83 in chips)
Seat 2: Niro010905 ($195.53 in chips)
ct-650: posts small blind $1
Niro010905: posts big blind $3
*** HOLE CARDS ***
ct-650: raises $3 to $6
Niro010905: calls $3
*** FLOP *** [Qc Kh Ah]
Niro010905: checks
ct-650: bets $3
Niro010905: calls $3
*** TURN *** [Qc Kh Ah] [2d]
Niro010905: checks
ct-650: checks
*** RIVER *** [Qc Kh Ah 2d] [7s]
Niro010905: bets $6
ct-650: calls $6
*** SHOW DOWN ***
Niro010905: shows [2h 4h] (a pair of Deuces)
ct-650: shows [4s Qs] (a pair of Queens)
ct-650 collected $29.50 from pot
*** SUMMARY ***
Total pot $30 | Rake $0.50
Board [Qc Kh Ah 2d 7s]
Seat 1: ct-650 (button) (small blind) showed [4s Qs] and won ($29.50) with a pair of Queens
Seat 2: Niro010905 (big blind) showed [2h 4h] and lost with a pair of Deuces


PokerStars Hand #148546571664:  Hold'em Limit ($3/$6 USD) - 2016/02/10 3:39:37 ET
Table 'Antenor II' 2-max Seat #2 is the button
Seat 1: ct-650 ($183.83 in chips)
Seat 2: Niro010905 ($196.53 in chips)
Niro010905: posts small blind $1
ct-650: posts big blind $3
*** HOLE CARDS ***
Niro010905: folds
Uncalled bet ($2) returned to ct-650
ct-650 collected $2 from pot
*** SUMMARY ***
Total pot $2 | Rake $0
Seat 1: ct-650 (big blind) collected ($2)
Seat 2: Niro010905 (button) (small blind) folded before Flop


PokerStars Hand #148546566730:  Hold'em Limit ($3/$6 USD) - 2016/02/10 3:39:23 ET
Table 'Antenor II' 2-max Seat #1 is the button
Seat 1: ct-650 ($166.33 in chips)
Seat 2: Niro010905 ($214.53 in chips)
ct-650: posts small blind $1
Niro010905: posts big blind $3
*** HOLE CARDS ***
ct-650: raises $3 to $6
Niro010905: calls $3
*** FLOP *** [8c Jc 8d]
Niro010905: checks
ct-650: checks
*** TURN *** [8c Jc 8d] [Ah]
Niro010905: bets $6
ct-650: calls $6
*** RIVER *** [8c Jc 8d Ah] [Kh]
Niro010905: bets $6
ct-650: calls $6
*** SHOW DOWN ***
Niro010905: shows [Qd 3c] (a pair of Eights)
ct-650: shows [Kc 2h] (two pair, Kings and Eights)
ct-650 collected $35.50 from pot
*** SUMMARY ***
Total pot $36 | Rake $0.50
Board [8c Jc 8d Ah Kh]
Seat 1: ct-650 (button) (small blind) showed [Kc 2h] and won ($35.50) with two pair, Kings and Eights
Seat 2: Niro010905 (big blind) showed [Qd 3c] and lost with a pair of Eights


PokerStars Hand #148546561279:  Hold'em Limit ($3/$6 USD) - 2016/02/10 3:39:08 ET
Table 'Antenor II' 2-max Seat #2 is the button
Seat 1: ct-650 ($145.83 in chips)
Seat 2: Niro010905 ($235.53 in chips)
Niro010905: posts small blind $1
ct-650: posts big blind $3
*** HOLE CARDS ***
Niro010905: raises $3 to $6
ct-650: raises $3 to $9
Niro010905: calls $3
*** FLOP *** [7s 6d 6s]
ct-650: bets $3
Niro010905: raises $3 to $6
ct-650: calls $3
*** TURN *** [7s 6d 6s] [Jc]
ct-650: checks
Niro010905: checks
*** RIVER *** [7s 6d 6s Jc] [2s]
ct-650: checks
Niro010905: bets $6
ct-650: calls $6
*** SHOW DOWN ***
Niro010905: shows [8d 5d] (a pair of Sixes)
ct-650: shows [Qd Kc] (a pair of Sixes - King kicker)
ct-650 collected $41.50 from pot
*** SUMMARY ***
Total pot $42 | Rake $0.50
Board [7s 6d 6s Jc 2s]
Seat 1: ct-650 (big blind) showed [Qd Kc] and won ($41.50) with a pair of Sixes
Seat 2: Niro010905 (button) (small blind) showed [8d 5d] and lost with a pair of Sixes


PokerStars Hand #148546556953:  Hold'em Limit ($3/$6 USD) - 2016/02/10 3:38:56 ET
Table 'Antenor II' 2-max Seat #1 is the button
Seat 1: ct-650 ($157.83 in chips)
Seat 2: Niro010905 ($224.01 in chips)
ct-650: posts small blind $1
Niro010905: posts big blind $3
*** HOLE CARDS ***
ct-650: raises $3 to $6
Niro010905: raises $3 to $9
ct-650: calls $3
*** FLOP *** [8d 7h 4d]
Niro010905: bets $3
ct-650: calls $3
*** TURN *** [8d 7h 4d] [5d]
Niro010905: bets $6
ct-650: folds
Uncalled bet ($6) returned to Niro010905
Niro010905 collected $23.52 from pot
Niro010905: doesn't show hand
*** SUMMARY ***
Total pot $24 | Rake $0.48
Board [8d 7h 4d 5d]
Seat 1: ct-650 (button) (small blind) folded on the Turn
Seat 2: Niro010905 (big blind) collected ($23.52)


PokerStars Hand #148546553965:  Hold'em Limit ($3/$6 USD) - 2016/02/10 3:38:47 ET
Table 'Antenor II' 2-max Seat #2 is the button
Seat 1: ct-650 ($103.83 in chips)
Seat 2: Niro010905 ($218.25 in chips)
Niro010905: posts small blind $1
ct-650: posts big blind $3
*** HOLE CARDS ***
Niro010905: raises $3 to $6
ct-650: calls $3
*** FLOP *** [Ks 4s 3h]
ct-650: checks
Niro010905: bets $3
ct-650: folds
Uncalled bet ($3) returned to Niro010905
Niro010905 collected $11.76 from pot
Niro010905: doesn't show hand
*** SUMMARY ***
Total pot $12 | Rake $0.24
Board [Ks 4s 3h]
Seat 1: ct-650 (big blind) folded on the Flop
Seat 2: Niro010905 (button) (small blind) collected ($11.76)


PokerStars Hand #148546593503:  Hold'em Limit ($3/$6 USD) - 2016/02/10 3:40:37 ET
Table 'Antenor II' 2-max Seat #1 is the button
Seat 1: ct-650 ($205.33 in chips)
Seat 2: Niro010905 ($174.29 in chips)
ct-650: posts small blind $1
Niro010905: posts big blind $3
*** HOLE CARDS ***
ct-650: raises $3 to $6
Niro010905: raises $3 to $9
ct-650: calls $3
*** FLOP *** [5c 4s 2s]
Niro010905: bets $3
ct-650: calls $3
*** TURN *** [5c 4s 2s] [9s]
Niro010905: bets $6
ct-650: calls $6
*** RIVER *** [5c 4s 2s 9s] [Td]
Niro010905: bets $6
ct-650: calls $6
*** SHOW DOWN ***
Niro010905: shows [7c Ad] (high card Ace)
ct-650: shows [Jd 4d] (a pair of Fours)
ct-650 collected $47.50 from pot
*** SUMMARY ***
Total pot $48 | Rake $0.50
Board [5c 4s 2s 9s Td]
Seat 1: ct-650 (button) (small blind) showed [Jd 4d] and won ($47.50) with a pair of Fours
Seat 2: Niro010905 (big blind) showed [7c Ad] and lost with high card Ace


PokerStars Hand #148546589537:  Hold'em Limit ($3/$6 USD) - 2016/02/10 3:40:27 ET
Table 'Antenor II' 2-max Seat #1 is the button
Seat 1: ct-650 ($201.33 in chips)
Seat 2: Niro010905 ($178.29 in chips)
ct-650: posts small blind $1
Niro010905: posts big blind $3
*** HOLE CARDS ***
ct-650: raises $3 to $6
Niro010905: folds
Uncalled bet ($3) returned to ct-650
ct-650 collected $6 from pot
*** SUMMARY ***
Total pot $6 | Rake $0
Seat 1: ct-650 (button) (small blind) collected ($6)
Seat 2: Niro010905 (big blind) folded before Flop


PokerStars Hand #148546587865:  Hold'em Limit ($3/$6 USD) - 2016/02/10 3:40:22 ET
Table 'Antenor II' 2-max Seat #2 is the button
Seat 1: ct-650 ($200.33 in chips)
Seat 2: Niro010905 ($179.29 in chips)
Niro010905: posts small blind $1
ct-650: posts big blind $3
*** HOLE CARDS ***
Niro010905: folds
Uncalled bet ($2) returned to ct-650
ct-650 collected $2 from pot
*** SUMMARY ***
Total pot $2 | Rake $0
Seat 1: ct-650 (big blind) collected ($2)
Seat 2: Niro010905 (button) (small blind) folded before Flop


PokerStars Hand #148546577233:  Hold'em Limit ($3/$6 USD) - 2016/02/10 3:39:52 ET
Table 'Antenor II' 2-max Seat #2 is the button
Seat 1: ct-650 ($199.33 in chips)
Seat 2: Niro010905 ($180.53 in chips)
Niro010905: posts small blind $1
ct-650: posts big blind $3
*** HOLE CARDS ***
Niro010905: raises $3 to $6
ct-650: calls $3
*** FLOP *** [3h 8s 2d]
ct-650: checks
Niro010905: bets $3
ct-650: folds
Uncalled bet ($3) returned to Niro010905
Niro010905 collected $11.76 from pot
Niro010905: doesn't show hand
*** SUMMARY ***
Total pot $12 | Rake $0.24
Board [3h 8s 2d]
Seat 1: ct-650 (big blind) folded on the Flop
Seat 2: Niro010905 (button) (small blind) collected ($11.76)


PokerStars Hand #148546581019:  Hold'em Limit ($3/$6 USD) - 2016/02/10 3:40:03 ET
Table 'Antenor II' 2-max Seat #1 is the button
Seat 1: ct-650 ($193.33 in chips)
Seat 2: Niro010905 ($186.29 in chips)
ct-650: posts small blind $1
Niro010905: posts big blind $3
*** HOLE CARDS ***
ct-650: raises $3 to $6
Niro010905: folds
Uncalled bet ($3) returned to ct-650
ct-650 collected $6 from pot
*** SUMMARY ***
Total pot $6 | Rake $0
Seat 1: ct-650 (button) (small blind) collected ($6)
Seat 2: Niro010905 (big blind) folded before Flop


PokerStars Hand #148546586041:  Hold'em Limit ($3/$6 USD) - 2016/02/10 3:40:17 ET
Table 'Antenor II' 2-max Seat #1 is the button
Seat 1: ct-650 ($197.33 in chips)
Seat 2: Niro010905 ($182.29 in chips)
ct-650: posts small blind $1
Niro010905: posts big blind $3
*** HOLE CARDS ***
ct-650: raises $3 to $6
Niro010905: folds
Uncalled bet ($3) returned to ct-650
ct-650 collected $6 from pot
*** SUMMARY ***
Total pot $6 | Rake $0
Seat 1: ct-650 (button) (small blind) collected ($6)
Seat 2: Niro010905 (big blind) folded before Flop


PokerStars Hand #148546584362:  Hold'em Limit ($3/$6 USD) - 2016/02/10 3:40:12 ET
Table 'Antenor II' 2-max Seat #2 is the button
Seat 1: ct-650 ($196.33 in chips)
Seat 2: Niro010905 ($183.29 in chips)
Niro010905: posts small blind $1
ct-650: posts big blind $3
*** HOLE CARDS ***
Niro010905: folds
Uncalled bet ($2) returned to ct-650
ct-650 collected $2 from pot
*** SUMMARY ***
Total pot $2 | Rake $0
Seat 1: ct-650 (big blind) collected ($2)
Seat 2: Niro010905 (button) (small blind) folded before Flop


PokerStars Hand #148546591465:  Hold'em Limit ($3/$6 USD) - 2016/02/10 3:40:32 ET
Table 'Antenor II' 2-max Seat #2 is the button
Seat 1: ct-650 ($204.33 in chips)
Seat 2: Niro010905 ($175.29 in chips)
Niro010905: posts small blind $1
ct-650: posts big blind $3
*** HOLE CARDS ***
Niro010905: folds
Uncalled bet ($2) returned to ct-650
ct-650 collected $2 from pot
*** SUMMARY ***
Total pot $2 | Rake $0
Seat 1: ct-650 (big blind) collected ($2)
Seat 2: Niro010905 (button) (small blind) folded before Flop


PokerStars Hand #148546613784:  Hold'em Limit ($3/$6 USD) - 2016/02/10 3:41:34 ET
Table 'Antenor II' 2-max Seat #1 is the button
Seat 1: ct-650 ($237.98 in chips)
Seat 2: Niro010905 ($139.80 in chips)
ct-650: posts small blind $1
Niro010905: posts big blind $3
*** HOLE CARDS ***
ct-650: raises $3 to $6
Niro010905: raises $3 to $9
ct-650: calls $3
*** FLOP *** [3h Jh 5s]
Niro010905: bets $3
ct-650: calls $3
*** TURN *** [3h Jh 5s] [Ah]
Niro010905: bets $6
ct-650: calls $6
*** RIVER *** [3h Jh 5s Ah] [Tc]
Niro010905: bets $6
ct-650: calls $6
*** SHOW DOWN ***
Niro010905: shows [Ts Js] (two pair, Jacks and Tens)
ct-650: mucks hand
Niro010905 collected $47.50 from pot
*** SUMMARY ***
Total pot $48 | Rake $0.50
Board [3h Jh 5s Ah Tc]
Seat 1: ct-650 (button) (small blind) mucked
Seat 2: Niro010905 (big blind) showed [Ts Js] and won ($47.50) with two pair, Jacks and Tens


PokerStars Hand #148546612123:  Hold'em Limit ($3/$6 USD) - 2016/02/10 3:41:30 ET
Table 'Antenor II' 2-max Seat #2 is the button
Seat 1: ct-650 ($236.98 in chips)
Seat 2: Niro010905 ($140.80 in chips)
Niro010905: posts small blind $1
ct-650: posts big blind $3
*** HOLE CARDS ***
Niro010905: folds
Uncalled bet ($2) returned to ct-650
ct-650 collected $2 from pot
*** SUMMARY ***
Total pot $2 | Rake $0
Seat 1: ct-650 (big blind) collected ($2)
Seat 2: Niro010905 (button) (small blind) folded before Flop


PokerStars Hand #148546608934:  Hold'em Limit ($3/$6 USD) - 2016/02/10 3:41:21 ET
Table 'Antenor II' 2-max Seat #1 is the button
Seat 1: ct-650 ($231.22 in chips)
Seat 2: Niro010905 ($146.80 in chips)
ct-650: posts small blind $1
Niro010905: posts big blind $3
*** HOLE CARDS ***
ct-650: raises $3 to $6
Niro010905: calls $3
*** FLOP *** [Td 7d Kh]
Niro010905: checks
ct-650: bets $3
Niro010905: folds
Uncalled bet ($3) returned to ct-650
ct-650 collected $11.76 from pot
*** SUMMARY ***
Total pot $12 | Rake $0.24
Board [Td 7d Kh]
Seat 1: ct-650 (button) (small blind) collected ($11.76)
Seat 2: Niro010905 (big blind) folded on the Flop


PokerStars Hand #148546606042:  Hold'em Limit ($3/$6 USD) - 2016/02/10 3:41:13 ET
Table 'Antenor II' 2-max Seat #2 is the button
Seat 1: ct-650 ($222.58 in chips)
Seat 2: Niro010905 ($155.80 in chips)
Niro010905: posts small blind $1
ct-650: posts big blind $3
*** HOLE CARDS ***
Niro010905: raises $3 to $6
ct-650: raises $3 to $9
Niro010905: calls $3
*** FLOP *** [Jd Kh 5c]
ct-650: bets $3
Niro010905: folds
Uncalled bet ($3) returned to ct-650
ct-650 collected $17.64 from pot
*** SUMMARY ***
Total pot $18 | Rake $0.36
Board [Jd Kh 5c]
Seat 1: ct-650 (big blind) collected ($17.64)
Seat 2: Niro010905 (button) (small blind) folded on the Flop


PokerStars Hand #148546598714:  Hold'em Limit ($3/$6 USD) - 2016/02/10 3:40:52 ET
Table 'Antenor II' 2-max Seat #2 is the button
Seat 1: ct-650 ($228.83 in chips)
Seat 2: Niro010905 ($150.29 in chips)
Niro010905: posts small blind $1
ct-650: posts big blind $3
*** HOLE CARDS ***
Niro010905: raises $3 to $6
ct-650: calls $3
*** FLOP *** [5c Ad Qs]
ct-650: checks
Niro010905: bets $3
ct-650: calls $3
*** TURN *** [5c Ad Qs] [2d]
ct-650: checks
Niro010905: bets $6
ct-650: calls $6
*** RIVER *** [5c Ad Qs 2d] [Ah]
ct-650: checks
Niro010905: checks
*** SHOW DOWN ***
ct-650: shows [Jd 5d] (two pair, Aces and Fives)
Niro010905: shows [7h 5h] (two pair, Aces and Fives)
ct-650 collected $14.75 from pot
Niro010905 collected $14.75 from pot
*** SUMMARY ***
Total pot $30 | Rake $0.50
Board [5c Ad Qs 2d Ah]
Seat 1: ct-650 (big blind) showed [Jd 5d] and won ($14.75) with two pair, Aces and Fives
Seat 2: Niro010905 (button) (small blind) showed [7h 5h] and won ($14.75) with two pair, Aces and Fives


PokerStars Hand #148546602834:  Hold'em Limit ($3/$6 USD) - 2016/02/10 3:41:04 ET
Table 'Antenor II' 2-max Seat #1 is the button
Seat 1: ct-650 ($228.58 in chips)
Seat 2: Niro010905 ($150.04 in chips)
ct-650: posts small blind $1
Niro010905: posts big blind $3
*** HOLE CARDS ***
ct-650: raises $3 to $6
Niro010905: calls $3
*** FLOP *** [9c 5c 3h]
Niro010905: checks
ct-650: checks
*** TURN *** [9c 5c 3h] [6d]
Niro010905: bets $6
ct-650: folds
Uncalled bet ($6) returned to Niro010905
Niro010905 collected $11.76 from pot
Niro010905: doesn't show hand
*** SUMMARY ***
Total pot $12 | Rake $0.24
Board [9c 5c 3h 6d]
Seat 1: ct-650 (button) (small blind) folded on the Turn
Seat 2: Niro010905 (big blind) collected ($11.76)


PokerStars Hand #148546637550:  Hold'em Limit ($3/$6 USD) - 2016/02/10 3:42:41 ET
Table 'Antenor II' 2-max Seat #2 is the button
Seat 1: ct-650 ($204.48 in chips)
Seat 2: Niro010905 ($171.20 in chips)
Niro010905: posts small blind $1
ct-650: posts big blind $3
*** HOLE CARDS ***
Niro010905: raises $3 to $6
ct-650: folds
Uncalled bet ($3) returned to Niro010905
Niro010905 collected $6 from pot
Niro010905: doesn't show hand
*** SUMMARY ***
Total pot $6 | Rake $0
Seat 1: ct-650 (big blind) folded before Flop
Seat 2: Niro010905 (button) (small blind) collected ($6)


PokerStars Hand #148546633509:  Hold'em Limit ($3/$6 USD) - 2016/02/10 3:42:30 ET
Table 'Antenor II' 2-max Seat #1 is the button
Seat 1: ct-650 ($222.48 in chips)
Seat 2: Niro010905 ($153.70 in chips)
ct-650: posts small blind $1
Niro010905: posts big blind $3
*** HOLE CARDS ***
ct-650: raises $3 to $6
Niro010905: raises $3 to $9
ct-650: calls $3
*** FLOP *** [Ts Qc 6s]
Niro010905: bets $3
ct-650: calls $3
*** TURN *** [Ts Qc 6s] [5h]
Niro010905: bets $6
ct-650: calls $6
*** RIVER *** [Ts Qc 6s 5h] [5c]
Niro010905: bets $6
ct-650: folds
Uncalled bet ($6) returned to Niro010905
Niro010905 collected $35.50 from pot
Niro010905: doesn't show hand
*** SUMMARY ***
Total pot $36 | Rake $0.50
Board [Ts Qc 6s 5h 5c]
Seat 1: ct-650 (button) (small blind) folded on the River
Seat 2: Niro010905 (big blind) collected ($35.50)


PokerStars Hand #148546629061:  Hold'em Limit ($3/$6 USD) - 2016/02/10 3:42:17 ET
Table 'Antenor II' 2-max Seat #2 is the button
Seat 1: ct-650 ($228.48 in chips)
Seat 2: Niro010905 ($147.94 in chips)
Niro010905: posts small blind $1
ct-650: posts big blind $3
*** HOLE CARDS ***
Niro010905: raises $3 to $6
ct-650: calls $3
*** FLOP *** [Kd 4s Jh]
ct-650: checks
Niro010905: checks
*** TURN *** [Kd 4s Jh] [6h]
ct-650: checks
Niro010905: checks
*** RIVER *** [Kd 4s Jh 6h] [Qd]
ct-650: checks
Niro010905: bets $6
ct-650: folds
Uncalled bet ($6) returned to Niro010905
Niro010905 collected $11.76 from pot
Niro010905: doesn't show hand
*** SUMMARY ***
Total pot $12 | Rake $0.24
Board [Kd 4s Jh 6h Qd]
Seat 1: ct-650 (big blind) folded on the River
Seat 2: Niro010905 (button) (small blind) collected ($11.76)


PokerStars Hand #148546618445:  Hold'em Limit ($3/$6 USD) - 2016/02/10 3:41:47 ET
Table 'Antenor II' 2-max Seat #2 is the button
Seat 1: ct-650 ($213.98 in chips)
Seat 2: Niro010905 ($163.30 in chips)
Niro010905: posts small blind $1
ct-650: posts big blind $3
*** HOLE CARDS ***
Niro010905: raises $3 to $6
ct-650: calls $3
*** FLOP *** [Ts 4s 9h]
ct-650: checks
Niro010905: checks
*** TURN *** [Ts 4s 9h] [7d]
ct-650: bets $6
Niro010905: raises $6 to $12
ct-650: raises $6 to $18
Niro010905: calls $6
*** RIVER *** [Ts 4s 9h 7d] [4c]
ct-650: bets $6
Niro010905: folds
Uncalled bet ($6) returned to ct-650
ct-650 collected $47.50 from pot
*** SUMMARY ***
Total pot $48 | Rake $0.50
Board [Ts 4s 9h 7d 4c]
Seat 1: ct-650 (big blind) collected ($47.50)
Seat 2: Niro010905 (button) (small blind) folded on the River


PokerStars Hand #148546624440:  Hold'em Limit ($3/$6 USD) - 2016/02/10 3:42:04 ET
Table 'Antenor II' 2-max Seat #1 is the button
Seat 1: ct-650 ($237.48 in chips)
Seat 2: Niro010905 ($139.30 in chips)
ct-650: posts small blind $1
Niro010905: posts big blind $3
*** HOLE CARDS ***
ct-650: raises $3 to $6
Niro010905: calls $3
*** FLOP *** [As Js 4s]
Niro010905: checks
ct-650: bets $3
Niro010905: calls $3
*** TURN *** [As Js 4s] [Qd]
Niro010905: checks
ct-650: checks
*** RIVER *** [As Js 4s Qd] [8h]
Niro010905: bets $6
ct-650: folds
Uncalled bet ($6) returned to Niro010905
Niro010905 collected $17.64 from pot
Niro010905: doesn't show hand
*** SUMMARY ***
Total pot $18 | Rake $0.36
Board [As Js 4s Qd 8h]
Seat 1: ct-650 (button) (small blind) folded on the River
Seat 2: Niro010905 (big blind) collected ($17.64)


PokerStars Hand #148546647179:  Hold'em Limit ($3/$6 USD) - 2016/02/10 3:43:08 ET
Table 'Antenor II' 2-max Seat #1 is the button
Seat 1: ct-650 ($204.24 in chips)
Seat 2: Niro010905 ($171.20 in chips)
ct-650: posts small blind $1
Niro010905: posts big blind $3
*** HOLE CARDS ***
ct-650: raises $3 to $6
Niro010905: calls $3
*** FLOP *** [Th 4h 4d]
Niro010905: bets $3
ct-650: calls $3
*** TURN *** [Th 4h 4d] [9h]
Niro010905: bets $6
ct-650: calls $6
*** RIVER *** [Th 4h 4d 9h] [Kc]
Niro010905: bets $6
ct-650: raises $6 to $12
Niro010905: calls $6
*** SHOW DOWN ***
ct-650: shows [Qd Jd] (a straight, Nine to King)
Niro010905: mucks hand
ct-650 collected $53.50 from pot
*** SUMMARY ***
Total pot $54 | Rake $0.50
Board [Th 4h 4d 9h Kc]
Seat 1: ct-650 (button) (small blind) showed [Qd Jd] and won ($53.50) with a straight, Nine to King
Seat 2: Niro010905 (big blind) mucked


PokerStars Hand #148546645206:  Hold'em Limit ($3/$6 USD) - 2016/02/10 3:43:02 ET
Table 'Antenor II' 2-max Seat #2 is the button
Seat 1: ct-650 ($207.24 in chips)
Seat 2: Niro010905 ($168.20 in chips)
Niro010905: posts small blind $1
ct-650: posts big blind $3
*** HOLE CARDS ***
Niro010905: raises $3 to $6
ct-650: folds
Uncalled bet ($3) returned to Niro010905
Niro010905 collected $6 from pot
Niro010905: doesn't show hand
*** SUMMARY ***
Total pot $6 | Rake $0
Seat 1: ct-650 (big blind) folded before Flop
Seat 2: Niro010905 (button) (small blind) collected ($6)


PokerStars Hand #148546639546:  Hold'em Limit ($3/$6 USD) - 2016/02/10 3:42:46 ET
Table 'Antenor II' 2-max Seat #1 is the button
Seat 1: ct-650 ($201.48 in chips)
Seat 2: Niro010905 ($174.20 in chips)
ct-650: posts small blind $1
Niro010905: posts big blind $3
*** HOLE CARDS ***
ct-650: raises $3 to $6
Niro010905: calls $3
*** FLOP *** [4h 8s 4c]
Niro010905: checks
ct-650: checks
*** TURN *** [4h 8s 4c] [Ah]
Niro010905: checks
ct-650: bets $6
Niro010905: folds
Uncalled bet ($6) returned to ct-650
ct-650 collected $11.76 from pot
*** SUMMARY ***
Total pot $12 | Rake $0.24
Board [4h 8s 4c Ah]
Seat 1: ct-650 (button) (small blind) collected ($11.76)
Seat 2: Niro010905 (big blind) folded on the Turn


PokerStars Hand #148546655951:  Hold'em Limit ($3/$6 USD) - 2016/02/10 3:43:32 ET
Table 'Antenor II' 2-max Seat #2 is the button
Seat 1: ct-650 ($230.74 in chips)
Seat 2: Niro010905 ($144.20 in chips)
Niro010905: posts small blind $1
ct-650: posts big blind $3
*** HOLE CARDS ***
Niro010905: raises $3 to $6
ct-650: calls $3
*** FLOP *** [As Tc 6d]
ct-650: checks
Niro010905: bets $3
ct-650: calls $3
*** TURN *** [As Tc 6d] [5s]
ct-650: checks
Niro010905: bets $6
ct-650: calls $6
*** RIVER *** [As Tc 6d 5s] [Td]
ct-650: checks
Niro010905: checks
*** SHOW DOWN ***
ct-650: shows [Qd Th] (three of a kind, Tens)
Niro010905: mucks hand
ct-650 collected $29.50 from pot
*** SUMMARY ***
Total pot $30 | Rake $0.50
Board [As Tc 6d 5s Td]
Seat 1: ct-650 (big blind) showed [Qd Th] and won ($29.50) with three of a kind, Tens
Seat 2: Niro010905 (button) (small blind) mucked


PokerStars Hand #148546674808:  Hold'em Limit ($3/$6 USD) - 2016/02/10 3:44:24 ET
Table 'Antenor II' 2-max Seat #2 is the button
Seat 1: ct-650 ($238.76 in chips)
Seat 2: Niro010905 ($134.48 in chips)
Niro010905: posts small blind $1
ct-650: posts big blind $3
*** HOLE CARDS ***
Niro010905: raises $3 to $6
ct-650: calls $3
*** FLOP *** [Ad Jd 5h]
ct-650: checks
Niro010905: bets $3
ct-650: folds
Uncalled bet ($3) returned to Niro010905
Niro010905 collected $11.76 from pot
Niro010905: doesn't show hand
*** SUMMARY ***
Total pot $12 | Rake $0.24
Board [Ad Jd 5h]
Seat 1: ct-650 (big blind) folded on the Flop
Seat 2: Niro010905 (button) (small blind) collected ($11.76)


PokerStars Hand #148546671285:  Hold'em Limit ($3/$6 USD) - 2016/02/10 3:44:14 ET
Table 'Antenor II' 2-max Seat #1 is the button
Seat 1: ct-650 ($247.76 in chips)
Seat 2: Niro010905 ($125.84 in chips)
ct-650: posts small blind $1
Niro010905: posts big blind $3
*** HOLE CARDS ***
ct-650: raises $3 to $6
Niro010905: raises $3 to $9
ct-650: calls $3
*** FLOP *** [Qd Kh 3c]
Niro010905: bets $3
ct-650: folds
Uncalled bet ($3) returned to Niro010905
Niro010905 collected $17.64 from pot
Niro010905: doesn't show hand
*** SUMMARY ***
Total pot $18 | Rake $0.36
Board [Qd Kh 3c]
Seat 1: ct-650 (button) (small blind) folded on the Flop
Seat 2: Niro010905 (big blind) collected ($17.64)


PokerStars Hand #148546665775:  Hold'em Limit ($3/$6 USD) - 2016/02/10 3:43:59 ET
Table 'Antenor II' 2-max Seat #2 is the button
Seat 1: ct-650 ($236.24 in chips)
Seat 2: Niro010905 ($137.84 in chips)
Niro010905: posts small blind $1
ct-650: posts big blind $3
*** HOLE CARDS ***
Niro010905: raises $3 to $6
ct-650: raises $3 to $9
Niro010905: calls $3
*** FLOP *** [Qd 9s Kd]
ct-650: bets $3
Niro010905: calls $3
*** TURN *** [Qd 9s Kd] [4h]
ct-650: checks
Niro010905: checks
*** RIVER *** [Qd 9s Kd 4h] [9c]
ct-650: bets $6
Niro010905: folds
Uncalled bet ($6) returned to ct-650
ct-650 collected $23.52 from pot
*** SUMMARY ***
Total pot $24 | Rake $0.48
Board [Qd 9s Kd 4h 9c]
Seat 1: ct-650 (big blind) collected ($23.52)
Seat 2: Niro010905 (button) (small blind) folded on the River


PokerStars Hand #148546681516:  Hold'em Limit ($3/$6 USD) - 2016/02/10 3:44:42 ET
Table 'Antenor II' 2-max Seat #1 is the button
Seat 1: ct-650 ($232.76 in chips)
Seat 2: Niro010905 ($140.24 in chips)
ct-650: posts small blind $1
Niro010905: posts big blind $3
*** HOLE CARDS ***
ct-650: folds
Uncalled bet ($2) returned to Niro010905
Niro010905 collected $2 from pot
Niro010905: doesn't show hand
*** SUMMARY ***
Total pot $2 | Rake $0
Seat 1: ct-650 (button) (small blind) folded before Flop
Seat 2: Niro010905 (big blind) collected ($2)


PokerStars Hand #148546661177:  Hold'em Limit ($3/$6 USD) - 2016/02/10 3:43:46 ET
Table 'Antenor II' 2-max Seat #1 is the button
Seat 1: ct-650 ($245.24 in chips)
Seat 2: Niro010905 ($129.20 in chips)
ct-650: posts small blind $1
Niro010905: posts big blind $3
*** HOLE CARDS ***
ct-650: raises $3 to $6
Niro010905: calls $3
*** FLOP *** [7h 9h Ad]
Niro010905: checks
ct-650: bets $3
Niro010905: calls $3
*** TURN *** [7h 9h Ad] [6h]
Niro010905: checks
ct-650: checks
*** RIVER *** [7h 9h Ad 6h] [4c]
Niro010905: bets $6
ct-650: folds
Uncalled bet ($6) returned to Niro010905
Niro010905 collected $17.64 from pot
Niro010905: doesn't show hand
*** SUMMARY ***
Total pot $18 | Rake $0.36
Board [7h 9h Ad 6h 4c]
Seat 1: ct-650 (button) (small blind) folded on the River
Seat 2: Niro010905 (big blind) collected ($17.64)


PokerStars Hand #148546702483:  Hold'em Limit ($3/$6 USD) - 2016/02/10 3:45:39 ET
Table 'Antenor II' 2-max Seat #2 is the button
Seat 1: ct-650 ($259.78 in chips)
Seat 2: Niro010905 ($112 in chips)
Niro010905: posts small blind $1
ct-650: posts big blind $3
*** HOLE CARDS ***
Niro010905: raises $3 to $6
ct-650: calls $3
*** FLOP *** [Ac 2c 9s]
ct-650: checks
Niro010905: checks
*** TURN *** [Ac 2c 9s] [Th]
ct-650: checks
Niro010905: bets $6
ct-650: calls $6
*** RIVER *** [Ac 2c 9s Th] [2d]
ct-650: checks
Niro010905: checks
*** SHOW DOWN ***
ct-650: shows [Tc 7d] (two pair, Tens and Deuces)
Niro010905: mucks hand
ct-650 collected $23.52 from pot
*** SUMMARY ***
Total pot $24 | Rake $0.48
Board [Ac 2c 9s Th 2d]
Seat 1: ct-650 (big blind) showed [Tc 7d] and won ($23.52) with two pair, Tens and Deuces
Seat 2: Niro010905 (button) (small blind) mucked


PokerStars Hand #148546697357:  Hold'em Limit ($3/$6 USD) - 2016/02/10 3:45:25 ET
Table 'Antenor II' 2-max Seat #1 is the button
Seat 1: ct-650 ($236.28 in chips)
Seat 2: Niro010905 ($136 in chips)
ct-650: posts small blind $1
Niro010905: posts big blind $3
*** HOLE CARDS ***
ct-650: raises $3 to $6
Niro010905: raises $3 to $9
ct-650: calls $3
*** FLOP *** [2c Jc Kd]
Niro010905: bets $3
ct-650: calls $3
*** TURN *** [2c Jc Kd] [Js]
Niro010905: bets $6
ct-650: calls $6
*** RIVER *** [2c Jc Kd Js] [Tc]
Niro010905: bets $6
ct-650: calls $6
*** SHOW DOWN ***
Niro010905: shows [6h 3d] (a pair of Jacks)
ct-650: shows [Ts Qd] (two pair, Jacks and Tens)
ct-650 collected $47.50 from pot
*** SUMMARY ***
Total pot $48 | Rake $0.50
Board [2c Jc Kd Js Tc]
Seat 1: ct-650 (button) (small blind) showed [Ts Qd] and won ($47.50) with two pair, Jacks and Tens
Seat 2: Niro010905 (big blind) showed [6h 3d] and lost with a pair of Jacks


PokerStars Hand #148546692641:  Hold'em Limit ($3/$6 USD) - 2016/02/10 3:45:12 ET
Table 'Antenor II' 2-max Seat #2 is the button
Seat 1: ct-650 ($224.76 in chips)
Seat 2: Niro010905 ($148 in chips)
Niro010905: posts small blind $1
ct-650: posts big blind $3
*** HOLE CARDS ***
Niro010905: raises $3 to $6
ct-650: calls $3
*** FLOP *** [4s Ah 9h]
ct-650: checks
Niro010905: checks
*** TURN *** [4s Ah 9h] [8h]
ct-650: checks
Niro010905: bets $6
ct-650: calls $6
*** RIVER *** [4s Ah 9h 8h] [3c]
ct-650: checks
Niro010905: checks
*** SHOW DOWN ***
ct-650: shows [6h Ks] (high card Ace)
Niro010905: mucks hand
ct-650 collected $23.52 from pot
*** SUMMARY ***
Total pot $24 | Rake $0.48
Board [4s Ah 9h 8h 3c]
Seat 1: ct-650 (big blind) showed [6h Ks] and won ($23.52) with high card Ace
Seat 2: Niro010905 (button) (small blind) mucked


PokerStars Hand #148546690950:  Hold'em Limit ($3/$6 USD) - 2016/02/10 3:45:08 ET
Table 'Antenor II' 2-max Seat #1 is the button
Seat 1: ct-650 ($225.76 in chips)
Seat 2: Niro010905 ($147 in chips)
ct-650: posts small blind $1
Niro010905: posts big blind $3
*** HOLE CARDS ***
ct-650: folds
Uncalled bet ($2) returned to Niro010905
Niro010905 collected $2 from pot
Niro010905: doesn't show hand
*** SUMMARY ***
Total pot $2 | Rake $0
Seat 1: ct-650 (button) (small blind) folded before Flop
Seat 2: Niro010905 (big blind) collected ($2)


PokerStars Hand #148546683131:  Hold'em Limit ($3/$6 USD) - 2016/02/10 3:44:47 ET
Table 'Antenor II' 2-max Seat #2 is the button
Seat 1: ct-650 ($231.76 in chips)
Seat 2: Niro010905 ($141.24 in chips)
Niro010905: posts small blind $1
ct-650: posts big blind $3
*** HOLE CARDS ***
Niro010905: raises $3 to $6
ct-650: calls $3
*** FLOP *** [3s 3c 6h]
ct-650: checks
Niro010905: bets $3
ct-650: folds
Uncalled bet ($3) returned to Niro010905
Niro010905 collected $11.76 from pot
Niro010905: doesn't show hand
*** SUMMARY ***
Total pot $12 | Rake $0.24
Board [3s 3c 6h]
Seat 1: ct-650 (big blind) folded on the Flop
Seat 2: Niro010905 (button) (small blind) collected ($11.76)


PokerStars Hand #148546715443:  Hold'em Limit ($3/$6 USD) - 2016/02/10 3:46:14 ET
Table 'Antenor II' 2-max Seat #1 is the button
Seat 1: ct-650 ($253.30 in chips)
Seat 2: Niro010905 ($117.28 in chips)
ct-650: posts small blind $1
Niro010905: posts big blind $3
*** HOLE CARDS ***
ct-650: raises $3 to $6
Niro010905: raises $3 to $9
ct-650: calls $3
*** FLOP *** [8s 9s Th]
Niro010905: checks
ct-650: checks
*** TURN *** [8s 9s Th] [5s]
Niro010905: checks
ct-650: checks
*** RIVER *** [8s 9s Th 5s] [As]
Niro010905: bets $6
ct-650: raises $6 to $12
Niro010905: calls $6
*** SHOW DOWN ***
ct-650: shows [Ks 5c] (a flush, Ace high)
Niro010905: mucks hand
ct-650 collected $41.50 from pot
*** SUMMARY ***
Total pot $42 | Rake $0.50
Board [8s 9s Th 5s As]
Seat 1: ct-650 (button) (small blind) showed [Ks 5c] and won ($41.50) with a flush, Ace high
Seat 2: Niro010905 (big blind) mucked


PokerStars Hand #148546712331:  Hold'em Limit ($3/$6 USD) - 2016/02/10 3:46:06 ET
Table 'Antenor II' 2-max Seat #2 is the button
Seat 1: ct-650 ($259.30 in chips)
Seat 2: Niro010905 ($111.52 in chips)
Niro010905: posts small blind $1
ct-650: posts big blind $3
*** HOLE CARDS ***
Niro010905: raises $3 to $6
ct-650: calls $3
*** FLOP *** [8s Qs Kd]
ct-650: checks
Niro010905: bets $3
ct-650: folds
Uncalled bet ($3) returned to Niro010905
Niro010905 collected $11.76 from pot
Niro010905: doesn't show hand
*** SUMMARY ***
Total pot $12 | Rake $0.24
Board [8s Qs Kd]
Seat 1: ct-650 (big blind) folded on the Flop
Seat 2: Niro010905 (button) (small blind) collected ($11.76)


PokerStars Hand #148546707868:  Hold'em Limit ($3/$6 USD) - 2016/02/10 3:45:54 ET
Table 'Antenor II' 2-max Seat #1 is the button
Seat 1: ct-650 ($271.30 in chips)
Seat 2: Niro010905 ($100 in chips)
ct-650: posts small blind $1
Niro010905: posts big blind $3
*** HOLE CARDS ***
ct-650: raises $3 to $6
Niro010905: raises $3 to $9
ct-650: calls $3
*** FLOP *** [3h Ac 6d]
Niro010905: bets $3
ct-650: calls $3
*** TURN *** [3h Ac 6d] [9h]
Niro010905: bets $6
ct-650: folds
Uncalled bet ($6) returned to Niro010905
Niro010905 collected $23.52 from pot
Niro010905: doesn't show hand
*** SUMMARY ***
Total pot $24 | Rake $0.48
Board [3h Ac 6d 9h]
Seat 1: ct-650 (button) (small blind) folded on the Turn
Seat 2: Niro010905 (big blind) collected ($23.52)


PokerStars Hand #148546723544:  Hold'em Limit ($3/$6 USD) - 2016/02/10 3:46:36 ET
Table 'Antenor II' 2-max Seat #2 is the button
Seat 1: ct-650 ($273.80 in chips)
Seat 2: Niro010905 ($96.28 in chips)
Niro010905: posts small blind $1
ct-650: posts big blind $3
*** HOLE CARDS ***
Niro010905: raises $3 to $6
ct-650: raises $3 to $9
Niro010905: calls $3
*** FLOP *** [6s 7h Kc]
ct-650: bets $3
Niro010905: raises $3 to $6
ct-650: calls $3
*** TURN *** [6s 7h Kc] [Ah]
ct-650: checks
Niro010905: checks
*** RIVER *** [6s 7h Kc Ah] [Qc]
ct-650: checks
Niro010905: checks
*** SHOW DOWN ***
ct-650: shows [4h 4c] (a pair of Fours)
Niro010905: mucks hand
ct-650 collected $29.50 from pot
*** SUMMARY ***
Total pot $30 | Rake $0.50
Board [6s 7h Kc Ah Qc]
Seat 1: ct-650 (big blind) showed [4h 4c] and won ($29.50) with a pair of Fours
Seat 2: Niro010905 (button) (small blind) mucked


PokerStars Hand #148546743024:  Hold'em Limit ($3/$6 USD) - 2016/02/10 3:47:29 ET
Table 'Antenor II' 2-max Seat #2 is the button
Seat 1: ct-650 ($291.55 in chips)
Seat 2: Niro010905 ($76.67 in chips)
Niro010905: posts small blind $1
ct-650: posts big blind $3
*** HOLE CARDS ***
Niro010905: folds
Uncalled bet ($2) returned to ct-650
ct-650 collected $2 from pot
*** SUMMARY ***
Total pot $2 | Rake $0
Seat 1: ct-650 (big blind) collected ($2)
Seat 2: Niro010905 (button) (small blind) folded before Flop


PokerStars Hand #148546739433:  Hold'em Limit ($3/$6 USD) - 2016/02/10 3:47:19 ET
Table 'Antenor II' 2-max Seat #1 is the button
Seat 1: ct-650 ($277.05 in chips)
Seat 2: Niro010905 ($91.67 in chips)
ct-650: posts small blind $1
Niro010905: posts big blind $3
*** HOLE CARDS ***
ct-650: raises $3 to $6
Niro010905: calls $3
*** FLOP *** [Td Th Qh]
Niro010905: checks
ct-650: bets $3
Niro010905: calls $3
*** TURN *** [Td Th Qh] [2c]
Niro010905: checks
ct-650: checks
*** RIVER *** [Td Th Qh 2c] [Jc]
Niro010905: bets $6
ct-650: calls $6
*** SHOW DOWN ***
Niro010905: shows [6s Kd] (a pair of Tens)
ct-650: shows [7s Ad] (a pair of Tens - Ace kicker)
ct-650 collected $29.50 from pot
*** SUMMARY ***
Total pot $30 | Rake $0.50
Board [Td Th Qh 2c Jc]
Seat 1: ct-650 (button) (small blind) showed [7s Ad] and won ($29.50) with a pair of Tens
Seat 2: Niro010905 (big blind) showed [6s Kd] and lost with a pair of Tens


PokerStars Hand #148546737492:  Hold'em Limit ($3/$6 USD) - 2016/02/10 3:47:14 ET
Table 'Antenor II' 2-max Seat #2 is the button
Seat 1: ct-650 ($280.05 in chips)
Seat 2: Niro010905 ($88.67 in chips)
Niro010905: posts small blind $1
ct-650: posts big blind $3
*** HOLE CARDS ***
Niro010905: raises $3 to $6
ct-650: folds
Uncalled bet ($3) returned to Niro010905
Niro010905 collected $6 from pot
Niro010905: doesn't show hand
*** SUMMARY ***
Total pot $6 | Rake $0
Seat 1: ct-650 (big blind) folded before Flop
Seat 2: Niro010905 (button) (small blind) collected ($6)


PokerStars Hand #148546734574:  Hold'em Limit ($3/$6 USD) - 2016/02/10 3:47:06 ET
Table 'Antenor II' 2-max Seat #1 is the button
Seat 1: ct-650 ($289.05 in chips)
Seat 2: Niro010905 ($80.03 in chips)
ct-650: posts small blind $1
Niro010905: posts big blind $3
*** HOLE CARDS ***
ct-650: raises $3 to $6
Niro010905: calls $3
*** FLOP *** [Kd Ks Ac]
Niro010905: checks
ct-650: bets $3
Niro010905: raises $3 to $6
ct-650: folds
Uncalled bet ($3) returned to Niro010905
Niro010905 collected $17.64 from pot
Niro010905: doesn't show hand
*** SUMMARY ***
Total pot $18 | Rake $0.36
Board [Kd Ks Ac]
Seat 1: ct-650 (button) (small blind) folded on the Flop
Seat 2: Niro010905 (big blind) collected ($17.64)


PokerStars Hand #148546732875:  Hold'em Limit ($3/$6 USD) - 2016/02/10 3:47:01 ET
Table 'Antenor II' 2-max Seat #2 is the button
Seat 1: ct-650 ($288.05 in chips)
Seat 2: Niro010905 ($81.03 in chips)
Niro010905: posts small blind $1
ct-650: posts big blind $3
*** HOLE CARDS ***
Niro010905: folds
Uncalled bet ($2) returned to ct-650
ct-650 collected $2 from pot
*** SUMMARY ***
Total pot $2 | Rake $0
Seat 1: ct-650 (big blind) collected ($2)
Seat 2: Niro010905 (button) (small blind) folded before Flop


PokerStars Hand #148546728497:  Hold'em Limit ($3/$6 USD) - 2016/02/10 3:46:50 ET
Table 'Antenor II' 2-max Seat #1 is the button
Seat 1: ct-650 ($288.30 in chips)
Seat 2: Niro010905 ($81.28 in chips)
ct-650: posts small blind $1
Niro010905: posts big blind $3
*** HOLE CARDS ***
ct-650: raises $3 to $6
Niro010905: raises $3 to $9
ct-650: calls $3
*** FLOP *** [Ac Tc Ad]
Niro010905: bets $3
ct-650: calls $3
*** TURN *** [Ac Tc Ad] [Ts]
Niro010905: bets $6
ct-650: calls $6
*** RIVER *** [Ac Tc Ad Ts] [2d]
Niro010905: bets $6
ct-650: calls $6
*** SHOW DOWN ***
Niro010905: shows [Jc Qs] (two pair, Aces and Tens)
ct-650: shows [5c Qh] (two pair, Aces and Tens)
Niro010905 collected $23.75 from pot
ct-650 collected $23.75 from pot
*** SUMMARY ***
Total pot $48 | Rake $0.50
Board [Ac Tc Ad Ts 2d]
Seat 1: ct-650 (button) (small blind) showed [5c Qh] and won ($23.75) with two pair, Aces and Tens
Seat 2: Niro010905 (big blind) showed [Jc Qs] and won ($23.75) with two pair, Aces and Tens


PokerStars Hand #148546744939:  Hold'em Limit ($3/$6 USD) - 2016/02/10 3:47:34 ET
Table 'Antenor II' 2-max Seat #1 is the button
Seat 1: ct-650 ($292.55 in chips)
Seat 2: Niro010905 ($75.67 in chips)
ct-650: posts small blind $1
Niro010905: posts big blind $3
*** HOLE CARDS ***
ct-650: folds
Uncalled bet ($2) returned to Niro010905
Niro010905 collected $2 from pot
Niro010905: doesn't show hand
*** SUMMARY ***
Total pot $2 | Rake $0
Seat 1: ct-650 (button) (small blind) folded before Flop
Seat 2: Niro010905 (big blind) collected ($2)


PokerStars Hand #148546764101:  Hold'em Limit ($3/$6 USD) - 2016/02/10 3:48:26 ET
Table 'Antenor II' 2-max Seat #1 is the button
Seat 1: ct-650 ($272.19 in chips)
Seat 2: Niro010905 ($95.17 in chips)
ct-650: posts small blind $1
Niro010905: posts big blind $3
*** HOLE CARDS ***
ct-650: raises $3 to $6
Niro010905: calls $3
*** FLOP *** [3d Td 8h]
Niro010905: checks
ct-650: bets $3
Niro010905: raises $3 to $6
ct-650: calls $3
*** TURN *** [3d Td 8h] [As]
Niro010905: bets $6
ct-650: calls $6
*** RIVER *** [3d Td 8h As] [2s]
Niro010905: bets $6
ct-650: calls $6
*** SHOW DOWN ***
Niro010905: shows [4d 8s] (a pair of Eights)
ct-650: shows [7s Th] (a pair of Tens)
ct-650 collected $47.50 from pot
*** SUMMARY ***
Total pot $48 | Rake $0.50
Board [3d Td 8h As 2s]
Seat 1: ct-650 (button) (small blind) showed [7s Th] and won ($47.50) with a pair of Tens
Seat 2: Niro010905 (big blind) showed [4d 8s] and lost with a pair of Eights


PokerStars Hand #148546762303:  Hold'em Limit ($3/$6 USD) - 2016/02/10 3:48:21 ET
Table 'Antenor II' 2-max Seat #2 is the button
Seat 1: ct-650 ($271.19 in chips)
Seat 2: Niro010905 ($96.17 in chips)
Niro010905: posts small blind $1
ct-650: posts big blind $3
*** HOLE CARDS ***
Niro010905: folds
Uncalled bet ($2) returned to ct-650
ct-650 collected $2 from pot
*** SUMMARY ***
Total pot $2 | Rake $0
Seat 1: ct-650 (big blind) collected ($2)
Seat 2: Niro010905 (button) (small blind) folded before Flop


PokerStars Hand #148546760643:  Hold'em Limit ($3/$6 USD) - 2016/02/10 3:48:16 ET
Table 'Antenor II' 2-max Seat #1 is the button
Seat 1: ct-650 ($272.19 in chips)
Seat 2: Niro010905 ($95.17 in chips)
ct-650: posts small blind $1
Niro010905: posts big blind $3
*** HOLE CARDS ***
ct-650: folds
Uncalled bet ($2) returned to Niro010905
Niro010905 collected $2 from pot
Niro010905: doesn't show hand
*** SUMMARY ***
Total pot $2 | Rake $0
Seat 1: ct-650 (button) (small blind) folded before Flop
Seat 2: Niro010905 (big blind) collected ($2)


PokerStars Hand #148546755599:  Hold'em Limit ($3/$6 USD) - 2016/02/10 3:48:03 ET
Table 'Antenor II' 2-max Seat #2 is the button
Seat 1: ct-650 ($263.55 in chips)
Seat 2: Niro010905 ($104.17 in chips)
Niro010905: posts small blind $1
ct-650: posts big blind $3
*** HOLE CARDS ***
Niro010905: raises $3 to $6
ct-650: calls $3
*** FLOP *** [7c 4h 6s]
ct-650: checks
Niro010905: bets $3
ct-650: calls $3
*** TURN *** [7c 4h 6s] [2h]
ct-650: checks
Niro010905: checks
*** RIVER *** [7c 4h 6s 2h] [Jd]
ct-650: checks
Niro010905: checks
*** SHOW DOWN ***
ct-650: shows [Jh 5h] (a pair of Jacks)
Niro010905: mucks hand
ct-650 collected $17.64 from pot
*** SUMMARY ***
Total pot $18 | Rake $0.36
Board [7c 4h 6s 2h Jd]
Seat 1: ct-650 (big blind) showed [Jh 5h] and won ($17.64) with a pair of Jacks
Seat 2: Niro010905 (button) (small blind) mucked


PokerStars Hand #148546753542:  Hold'em Limit ($3/$6 USD) - 2016/02/10 3:47:57 ET
Table 'Antenor II' 2-max Seat #1 is the button
Seat 1: ct-650 ($264.55 in chips)
Seat 2: Niro010905 ($103.17 in chips)
ct-650: posts small blind $1
Niro010905: posts big blind $3
*** HOLE CARDS ***
ct-650: folds
Uncalled bet ($2) returned to Niro010905
Niro010905 collected $2 from pot
Niro010905: doesn't show hand
*** SUMMARY ***
Total pot $2 | Rake $0
Seat 1: ct-650 (button) (small blind) folded before Flop
Seat 2: Niro010905 (big blind) collected ($2)


PokerStars Hand #148546746473:  Hold'em Limit ($3/$6 USD) - 2016/02/10 3:47:38 ET
Table 'Antenor II' 2-max Seat #2 is the button
Seat 1: ct-650 ($291.55 in chips)
Seat 2: Niro010905 ($76.67 in chips)
Niro010905: posts small blind $1
ct-650: posts big blind $3
*** HOLE CARDS ***
Niro010905: raises $3 to $6
ct-650: calls $3
*** FLOP *** [3d 9d 5s]
ct-650: checks
Niro010905: bets $3
ct-650: raises $3 to $6
Niro010905: raises $3 to $9
ct-650: calls $3
*** TURN *** [3d 9d 5s] [Th]
ct-650: checks
Niro010905: bets $6
ct-650: calls $6
*** RIVER *** [3d 9d 5s Th] [Td]
ct-650: checks
Niro010905: bets $6
ct-650: calls $6
*** SHOW DOWN ***
Niro010905: shows [8d Kd] (a flush, King high)
ct-650: mucks hand
Niro010905 collected $53.50 from pot
*** SUMMARY ***
Total pot $54 | Rake $0.50
Board [3d 9d 5s Th Td]
Seat 1: ct-650 (big blind) mucked
Seat 2: Niro010905 (button) (small blind) showed [8d Kd] and won ($53.50) with a flush, King high


PokerStars Hand #148546777136:  Hold'em Limit ($3/$6 USD) - 2016/02/10 3:49:01 ET
Table 'Antenor II' 2-max Seat #2 is the button
Seat 1: ct-650 ($271.69 in chips)
Seat 2: Niro010905 ($94.67 in chips)
Niro010905: posts small blind $1
ct-650: posts big blind $3
*** HOLE CARDS ***
Niro010905: raises $3 to $6
ct-650: raises $3 to $9
Niro010905: calls $3
*** FLOP *** [Jc 3c 3s]
ct-650: bets $3
Niro010905: calls $3
*** TURN *** [Jc 3c 3s] [5c]
ct-650: checks
Niro010905: checks
*** RIVER *** [Jc 3c 3s 5c] [2s]
ct-650: checks
Niro010905: checks
*** SHOW DOWN ***
ct-650: shows [As 8h] (a pair of Threes)
Niro010905: mucks hand
ct-650 collected $23.52 from pot
*** SUMMARY ***
Total pot $24 | Rake $0.48
Board [Jc 3c 3s 5c 2s]
Seat 1: ct-650 (big blind) showed [As 8h] and won ($23.52) with a pair of Threes
Seat 2: Niro010905 (button) (small blind) mucked


PokerStars Hand #148546775449:  Hold'em Limit ($3/$6 USD) - 2016/02/10 3:48:56 ET
Table 'Antenor II' 2-max Seat #1 is the button
Seat 1: ct-650 ($268.69 in chips)
Seat 2: Niro010905 ($97.67 in chips)
ct-650: posts small blind $1
Niro010905: posts big blind $3
*** HOLE CARDS ***
ct-650: raises $3 to $6
Niro010905: folds
Uncalled bet ($3) returned to ct-650
ct-650 collected $6 from pot
*** SUMMARY ***
Total pot $6 | Rake $0
Seat 1: ct-650 (button) (small blind) collected ($6)
Seat 2: Niro010905 (big blind) folded before Flop


PokerStars Hand #148546769318:  Hold'em Limit ($3/$6 USD) - 2016/02/10 3:48:40 ET
Table 'Antenor II' 2-max Seat #2 is the button
Seat 1: ct-650 ($295.69 in chips)
Seat 2: Niro010905 ($71.17 in chips)
Niro010905: posts small blind $1
ct-650: posts big blind $3
*** HOLE CARDS ***
Niro010905: raises $3 to $6
ct-650: raises $3 to $9
Niro010905: calls $3
*** FLOP *** [7c 6c 3d]
ct-650: bets $3
Niro010905: raises $3 to $6
ct-650: calls $3
*** TURN *** [7c 6c 3d] [9d]
ct-650: checks
Niro010905: bets $6
ct-650: calls $6
*** RIVER *** [7c 6c 3d 9d] [7s]
ct-650: checks
Niro010905: bets $6
ct-650: calls $6
*** SHOW DOWN ***
Niro010905: shows [6h Ks] (two pair, Sevens and Sixes)
ct-650: mucks hand
Niro010905 collected $53.50 from pot
*** SUMMARY ***
Total pot $54 | Rake $0.50
Board [7c 6c 3d 9d 7s]
Seat 1: ct-650 (big blind) mucked
Seat 2: Niro010905 (button) (small blind) showed [6h Ks] and won ($53.50) with two pair, Sevens and Sixes


PokerStars Hand #148546787899:  Hold'em Limit ($3/$6 USD) - 2016/02/10 3:49:30 ET
Table 'Antenor II' 2-max Seat #2 is the button
Seat 1: ct-650 ($259.21 in chips)
Seat 2: Niro010905 ($106.17 in chips)
Niro010905: posts small blind $1
ct-650: posts big blind $3
*** HOLE CARDS ***
Niro010905: raises $3 to $6
ct-650: raises $3 to $9
Niro010905: calls $3
*** FLOP *** [Ac 4s 7s]
ct-650: bets $3
Niro010905: raises $3 to $6
ct-650: raises $3 to $9
Niro010905: raises $3 to $12
Betting is capped
ct-650: calls $3
*** TURN *** [Ac 4s 7s] [3h]
ct-650: bets $6
Niro010905: calls $6
*** RIVER *** [Ac 4s 7s 3h] [6h]
ct-650: bets $6
Niro010905: calls $6
*** SHOW DOWN ***
ct-650: shows [As Ad] (three of a kind, Aces)
Niro010905: mucks hand
ct-650 collected $65.50 from pot
*** SUMMARY ***
Total pot $66 | Rake $0.50
Board [Ac 4s 7s 3h 6h]
Seat 1: ct-650 (big blind) showed [As Ad] and won ($65.50) with three of a kind, Aces
Seat 2: Niro010905 (button) (small blind) mucked


PokerStars Hand #148546782086:  Hold'em Limit ($3/$6 USD) - 2016/02/10 3:49:14 ET
Table 'Antenor II' 2-max Seat #1 is the button
Seat 1: ct-650 ($283.21 in chips)
Seat 2: Niro010905 ($82.67 in chips)
ct-650: posts small blind $1
Niro010905: posts big blind $3
*** HOLE CARDS ***
ct-650: raises $3 to $6
Niro010905: raises $3 to $9
ct-650: calls $3
*** FLOP *** [8s Td 2h]
Niro010905: bets $3
ct-650: calls $3
*** TURN *** [8s Td 2h] [Kh]
Niro010905: bets $6
ct-650: calls $6
*** RIVER *** [8s Td 2h Kh] [Ah]
Niro010905: bets $6
ct-650: calls $6
*** SHOW DOWN ***
Niro010905: shows [9d Ac] (a pair of Aces)
ct-650: mucks hand
Niro010905 collected $47.50 from pot
*** SUMMARY ***
Total pot $48 | Rake $0.50
Board [8s Td 2h Kh Ah]
Seat 1: ct-650 (button) (small blind) mucked
Seat 2: Niro010905 (big blind) showed [9d Ac] and won ($47.50) with a pair of Aces


PokerStars Hand #148546814599:  Hold'em Limit ($3/$6 USD) - 2016/02/10 3:50:42 ET
Table 'Antenor II' 2-max Seat #2 is the button
Seat 1: ct-650 ($309.97 in chips)
Seat 2: Niro010905 ($53.93 in chips)
Niro010905: posts small blind $1
ct-650: posts big blind $3
*** HOLE CARDS ***
Niro010905: folds
Uncalled bet ($2) returned to ct-650
ct-650 collected $2 from pot
*** SUMMARY ***
Total pot $2 | Rake $0
Seat 1: ct-650 (big blind) collected ($2)
Seat 2: Niro010905 (button) (small blind) folded before Flop


PokerStars Hand #148546807790:  Hold'em Limit ($3/$6 USD) - 2016/02/10 3:50:23 ET
Table 'Antenor II' 2-max Seat #2 is the button
Seat 1: ct-650 ($292.47 in chips)
Seat 2: Niro010905 ($71.93 in chips)
Niro010905: posts small blind $1
ct-650: posts big blind $3
*** HOLE CARDS ***
Niro010905: raises $3 to $6
ct-650: folds
Uncalled bet ($3) returned to Niro010905
Niro010905 collected $6 from pot
Niro010905: doesn't show hand
*** SUMMARY ***
Total pot $6 | Rake $0
Seat 1: ct-650 (big blind) folded before Flop
Seat 2: Niro010905 (button) (small blind) collected ($6)


PokerStars Hand #148546800161:  Hold'em Limit ($3/$6 USD) - 2016/02/10 3:50:03 ET
Table 'Antenor II' 2-max Seat #2 is the button
Seat 1: ct-650 ($285.71 in chips)
Seat 2: Niro010905 ($78.93 in chips)
Niro010905: posts small blind $1
ct-650: posts big blind $3
*** HOLE CARDS ***
Niro010905: folds
Uncalled bet ($2) returned to ct-650
ct-650 collected $2 from pot
*** SUMMARY ***
Total pot $2 | Rake $0
Seat 1: ct-650 (big blind) collected ($2)
Seat 2: Niro010905 (button) (small blind) folded before Flop


PokerStars Hand #148546801962:  Hold'em Limit ($3/$6 USD) - 2016/02/10 3:50:08 ET
Table 'Antenor II' 2-max Seat #1 is the button
Seat 1: ct-650 ($286.71 in chips)
Seat 2: Niro010905 ($77.93 in chips)
ct-650: posts small blind $1
Niro010905: posts big blind $3
*** HOLE CARDS ***
ct-650: raises $3 to $6
Niro010905: calls $3
*** FLOP *** [3h 9h 2c]
Niro010905: checks
ct-650: checks
*** TURN *** [3h 9h 2c] [3c]
Niro010905: checks
ct-650: checks
*** RIVER *** [3h 9h 2c 3c] [Kd]
Niro010905: checks
ct-650: bets $6
Niro010905: folds
Uncalled bet ($6) returned to ct-650
ct-650 collected $11.76 from pot
*** SUMMARY ***
Total pot $12 | Rake $0.24
Board [3h 9h 2c 3c Kd]
Seat 1: ct-650 (button) (small blind) collected ($11.76)
Seat 2: Niro010905 (big blind) folded on the River


PokerStars Hand #148546796086:  Hold'em Limit ($3/$6 USD) - 2016/02/10 3:49:52 ET
Table 'Antenor II' 2-max Seat #1 is the button
Seat 1: ct-650 ($291.71 in chips)
Seat 2: Niro010905 ($73.17 in chips)
ct-650: posts small blind $1
Niro010905: posts big blind $3
*** HOLE CARDS ***
ct-650: raises $3 to $6
Niro010905: calls $3
*** FLOP *** [Jh Tc Ac]
Niro010905: checks
ct-650: checks
*** TURN *** [Jh Tc Ac] [Kc]
Niro010905: bets $6
ct-650: folds
Uncalled bet ($6) returned to Niro010905
Niro010905 collected $11.76 from pot
Niro010905: doesn't show hand
*** SUMMARY ***
Total pot $12 | Rake $0.24
Board [Jh Tc Ac Kc]
Seat 1: ct-650 (button) (small blind) folded on the Turn
Seat 2: Niro010905 (big blind) collected ($11.76)


PokerStars Hand #148546809696:  Hold'em Limit ($3/$6 USD) - 2016/02/10 3:50:29 ET
Table 'Antenor II' 2-max Seat #1 is the button
Seat 1: ct-650 ($289.47 in chips)
Seat 2: Niro010905 ($74.93 in chips)
ct-650: posts small blind $1
Niro010905: posts big blind $3
*** HOLE CARDS ***
ct-650: raises $3 to $6
Niro010905: calls $3
*** FLOP *** [8h Ad Qc]
Niro010905: checks
ct-650: bets $3
Niro010905: calls $3
*** TURN *** [8h Ad Qc] [Js]
Niro010905: checks
ct-650: bets $6
Niro010905: calls $6
*** RIVER *** [8h Ad Qc Js] [Th]
Niro010905: checks
ct-650: bets $6
Niro010905: calls $6
*** SHOW DOWN ***
ct-650: shows [Jc Tc] (two pair, Jacks and Tens)
Niro010905: mucks hand
ct-650 collected $41.50 from pot
*** SUMMARY ***
Total pot $42 | Rake $0.50
Board [8h Ad Qc Js Th]
Seat 1: ct-650 (button) (small blind) showed [Jc Tc] and won ($41.50) with two pair, Jacks and Tens
Seat 2: Niro010905 (big blind) mucked


PokerStars Hand #148546823516:  Hold'em Limit ($3/$6 USD) - 2016/02/10 3:51:06 ET
Table 'Antenor II' 2-max Seat #2 is the button
Seat 1: ct-650 ($346.47 in chips)
Seat 2: Niro010905 ($16.93 in chips)
Niro010905: posts small blind $1
ct-650: posts big blind $3
*** HOLE CARDS ***
Niro010905: folds
Uncalled bet ($2) returned to ct-650
ct-650 collected $2 from pot
*** SUMMARY ***
Total pot $2 | Rake $0
Seat 1: ct-650 (big blind) collected ($2)
Seat 2: Niro010905 (button) (small blind) folded before Flop


PokerStars Hand #148546816663:  Hold'em Limit ($3/$6 USD) - 2016/02/10 3:50:47 ET
Table 'Antenor II' 2-max Seat #1 is the button
Seat 1: ct-650 ($310.97 in chips)
Seat 2: Niro010905 ($52.93 in chips)
ct-650: posts small blind $1
Niro010905: posts big blind $3
*** HOLE CARDS ***
ct-650: raises $3 to $6
Niro010905: raises $3 to $9
ct-650: calls $3
*** FLOP *** [9c 7c 8h]
Niro010905: bets $3
ct-650: calls $3
*** TURN *** [9c 7c 8h] [4h]
Niro010905: bets $6
ct-650: calls $6
*** RIVER *** [9c 7c 8h 4h] [7d]
Niro010905: bets $6
ct-650: raises $6 to $12
Niro010905: raises $6 to $18
ct-650: calls $6
*** SHOW DOWN ***
Niro010905: shows [7s Ah] (three of a kind, Sevens)
ct-650: shows [Th 6s] (a straight, Six to Ten)
ct-650 collected $71.50 from pot
*** SUMMARY ***
Total pot $72 | Rake $0.50
Board [9c 7c 8h 4h 7d]
Seat 1: ct-650 (button) (small blind) showed [Th 6s] and won ($71.50) with a straight, Six to Ten
Seat 2: Niro010905 (big blind) showed [7s Ah] and lost with three of a kind, Sevens


PokerStars Hand #148546825263:  Hold'em Limit ($3/$6 USD) - 2016/02/10 3:51:11 ET
Table 'Antenor II' 2-max Seat #1 is the button
Seat 1: ct-650 ($347.47 in chips)
Seat 2: Niro010905 ($15.93 in chips)
ct-650: posts small blind $1
Niro010905: posts big blind $3
*** HOLE CARDS ***
ct-650: raises $3 to $6
Niro010905: raises $3 to $9
ct-650: calls $3
*** FLOP *** [Tc 4s Jc]
Niro010905: bets $3
ct-650: raises $3 to $6
Niro010905: raises $0.93 to $6.93 and is all-in
ct-650: calls $0.93
*** TURN *** [Tc 4s Jc] [Ks]
*** RIVER *** [Tc 4s Jc Ks] [8d]
*** SHOW DOWN ***
Niro010905: shows [6h 9c] (high card King)
ct-650: shows [Kd Td] (two pair, Kings and Tens)
ct-650 collected $31.36 from pot
*** SUMMARY ***
Total pot $31.86 | Rake $0.50
Board [Tc 4s Jc Ks 8d]
Seat 1: ct-650 (button) (small blind) showed [Kd Td] and won ($31.36) with two pair, Kings and Tens
Seat 2: Niro010905 (big blind) showed [6h 9c] and lost with high card King


