PokerStars Hand #170216854634:  Hold'em Limit ($3/$6 USD) - 2017/05/10 8:21:39 ET
Table 'Antenor' 6-max Seat #3 is the button
Seat 3: igorkabmw ($50 in chips)
Seat 4: Agrotait ($72 in chips)
igorkabmw: posts small blind $1
Agrotait: posts big blind $3
*** HOLE CARDS ***
igorkabmw: folds
Uncalled bet ($2) returned to Agrotait
Agrotait collected $2 from pot
Agrotait: doesn't show hand
*** SUMMARY ***
Total pot $2 | Rake $0
Seat 3: igorkabmw (button) (small blind) folded before Flop
Seat 4: Agrotait (big blind) collected ($2)


PokerStars Hand #170216888672:  Hold'em Limit ($3/$6 USD) - 2017/05/10 8:22:49 ET
Table 'Antenor' 6-max Seat #3 is the button
Seat 3: igorkabmw ($57.52 in chips)
Seat 4: Agrotait ($63.88 in chips)
igorkabmw: posts small blind $1
Agrotait: posts big blind $3
*** HOLE CARDS ***
igorkabmw: folds
Uncalled bet ($2) returned to Agrotait
Agrotait collected $2 from pot
Agrotait: doesn't show hand
*** SUMMARY ***
Total pot $2 | Rake $0
Seat 3: igorkabmw (button) (small blind) folded before Flop
Seat 4: Agrotait (big blind) collected ($2)


PokerStars Hand #170216878993:  Hold'em Limit ($3/$6 USD) - 2017/05/10 8:22:29 ET
Table 'Antenor' 6-max Seat #4 is the button
Seat 3: igorkabmw ($51.76 in chips)
Seat 4: Agrotait ($69.88 in chips)
Agrotait: posts small blind $1
igorkabmw: posts big blind $3
*** HOLE CARDS ***
Agrotait: raises $3 to $6
igorkabmw: calls $3
*** FLOP *** [Jd Jh Ad]
igorkabmw: bets $3
Agrotait: folds
Uncalled bet ($3) returned to igorkabmw
igorkabmw collected $11.76 from pot
*** SUMMARY ***
Total pot $12 | Rake $0.24
Board [Jd Jh Ad]
Seat 3: igorkabmw (big blind) collected ($11.76)
Seat 4: Agrotait (button) (small blind) folded on the Flop


PokerStars Hand #170216867534:  Hold'em Limit ($3/$6 USD) - 2017/05/10 8:22:05 ET
Table 'Antenor' 6-max Seat #3 is the button
Seat 3: igorkabmw ($54.76 in chips)
Seat 4: Agrotait ($67 in chips)
igorkabmw: posts small blind $1
Agrotait: posts big blind $3
*** HOLE CARDS ***
igorkabmw: calls $2
Agrotait: checks
*** FLOP *** [Jd 7s 4s]
Agrotait: bets $3
igorkabmw: folds
Uncalled bet ($3) returned to Agrotait
Agrotait collected $5.88 from pot
Agrotait: doesn't show hand
*** SUMMARY ***
Total pot $6 | Rake $0.12
Board [Jd 7s 4s]
Seat 3: igorkabmw (button) (small blind) folded on the Flop
Seat 4: Agrotait (big blind) collected ($5.88)


PokerStars Hand #170216859046:  Hold'em Limit ($3/$6 USD) - 2017/05/10 8:21:48 ET
Table 'Antenor' 6-max Seat #4 is the button
Seat 3: igorkabmw ($49 in chips)
Seat 4: Agrotait ($73 in chips)
Agrotait: posts small blind $1
igorkabmw: posts big blind $3
*** HOLE CARDS ***
Agrotait: raises $3 to $6
igorkabmw: calls $3
*** FLOP *** [8d 8h Th]
igorkabmw: bets $3
Agrotait: folds
Uncalled bet ($3) returned to igorkabmw
igorkabmw collected $11.76 from pot
*** SUMMARY ***
Total pot $12 | Rake $0.24
Board [8d 8h Th]
Seat 3: igorkabmw (big blind) collected ($11.76)
Seat 4: Agrotait (button) (small blind) folded on the Flop


PokerStars Hand #170216911055:  Hold'em Limit ($3/$6 USD) - 2017/05/10 8:23:34 ET
Table 'Antenor' 6-max Seat #4 is the button
Seat 3: igorkabmw ($35.52 in chips)
Seat 4: Agrotait ($85.38 in chips)
Agrotait: posts small blind $1
igorkabmw: posts big blind $3
*** HOLE CARDS ***
Agrotait: raises $3 to $6
igorkabmw: folds
Uncalled bet ($3) returned to Agrotait
Agrotait collected $6 from pot
Agrotait: doesn't show hand
*** SUMMARY ***
Total pot $6 | Rake $0
Seat 3: igorkabmw (big blind) folded before Flop
Seat 4: Agrotait (button) (small blind) collected ($6)


PokerStars Hand #170216894861:  Hold'em Limit ($3/$6 USD) - 2017/05/10 8:23:01 ET
Table 'Antenor' 6-max Seat #3 is the button
Seat 3: igorkabmw ($53.52 in chips)
Seat 4: Agrotait ($67.88 in chips)
igorkabmw: posts small blind $1
Agrotait: posts big blind $3
*** HOLE CARDS ***
igorkabmw: calls $2
Agrotait: checks
*** FLOP *** [5s 2c Ac]
Agrotait: bets $3
igorkabmw: calls $3
*** TURN *** [5s 2c Ac] [8c]
Agrotait: bets $6
igorkabmw: raises $6 to $12
Agrotait: raises $6 to $18
igorkabmw: folds
Uncalled bet ($6) returned to Agrotait
Agrotait collected $35.50 from pot
Agrotait: doesn't show hand
*** SUMMARY ***
Total pot $36 | Rake $0.50
Board [5s 2c Ac 8c]
Seat 3: igorkabmw (button) (small blind) folded on the Turn
Seat 4: Agrotait (big blind) collected ($35.50)


PokerStars Hand #170216891071:  Hold'em Limit ($3/$6 USD) - 2017/05/10 8:22:53 ET
Table 'Antenor' 6-max Seat #4 is the button
Seat 3: igorkabmw ($56.52 in chips)
Seat 4: Agrotait ($64.88 in chips)
Agrotait: posts small blind $1
igorkabmw: posts big blind $3
*** HOLE CARDS ***
Agrotait: raises $3 to $6
igorkabmw: folds
Uncalled bet ($3) returned to Agrotait
Agrotait collected $6 from pot
Agrotait: doesn't show hand
*** SUMMARY ***
Total pot $6 | Rake $0
Seat 3: igorkabmw (big blind) folded before Flop
Seat 4: Agrotait (button) (small blind) collected ($6)


PokerStars Hand #170216914333:  Hold'em Limit ($3/$6 USD) - 2017/05/10 8:23:41 ET
Table 'Antenor' 6-max Seat #3 is the button
Seat 3: igorkabmw ($32.52 in chips)
Seat 4: Agrotait ($88.38 in chips)
igorkabmw: posts small blind $1
Agrotait: posts big blind $3
*** HOLE CARDS ***
igorkabmw: calls $2
Agrotait: checks
*** FLOP *** [7c Jc Js]
Agrotait: checks
igorkabmw: checks
*** TURN *** [7c Jc Js] [2d]
Agrotait: bets $6
igorkabmw: calls $6
*** RIVER *** [7c Jc Js 2d] [Kc]
Whatze Phuck joins the table at seat #5
Agrotait: checks
igorkabmw: bets $6
Agrotait: calls $6
*** SHOW DOWN ***
igorkabmw: shows [Jh 4h] (three of a kind, Jacks)
Agrotait: mucks hand
igorkabmw collected $29.50 from pot
*** SUMMARY ***
Total pot $30 | Rake $0.50
Board [7c Jc Js 2d Kc]
Seat 3: igorkabmw (button) (small blind) showed [Jh 4h] and won ($29.50) with three of a kind, Jacks
Seat 4: Agrotait (big blind) mucked


PokerStars Hand #170218295013:  Hold'em Limit ($3/$6 USD) - 2017/05/10 9:09:44 ET
Table 'Antenor' 6-max Seat #1 is the button
Seat 1: kolaz03 ($116.12 in chips)
Seat 5: kungsbjörn ($207.91 in chips)
kolaz03: posts small blind $1
Bedard: is sitting out
kungsbjörn: posts big blind $3
*** HOLE CARDS ***
Bedard leaves the table
kolaz03: raises $3 to $6
kungsbjörn: folds
Uncalled bet ($3) returned to kolaz03
kolaz03 collected $6 from pot
kolaz03: doesn't show hand
*** SUMMARY ***
Total pot $6 | Rake $0
Seat 1: kolaz03 (button) (small blind) collected ($6)
Seat 5: kungsbjörn (big blind) folded before Flop


