PokerStars Hand #150706305678:  Hold'em Limit ($3/$6 USD) - 2016/03/21 11:33:23 ET
Table 'Antenor II' 6-max Seat #3 is the button
Seat 3: stampa2 ($65.03 in chips)
Seat 4: BuzovaPro ($80.76 in chips)
stampa2: posts small blind $1
BuzovaPro: posts big blind $3
*** HOLE CARDS ***
stampa2: folds
Uncalled bet ($2) returned to BuzovaPro
TinaTurner72 joins the table at seat #1
BuzovaPro collected $2 from pot
BuzovaPro: doesn't show hand
*** SUMMARY ***
Total pot $2 | Rake $0
Seat 3: stampa2 (button) (small blind) folded before Flop
Seat 4: BuzovaPro (big blind) collected ($2)


PokerStars Hand #150706300795:  Hold'em Limit ($3/$6 USD) - 2016/03/21 11:33:16 ET
Table 'Antenor II' 6-max Seat #4 is the button
Seat 3: stampa2 ($68.03 in chips)
Seat 4: BuzovaPro ($77.76 in chips)
BuzovaPro: posts small blind $1
stampa2: posts big blind $3
*** HOLE CARDS ***
ice0034 joins the table at seat #2
BuzovaPro: raises $3 to $6
stampa2: folds
Uncalled bet ($3) returned to BuzovaPro
BuzovaPro collected $6 from pot
B_loJkl joins the table at seat #5
BuzovaPro: doesn't show hand
bettor77 joins the table at seat #6
*** SUMMARY ***
Total pot $6 | Rake $0
Seat 3: stampa2 (big blind) folded before Flop
Seat 4: BuzovaPro (button) (small blind) collected ($6)


PokerStars Hand #150708407996:  Hold'em Limit ($3/$6 USD) - 2016/03/21 12:21:05 ET
Table 'Antenor II' 6-max Seat #1 is the button
Seat 1: TinaTurner72 ($279.45 in chips)
Seat 4: B_loJkl ($143 in chips)
TinaTurner72: posts small blind $1
kolaz03: is sitting out
B_loJkl: posts big blind $3
*** HOLE CARDS ***
TinaTurner72: raises $3 to $6
kolaz03 leaves the table
B_loJkl: calls $3
*** FLOP *** [4d Jh Js]
B_loJkl: checks
TinaTurner72: bets $3
B_loJkl: raises $3 to $6
TinaTurner72: raises $3 to $9
B_loJkl: calls $3
*** TURN *** [4d Jh Js] [5s]
B_loJkl: checks
TinaTurner72: bets $6
B_loJkl: folds
Uncalled bet ($6) returned to TinaTurner72
TinaTurner72 collected $29.50 from pot
TinaTurner72: doesn't show hand
*** SUMMARY ***
Total pot $30 | Rake $0.50
Board [4d Jh Js 5s]
Seat 1: TinaTurner72 (button) (small blind) collected ($29.50)
Seat 4: B_loJkl (big blind) folded on the Turn


