PokerStars Hand #155161354438:  Hold'em Limit ($3/$6 USD) - 2016/06/24 20:34:20 ET
Table 'Anteros' 6-max Seat #2 is the button
Seat 2: inyapp ($100 in chips)
Seat 3: REZOLUTION84 ($60 in chips)
inyapp: posts small blind $1
REZOLUTION84: posts big blind $3
*** HOLE CARDS ***
inyapp: raises $3 to $6
REZOLUTION84: calls $3
*** FLOP *** [5c Qh Qs]
REZOLUTION84: checks
inyapp: checks
*** TURN *** [5c Qh Qs] [2s]
REZOLUTION84: bets $6
inyapp: folds
Uncalled bet ($6) returned to REZOLUTION84
REZOLUTION84 collected $11.76 from pot
REZOLUTION84: doesn't show hand
*** SUMMARY ***
Total pot $12 | Rake $0.24
Board [5c Qh Qs 2s]
Seat 2: inyapp (button) (small blind) folded on the Turn
Seat 3: REZOLUTION84 (big blind) collected ($11.76)


PokerStars Hand #155161359384:  Hold'em Limit ($3/$6 USD) - 2016/06/24 20:34:32 ET
Table 'Anteros' 6-max Seat #3 is the button
Seat 2: inyapp ($94 in chips)
Seat 3: REZOLUTION84 ($65.76 in chips)
REZOLUTION84: posts small blind $1
inyapp: posts big blind $3
*** HOLE CARDS ***
REZOLUTION84: raises $3 to $6
inyapp: raises $3 to $9
REZOLUTION84: calls $3
*** FLOP *** [8s Qd Ts]
inyapp: checks
REZOLUTION84: bets $3
inyapp: raises $3 to $6
REZOLUTION84: calls $3
*** TURN *** [8s Qd Ts] [7h]
inyapp: bets $6
REZOLUTION84: raises $6 to $12
inyapp: folds
Uncalled bet ($6) returned to REZOLUTION84
REZOLUTION84 collected $41.50 from pot
REZOLUTION84: doesn't show hand
*** SUMMARY ***
Total pot $42 | Rake $0.50
Board [8s Qd Ts 7h]
Seat 2: inyapp (big blind) folded on the Turn
Seat 3: REZOLUTION84 (button) (small blind) collected ($41.50)


PokerStars Hand #155161368009:  Hold'em Limit ($3/$6 USD) - 2016/06/24 20:34:51 ET
Table 'Anteros' 6-max Seat #3 is the button
Seat 2: inyapp ($72 in chips)
Seat 3: REZOLUTION84 ($87.26 in chips)
REZOLUTION84: posts small blind $1
inyapp: posts big blind $3
*** HOLE CARDS ***
REZOLUTION84: raises $3 to $6
inyapp: folds
Uncalled bet ($3) returned to REZOLUTION84
REZOLUTION84 collected $6 from pot
REZOLUTION84: doesn't show hand
*** SUMMARY ***
Total pot $6 | Rake $0
Seat 2: inyapp (big blind) folded before Flop
Seat 3: REZOLUTION84 (button) (small blind) collected ($6)


PokerStars Hand #155161366090:  Hold'em Limit ($3/$6 USD) - 2016/06/24 20:34:47 ET
Table 'Anteros' 6-max Seat #2 is the button
Seat 2: inyapp ($73 in chips)
Seat 3: REZOLUTION84 ($86.26 in chips)
inyapp: posts small blind $1
REZOLUTION84: posts big blind $3
*** HOLE CARDS ***
inyapp: folds
Uncalled bet ($2) returned to REZOLUTION84
REZOLUTION84 collected $2 from pot
REZOLUTION84: doesn't show hand
*** SUMMARY ***
Total pot $2 | Rake $0
Seat 2: inyapp (button) (small blind) folded before Flop
Seat 3: REZOLUTION84 (big blind) collected ($2)


PokerStars Hand #155161370140:  Hold'em Limit ($3/$6 USD) - 2016/06/24 20:34:56 ET
Table 'Anteros' 6-max Seat #2 is the button
Seat 2: inyapp ($69 in chips)
Seat 3: REZOLUTION84 ($90.26 in chips)
inyapp: posts small blind $1
REZOLUTION84: posts big blind $3
*** HOLE CARDS ***
inyapp: folds
Uncalled bet ($2) returned to REZOLUTION84
REZOLUTION84 collected $2 from pot
REZOLUTION84: doesn't show hand
*** SUMMARY ***
Total pot $2 | Rake $0
Seat 2: inyapp (button) (small blind) folded before Flop
Seat 3: REZOLUTION84 (big blind) collected ($2)


PokerStars Hand #155161372644:  Hold'em Limit ($3/$6 USD) - 2016/06/24 20:35:02 ET
Table 'Anteros' 6-max Seat #3 is the button
Seat 2: inyapp ($68 in chips)
Seat 3: REZOLUTION84 ($91.26 in chips)
REZOLUTION84: posts small blind $1
inyapp: posts big blind $3
*** HOLE CARDS ***
REZOLUTION84: raises $3 to $6
inyapp: raises $3 to $9
REZOLUTION84: calls $3
*** FLOP *** [Kh 9c Ac]
inyapp: bets $3
REZOLUTION84: calls $3
*** TURN *** [Kh 9c Ac] [8d]
inyapp: bets $6
REZOLUTION84: calls $6
*** RIVER *** [Kh 9c Ac 8d] [2d]
inyapp: bets $6
REZOLUTION84: calls $6
*** SHOW DOWN ***
inyapp: shows [5h Kd] (a pair of Kings)
REZOLUTION84: mucks hand
inyapp collected $47.50 from pot
*** SUMMARY ***
Total pot $48 | Rake $0.50
Board [Kh 9c Ac 8d 2d]
Seat 2: inyapp (big blind) showed [5h Kd] and won ($47.50) with a pair of Kings
Seat 3: REZOLUTION84 (button) (small blind) mucked


PokerStars Hand #155162262820:  Hold'em Limit ($3/$6 USD) - 2016/06/24 21:10:34 ET
Table 'Anteros' 6-max Seat #3 is the button
Seat 2: Humtum81 ($27.09 in chips)
Seat 3: REZOLUTION84 ($80.50 in chips)
REZOLUTION84: posts small blind $1
Humtum81: posts big blind $3
*** HOLE CARDS ***
REZOLUTION84: raises $3 to $6
Humtum81: raises $3 to $9
REZOLUTION84: calls $3
*** FLOP *** [Js Kd Qh]
Humtum81: bets $3
REZOLUTION84: folds
Uncalled bet ($3) returned to Humtum81
Humtum81 collected $17.64 from pot
Humtum81: doesn't show hand
*** SUMMARY ***
Total pot $18 | Rake $0.36
Board [Js Kd Qh]
Seat 2: Humtum81 (big blind) collected ($17.64)
Seat 3: REZOLUTION84 (button) (small blind) folded on the Flop


PokerStars Hand #155162260434:  Hold'em Limit ($3/$6 USD) - 2016/06/24 21:10:29 ET
Table 'Anteros' 6-max Seat #2 is the button
Seat 2: Humtum81 ($24.09 in chips)
Seat 3: REZOLUTION84 ($83.50 in chips)
Humtum81: posts small blind $1
REZOLUTION84: posts big blind $3
*** HOLE CARDS ***
Humtum81: raises $3 to $6
REZOLUTION84: folds
Uncalled bet ($3) returned to Humtum81
Humtum81 collected $6 from pot
Humtum81: doesn't show hand
*** SUMMARY ***
Total pot $6 | Rake $0
Seat 2: Humtum81 (button) (small blind) collected ($6)
Seat 3: REZOLUTION84 (big blind) folded before Flop


PokerStars Hand #155162254885:  Hold'em Limit ($3/$6 USD) - 2016/06/24 21:10:15 ET
Table 'Anteros' 6-max Seat #3 is the button
Seat 2: Humtum81 ($48.09 in chips)
Seat 3: REZOLUTION84 ($60 in chips)
REZOLUTION84: posts small blind $1
Humtum81: posts big blind $3
*** HOLE CARDS ***
REZOLUTION84: raises $3 to $6
Humtum81: calls $3
*** FLOP *** [Qc Kh Kc]
Humtum81: checks
REZOLUTION84: bets $3
Humtum81: raises $3 to $6
REZOLUTION84: calls $3
*** TURN *** [Qc Kh Kc] [8c]
Humtum81: bets $6
REZOLUTION84: calls $6
*** RIVER *** [Qc Kh Kc 8c] [6s]
Humtum81: bets $6
REZOLUTION84: calls $6
*** SHOW DOWN ***
Humtum81: shows [Ac 3d] (a pair of Kings)
REZOLUTION84: shows [Qd 7c] (two pair, Kings and Queens)
REZOLUTION84 collected $47.50 from pot
*** SUMMARY ***
Total pot $48 | Rake $0.50
Board [Qc Kh Kc 8c 6s]
Seat 2: Humtum81 (big blind) showed [Ac 3d] and lost with a pair of Kings
Seat 3: REZOLUTION84 (button) (small blind) showed [Qd 7c] and won ($47.50) with two pair, Kings and Queens


PokerStars Hand #155162252528:  Hold'em Limit ($3/$6 USD) - 2016/06/24 21:10:09 ET
Table 'Anteros' 6-max Seat #2 is the button
Seat 2: Humtum81 ($45.09 in chips)
Seat 3: REZOLUTION84 ($60 in chips)
Humtum81: posts small blind $1
REZOLUTION84: posts big blind $3
*** HOLE CARDS ***
Humtum81: raises $3 to $6
REZOLUTION84: folds
Uncalled bet ($3) returned to Humtum81
Humtum81 collected $6 from pot
Humtum81: doesn't show hand
*** SUMMARY ***
Total pot $6 | Rake $0
Seat 2: Humtum81 (button) (small blind) collected ($6)
Seat 3: REZOLUTION84 (big blind) folded before Flop


PokerStars Hand #155162245455:  Hold'em Limit ($3/$6 USD) - 2016/06/24 21:09:52 ET
Table 'Anteros' 6-max Seat #3 is the button
Seat 2: Humtum81 ($36.45 in chips)
Seat 3: REZOLUTION84 ($68.90 in chips)
REZOLUTION84: posts small blind $1
Humtum81: posts big blind $3
*** HOLE CARDS ***
REZOLUTION84: raises $3 to $6
Humtum81: calls $3
*** FLOP *** [Jc 8d Ks]
Humtum81: checks
REZOLUTION84: bets $3
Humtum81: calls $3
*** TURN *** [Jc 8d Ks] [5s]
Humtum81: checks
REZOLUTION84: checks
*** RIVER *** [Jc 8d Ks 5s] [Ah]
Humtum81: bets $6
REZOLUTION84: folds
Uncalled bet ($6) returned to Humtum81
Humtum81 collected $17.64 from pot
Humtum81: doesn't show hand
*** SUMMARY ***
Total pot $18 | Rake $0.36
Board [Jc 8d Ks 5s Ah]
Seat 2: Humtum81 (big blind) collected ($17.64)
Seat 3: REZOLUTION84 (button) (small blind) folded on the River


PokerStars Hand #155162292003:  Hold'em Limit ($3/$6 USD) - 2016/06/24 21:11:46 ET
Table 'Anteros' 6-max Seat #3 is the button
Seat 2: Humtum81 ($75.46 in chips)
Seat 3: REZOLUTION84 ($66.76 in chips)
REZOLUTION84: posts small blind $1
Humtum81: posts big blind $3
*** HOLE CARDS ***
REZOLUTION84: folds
Uncalled bet ($2) returned to Humtum81
Humtum81 collected $2 from pot
Humtum81: doesn't show hand
*** SUMMARY ***
Total pot $2 | Rake $0
Seat 2: Humtum81 (big blind) collected ($2)
Seat 3: REZOLUTION84 (button) (small blind) folded before Flop


PokerStars Hand #155162289445:  Hold'em Limit ($3/$6 USD) - 2016/06/24 21:11:40 ET
Table 'Anteros' 6-max Seat #2 is the button
Seat 2: Humtum81 ($72.46 in chips)
Seat 3: REZOLUTION84 ($69.76 in chips)
Humtum81: posts small blind $1
REZOLUTION84: posts big blind $3
*** HOLE CARDS ***
Humtum81: raises $3 to $6
REZOLUTION84: folds
Uncalled bet ($3) returned to Humtum81
Humtum81 collected $6 from pot
Humtum81: doesn't show hand
*** SUMMARY ***
Total pot $6 | Rake $0
Seat 2: Humtum81 (button) (small blind) collected ($6)
Seat 3: REZOLUTION84 (big blind) folded before Flop


PokerStars Hand #155162287105:  Hold'em Limit ($3/$6 USD) - 2016/06/24 21:11:34 ET
Table 'Anteros' 6-max Seat #3 is the button
Seat 2: Humtum81 ($75.46 in chips)
Seat 3: REZOLUTION84 ($66.76 in chips)
REZOLUTION84: posts small blind $1
Humtum81: posts big blind $3
*** HOLE CARDS ***
REZOLUTION84: raises $3 to $6
Humtum81: folds
Uncalled bet ($3) returned to REZOLUTION84
REZOLUTION84 collected $6 from pot
REZOLUTION84: doesn't show hand
*** SUMMARY ***
Total pot $6 | Rake $0
Seat 2: Humtum81 (big blind) folded before Flop
Seat 3: REZOLUTION84 (button) (small blind) collected ($6)


PokerStars Hand #155162285271:  Hold'em Limit ($3/$6 USD) - 2016/06/24 21:11:30 ET
Table 'Anteros' 6-max Seat #2 is the button
Seat 2: Humtum81 ($76.46 in chips)
Seat 3: REZOLUTION84 ($65.76 in chips)
Humtum81: posts small blind $1
REZOLUTION84: posts big blind $3
*** HOLE CARDS ***
Humtum81: folds
Uncalled bet ($2) returned to REZOLUTION84
REZOLUTION84 collected $2 from pot
REZOLUTION84: doesn't show hand
*** SUMMARY ***
Total pot $2 | Rake $0
Seat 2: Humtum81 (button) (small blind) folded before Flop
Seat 3: REZOLUTION84 (big blind) collected ($2)


PokerStars Hand #155162281509:  Hold'em Limit ($3/$6 USD) - 2016/06/24 21:11:21 ET
Table 'Anteros' 6-max Seat #3 is the button
Seat 2: Humtum81 ($82.46 in chips)
Seat 3: REZOLUTION84 ($60 in chips)
REZOLUTION84: posts small blind $1
Humtum81: posts big blind $3
*** HOLE CARDS ***
REZOLUTION84: raises $3 to $6
Humtum81: calls $3
*** FLOP *** [4h 8h Tc]
Humtum81: checks
REZOLUTION84: bets $3
Humtum81: folds
Uncalled bet ($3) returned to REZOLUTION84
REZOLUTION84 collected $11.76 from pot
REZOLUTION84: doesn't show hand
*** SUMMARY ***
Total pot $12 | Rake $0.24
Board [4h 8h Tc]
Seat 2: Humtum81 (big blind) folded on the Flop
Seat 3: REZOLUTION84 (button) (small blind) collected ($11.76)


PokerStars Hand #155162276559:  Hold'em Limit ($3/$6 USD) - 2016/06/24 21:11:09 ET
Table 'Anteros' 6-max Seat #2 is the button
Seat 2: Humtum81 ($67.96 in chips)
Seat 3: REZOLUTION84 ($63 in chips)
Humtum81: posts small blind $1
REZOLUTION84: posts big blind $3
*** HOLE CARDS ***
Humtum81: raises $3 to $6
REZOLUTION84: raises $3 to $9
Humtum81: raises $3 to $12
Betting is capped
REZOLUTION84: calls $3
*** FLOP *** [5d 5h 3c]
REZOLUTION84: checks
Humtum81: bets $3
REZOLUTION84: calls $3
*** TURN *** [5d 5h 3c] [4c]
REZOLUTION84: checks
Humtum81: bets $6
REZOLUTION84: folds
Uncalled bet ($6) returned to Humtum81
Humtum81 collected $29.50 from pot
Humtum81: doesn't show hand
*** SUMMARY ***
Total pot $30 | Rake $0.50
Board [5d 5h 3c 4c]
Seat 2: Humtum81 (button) (small blind) collected ($29.50)
Seat 3: REZOLUTION84 (big blind) folded on the Turn


PokerStars Hand #155162274133:  Hold'em Limit ($3/$6 USD) - 2016/06/24 21:11:03 ET
Table 'Anteros' 6-max Seat #3 is the button
Seat 2: Humtum81 ($70.96 in chips)
Seat 3: REZOLUTION84 ($60 in chips)
REZOLUTION84: posts small blind $1
Humtum81: posts big blind $3
*** HOLE CARDS ***
REZOLUTION84: raises $3 to $6
Humtum81: folds
Uncalled bet ($3) returned to REZOLUTION84
REZOLUTION84 collected $6 from pot
REZOLUTION84: doesn't show hand
*** SUMMARY ***
Total pot $6 | Rake $0
Seat 2: Humtum81 (big blind) folded before Flop
Seat 3: REZOLUTION84 (button) (small blind) collected ($6)


PokerStars Hand #155162266672:  Hold'em Limit ($3/$6 USD) - 2016/06/24 21:10:44 ET
Table 'Anteros' 6-max Seat #2 is the button
Seat 2: Humtum81 ($35.73 in chips)
Seat 3: REZOLUTION84 ($71.50 in chips)
Humtum81: posts small blind $1
REZOLUTION84: posts big blind $3
*** HOLE CARDS ***
Humtum81: raises $3 to $6
REZOLUTION84: raises $3 to $9
Humtum81: raises $3 to $12
Betting is capped
REZOLUTION84: calls $3
*** FLOP *** [4h Jh Ac]
REZOLUTION84: bets $3
Humtum81: raises $3 to $6
REZOLUTION84: raises $3 to $9
Humtum81: raises $3 to $12
Betting is capped
REZOLUTION84: calls $3
*** TURN *** [4h Jh Ac] [4s]
REZOLUTION84: bets $6
Humtum81: calls $6
*** RIVER *** [4h Jh Ac 4s] [8h]
REZOLUTION84: bets $6
Humtum81: calls $5.73 and is all-in
Uncalled bet ($0.27) returned to REZOLUTION84
*** SHOW DOWN ***
REZOLUTION84: shows [Ah 8s] (two pair, Aces and Eights)
Humtum81: shows [Kh 7h] (a flush, King high)
Humtum81 collected $70.96 from pot
*** SUMMARY ***
Total pot $71.46 | Rake $0.50
Board [4h Jh Ac 4s 8h]
Seat 2: Humtum81 (button) (small blind) showed [Kh 7h] and won ($70.96) with a flush, King high
Seat 3: REZOLUTION84 (big blind) showed [Ah 8s] and lost with two pair, Aces and Eights


PokerStars Hand #155162313931:  Hold'em Limit ($3/$6 USD) - 2016/06/24 21:12:40 ET
Table 'Anteros' 6-max Seat #2 is the button
Seat 2: Humtum81 ($70.72 in chips)
Seat 3: REZOLUTION84 ($86.50 in chips)
Humtum81: posts small blind $1
REZOLUTION84: posts big blind $3
*** HOLE CARDS ***
Humtum81: raises $3 to $6
REZOLUTION84: calls $3
*** FLOP *** [Kh Jd 6d]
REZOLUTION84: checks
Humtum81: bets $3
REZOLUTION84: calls $3
*** TURN *** [Kh Jd 6d] [As]
REZOLUTION84: checks
Humtum81: bets $6
REZOLUTION84: calls $6
*** RIVER *** [Kh Jd 6d As] [Ks]
REZOLUTION84: checks
Humtum81: checks
*** SHOW DOWN ***
REZOLUTION84: shows [8s 6c] (two pair, Kings and Sixes)
Humtum81: shows [Ts Js] (two pair, Kings and Jacks)
Humtum81 collected $29.50 from pot
*** SUMMARY ***
Total pot $30 | Rake $0.50
Board [Kh Jd 6d As Ks]
Seat 2: Humtum81 (button) (small blind) showed [Ts Js] and won ($29.50) with two pair, Kings and Jacks
Seat 3: REZOLUTION84 (big blind) showed [8s 6c] and lost with two pair, Kings and Sixes


PokerStars Hand #155162305267:  Hold'em Limit ($3/$6 USD) - 2016/06/24 21:12:19 ET
Table 'Anteros' 6-max Seat #3 is the button
Seat 2: Humtum81 ($97.72 in chips)
Seat 3: REZOLUTION84 ($60 in chips)
REZOLUTION84: posts small blind $1
Humtum81: posts big blind $3
*** HOLE CARDS ***
REZOLUTION84: raises $3 to $6
Humtum81: raises $3 to $9
REZOLUTION84: raises $3 to $12
Betting is capped
Humtum81: calls $3
*** FLOP *** [Qs Qd 7d]
Humtum81: checks
REZOLUTION84: bets $3
Humtum81: calls $3
*** TURN *** [Qs Qd 7d] [5h]
Humtum81: checks
REZOLUTION84: bets $6
Humtum81: calls $6
*** RIVER *** [Qs Qd 7d 5h] [Jc]
Humtum81: checks
REZOLUTION84: bets $6
Humtum81: calls $6
*** SHOW DOWN ***
REZOLUTION84: shows [Ks Kd] (two pair, Kings and Queens)
Humtum81: mucks hand
REZOLUTION84 collected $53.50 from pot
*** SUMMARY ***
Total pot $54 | Rake $0.50
Board [Qs Qd 7d 5h Jc]
Seat 2: Humtum81 (big blind) mucked
Seat 3: REZOLUTION84 (button) (small blind) showed [Ks Kd] and won ($53.50) with two pair, Kings and Queens


PokerStars Hand #155162299803:  Hold'em Limit ($3/$6 USD) - 2016/06/24 21:12:06 ET
Table 'Anteros' 6-max Seat #2 is the button
Seat 2: Humtum81 ($83.22 in chips)
Seat 3: REZOLUTION84 ($60 in chips)
Humtum81: posts small blind $1
REZOLUTION84: posts big blind $3
*** HOLE CARDS ***
Humtum81: raises $3 to $6
REZOLUTION84: calls $3
*** FLOP *** [3c 7d 7h]
REZOLUTION84: checks
Humtum81: bets $3
REZOLUTION84: calls $3
*** TURN *** [3c 7d 7h] [8h]
REZOLUTION84: checks
Humtum81: bets $6
REZOLUTION84: calls $6
*** RIVER *** [3c 7d 7h 8h] [3h]
REZOLUTION84: checks
Humtum81: bets $6
REZOLUTION84: folds
Uncalled bet ($6) returned to Humtum81
Humtum81 collected $29.50 from pot
Humtum81: doesn't show hand
*** SUMMARY ***
Total pot $30 | Rake $0.50
Board [3c 7d 7h 8h 3h]
Seat 2: Humtum81 (button) (small blind) collected ($29.50)
Seat 3: REZOLUTION84 (big blind) folded on the River


PokerStars Hand #155162297949:  Hold'em Limit ($3/$6 USD) - 2016/06/24 21:12:01 ET
Table 'Anteros' 6-max Seat #3 is the button
Seat 2: Humtum81 ($82.22 in chips)
Seat 3: REZOLUTION84 ($60 in chips)
REZOLUTION84: posts small blind $1
Humtum81: posts big blind $3
*** HOLE CARDS ***
REZOLUTION84: folds
Uncalled bet ($2) returned to Humtum81
Humtum81 collected $2 from pot
Humtum81: doesn't show hand
*** SUMMARY ***
Total pot $2 | Rake $0
Seat 2: Humtum81 (big blind) collected ($2)
Seat 3: REZOLUTION84 (button) (small blind) folded before Flop


PokerStars Hand #155162294069:  Hold'em Limit ($3/$6 USD) - 2016/06/24 21:11:51 ET
Table 'Anteros' 6-max Seat #2 is the button
Seat 2: Humtum81 ($76.46 in chips)
Seat 3: REZOLUTION84 ($65.76 in chips)
Humtum81: posts small blind $1
REZOLUTION84: posts big blind $3
*** HOLE CARDS ***
Humtum81: raises $3 to $6
REZOLUTION84: calls $3
*** FLOP *** [6c As Qh]
REZOLUTION84: checks
Humtum81: bets $3
REZOLUTION84: folds
Uncalled bet ($3) returned to Humtum81
Humtum81 collected $11.76 from pot
Humtum81: doesn't show hand
*** SUMMARY ***
Total pot $12 | Rake $0.24
Board [6c As Qh]
Seat 2: Humtum81 (button) (small blind) collected ($11.76)
Seat 3: REZOLUTION84 (big blind) folded on the Flop


PokerStars Hand #155162336602:  Hold'em Limit ($3/$6 USD) - 2016/06/24 21:13:37 ET
Table 'Anteros' 6-max Seat #2 is the button
Seat 2: Humtum81 ($50.22 in chips)
Seat 3: REZOLUTION84 ($105.76 in chips)
Humtum81: posts small blind $1
REZOLUTION84: posts big blind $3
*** HOLE CARDS ***
Humtum81: raises $3 to $6
REZOLUTION84: calls $3
*** FLOP *** [6c 3d 7h]
REZOLUTION84: checks
Humtum81: bets $3
REZOLUTION84: raises $3 to $6
Humtum81: raises $3 to $9
REZOLUTION84: raises $3 to $12
Betting is capped
Humtum81: calls $3
*** TURN *** [6c 3d 7h] [Qd]
REZOLUTION84: bets $6
Humtum81: raises $6 to $12
REZOLUTION84: calls $6
*** RIVER *** [6c 3d 7h Qd] [Kh]
REZOLUTION84: checks
Humtum81: bets $6
REZOLUTION84: calls $6
*** SHOW DOWN ***
Humtum81: shows [Ad 7s] (a pair of Sevens)
REZOLUTION84: mucks hand
Humtum81 collected $71.50 from pot
*** SUMMARY ***
Total pot $72 | Rake $0.50
Board [6c 3d 7h Qd Kh]
Seat 2: Humtum81 (button) (small blind) showed [Ad 7s] and won ($71.50) with a pair of Sevens
Seat 3: REZOLUTION84 (big blind) mucked


PokerStars Hand #155162334581:  Hold'em Limit ($3/$6 USD) - 2016/06/24 21:13:32 ET
Table 'Anteros' 6-max Seat #3 is the button
Seat 2: Humtum81 ($53.22 in chips)
Seat 3: REZOLUTION84 ($102.76 in chips)
REZOLUTION84: posts small blind $1
Humtum81: posts big blind $3
*** HOLE CARDS ***
REZOLUTION84: raises $3 to $6
Humtum81: folds
Uncalled bet ($3) returned to REZOLUTION84
REZOLUTION84 collected $6 from pot
REZOLUTION84: doesn't show hand
*** SUMMARY ***
Total pot $6 | Rake $0
Seat 2: Humtum81 (big blind) folded before Flop
Seat 3: REZOLUTION84 (button) (small blind) collected ($6)


PokerStars Hand #155162332640:  Hold'em Limit ($3/$6 USD) - 2016/06/24 21:13:27 ET
Table 'Anteros' 6-max Seat #2 is the button
Seat 2: Humtum81 ($54.22 in chips)
Seat 3: REZOLUTION84 ($101.76 in chips)
Humtum81: posts small blind $1
REZOLUTION84: posts big blind $3
*** HOLE CARDS ***
Humtum81: folds
Uncalled bet ($2) returned to REZOLUTION84
REZOLUTION84 collected $2 from pot
REZOLUTION84: doesn't show hand
*** SUMMARY ***
Total pot $2 | Rake $0
Seat 2: Humtum81 (button) (small blind) folded before Flop
Seat 3: REZOLUTION84 (big blind) collected ($2)


PokerStars Hand #155162325974:  Hold'em Limit ($3/$6 USD) - 2016/06/24 21:13:10 ET
Table 'Anteros' 6-max Seat #3 is the button
Seat 2: Humtum81 ($78.22 in chips)
Seat 3: REZOLUTION84 ($78.26 in chips)
REZOLUTION84: posts small blind $1
Humtum81: posts big blind $3
*** HOLE CARDS ***
REZOLUTION84: raises $3 to $6
Humtum81: raises $3 to $9
REZOLUTION84: calls $3
*** FLOP *** [Ks 2h 6h]
Humtum81: bets $3
REZOLUTION84: calls $3
*** TURN *** [Ks 2h 6h] [Kh]
Humtum81: bets $6
REZOLUTION84: raises $6 to $12
Humtum81: calls $6
*** RIVER *** [Ks 2h 6h Kh] [7h]
Humtum81: checks
REZOLUTION84: bets $6
Humtum81: folds
Uncalled bet ($6) returned to REZOLUTION84
REZOLUTION84 collected $47.50 from pot
REZOLUTION84: doesn't show hand
*** SUMMARY ***
Total pot $48 | Rake $0.50
Board [Ks 2h 6h Kh 7h]
Seat 2: Humtum81 (big blind) folded on the River
Seat 3: REZOLUTION84 (button) (small blind) collected ($47.50)


PokerStars Hand #155162323833:  Hold'em Limit ($3/$6 USD) - 2016/06/24 21:13:05 ET
Table 'Anteros' 6-max Seat #2 is the button
Seat 2: Humtum81 ($79.22 in chips)
Seat 3: REZOLUTION84 ($77.26 in chips)
Humtum81: posts small blind $1
REZOLUTION84: posts big blind $3
*** HOLE CARDS ***
Humtum81: folds
Uncalled bet ($2) returned to REZOLUTION84
REZOLUTION84 collected $2 from pot
REZOLUTION84: doesn't show hand
*** SUMMARY ***
Total pot $2 | Rake $0
Seat 2: Humtum81 (button) (small blind) folded before Flop
Seat 3: REZOLUTION84 (big blind) collected ($2)


PokerStars Hand #155162319157:  Hold'em Limit ($3/$6 USD) - 2016/06/24 21:12:53 ET
Table 'Anteros' 6-max Seat #3 is the button
Seat 2: Humtum81 ($85.22 in chips)
Seat 3: REZOLUTION84 ($71.50 in chips)
REZOLUTION84: posts small blind $1
Humtum81: posts big blind $3
*** HOLE CARDS ***
REZOLUTION84: raises $3 to $6
Humtum81: calls $3
*** FLOP *** [8h 2c Th]
Humtum81: checks
REZOLUTION84: bets $3
Humtum81: folds
Uncalled bet ($3) returned to REZOLUTION84
REZOLUTION84 collected $11.76 from pot
REZOLUTION84: doesn't show hand
*** SUMMARY ***
Total pot $12 | Rake $0.24
Board [8h 2c Th]
Seat 2: Humtum81 (big blind) folded on the Flop
Seat 3: REZOLUTION84 (button) (small blind) collected ($11.76)


PokerStars Hand #155162360441:  Hold'em Limit ($3/$6 USD) - 2016/06/24 21:14:37 ET
Table 'Anteros' 6-max Seat #3 is the button
Seat 2: Humtum81 ($106.22 in chips)
Seat 3: REZOLUTION84 ($60 in chips)
REZOLUTION84: posts small blind $1
Humtum81: posts big blind $3
*** HOLE CARDS ***
REZOLUTION84: raises $3 to $6
Humtum81: calls $3
*** FLOP *** [Qc 9s Kh]
Humtum81: checks
REZOLUTION84: bets $3
Humtum81: calls $3
*** TURN *** [Qc 9s Kh] [Tc]
Humtum81: checks
REZOLUTION84: checks
*** RIVER *** [Qc 9s Kh Tc] [4h]
Humtum81: bets $6
REZOLUTION84: folds
Uncalled bet ($6) returned to Humtum81
Humtum81 collected $17.64 from pot
Humtum81: doesn't show hand
*** SUMMARY ***
Total pot $18 | Rake $0.36
Board [Qc 9s Kh Tc 4h]
Seat 2: Humtum81 (big blind) collected ($17.64)
Seat 3: REZOLUTION84 (button) (small blind) folded on the River


PokerStars Hand #155162353348:  Hold'em Limit ($3/$6 USD) - 2016/06/24 21:14:19 ET
Table 'Anteros' 6-max Seat #2 is the button
Seat 2: Humtum81 ($76.72 in chips)
Seat 3: REZOLUTION84 ($78.28 in chips)
Humtum81: posts small blind $1
REZOLUTION84: posts big blind $3
*** HOLE CARDS ***
Humtum81: raises $3 to $6
REZOLUTION84: raises $3 to $9
Humtum81: raises $3 to $12
Betting is capped
REZOLUTION84: calls $3
*** FLOP *** [Tc Ah 4d]
REZOLUTION84: bets $3
Humtum81: raises $3 to $6
REZOLUTION84: calls $3
*** TURN *** [Tc Ah 4d] [5c]
REZOLUTION84: checks
Humtum81: bets $6
REZOLUTION84: calls $6
*** RIVER *** [Tc Ah 4d 5c] [7s]
REZOLUTION84: checks
Humtum81: bets $6
REZOLUTION84: calls $6
*** SHOW DOWN ***
Humtum81: shows [9s As] (a pair of Aces)
REZOLUTION84: mucks hand
Humtum81 collected $59.50 from pot
*** SUMMARY ***
Total pot $60 | Rake $0.50
Board [Tc Ah 4d 5c 7s]
Seat 2: Humtum81 (button) (small blind) showed [9s As] and won ($59.50) with a pair of Aces
Seat 3: REZOLUTION84 (big blind) mucked


PokerStars Hand #155162349007:  Hold'em Limit ($3/$6 USD) - 2016/06/24 21:14:07 ET
Table 'Anteros' 6-max Seat #3 is the button
Seat 2: Humtum81 ($82.72 in chips)
Seat 3: REZOLUTION84 ($72.52 in chips)
REZOLUTION84: posts small blind $1
Humtum81: posts big blind $3
*** HOLE CARDS ***
REZOLUTION84: raises $3 to $6
Humtum81: calls $3
*** FLOP *** [6d 2d Ad]
Humtum81: checks
REZOLUTION84: bets $3
Humtum81: folds
Uncalled bet ($3) returned to REZOLUTION84
REZOLUTION84 collected $11.76 from pot
REZOLUTION84: doesn't show hand
*** SUMMARY ***
Total pot $12 | Rake $0.24
Board [6d 2d Ad]
Seat 2: Humtum81 (big blind) folded on the Flop
Seat 3: REZOLUTION84 (button) (small blind) collected ($11.76)


PokerStars Hand #155162346556:  Hold'em Limit ($3/$6 USD) - 2016/06/24 21:14:01 ET
Table 'Anteros' 6-max Seat #2 is the button
Seat 2: Humtum81 ($79.72 in chips)
Seat 3: REZOLUTION84 ($75.52 in chips)
Humtum81: posts small blind $1
REZOLUTION84: posts big blind $3
*** HOLE CARDS ***
Humtum81: raises $3 to $6
REZOLUTION84: folds
Uncalled bet ($3) returned to Humtum81
Humtum81 collected $6 from pot
Humtum81: doesn't show hand
*** SUMMARY ***
Total pot $6 | Rake $0
Seat 2: Humtum81 (button) (small blind) collected ($6)
Seat 3: REZOLUTION84 (big blind) folded before Flop


PokerStars Hand #155162342937:  Hold'em Limit ($3/$6 USD) - 2016/06/24 21:13:52 ET
Table 'Anteros' 6-max Seat #3 is the button
Seat 2: Humtum81 ($85.72 in chips)
Seat 3: REZOLUTION84 ($69.76 in chips)
REZOLUTION84: posts small blind $1
Humtum81: posts big blind $3
*** HOLE CARDS ***
REZOLUTION84: raises $3 to $6
Humtum81: calls $3
*** FLOP *** [3d Tc 5s]
Humtum81: checks
REZOLUTION84: bets $3
Humtum81: folds
Uncalled bet ($3) returned to REZOLUTION84
REZOLUTION84 collected $11.76 from pot
REZOLUTION84: doesn't show hand
*** SUMMARY ***
Total pot $12 | Rake $0.24
Board [3d Tc 5s]
Seat 2: Humtum81 (big blind) folded on the Flop
Seat 3: REZOLUTION84 (button) (small blind) collected ($11.76)


PokerStars Hand #155162385909:  Hold'em Limit ($3/$6 USD) - 2016/06/24 21:15:40 ET
Table 'Anteros' 6-max Seat #2 is the button
Seat 2: Humtum81 ($70.86 in chips)
Seat 3: REZOLUTION84 ($103.50 in chips)
Humtum81: posts small blind $1
REZOLUTION84: posts big blind $3
*** HOLE CARDS ***
Humtum81: raises $3 to $6
REZOLUTION84: calls $3
*** FLOP *** [9h 8h 3d]
REZOLUTION84: checks
Humtum81: bets $3
REZOLUTION84: calls $3
*** TURN *** [9h 8h 3d] [2c]
REZOLUTION84: checks
Humtum81: bets $6
REZOLUTION84: calls $6
*** RIVER *** [9h 8h 3d 2c] [2h]
REZOLUTION84: checks
Humtum81: bets $6
REZOLUTION84: calls $6
*** SHOW DOWN ***
Humtum81: shows [7d Ts] (a pair of Deuces)
REZOLUTION84: shows [Jc 3c] (two pair, Threes and Deuces)
REZOLUTION84 collected $41.50 from pot
*** SUMMARY ***
Total pot $42 | Rake $0.50
Board [9h 8h 3d 2c 2h]
Seat 2: Humtum81 (button) (small blind) showed [7d Ts] and lost with a pair of Deuces
Seat 3: REZOLUTION84 (big blind) showed [Jc 3c] and won ($41.50) with two pair, Threes and Deuces


PokerStars Hand #155162383977:  Hold'em Limit ($3/$6 USD) - 2016/06/24 21:15:36 ET
Table 'Anteros' 6-max Seat #3 is the button
Seat 2: Humtum81 ($73.86 in chips)
Seat 3: REZOLUTION84 ($100.50 in chips)
REZOLUTION84: posts small blind $1
Humtum81: posts big blind $3
*** HOLE CARDS ***
REZOLUTION84: raises $3 to $6
Humtum81: folds
Uncalled bet ($3) returned to REZOLUTION84
REZOLUTION84 collected $6 from pot
REZOLUTION84: doesn't show hand
*** SUMMARY ***
Total pot $6 | Rake $0
Seat 2: Humtum81 (big blind) folded before Flop
Seat 3: REZOLUTION84 (button) (small blind) collected ($6)


PokerStars Hand #155162382244:  Hold'em Limit ($3/$6 USD) - 2016/06/24 21:15:31 ET
Table 'Anteros' 6-max Seat #2 is the button
Seat 2: Humtum81 ($74.86 in chips)
Seat 3: REZOLUTION84 ($99.50 in chips)
Humtum81: posts small blind $1
REZOLUTION84: posts big blind $3
*** HOLE CARDS ***
Humtum81: folds
Uncalled bet ($2) returned to REZOLUTION84
REZOLUTION84 collected $2 from pot
REZOLUTION84: doesn't show hand
*** SUMMARY ***
Total pot $2 | Rake $0
Seat 2: Humtum81 (button) (small blind) folded before Flop
Seat 3: REZOLUTION84 (big blind) collected ($2)


PokerStars Hand #155162379876:  Hold'em Limit ($3/$6 USD) - 2016/06/24 21:15:25 ET
Table 'Anteros' 6-max Seat #3 is the button
Seat 2: Humtum81 ($77.86 in chips)
Seat 3: REZOLUTION84 ($96.50 in chips)
REZOLUTION84: posts small blind $1
Humtum81: posts big blind $3
*** HOLE CARDS ***
REZOLUTION84: raises $3 to $6
Humtum81: folds
Uncalled bet ($3) returned to REZOLUTION84
REZOLUTION84 collected $6 from pot
REZOLUTION84: doesn't show hand
*** SUMMARY ***
Total pot $6 | Rake $0
Seat 2: Humtum81 (big blind) folded before Flop
Seat 3: REZOLUTION84 (button) (small blind) collected ($6)


PokerStars Hand #155162372858:  Hold'em Limit ($3/$6 USD) - 2016/06/24 21:15:07 ET
Table 'Anteros' 6-max Seat #2 is the button
Seat 2: Humtum81 ($110.86 in chips)
Seat 3: REZOLUTION84 ($64 in chips)
Humtum81: posts small blind $1
REZOLUTION84: posts big blind $3
*** HOLE CARDS ***
Humtum81: raises $3 to $6
REZOLUTION84: calls $3
*** FLOP *** [3h Qc Qh]
REZOLUTION84: checks
Humtum81: bets $3
REZOLUTION84: raises $3 to $6
Humtum81: raises $3 to $9
REZOLUTION84: calls $3
*** TURN *** [3h Qc Qh] [2c]
REZOLUTION84: checks
Humtum81: bets $6
REZOLUTION84: calls $6
*** RIVER *** [3h Qc Qh 2c] [Th]
REZOLUTION84: checks
Humtum81: bets $6
REZOLUTION84: raises $6 to $12
Humtum81: calls $6
*** SHOW DOWN ***
REZOLUTION84: shows [9h 5h] (a flush, Queen high)
Humtum81: mucks hand
REZOLUTION84 collected $65.50 from pot
*** SUMMARY ***
Total pot $66 | Rake $0.50
Board [3h Qc Qh 2c Th]
Seat 2: Humtum81 (button) (small blind) mucked
Seat 3: REZOLUTION84 (big blind) showed [9h 5h] and won ($65.50) with a flush, Queen high


PokerStars Hand #155162370337:  Hold'em Limit ($3/$6 USD) - 2016/06/24 21:15:01 ET
Table 'Anteros' 6-max Seat #3 is the button
Seat 2: Humtum81 ($113.86 in chips)
Seat 3: REZOLUTION84 ($61 in chips)
REZOLUTION84: posts small blind $1
Humtum81: posts big blind $3
*** HOLE CARDS ***
REZOLUTION84: raises $3 to $6
Humtum81: folds
Uncalled bet ($3) returned to REZOLUTION84
REZOLUTION84 collected $6 from pot
REZOLUTION84: doesn't show hand
*** SUMMARY ***
Total pot $6 | Rake $0
Seat 2: Humtum81 (big blind) folded before Flop
Seat 3: REZOLUTION84 (button) (small blind) collected ($6)


PokerStars Hand #155162368473:  Hold'em Limit ($3/$6 USD) - 2016/06/24 21:14:57 ET
Table 'Anteros' 6-max Seat #2 is the button
Seat 2: Humtum81 ($114.86 in chips)
Seat 3: REZOLUTION84 ($60 in chips)
Humtum81: posts small blind $1
REZOLUTION84: posts big blind $3
*** HOLE CARDS ***
Humtum81: folds
Uncalled bet ($2) returned to REZOLUTION84
REZOLUTION84 collected $2 from pot
REZOLUTION84: doesn't show hand
*** SUMMARY ***
Total pot $2 | Rake $0
Seat 2: Humtum81 (button) (small blind) folded before Flop
Seat 3: REZOLUTION84 (big blind) collected ($2)


PokerStars Hand #155162394899:  Hold'em Limit ($3/$6 USD) - 2016/06/24 21:16:03 ET
Table 'Anteros' 6-max Seat #2 is the button
Seat 2: Humtum81 ($43.86 in chips)
Seat 3: REZOLUTION84 ($129.76 in chips)
Humtum81: posts small blind $1
REZOLUTION84: posts big blind $3
*** HOLE CARDS ***
Humtum81: folds
Uncalled bet ($2) returned to REZOLUTION84
REZOLUTION84 collected $2 from pot
REZOLUTION84: doesn't show hand
*** SUMMARY ***
Total pot $2 | Rake $0
Seat 2: Humtum81 (button) (small blind) folded before Flop
Seat 3: REZOLUTION84 (big blind) collected ($2)


PokerStars Hand #155162390952:  Hold'em Limit ($3/$6 USD) - 2016/06/24 21:15:53 ET
Table 'Anteros' 6-max Seat #3 is the button
Seat 2: Humtum81 ($49.86 in chips)
Seat 3: REZOLUTION84 ($124 in chips)
REZOLUTION84: posts small blind $1
Humtum81: posts big blind $3
*** HOLE CARDS ***
REZOLUTION84: raises $3 to $6
Humtum81: calls $3
*** FLOP *** [Qs As Kd]
Humtum81: checks
REZOLUTION84: bets $3
Humtum81: folds
Uncalled bet ($3) returned to REZOLUTION84
REZOLUTION84 collected $11.76 from pot
REZOLUTION84: doesn't show hand
*** SUMMARY ***
Total pot $12 | Rake $0.24
Board [Qs As Kd]
Seat 2: Humtum81 (big blind) folded on the Flop
Seat 3: REZOLUTION84 (button) (small blind) collected ($11.76)


