PokerStars Hand #148178840954:  Hold'em Limit ($3/$6 USD) - 2016/02/03 14:13:30 ET
Table 'Antenor III' 2-max Seat #1 is the button
Seat 1: elifnur2008 ($152 in chips)
Seat 2: pokerin160 ($6.34 in chips)
elifnur2008: posts small blind $1
pokerin160: posts big blind $3
*** HOLE CARDS ***
elifnur2008: raises $3 to $6
pokerin160: raises $0.34 to $6.34 and is all-in
elifnur2008: calls $0.34
*** FLOP *** [Js 5c Ah]
*** TURN *** [Js 5c Ah] [5h]
*** RIVER *** [Js 5c Ah 5h] [Jd]
*** SHOW DOWN ***
pokerin160: shows [3c 9c] (two pair, Jacks and Fives)
elifnur2008: shows [4c Ks] (two pair, Jacks and Fives)
pokerin160 collected $6.22 from pot
elifnur2008 collected $6.21 from pot
*** SUMMARY ***
Total pot $12.68 | Rake $0.25
Board [Js 5c Ah 5h Jd]
Seat 1: elifnur2008 (button) (small blind) showed [4c Ks] and won ($6.21) with two pair, Jacks and Fives
Seat 2: pokerin160 (big blind) showed [3c 9c] and won ($6.22) with two pair, Jacks and Fives


PokerStars Hand #148178854471:  Hold'em Limit ($3/$6 USD) - 2016/02/03 14:13:42 ET
Table 'Antenor III' 2-max Seat #2 is the button
Seat 1: elifnur2008 ($151.87 in chips)
Seat 2: pokerin160 ($6.22 in chips)
pokerin160: posts small blind $1
elifnur2008: posts big blind $3
*** HOLE CARDS ***
pokerin160: raises $3 to $6
elifnur2008: calls $3
*** FLOP *** [Jd Kc 5d]
elifnur2008: checks
pokerin160: bets $0.22 and is all-in
elifnur2008: calls $0.22
*** TURN *** [Jd Kc 5d] [8d]
*** RIVER *** [Jd Kc 5d 8d] [Ts]
*** SHOW DOWN ***
elifnur2008: shows [2c Qh] (high card King)
pokerin160: shows [9s 4d] (high card King - lower kicker)
elifnur2008 collected $12.19 from pot
*** SUMMARY ***
Total pot $12.44 | Rake $0.25
Board [Jd Kc 5d 8d Ts]
Seat 1: elifnur2008 (big blind) showed [2c Qh] and won ($12.19) with high card King
Seat 2: pokerin160 (button) (small blind) showed [9s 4d] and lost with high card King


PokerStars Hand #148178818510:  Hold'em Limit ($3/$6 USD) - 2016/02/03 14:13:08 ET
Table 'Antenor III' 2-max Seat #2 is the button
Seat 1: elifnur2008 ($122.50 in chips)
Seat 2: pokerin160 ($36.34 in chips)
pokerin160: posts small blind $1
elifnur2008: posts big blind $3
*** HOLE CARDS ***
pokerin160: raises $3 to $6
elifnur2008: raises $3 to $9
pokerin160: calls $3
*** FLOP *** [3s Kd 7c]
elifnur2008: bets $3
pokerin160: calls $3
*** TURN *** [3s Kd 7c] [4d]
elifnur2008: bets $6
pokerin160: calls $6
*** RIVER *** [3s Kd 7c 4d] [Ts]
elifnur2008: bets $6
pokerin160: raises $6 to $12
elifnur2008: raises $6 to $18
pokerin160: folds
Uncalled bet ($6) returned to elifnur2008
elifnur2008 collected $59.50 from pot
elifnur2008: doesn't show hand
*** SUMMARY ***
Total pot $60 | Rake $0.50
Board [3s Kd 7c 4d Ts]
Seat 1: elifnur2008 (big blind) collected ($59.50)
Seat 2: pokerin160 (button) (small blind) folded on the River


PokerStars Hand #148179145488:  Hold'em Limit ($3/$6 USD) - 2016/02/03 14:18:16 ET
Table 'Antenor III' 2-max Seat #2 is the button
Seat 1: elifnur2008 ($151.34 in chips)
Seat 2: ronny408 ($46.26 in chips)
ronny408: posts small blind $1
elifnur2008: posts big blind $3
*** HOLE CARDS ***
ronny408: raises $3 to $6
elifnur2008: raises $3 to $9
ronny408: calls $3
*** FLOP *** [Qc 8d Td]
elifnur2008: bets $3
ronny408: calls $3
*** TURN *** [Qc 8d Td] [Ks]
elifnur2008: checks
ronny408: checks
*** RIVER *** [Qc 8d Td Ks] [7h]
elifnur2008: checks
ronny408: checks
*** SHOW DOWN ***
elifnur2008: shows [5c 5h] (a pair of Fives)
ronny408: shows [8c 3h] (a pair of Eights)
ronny408 collected $23.52 from pot
*** SUMMARY ***
Total pot $24 | Rake $0.48
Board [Qc 8d Td Ks 7h]
Seat 1: elifnur2008 (big blind) showed [5c 5h] and lost with a pair of Fives
Seat 2: ronny408 (button) (small blind) showed [8c 3h] and won ($23.52) with a pair of Eights


PokerStars Hand #148179124919:  Hold'em Limit ($3/$6 USD) - 2016/02/03 14:17:56 ET
Table 'Antenor III' 2-max Seat #1 is the button
Seat 1: elifnur2008 ($166.34 in chips)
Seat 2: ronny408 ($31.76 in chips)
elifnur2008: posts small blind $1
ronny408: posts big blind $3
*** HOLE CARDS ***
elifnur2008: raises $3 to $6
ronny408: calls $3
*** FLOP *** [3h Jc 6s]
ronny408: checks
elifnur2008: bets $3
ronny408: calls $3
*** TURN *** [3h Jc 6s] [2h]
ronny408: checks
elifnur2008: bets $6
ronny408: calls $6
*** RIVER *** [3h Jc 6s 2h] [2d]
ronny408: checks
elifnur2008: checks
*** SHOW DOWN ***
ronny408: shows [9c 2s] (three of a kind, Deuces)
elifnur2008: mucks hand
ronny408 collected $29.50 from pot
*** SUMMARY ***
Total pot $30 | Rake $0.50
Board [3h Jc 6s 2h 2d]
Seat 1: elifnur2008 (button) (small blind) mucked
Seat 2: ronny408 (big blind) showed [9c 2s] and won ($29.50) with three of a kind, Deuces


PokerStars Hand #148179337958:  Hold'em Limit ($3/$6 USD) - 2016/02/03 14:21:17 ET
Table 'Antenor III' 2-max Seat #1 is the button
Seat 1: elifnur2008 ($173.12 in chips)
Seat 2: ronny408 ($20.42 in chips)
elifnur2008: posts small blind $1
ronny408: posts big blind $3
*** HOLE CARDS ***
elifnur2008: raises $3 to $6
ronny408: calls $3
*** FLOP *** [6c 5s 8h]
ronny408: checks
elifnur2008: bets $3
ronny408: calls $3
*** TURN *** [6c 5s 8h] [Kh]
ronny408: checks
elifnur2008: bets $6
ronny408: raises $5.42 to $11.42 and is all-in
elifnur2008: calls $5.42
*** RIVER *** [6c 5s 8h Kh] [Qc]
*** SHOW DOWN ***
ronny408: shows [Ks 9d] (a pair of Kings)
elifnur2008: shows [9h 8c] (a pair of Eights)
ronny408 collected $40.34 from pot
*** SUMMARY ***
Total pot $40.84 | Rake $0.50
Board [6c 5s 8h Kh Qc]
Seat 1: elifnur2008 (button) (small blind) showed [9h 8c] and lost with a pair of Eights
Seat 2: ronny408 (big blind) showed [Ks 9d] and won ($40.34) with a pair of Kings


PokerStars Hand #148179314816:  Hold'em Limit ($3/$6 USD) - 2016/02/03 14:20:55 ET
Table 'Antenor III' 2-max Seat #2 is the button
Seat 1: elifnur2008 ($137.62 in chips)
Seat 2: ronny408 ($56.42 in chips)
ronny408: posts small blind $1
elifnur2008: posts big blind $3
*** HOLE CARDS ***
ronny408: raises $3 to $6
elifnur2008: raises $3 to $9
ronny408: calls $3
*** FLOP *** [6h Qs 5c]
elifnur2008: bets $3
ronny408: calls $3
*** TURN *** [6h Qs 5c] [7s]
elifnur2008: bets $6
ronny408: raises $6 to $12
elifnur2008: raises $6 to $18
ronny408: calls $6
*** RIVER *** [6h Qs 5c 7s] [9c]
elifnur2008: bets $6
ronny408: calls $6
*** SHOW DOWN ***
elifnur2008: shows [8s 4h] (a straight, Five to Nine)
ronny408: mucks hand
elifnur2008 collected $71.50 from pot
*** SUMMARY ***
Total pot $72 | Rake $0.50
Board [6h Qs 5c 7s 9c]
Seat 1: elifnur2008 (big blind) showed [8s 4h] and won ($71.50) with a straight, Five to Nine
Seat 2: ronny408 (button) (small blind) mucked


PokerStars Hand #148179297056:  Hold'em Limit ($3/$6 USD) - 2016/02/03 14:20:38 ET
Table 'Antenor III' 2-max Seat #1 is the button
Seat 1: elifnur2008 ($155.62 in chips)
Seat 2: ronny408 ($38.92 in chips)
elifnur2008: posts small blind $1
ronny408: posts big blind $3
*** HOLE CARDS ***
elifnur2008: raises $3 to $6
ronny408: raises $3 to $9
elifnur2008: calls $3
*** FLOP *** [8c As Td]
ronny408: bets $3
elifnur2008: calls $3
*** TURN *** [8c As Td] [5s]
ronny408: bets $6
elifnur2008: calls $6
*** RIVER *** [8c As Td 5s] [5d]
ronny408: bets $6
elifnur2008: folds
Uncalled bet ($6) returned to ronny408
ronny408 collected $35.50 from pot
ronny408: doesn't show hand
*** SUMMARY ***
Total pot $36 | Rake $0.50
Board [8c As Td 5s 5d]
Seat 1: elifnur2008 (button) (small blind) folded on the River
Seat 2: ronny408 (big blind) collected ($35.50)


PokerStars Hand #148179411018:  Hold'em Limit ($3/$6 USD) - 2016/02/03 14:22:24 ET
Table 'Antenor III' 2-max Seat #2 is the button
Seat 1: elifnur2008 ($146.20 in chips)
Seat 2: ronny408 ($45.84 in chips)
ronny408: posts small blind $1
elifnur2008: posts big blind $3
*** HOLE CARDS ***
ronny408: raises $3 to $6
elifnur2008: calls $3
*** FLOP *** [Tc 9s 5s]
elifnur2008: checks
ronny408: bets $3
elifnur2008: calls $3
*** TURN *** [Tc 9s 5s] [Jh]
elifnur2008: checks
ronny408: bets $6
elifnur2008: raises $6 to $12
ronny408: calls $6
*** RIVER *** [Tc 9s 5s Jh] [7d]
elifnur2008: bets $6
ronny408: calls $6
*** SHOW DOWN ***
elifnur2008: shows [Td 8h] (a straight, Seven to Jack)
ronny408: mucks hand
elifnur2008 collected $53.50 from pot
*** SUMMARY ***
Total pot $54 | Rake $0.50
Board [Tc 9s 5s Jh 7d]
Seat 1: elifnur2008 (big blind) showed [Td 8h] and won ($53.50) with a straight, Seven to Jack
Seat 2: ronny408 (button) (small blind) mucked


PokerStars Hand #148179385237:  Hold'em Limit ($3/$6 USD) - 2016/02/03 14:22:01 ET
Table 'Antenor III' 2-max Seat #1 is the button
Seat 1: elifnur2008 ($131.70 in chips)
Seat 2: ronny408 ($60.84 in chips)
elifnur2008: posts small blind $1
ronny408: posts big blind $3
*** HOLE CARDS ***
elifnur2008: raises $3 to $6
ronny408: calls $3
*** FLOP *** [4d 6h 5c]
ronny408: checks
elifnur2008: bets $3
ronny408: calls $3
*** TURN *** [4d 6h 5c] [7s]
ronny408: checks
elifnur2008: bets $6
ronny408: calls $6
*** RIVER *** [4d 6h 5c 7s] [Kc]
ronny408: checks
elifnur2008: bets $6
ronny408: folds
Uncalled bet ($6) returned to elifnur2008
elifnur2008 collected $29.50 from pot
elifnur2008: doesn't show hand
*** SUMMARY ***
Total pot $30 | Rake $0.50
Board [4d 6h 5c 7s Kc]
Seat 1: elifnur2008 (button) (small blind) collected ($29.50)
Seat 2: ronny408 (big blind) folded on the River


PokerStars Hand #148179366856:  Hold'em Limit ($3/$6 USD) - 2016/02/03 14:21:43 ET
Table 'Antenor III' 2-max Seat #2 is the button
Seat 1: elifnur2008 ($152.70 in chips)
Seat 2: ronny408 ($40.34 in chips)
ronny408: posts small blind $1
elifnur2008: posts big blind $3
*** HOLE CARDS ***
ronny408: raises $3 to $6
elifnur2008: raises $3 to $9
ronny408: calls $3
*** FLOP *** [6h 2c 3c]
elifnur2008: bets $3
ronny408: raises $3 to $6
elifnur2008: calls $3
*** TURN *** [6h 2c 3c] [9h]
elifnur2008: checks
ronny408: bets $6
elifnur2008: calls $6
*** RIVER *** [6h 2c 3c 9h] [4d]
elifnur2008: checks
ronny408: bets $6
elifnur2008: folds
Uncalled bet ($6) returned to ronny408
ronny408 collected $41.50 from pot
ronny408: doesn't show hand
*** SUMMARY ***
Total pot $42 | Rake $0.50
Board [6h 2c 3c 9h 4d]
Seat 1: elifnur2008 (big blind) folded on the River
Seat 2: ronny408 (button) (small blind) collected ($41.50)


PokerStars Hand #148179434347:  Hold'em Limit ($3/$6 USD) - 2016/02/03 14:22:46 ET
Table 'Antenor III' 2-max Seat #1 is the button
Seat 1: elifnur2008 ($172.70 in chips)
Seat 2: ronny408 ($18.84 in chips)
elifnur2008: posts small blind $1
ronny408: posts big blind $3
*** HOLE CARDS ***
elifnur2008: raises $3 to $6
ronny408: raises $3 to $9
elifnur2008: calls $3
*** FLOP *** [Kh Ks Jh]
ronny408: bets $3
elifnur2008: calls $3
*** TURN *** [Kh Ks Jh] [9d]
ronny408: bets $6
elifnur2008: raises $6 to $12
ronny408: calls $0.84 and is all-in
Uncalled bet ($5.16) returned to elifnur2008
*** RIVER *** [Kh Ks Jh 9d] [2h]
*** SHOW DOWN ***
ronny408: shows [5h As] (a pair of Kings)
elifnur2008: shows [Jc 7h] (two pair, Kings and Jacks)
elifnur2008 collected $37.18 from pot
*** SUMMARY ***
Total pot $37.68 | Rake $0.50
Board [Kh Ks Jh 9d 2h]
Seat 1: elifnur2008 (button) (small blind) showed [Jc 7h] and won ($37.18) with two pair, Kings and Jacks
Seat 2: ronny408 (big blind) showed [5h As] and lost with a pair of Kings


PokerStars Hand #148179164706:  Hold'em Limit ($3/$6 USD) - 2016/02/03 14:18:34 ET
Table 'Antenor III' 2-max Seat #1 is the button
Seat 1: elifnur2008 ($139.34 in chips)
Seat 2: ronny408 ($57.78 in chips)
elifnur2008: posts small blind $1
ronny408: posts big blind $3
*** HOLE CARDS ***
elifnur2008: raises $3 to $6
ronny408: raises $3 to $9
elifnur2008: raises $3 to $12
Betting is capped
ronny408: calls $3
*** FLOP *** [8s Tc Ah]
ronny408: bets $3
elifnur2008: calls $3
*** TURN *** [8s Tc Ah] [7d]
ronny408: bets $6
elifnur2008: raises $6 to $12
ronny408: calls $6
*** RIVER *** [8s Tc Ah 7d] [Qh]
ronny408: bets $6
elifnur2008: calls $6
*** SHOW DOWN ***
ronny408: shows [Qc 7s] (two pair, Queens and Sevens)
elifnur2008: mucks hand
ronny408 collected $65.50 from pot
*** SUMMARY ***
Total pot $66 | Rake $0.50
Board [8s Tc Ah 7d Qh]
Seat 1: elifnur2008 (button) (small blind) mucked
Seat 2: ronny408 (big blind) showed [Qc 7s] and won ($65.50) with two pair, Queens and Sevens


PokerStars Hand #148179188764:  Hold'em Limit ($3/$6 USD) - 2016/02/03 14:18:56 ET
Table 'Antenor III' 2-max Seat #2 is the button
Seat 1: elifnur2008 ($106.34 in chips)
Seat 2: ronny408 ($90.28 in chips)
ronny408: posts small blind $1
elifnur2008: posts big blind $3
*** HOLE CARDS ***
ronny408: raises $3 to $6
elifnur2008: calls $3
*** FLOP *** [7d Tc Kh]
elifnur2008: checks
ronny408: bets $3
elifnur2008: calls $3
*** TURN *** [7d Tc Kh] [3h]
elifnur2008: checks
ronny408: bets $6
elifnur2008: calls $6
*** RIVER *** [7d Tc Kh 3h] [Kd]
elifnur2008: checks
ronny408: bets $6
elifnur2008: raises $6 to $12
ronny408: folds
Uncalled bet ($6) returned to elifnur2008
elifnur2008 collected $41.50 from pot
elifnur2008: doesn't show hand
*** SUMMARY ***
Total pot $42 | Rake $0.50
Board [7d Tc Kh 3h Kd]
Seat 1: elifnur2008 (big blind) collected ($41.50)
Seat 2: ronny408 (button) (small blind) folded on the River


PokerStars Hand #148179212310:  Hold'em Limit ($3/$6 USD) - 2016/02/03 14:19:18 ET
Table 'Antenor III' 2-max Seat #1 is the button
Seat 1: elifnur2008 ($126.84 in chips)
Seat 2: ronny408 ($69.28 in chips)
elifnur2008: posts small blind $1
ronny408: posts big blind $3
*** HOLE CARDS ***
elifnur2008: raises $3 to $6
ronny408: calls $3
*** FLOP *** [7s 7d 2d]
ronny408: checks
elifnur2008: bets $3
ronny408: calls $3
*** TURN *** [7s 7d 2d] [Js]
ronny408: checks
elifnur2008: bets $6
ronny408: folds
Uncalled bet ($6) returned to elifnur2008
elifnur2008 collected $17.64 from pot
elifnur2008: doesn't show hand
*** SUMMARY ***
Total pot $18 | Rake $0.36
Board [7s 7d 2d Js]
Seat 1: elifnur2008 (button) (small blind) collected ($17.64)
Seat 2: ronny408 (big blind) folded on the Turn


PokerStars Hand #148179231906:  Hold'em Limit ($3/$6 USD) - 2016/02/03 14:19:37 ET
Table 'Antenor III' 2-max Seat #2 is the button
Seat 1: elifnur2008 ($135.48 in chips)
Seat 2: ronny408 ($60.28 in chips)
ronny408: posts small blind $1
elifnur2008: posts big blind $3
*** HOLE CARDS ***
ronny408: raises $3 to $6
elifnur2008: calls $3
*** FLOP *** [Ad Td 9d]
elifnur2008: checks
ronny408: bets $3
elifnur2008: calls $3
*** TURN *** [Ad Td 9d] [Ts]
elifnur2008: checks
ronny408: bets $6
elifnur2008: raises $6 to $12
ronny408: calls $6
*** RIVER *** [Ad Td 9d Ts] [7c]
elifnur2008: bets $6
ronny408: folds
Uncalled bet ($6) returned to elifnur2008
elifnur2008 collected $41.50 from pot
elifnur2008: doesn't show hand
*** SUMMARY ***
Total pot $42 | Rake $0.50
Board [Ad Td 9d Ts 7c]
Seat 1: elifnur2008 (big blind) collected ($41.50)
Seat 2: ronny408 (button) (small blind) folded on the River


PokerStars Hand #148179259393:  Hold'em Limit ($3/$6 USD) - 2016/02/03 14:20:03 ET
Table 'Antenor III' 2-max Seat #1 is the button
Seat 1: elifnur2008 ($155.98 in chips)
Seat 2: ronny408 ($39.28 in chips)
elifnur2008: posts small blind $1
ronny408: posts big blind $3
*** HOLE CARDS ***
elifnur2008: raises $3 to $6
ronny408: calls $3
*** FLOP *** [Jd Ks Th]
ronny408: bets $3
elifnur2008: calls $3
*** TURN *** [Jd Ks Th] [3s]
ronny408: bets $6
elifnur2008: folds
Uncalled bet ($6) returned to ronny408
ronny408 collected $17.64 from pot
ronny408: doesn't show hand
*** SUMMARY ***
Total pot $18 | Rake $0.36
Board [Jd Ks Th 3s]
Seat 1: elifnur2008 (button) (small blind) folded on the Turn
Seat 2: ronny408 (big blind) collected ($17.64)


