PokerStars Hand #144549723502:  Hold'em Limit ($3/$6 USD) - 2015/11/29 6:18:06 ET
Table 'Antenor' 10-max Seat #1 is the button
Seat 1: MAGER911 ($72 in chips)
Seat 6: pokerjunk035 ($120 in chips)
MAGER911: posts small blind $1
pokerjunk035: posts big blind $3
*** HOLE CARDS ***
MAGER911: folds
Uncalled bet ($2) returned to pokerjunk035
pokerjunk035 collected $2 from pot
pokerjunk035: doesn't show hand
*** SUMMARY ***
Total pot $2 | Rake $0
Seat 1: MAGER911 (button) (small blind) folded before Flop
Seat 6: pokerjunk035 (big blind) collected ($2)


PokerStars Hand #144549758844:  Hold'em Limit ($3/$6 USD) - 2015/11/29 6:19:15 ET
Table 'Antenor' 10-max Seat #1 is the button
Seat 1: MAGER911 ($72 in chips)
Seat 6: pokerjunk035 ($144.26 in chips)
MAGER911: posts small blind $1
pokerjunk035: posts big blind $3
*** HOLE CARDS ***
MAGER911: raises $3 to $6
pokerjunk035: folds
Uncalled bet ($3) returned to MAGER911
MAGER911 collected $6 from pot
MAGER911: doesn't show hand
*** SUMMARY ***
Total pot $6 | Rake $0
Seat 1: MAGER911 (button) (small blind) collected ($6)
Seat 6: pokerjunk035 (big blind) folded before Flop


PokerStars Hand #144549755309:  Hold'em Limit ($3/$6 USD) - 2015/11/29 6:19:08 ET
Table 'Antenor' 10-max Seat #6 is the button
Seat 1: MAGER911 ($75 in chips)
Seat 6: pokerjunk035 ($141.26 in chips)
pokerjunk035: posts small blind $1
MAGER911: posts big blind $3
*** HOLE CARDS ***
pokerjunk035: raises $3 to $6
MAGER911: folds
Uncalled bet ($3) returned to pokerjunk035
pokerjunk035 collected $6 from pot
pokerjunk035: doesn't show hand
*** SUMMARY ***
Total pot $6 | Rake $0
Seat 1: MAGER911 (big blind) folded before Flop
Seat 6: pokerjunk035 (button) (small blind) collected ($6)


PokerStars Hand #144549751026:  Hold'em Limit ($3/$6 USD) - 2015/11/29 6:19:00 ET
Table 'Antenor' 10-max Seat #1 is the button
Seat 1: MAGER911 ($72 in chips)
Seat 6: pokerjunk035 ($144.26 in chips)
MAGER911: posts small blind $1
pokerjunk035: posts big blind $3
*** HOLE CARDS ***
MAGER911: raises $3 to $6
pokerjunk035: folds
Uncalled bet ($3) returned to MAGER911
MAGER911 collected $6 from pot
MAGER911: doesn't show hand
*** SUMMARY ***
Total pot $6 | Rake $0
Seat 1: MAGER911 (button) (small blind) collected ($6)
Seat 6: pokerjunk035 (big blind) folded before Flop


PokerStars Hand #144549741592:  Hold'em Limit ($3/$6 USD) - 2015/11/29 6:18:42 ET
Table 'Antenor' 10-max Seat #6 is the button
Seat 1: MAGER911 ($75 in chips)
Seat 6: pokerjunk035 ($123.76 in chips)
pokerjunk035: posts small blind $1
MAGER911: posts big blind $3
*** HOLE CARDS ***
pokerjunk035: raises $3 to $6
MAGER911: calls $3
*** FLOP *** [3d 8d 6h]
MAGER911: checks
pokerjunk035: bets $3
MAGER911: calls $3
*** TURN *** [3d 8d 6h] [7h]
MAGER911: checks
pokerjunk035: bets $6
MAGER911: calls $6
*** RIVER *** [3d 8d 6h 7h] [Jh]
MAGER911: checks
pokerjunk035: bets $6
MAGER911: calls $6
*** SHOW DOWN ***
pokerjunk035: shows [5d 9d] (a straight, Five to Nine)
MAGER911: mucks hand
pokerjunk035 collected $41.50 from pot
*** SUMMARY ***
Total pot $42 | Rake $0.50
Board [3d 8d 6h 7h Jh]
Seat 1: MAGER911 (big blind) mucked
Seat 6: pokerjunk035 (button) (small blind) showed [5d 9d] and won ($41.50) with a straight, Five to Nine


PokerStars Hand #144549738804:  Hold'em Limit ($3/$6 USD) - 2015/11/29 6:18:36 ET
Table 'Antenor' 10-max Seat #1 is the button
Seat 1: MAGER911 ($72 in chips)
Seat 6: pokerjunk035 ($126.76 in chips)
MAGER911: posts small blind $1
pokerjunk035: posts big blind $3
*** HOLE CARDS ***
MAGER911: raises $3 to $6
pokerjunk035: folds
Uncalled bet ($3) returned to MAGER911
MAGER911 collected $6 from pot
MAGER911: doesn't show hand
*** SUMMARY ***
Total pot $6 | Rake $0
Seat 1: MAGER911 (button) (small blind) collected ($6)
Seat 6: pokerjunk035 (big blind) folded before Flop


PokerStars Hand #144549730039:  Hold'em Limit ($3/$6 USD) - 2015/11/29 6:18:19 ET
Table 'Antenor' 10-max Seat #6 is the button
Seat 1: MAGER911 ($72 in chips)
Seat 6: pokerjunk035 ($121 in chips)
pokerjunk035: posts small blind $1
MAGER911: posts big blind $3
*** HOLE CARDS ***
pokerjunk035: raises $3 to $6
MAGER911: calls $3
*** FLOP *** [Qs Jd 4h]
MAGER911: checks
pokerjunk035: bets $3
MAGER911: folds
Uncalled bet ($3) returned to pokerjunk035
pokerjunk035 collected $11.76 from pot
pokerjunk035: doesn't show hand
*** SUMMARY ***
Total pot $12 | Rake $0.24
Board [Qs Jd 4h]
Seat 1: MAGER911 (big blind) folded on the Flop
Seat 6: pokerjunk035 (button) (small blind) collected ($11.76)


PokerStars Hand #144549770325:  Hold'em Limit ($3/$6 USD) - 2015/11/29 6:19:37 ET
Table 'Antenor' 10-max Seat #1 is the button
Seat 1: MAGER911 ($98.50 in chips)
Seat 6: pokerjunk035 ($117.26 in chips)
MAGER911: posts small blind $1
pokerjunk035: posts big blind $3
*** HOLE CARDS ***
MAGER911: folds
Uncalled bet ($2) returned to pokerjunk035
pokerjunk035 collected $2 from pot
pokerjunk035: doesn't show hand
*** SUMMARY ***
Total pot $2 | Rake $0
Seat 1: MAGER911 (button) (small blind) folded before Flop
Seat 6: pokerjunk035 (big blind) collected ($2)


PokerStars Hand #144549761517:  Hold'em Limit ($3/$6 USD) - 2015/11/29 6:19:20 ET
Table 'Antenor' 10-max Seat #6 is the button
Seat 1: MAGER911 ($75 in chips)
Seat 6: pokerjunk035 ($141.26 in chips)
pokerjunk035: posts small blind $1
MAGER911: posts big blind $3
*** HOLE CARDS ***
pokerjunk035: raises $3 to $6
MAGER911: calls $3
*** FLOP *** [2s 5c 6h]
MAGER911: checks
pokerjunk035: bets $3
MAGER911: raises $3 to $6
pokerjunk035: calls $3
*** TURN *** [2s 5c 6h] [6d]
MAGER911: bets $6
pokerjunk035: calls $6
*** RIVER *** [2s 5c 6h 6d] [3c]
MAGER911: bets $6
pokerjunk035: calls $6
*** SHOW DOWN ***
MAGER911: shows [Qc 4s] (a straight, Deuce to Six)
pokerjunk035: mucks hand
MAGER911 collected $47.50 from pot
*** SUMMARY ***
Total pot $48 | Rake $0.50
Board [2s 5c 6h 6d 3c]
Seat 1: MAGER911 (big blind) showed [Qc 4s] and won ($47.50) with a straight, Deuce to Six
Seat 6: pokerjunk035 (button) (small blind) mucked


PokerStars Hand #144549784047:  Hold'em Limit ($3/$6 USD) - 2015/11/29 6:20:04 ET
Table 'Antenor' 10-max Seat #1 is the button
Seat 1: MAGER911 ($87.50 in chips)
Seat 6: pokerjunk035 ($128.02 in chips)
MAGER911: posts small blind $1
pokerjunk035: posts big blind $3
*** HOLE CARDS ***
MAGER911: folds
Uncalled bet ($2) returned to pokerjunk035
pokerjunk035 collected $2 from pot
*** SUMMARY ***
Total pot $2 | Rake $0
Seat 1: MAGER911 (button) (small blind) folded before Flop
Seat 6: pokerjunk035 (big blind) collected ($2)


PokerStars Hand #144549778913:  Hold'em Limit ($3/$6 USD) - 2015/11/29 6:19:54 ET
Table 'Antenor' 10-max Seat #6 is the button
Seat 1: MAGER911 ($93.50 in chips)
Seat 6: pokerjunk035 ($122.26 in chips)
pokerjunk035: posts small blind $1
MAGER911: posts big blind $3
*** HOLE CARDS ***
pokerjunk035: raises $3 to $6
MAGER911: calls $3
*** FLOP *** [Ac 7h 7d]
MAGER911: checks
pokerjunk035: bets $3
MAGER911: folds
Uncalled bet ($3) returned to pokerjunk035
pokerjunk035 collected $11.76 from pot
pokerjunk035: doesn't show hand
*** SUMMARY ***
Total pot $12 | Rake $0.24
Board [Ac 7h 7d]
Seat 1: MAGER911 (big blind) folded on the Flop
Seat 6: pokerjunk035 (button) (small blind) collected ($11.76)


PokerStars Hand #144549776846:  Hold'em Limit ($3/$6 USD) - 2015/11/29 6:19:50 ET
Table 'Antenor' 10-max Seat #1 is the button
Seat 1: MAGER911 ($94.50 in chips)
Seat 6: pokerjunk035 ($121.26 in chips)
MAGER911: posts small blind $1
pokerjunk035: posts big blind $3
*** HOLE CARDS ***
MAGER911: folds
Uncalled bet ($2) returned to pokerjunk035
pokerjunk035 collected $2 from pot
pokerjunk035: doesn't show hand
*** SUMMARY ***
Total pot $2 | Rake $0
Seat 1: MAGER911 (button) (small blind) folded before Flop
Seat 6: pokerjunk035 (big blind) collected ($2)


PokerStars Hand #144549772951:  Hold'em Limit ($3/$6 USD) - 2015/11/29 6:19:42 ET
Table 'Antenor' 10-max Seat #6 is the button
Seat 1: MAGER911 ($97.50 in chips)
Seat 6: pokerjunk035 ($118.26 in chips)
pokerjunk035: posts small blind $1
MAGER911: posts big blind $3
*** HOLE CARDS ***
pokerjunk035: raises $3 to $6
MAGER911: folds
Uncalled bet ($3) returned to pokerjunk035
pokerjunk035 collected $6 from pot
pokerjunk035: doesn't show hand
*** SUMMARY ***
Total pot $6 | Rake $0
Seat 1: MAGER911 (big blind) folded before Flop
Seat 6: pokerjunk035 (button) (small blind) collected ($6)


PokerStars Hand #144549796674:  Hold'em Limit ($3/$6 USD) - 2015/11/29 6:20:28 ET
Table 'Antenor' 10-max Seat #6 is the button
Seat 1: MAGER911 ($86.50 in chips)
Seat 6: pokerjunk035 ($129.02 in chips)
pokerjunk035: posts small blind $1
MAGER911: posts big blind $3
*** HOLE CARDS ***
pokerjunk035: raises $3 to $6
MAGER911: calls $3
*** FLOP *** [9c 7d Ts]
MAGER911: checks
pokerjunk035: bets $3
MAGER911: folds
Uncalled bet ($3) returned to pokerjunk035
pokerjunk035 collected $11.76 from pot
pokerjunk035: doesn't show hand
*** SUMMARY ***
Total pot $12 | Rake $0.24
Board [9c 7d Ts]
Seat 1: MAGER911 (big blind) folded on the Flop
Seat 6: pokerjunk035 (button) (small blind) collected ($11.76)


PokerStars Hand #144549826526:  Hold'em Limit ($3/$6 USD) - 2015/11/29 6:21:27 ET
Table 'Antenor' 10-max Seat #1 is the button
Seat 1: MAGER911 ($73 in chips)
Seat 6: pokerjunk035 ($154.28 in chips)
MAGER911: posts small blind $1
pokerjunk035: posts big blind $3
*** HOLE CARDS ***
MAGER911: folds
Uncalled bet ($2) returned to pokerjunk035
pokerjunk035 collected $2 from pot
pokerjunk035: doesn't show hand
*** SUMMARY ***
Total pot $2 | Rake $0
Seat 1: MAGER911 (button) (small blind) folded before Flop
Seat 6: pokerjunk035 (big blind) collected ($2)


PokerStars Hand #144549823350:  Hold'em Limit ($3/$6 USD) - 2015/11/29 6:21:21 ET
Table 'Antenor' 10-max Seat #6 is the button
Seat 1: MAGER911 ($72 in chips)
Seat 6: pokerjunk035 ($155.28 in chips)
pokerjunk035: posts small blind $1
MAGER911: posts big blind $3
*** HOLE CARDS ***
pokerjunk035: folds
Uncalled bet ($2) returned to MAGER911
MAGER911 collected $2 from pot
MAGER911: doesn't show hand
*** SUMMARY ***
Total pot $2 | Rake $0
Seat 1: MAGER911 (big blind) collected ($2)
Seat 6: pokerjunk035 (button) (small blind) folded before Flop


PokerStars Hand #144549809428:  Hold'em Limit ($3/$6 USD) - 2015/11/29 6:20:53 ET
Table 'Antenor' 10-max Seat #1 is the button
Seat 1: MAGER911 ($80.50 in chips)
Seat 6: pokerjunk035 ($134.78 in chips)
MAGER911: posts small blind $1
pokerjunk035: posts big blind $3
*** HOLE CARDS ***
MAGER911: raises $3 to $6
pokerjunk035: calls $3
*** FLOP *** [6s 5s 7s]
pokerjunk035: checks
MAGER911: bets $3
pokerjunk035: calls $3
*** TURN *** [6s 5s 7s] [5c]
pokerjunk035: checks
MAGER911: bets $6
pokerjunk035: calls $6
*** RIVER *** [6s 5s 7s 5c] [As]
pokerjunk035: bets $6
MAGER911: calls $6
*** SHOW DOWN ***
pokerjunk035: shows [Qs 8h] (a flush, Ace high)
MAGER911: mucks hand
pokerjunk035 collected $41.50 from pot
*** SUMMARY ***
Total pot $42 | Rake $0.50
Board [6s 5s 7s 5c As]
Seat 1: MAGER911 (button) (small blind) mucked
Seat 6: pokerjunk035 (big blind) showed [Qs 8h] and won ($41.50) with a flush, Ace high


PokerStars Hand #144549829590:  Hold'em Limit ($3/$6 USD) - 2015/11/29 6:21:33 ET
Table 'Antenor' 10-max Seat #6 is the button
Seat 1: MAGER911 ($72 in chips)
Seat 6: pokerjunk035 ($155.28 in chips)
pokerjunk035: posts small blind $1
MAGER911: posts big blind $3
*** HOLE CARDS ***
pokerjunk035: folds
Uncalled bet ($2) returned to MAGER911
MAGER911 collected $2 from pot
MAGER911: doesn't show hand
*** SUMMARY ***
Total pot $2 | Rake $0
Seat 1: MAGER911 (big blind) collected ($2)
Seat 6: pokerjunk035 (button) (small blind) folded before Flop


PokerStars Hand #144549846424:  Hold'em Limit ($3/$6 USD) - 2015/11/29 6:22:05 ET
Table 'Antenor' 10-max Seat #1 is the button
Seat 1: MAGER911 ($73 in chips)
Seat 6: pokerjunk035 ($154.04 in chips)
MAGER911: posts small blind $1
pokerjunk035: posts big blind $3
*** HOLE CARDS ***
MAGER911: raises $3 to $6
pokerjunk035: calls $3
*** FLOP *** [Jc Kd 7h]
pokerjunk035: checks
MAGER911: bets $3
pokerjunk035: calls $3
*** TURN *** [Jc Kd 7h] [Ah]
pokerjunk035: checks
MAGER911: bets $6
pokerjunk035: folds
Uncalled bet ($6) returned to MAGER911
MAGER911 collected $17.64 from pot
MAGER911: doesn't show hand
*** SUMMARY ***
Total pot $18 | Rake $0.36
Board [Jc Kd 7h Ah]
Seat 1: MAGER911 (button) (small blind) collected ($17.64)
Seat 6: pokerjunk035 (big blind) folded on the Turn


PokerStars Hand #144549844233:  Hold'em Limit ($3/$6 USD) - 2015/11/29 6:22:01 ET
Table 'Antenor' 10-max Seat #6 is the button
Seat 1: MAGER911 ($72 in chips)
Seat 6: pokerjunk035 ($155.04 in chips)
pokerjunk035: posts small blind $1
MAGER911: posts big blind $3
*** HOLE CARDS ***
pokerjunk035: folds
Uncalled bet ($2) returned to MAGER911
MAGER911 collected $2 from pot
MAGER911: doesn't show hand
*** SUMMARY ***
Total pot $2 | Rake $0
Seat 1: MAGER911 (big blind) collected ($2)
Seat 6: pokerjunk035 (button) (small blind) folded before Flop


PokerStars Hand #144549841951:  Hold'em Limit ($3/$6 USD) - 2015/11/29 6:21:57 ET
Table 'Antenor' 10-max Seat #1 is the button
Seat 1: MAGER911 ($72.76 in chips)
Seat 6: pokerjunk035 ($154.04 in chips)
MAGER911: posts small blind $1
pokerjunk035: posts big blind $3
*** HOLE CARDS ***
MAGER911: folds
Uncalled bet ($2) returned to pokerjunk035
pokerjunk035 collected $2 from pot
pokerjunk035: doesn't show hand
*** SUMMARY ***
Total pot $2 | Rake $0
Seat 1: MAGER911 (button) (small blind) folded before Flop
Seat 6: pokerjunk035 (big blind) collected ($2)


PokerStars Hand #144549836721:  Hold'em Limit ($3/$6 USD) - 2015/11/29 6:21:47 ET
Table 'Antenor' 10-max Seat #6 is the button
Seat 1: MAGER911 ($78.76 in chips)
Seat 6: pokerjunk035 ($148.28 in chips)
pokerjunk035: posts small blind $1
MAGER911: posts big blind $3
*** HOLE CARDS ***
pokerjunk035: raises $3 to $6
MAGER911: calls $3
*** FLOP *** [4h Kd 2s]
MAGER911: checks
pokerjunk035: bets $3
MAGER911: folds
Uncalled bet ($3) returned to pokerjunk035
pokerjunk035 collected $11.76 from pot
pokerjunk035: doesn't show hand
*** SUMMARY ***
Total pot $12 | Rake $0.24
Board [4h Kd 2s]
Seat 1: MAGER911 (big blind) folded on the Flop
Seat 6: pokerjunk035 (button) (small blind) collected ($11.76)


PokerStars Hand #144549831961:  Hold'em Limit ($3/$6 USD) - 2015/11/29 6:21:37 ET
Table 'Antenor' 10-max Seat #1 is the button
Seat 1: MAGER911 ($73 in chips)
Seat 6: pokerjunk035 ($154.28 in chips)
MAGER911: posts small blind $1
pokerjunk035: posts big blind $3
*** HOLE CARDS ***
MAGER911: raises $3 to $6
pokerjunk035: calls $3
*** FLOP *** [Qs 9c Qc]
pokerjunk035: checks
MAGER911: bets $3
pokerjunk035: folds
Uncalled bet ($3) returned to MAGER911
MAGER911 collected $11.76 from pot
MAGER911: doesn't show hand
*** SUMMARY ***
Total pot $12 | Rake $0.24
Board [Qs 9c Qc]
Seat 1: MAGER911 (button) (small blind) collected ($11.76)
Seat 6: pokerjunk035 (big blind) folded on the Flop


PokerStars Hand #144549857519:  Hold'em Limit ($3/$6 USD) - 2015/11/29 6:22:27 ET
Table 'Antenor' 10-max Seat #1 is the button
Seat 1: MAGER911 ($78.64 in chips)
Seat 6: pokerjunk035 ($148.04 in chips)
MAGER911: posts small blind $1
pokerjunk035: posts big blind $3
*** HOLE CARDS ***
MAGER911: folds
Uncalled bet ($2) returned to pokerjunk035
pokerjunk035 collected $2 from pot
pokerjunk035: doesn't show hand
*** SUMMARY ***
Total pot $2 | Rake $0
Seat 1: MAGER911 (button) (small blind) folded before Flop
Seat 6: pokerjunk035 (big blind) collected ($2)


PokerStars Hand #144549852674:  Hold'em Limit ($3/$6 USD) - 2015/11/29 6:22:17 ET
Table 'Antenor' 10-max Seat #6 is the button
Seat 1: MAGER911 ($81.64 in chips)
Seat 6: pokerjunk035 ($145.04 in chips)
pokerjunk035: posts small blind $1
MAGER911: posts big blind $3
*** HOLE CARDS ***
pokerjunk035: raises $3 to $6
MAGER911: folds
Uncalled bet ($3) returned to pokerjunk035
pokerjunk035 collected $6 from pot
pokerjunk035: doesn't show hand
*** SUMMARY ***
Total pot $6 | Rake $0
Seat 1: MAGER911 (big blind) folded before Flop
Seat 6: pokerjunk035 (button) (small blind) collected ($6)


PokerStars Hand #144549861893:  Hold'em Limit ($3/$6 USD) - 2015/11/29 6:22:36 ET
Table 'Antenor' 10-max Seat #6 is the button
Seat 1: MAGER911 ($77.64 in chips)
Seat 6: pokerjunk035 ($149.04 in chips)
pokerjunk035: posts small blind $1
MAGER911: posts big blind $3
*** HOLE CARDS ***
pokerjunk035: raises $3 to $6
MAGER911: folds
Uncalled bet ($3) returned to pokerjunk035
pokerjunk035 collected $6 from pot
pokerjunk035: doesn't show hand
*** SUMMARY ***
Total pot $6 | Rake $0
Seat 1: MAGER911 (big blind) folded before Flop
Seat 6: pokerjunk035 (button) (small blind) collected ($6)


PokerStars Hand #144549868566:  Hold'em Limit ($3/$6 USD) - 2015/11/29 6:22:48 ET
Table 'Antenor' 10-max Seat #6 is the button
Seat 1: MAGER911 ($73.64 in chips)
Seat 6: pokerjunk035 ($153.04 in chips)
pokerjunk035: posts small blind $1
MAGER911: posts big blind $3
*** HOLE CARDS ***
pokerjunk035: raises $3 to $6
MAGER911: folds
Uncalled bet ($3) returned to pokerjunk035
pokerjunk035 collected $6 from pot
pokerjunk035: doesn't show hand
*** SUMMARY ***
Total pot $6 | Rake $0
Seat 1: MAGER911 (big blind) folded before Flop
Seat 6: pokerjunk035 (button) (small blind) collected ($6)


PokerStars Hand #144549865054:  Hold'em Limit ($3/$6 USD) - 2015/11/29 6:22:42 ET
Table 'Antenor' 10-max Seat #1 is the button
Seat 1: MAGER911 ($74.64 in chips)
Seat 6: pokerjunk035 ($152.04 in chips)
MAGER911: posts small blind $1
pokerjunk035: posts big blind $3
*** HOLE CARDS ***
MAGER911: folds
Uncalled bet ($2) returned to pokerjunk035
pokerjunk035 collected $2 from pot
pokerjunk035: doesn't show hand
*** SUMMARY ***
Total pot $2 | Rake $0
Seat 1: MAGER911 (button) (small blind) folded before Flop
Seat 6: pokerjunk035 (big blind) collected ($2)


PokerStars Hand #144549882025:  Hold'em Limit ($3/$6 USD) - 2015/11/29 6:23:15 ET
Table 'Antenor' 10-max Seat #6 is the button
Seat 1: MAGER911 ($72 in chips)
Seat 6: pokerjunk035 ($164.68 in chips)
pokerjunk035: posts small blind $1
MAGER911: posts big blind $3
*** HOLE CARDS ***
pokerjunk035: raises $3 to $6
MAGER911: raises $3 to $9
pokerjunk035: calls $3
*** FLOP *** [Jc 3c 3s]
MAGER911: bets $3
pokerjunk035: calls $3
*** TURN *** [Jc 3c 3s] [5h]
MAGER911: bets $6
pokerjunk035: calls $6
*** RIVER *** [Jc 3c 3s 5h] [4c]
MAGER911: bets $6
pokerjunk035: calls $6
*** SHOW DOWN ***
MAGER911: shows [Ac Jd] (two pair, Jacks and Threes)
pokerjunk035: mucks hand
MAGER911 collected $47.50 from pot
*** SUMMARY ***
Total pot $48 | Rake $0.50
Board [Jc 3c 3s 5h 4c]
Seat 1: MAGER911 (big blind) showed [Ac Jd] and won ($47.50) with two pair, Jacks and Threes
Seat 6: pokerjunk035 (button) (small blind) mucked


PokerStars Hand #144549879460:  Hold'em Limit ($3/$6 USD) - 2015/11/29 6:23:10 ET
Table 'Antenor' 10-max Seat #1 is the button
Seat 1: MAGER911 ($73 in chips)
Seat 6: pokerjunk035 ($163.68 in chips)
MAGER911: posts small blind $1
pokerjunk035: posts big blind $3
*** HOLE CARDS ***
MAGER911: folds
Uncalled bet ($2) returned to pokerjunk035
pokerjunk035 collected $2 from pot
pokerjunk035: doesn't show hand
*** SUMMARY ***
Total pot $2 | Rake $0
Seat 1: MAGER911 (button) (small blind) folded before Flop
Seat 6: pokerjunk035 (big blind) collected ($2)


PokerStars Hand #144549877245:  Hold'em Limit ($3/$6 USD) - 2015/11/29 6:23:05 ET
Table 'Antenor' 10-max Seat #6 is the button
Seat 1: MAGER911 ($72 in chips)
Seat 6: pokerjunk035 ($164.68 in chips)
pokerjunk035: posts small blind $1
MAGER911: posts big blind $3
*** HOLE CARDS ***
pokerjunk035: folds
Uncalled bet ($2) returned to MAGER911
MAGER911 collected $2 from pot
MAGER911: doesn't show hand
*** SUMMARY ***
Total pot $2 | Rake $0
Seat 1: MAGER911 (big blind) collected ($2)
Seat 6: pokerjunk035 (button) (small blind) folded before Flop


PokerStars Hand #144549870987:  Hold'em Limit ($3/$6 USD) - 2015/11/29 6:22:53 ET
Table 'Antenor' 10-max Seat #1 is the button
Seat 1: MAGER911 ($72 in chips)
Seat 6: pokerjunk035 ($156.04 in chips)
MAGER911: posts small blind $1
pokerjunk035: posts big blind $3
*** HOLE CARDS ***
MAGER911: raises $3 to $6
pokerjunk035: calls $3
*** FLOP *** [2c Qc 5s]
pokerjunk035: checks
MAGER911: bets $3
pokerjunk035: calls $3
*** TURN *** [2c Qc 5s] [4c]
pokerjunk035: checks
MAGER911: checks
*** RIVER *** [2c Qc 5s 4c] [6s]
pokerjunk035: bets $6
MAGER911: folds
Uncalled bet ($6) returned to pokerjunk035
pokerjunk035 collected $17.64 from pot
pokerjunk035: doesn't show hand
*** SUMMARY ***
Total pot $18 | Rake $0.36
Board [2c Qc 5s 4c 6s]
Seat 1: MAGER911 (button) (small blind) folded on the River
Seat 6: pokerjunk035 (big blind) collected ($17.64)


PokerStars Hand #144549895279:  Hold'em Limit ($3/$6 USD) - 2015/11/29 6:23:41 ET
Table 'Antenor' 10-max Seat #6 is the button
Seat 1: MAGER911 ($86.50 in chips)
Seat 6: pokerjunk035 ($149.32 in chips)
pokerjunk035: posts small blind $1
MAGER911: posts big blind $3
*** HOLE CARDS ***
pokerjunk035: raises $3 to $6
MAGER911: calls $3
*** FLOP *** [3c 8c 5s]
MAGER911: checks
pokerjunk035: checks
*** TURN *** [3c 8c 5s] [7h]
MAGER911: checks
pokerjunk035: bets $6
MAGER911: raises $6 to $12
pokerjunk035: calls $6
*** RIVER *** [3c 8c 5s 7h] [As]
MAGER911: bets $6
pokerjunk035: calls $6
*** SHOW DOWN ***
MAGER911: shows [8s Kh] (a pair of Eights)
pokerjunk035: mucks hand
MAGER911 collected $47.50 from pot
*** SUMMARY ***
Total pot $48 | Rake $0.50
Board [3c 8c 5s 7h As]
Seat 1: MAGER911 (big blind) showed [8s Kh] and won ($47.50) with a pair of Eights
Seat 6: pokerjunk035 (button) (small blind) mucked


PokerStars Hand #144549888525:  Hold'em Limit ($3/$6 USD) - 2015/11/29 6:23:27 ET
Table 'Antenor' 10-max Seat #1 is the button
Seat 1: MAGER911 ($95.50 in chips)
Seat 6: pokerjunk035 ($140.68 in chips)
MAGER911: posts small blind $1
pokerjunk035: posts big blind $3
*** HOLE CARDS ***
MAGER911: raises $3 to $6
pokerjunk035: calls $3
*** FLOP *** [Js 5d 9c]
pokerjunk035: checks
MAGER911: bets $3
pokerjunk035: calls $3
*** TURN *** [Js 5d 9c] [4c]
pokerjunk035: checks
MAGER911: checks
*** RIVER *** [Js 5d 9c 4c] [3d]
pokerjunk035: bets $6
MAGER911: folds
Uncalled bet ($6) returned to pokerjunk035
pokerjunk035 collected $17.64 from pot
pokerjunk035: doesn't show hand
*** SUMMARY ***
Total pot $18 | Rake $0.36
Board [Js 5d 9c 4c 3d]
Seat 1: MAGER911 (button) (small blind) folded on the River
Seat 6: pokerjunk035 (big blind) collected ($17.64)


PokerStars Hand #144549911834:  Hold'em Limit ($3/$6 USD) - 2015/11/29 6:24:13 ET
Table 'Antenor' 10-max Seat #6 is the button
Seat 1: MAGER911 ($133.50 in chips)
Seat 6: pokerjunk035 ($101.32 in chips)
pokerjunk035: posts small blind $1
MAGER911: posts big blind $3
*** HOLE CARDS ***
pokerjunk035: raises $3 to $6
MAGER911: calls $3
*** FLOP *** [8h 3d Th]
MAGER911: checks
pokerjunk035: bets $3
MAGER911: folds
Uncalled bet ($3) returned to pokerjunk035
pokerjunk035 collected $11.76 from pot
pokerjunk035: doesn't show hand
*** SUMMARY ***
Total pot $12 | Rake $0.24
Board [8h 3d Th]
Seat 1: MAGER911 (big blind) folded on the Flop
Seat 6: pokerjunk035 (button) (small blind) collected ($11.76)


PokerStars Hand #144549901343:  Hold'em Limit ($3/$6 USD) - 2015/11/29 6:23:52 ET
Table 'Antenor' 10-max Seat #1 is the button
Seat 1: MAGER911 ($110 in chips)
Seat 6: pokerjunk035 ($125.32 in chips)
MAGER911: posts small blind $1
pokerjunk035: posts big blind $3
*** HOLE CARDS ***
MAGER911: raises $3 to $6
pokerjunk035: raises $3 to $9
MAGER911: calls $3
*** FLOP *** [3c 9h 5c]
pokerjunk035: bets $3
MAGER911: calls $3
*** TURN *** [3c 9h 5c] [7d]
pokerjunk035: bets $6
MAGER911: raises $6 to $12
pokerjunk035: calls $6
*** RIVER *** [3c 9h 5c 7d] [4h]
pokerjunk035: checks
MAGER911: bets $6
pokerjunk035: folds
Uncalled bet ($6) returned to MAGER911
MAGER911 collected $47.50 from pot
MAGER911: doesn't show hand
*** SUMMARY ***
Total pot $48 | Rake $0.50
Board [3c 9h 5c 7d 4h]
Seat 1: MAGER911 (button) (small blind) collected ($47.50)
Seat 6: pokerjunk035 (big blind) folded on the River


PokerStars Hand #144549934905:  Hold'em Limit ($3/$6 USD) - 2015/11/29 6:24:57 ET
Table 'Antenor' 10-max Seat #6 is the button
Seat 1: MAGER911 ($93.50 in chips)
Seat 6: pokerjunk035 ($140.34 in chips)
pokerjunk035: posts small blind $1
MAGER911: posts big blind $3
*** HOLE CARDS ***
pokerjunk035: raises $3 to $6
MAGER911: calls $3
*** FLOP *** [Kc 6c 3s]
MAGER911: checks
pokerjunk035: bets $3
MAGER911: folds
Uncalled bet ($3) returned to pokerjunk035
pokerjunk035 collected $11.76 from pot
pokerjunk035: doesn't show hand
*** SUMMARY ***
Total pot $12 | Rake $0.24
Board [Kc 6c 3s]
Seat 1: MAGER911 (big blind) folded on the Flop
Seat 6: pokerjunk035 (button) (small blind) collected ($11.76)


PokerStars Hand #144549932764:  Hold'em Limit ($3/$6 USD) - 2015/11/29 6:24:53 ET
Table 'Antenor' 10-max Seat #1 is the button
Seat 1: MAGER911 ($94.50 in chips)
Seat 6: pokerjunk035 ($139.34 in chips)
MAGER911: posts small blind $1
pokerjunk035: posts big blind $3
*** HOLE CARDS ***
MAGER911: folds
Uncalled bet ($2) returned to pokerjunk035
pokerjunk035 collected $2 from pot
pokerjunk035: doesn't show hand
*** SUMMARY ***
Total pot $2 | Rake $0
Seat 1: MAGER911 (button) (small blind) folded before Flop
Seat 6: pokerjunk035 (big blind) collected ($2)


PokerStars Hand #144549916901:  Hold'em Limit ($3/$6 USD) - 2015/11/29 6:24:23 ET
Table 'Antenor' 10-max Seat #1 is the button
Seat 1: MAGER911 ($127.50 in chips)
Seat 6: pokerjunk035 ($107.08 in chips)
MAGER911: posts small blind $1
pokerjunk035: posts big blind $3
*** HOLE CARDS ***
MAGER911: raises $3 to $6
pokerjunk035: calls $3
*** FLOP *** [6c 6h Jd]
pokerjunk035: checks
MAGER911: bets $3
pokerjunk035: calls $3
*** TURN *** [6c 6h Jd] [3d]
pokerjunk035: checks
MAGER911: bets $6
pokerjunk035: raises $6 to $12
MAGER911: calls $6
*** RIVER *** [6c 6h Jd 3d] [9d]
pokerjunk035: bets $6
MAGER911: calls $6
*** SHOW DOWN ***
pokerjunk035: shows [4s 6d] (three of a kind, Sixes)
MAGER911: mucks hand
pokerjunk035 collected $53.50 from pot
*** SUMMARY ***
Total pot $54 | Rake $0.50
Board [6c 6h Jd 3d 9d]
Seat 1: MAGER911 (button) (small blind) mucked
Seat 6: pokerjunk035 (big blind) showed [4s 6d] and won ($53.50) with three of a kind, Sixes


PokerStars Hand #144549927111:  Hold'em Limit ($3/$6 USD) - 2015/11/29 6:24:42 ET
Table 'Antenor' 10-max Seat #6 is the button
Seat 1: MAGER911 ($100.50 in chips)
Seat 6: pokerjunk035 ($133.58 in chips)
pokerjunk035: posts small blind $1
MAGER911: posts big blind $3
*** HOLE CARDS ***
pokerjunk035: raises $3 to $6
MAGER911: calls $3
*** FLOP *** [Ks 2c 6s]
MAGER911: checks
pokerjunk035: bets $3
MAGER911: folds
Uncalled bet ($3) returned to pokerjunk035
pokerjunk035 collected $11.76 from pot
pokerjunk035: doesn't show hand
*** SUMMARY ***
Total pot $12 | Rake $0.24
Board [Ks 2c 6s]
Seat 1: MAGER911 (big blind) folded on the Flop
Seat 6: pokerjunk035 (button) (small blind) collected ($11.76)


PokerStars Hand #144549943374:  Hold'em Limit ($3/$6 USD) - 2015/11/29 6:25:14 ET
Table 'Antenor' 10-max Seat #6 is the button
Seat 1: MAGER911 ($93.26 in chips)
Seat 6: pokerjunk035 ($140.10 in chips)
pokerjunk035: posts small blind $1
MAGER911: posts big blind $3
*** HOLE CARDS ***
pokerjunk035: raises $3 to $6
MAGER911: calls $3
*** FLOP *** [Kh 4h 6c]
MAGER911: checks
pokerjunk035: bets $3
MAGER911: calls $3
*** TURN *** [Kh 4h 6c] [Qc]
MAGER911: checks
pokerjunk035: bets $6
MAGER911: calls $6
*** RIVER *** [Kh 4h 6c Qc] [Jd]
MAGER911: checks
pokerjunk035: bets $6
MAGER911: raises $6 to $12
pokerjunk035: calls $6
*** SHOW DOWN ***
MAGER911: shows [4s Jc] (two pair, Jacks and Fours)
pokerjunk035: shows [6s 6d] (three of a kind, Sixes)
pokerjunk035 collected $53.50 from pot
*** SUMMARY ***
Total pot $54 | Rake $0.50
Board [Kh 4h 6c Qc Jd]
Seat 1: MAGER911 (big blind) showed [4s Jc] and lost with two pair, Jacks and Fours
Seat 6: pokerjunk035 (button) (small blind) showed [6s 6d] and won ($53.50) with three of a kind, Sixes


PokerStars Hand #144549938926:  Hold'em Limit ($3/$6 USD) - 2015/11/29 6:25:05 ET
Table 'Antenor' 10-max Seat #1 is the button
Seat 1: MAGER911 ($87.50 in chips)
Seat 6: pokerjunk035 ($146.10 in chips)
MAGER911: posts small blind $1
pokerjunk035: posts big blind $3
*** HOLE CARDS ***
MAGER911: raises $3 to $6
pokerjunk035: calls $3
*** FLOP *** [Ts 3s 4d]
pokerjunk035: checks
MAGER911: bets $3
pokerjunk035: folds
Uncalled bet ($3) returned to MAGER911
MAGER911 collected $11.76 from pot
MAGER911: doesn't show hand
*** SUMMARY ***
Total pot $12 | Rake $0.24
Board [Ts 3s 4d]
Seat 1: MAGER911 (button) (small blind) collected ($11.76)
Seat 6: pokerjunk035 (big blind) folded on the Flop


PokerStars Hand #144549968573:  Hold'em Limit ($3/$6 USD) - 2015/11/29 6:26:03 ET
Table 'Antenor' 10-max Seat #1 is the button
Seat 1: MAGER911 ($72 in chips)
Seat 6: pokerjunk035 ($181.12 in chips)
MAGER911: posts small blind $1
pokerjunk035: posts big blind $3
*** HOLE CARDS ***
MAGER911: folds
Uncalled bet ($2) returned to pokerjunk035
pokerjunk035 collected $2 from pot
pokerjunk035: doesn't show hand
*** SUMMARY ***
Total pot $2 | Rake $0
Seat 1: MAGER911 (button) (small blind) folded before Flop
Seat 6: pokerjunk035 (big blind) collected ($2)


PokerStars Hand #144549966333:  Hold'em Limit ($3/$6 USD) - 2015/11/29 6:25:58 ET
Table 'Antenor' 10-max Seat #6 is the button
Seat 1: MAGER911 ($72 in chips)
Seat 6: pokerjunk035 ($178.12 in chips)
pokerjunk035: posts small blind $1
MAGER911: posts big blind $3
*** HOLE CARDS ***
pokerjunk035: raises $3 to $6
MAGER911: folds
Uncalled bet ($3) returned to pokerjunk035
pokerjunk035 collected $6 from pot
pokerjunk035: doesn't show hand
*** SUMMARY ***
Total pot $6 | Rake $0
Seat 1: MAGER911 (big blind) folded before Flop
Seat 6: pokerjunk035 (button) (small blind) collected ($6)


PokerStars Hand #144549964104:  Hold'em Limit ($3/$6 USD) - 2015/11/29 6:25:54 ET
Table 'Antenor' 10-max Seat #1 is the button
Seat 1: MAGER911 ($73 in chips)
Seat 6: pokerjunk035 ($177.12 in chips)
MAGER911: posts small blind $1
pokerjunk035: posts big blind $3
*** HOLE CARDS ***
MAGER911: folds
Uncalled bet ($2) returned to pokerjunk035
pokerjunk035 collected $2 from pot
pokerjunk035: doesn't show hand
*** SUMMARY ***
Total pot $2 | Rake $0
Seat 1: MAGER911 (button) (small blind) folded before Flop
Seat 6: pokerjunk035 (big blind) collected ($2)


PokerStars Hand #144549970555:  Hold'em Limit ($3/$6 USD) - 2015/11/29 6:26:07 ET
Table 'Antenor' 10-max Seat #6 is the button
Seat 1: MAGER911 ($72 in chips)
Seat 6: pokerjunk035 ($182.12 in chips)
pokerjunk035: posts small blind $1
MAGER911: posts big blind $3
*** HOLE CARDS ***
pokerjunk035: raises $3 to $6
MAGER911: calls $3
*** FLOP *** [Td Qd Th]
MAGER911: checks
pokerjunk035: bets $3
MAGER911: raises $3 to $6
pokerjunk035: calls $3
*** TURN *** [Td Qd Th] [Qs]
MAGER911: bets $6
pokerjunk035: folds
Uncalled bet ($6) returned to MAGER911
MAGER911 collected $23.52 from pot
MAGER911: doesn't show hand
*** SUMMARY ***
Total pot $24 | Rake $0.48
Board [Td Qd Th Qs]
Seat 1: MAGER911 (big blind) collected ($23.52)
Seat 6: pokerjunk035 (button) (small blind) folded on the Turn


PokerStars Hand #144549960614:  Hold'em Limit ($3/$6 USD) - 2015/11/29 6:25:47 ET
Table 'Antenor' 10-max Seat #6 is the button
Seat 1: MAGER911 ($72 in chips)
Seat 6: pokerjunk035 ($178.12 in chips)
pokerjunk035: posts small blind $1
MAGER911: posts big blind $3
*** HOLE CARDS ***
pokerjunk035: folds
Uncalled bet ($2) returned to MAGER911
MAGER911 collected $2 from pot
MAGER911: doesn't show hand
*** SUMMARY ***
Total pot $2 | Rake $0
Seat 1: MAGER911 (big blind) collected ($2)
Seat 6: pokerjunk035 (button) (small blind) folded before Flop


PokerStars Hand #144549952020:  Hold'em Limit ($3/$6 USD) - 2015/11/29 6:25:30 ET
Table 'Antenor' 10-max Seat #1 is the button
Seat 1: MAGER911 ($72 in chips)
Seat 6: pokerjunk035 ($166.60 in chips)
MAGER911: posts small blind $1
pokerjunk035: posts big blind $3
*** HOLE CARDS ***
MAGER911: raises $3 to $6
pokerjunk035: raises $3 to $9
MAGER911: calls $3
*** FLOP *** [3s Th 4h]
pokerjunk035: bets $3
MAGER911: calls $3
*** TURN *** [3s Th 4h] [Ks]
pokerjunk035: checks
MAGER911: checks
*** RIVER *** [3s Th 4h Ks] [8d]
pokerjunk035: checks
MAGER911: checks
*** SHOW DOWN ***
pokerjunk035: shows [Jd Ad] (high card Ace)
MAGER911: mucks hand
pokerjunk035 collected $23.52 from pot
*** SUMMARY ***
Total pot $24 | Rake $0.48
Board [3s Th 4h Ks 8d]
Seat 1: MAGER911 (button) (small blind) mucked
Seat 6: pokerjunk035 (big blind) showed [Jd Ad] and won ($23.52) with high card Ace


PokerStars Hand #144549990635:  Hold'em Limit ($3/$6 USD) - 2015/11/29 6:26:46 ET
Table 'Antenor' 10-max Seat #6 is the button
Seat 1: MAGER911 ($110.78 in chips)
Seat 6: pokerjunk035 ($142.12 in chips)
pokerjunk035: posts small blind $1
MAGER911: posts big blind $3
*** HOLE CARDS ***
pokerjunk035: raises $3 to $6
MAGER911: raises $3 to $9
pokerjunk035: calls $3
*** FLOP *** [As 4s Jh]
MAGER911: bets $3
pokerjunk035: folds
Uncalled bet ($3) returned to MAGER911
MAGER911 collected $17.64 from pot
MAGER911: doesn't show hand
*** SUMMARY ***
Total pot $18 | Rake $0.36
Board [As 4s Jh]
Seat 1: MAGER911 (big blind) collected ($17.64)
Seat 6: pokerjunk035 (button) (small blind) folded on the Flop


PokerStars Hand #144549986573:  Hold'em Limit ($3/$6 USD) - 2015/11/29 6:26:38 ET
Table 'Antenor' 10-max Seat #1 is the button
Seat 1: MAGER911 ($105.02 in chips)
Seat 6: pokerjunk035 ($148.12 in chips)
MAGER911: posts small blind $1
pokerjunk035: posts big blind $3
*** HOLE CARDS ***
MAGER911: raises $3 to $6
pokerjunk035: calls $3
*** FLOP *** [Ad Jh 3s]
pokerjunk035: checks
MAGER911: bets $3
pokerjunk035: folds
Uncalled bet ($3) returned to MAGER911
MAGER911 collected $11.76 from pot
MAGER911: doesn't show hand
*** SUMMARY ***
Total pot $12 | Rake $0.24
Board [Ad Jh 3s]
Seat 1: MAGER911 (button) (small blind) collected ($11.76)
Seat 6: pokerjunk035 (big blind) folded on the Flop


PokerStars Hand #144549984241:  Hold'em Limit ($3/$6 USD) - 2015/11/29 6:26:33 ET
Table 'Antenor' 10-max Seat #6 is the button
Seat 1: MAGER911 ($104.02 in chips)
Seat 6: pokerjunk035 ($149.12 in chips)
pokerjunk035: posts small blind $1
MAGER911: posts big blind $3
*** HOLE CARDS ***
pokerjunk035: folds
Uncalled bet ($2) returned to MAGER911
MAGER911 collected $2 from pot
MAGER911: doesn't show hand
*** SUMMARY ***
Total pot $2 | Rake $0
Seat 1: MAGER911 (big blind) collected ($2)
Seat 6: pokerjunk035 (button) (small blind) folded before Flop


PokerStars Hand #144550005832:  Hold'em Limit ($3/$6 USD) - 2015/11/29 6:27:15 ET
Table 'Antenor' 10-max Seat #1 is the button
Seat 1: MAGER911 ($124.94 in chips)
Seat 6: pokerjunk035 ($126.88 in chips)
MAGER911: posts small blind $1
pokerjunk035: posts big blind $3
*** HOLE CARDS ***
MAGER911: raises $3 to $6
pokerjunk035: raises $3 to $9
MAGER911: raises $3 to $12
Betting is capped
pokerjunk035: calls $3
*** FLOP *** [6s Ac 8d]
pokerjunk035: checks
MAGER911: bets $3
pokerjunk035: calls $3
*** TURN *** [6s Ac 8d] [Kc]
pokerjunk035: checks
MAGER911: bets $6
pokerjunk035: calls $6
*** RIVER *** [6s Ac 8d Kc] [2s]
pokerjunk035: checks
MAGER911: bets $6
pokerjunk035: calls $6
*** SHOW DOWN ***
MAGER911: shows [Kh Ad] (two pair, Aces and Kings)
pokerjunk035: mucks hand
MAGER911 collected $53.50 from pot
*** SUMMARY ***
Total pot $54 | Rake $0.50
Board [6s Ac 8d Kc 2s]
Seat 1: MAGER911 (button) (small blind) showed [Kh Ad] and won ($53.50) with two pair, Aces and Kings
Seat 6: pokerjunk035 (big blind) mucked


PokerStars Hand #144549999755:  Hold'em Limit ($3/$6 USD) - 2015/11/29 6:27:04 ET
Table 'Antenor' 10-max Seat #6 is the button
Seat 1: MAGER911 ($113.42 in chips)
Seat 6: pokerjunk035 ($138.88 in chips)
pokerjunk035: posts small blind $1
MAGER911: posts big blind $3
*** HOLE CARDS ***
pokerjunk035: raises $3 to $6
MAGER911: raises $3 to $9
pokerjunk035: calls $3
*** FLOP *** [3s 5d 7h]
MAGER911: bets $3
pokerjunk035: calls $3
*** TURN *** [3s 5d 7h] [Ac]
MAGER911: bets $6
pokerjunk035: folds
Uncalled bet ($6) returned to MAGER911
MAGER911 collected $23.52 from pot
MAGER911: doesn't show hand
*** SUMMARY ***
Total pot $24 | Rake $0.48
Board [3s 5d 7h Ac]
Seat 1: MAGER911 (big blind) collected ($23.52)
Seat 6: pokerjunk035 (button) (small blind) folded on the Turn


PokerStars Hand #144549994539:  Hold'em Limit ($3/$6 USD) - 2015/11/29 6:26:53 ET
Table 'Antenor' 10-max Seat #1 is the button
Seat 1: MAGER911 ($119.42 in chips)
Seat 6: pokerjunk035 ($133.12 in chips)
MAGER911: posts small blind $1
pokerjunk035: posts big blind $3
*** HOLE CARDS ***
MAGER911: raises $3 to $6
pokerjunk035: calls $3
*** FLOP *** [Td 9c 7c]
pokerjunk035: checks
MAGER911: checks
*** TURN *** [Td 9c 7c] [Ad]
pokerjunk035: checks
MAGER911: checks
*** RIVER *** [Td 9c 7c Ad] [6s]
pokerjunk035: checks
MAGER911: checks
*** SHOW DOWN ***
pokerjunk035: shows [7d 4s] (a pair of Sevens)
MAGER911: mucks hand
pokerjunk035 collected $11.76 from pot
*** SUMMARY ***
Total pot $12 | Rake $0.24
Board [Td 9c 7c Ad 6s]
Seat 1: MAGER911 (button) (small blind) mucked
Seat 6: pokerjunk035 (big blind) showed [7d 4s] and won ($11.76) with a pair of Sevens


PokerStars Hand #144550029619:  Hold'em Limit ($3/$6 USD) - 2015/11/29 6:28:01 ET
Table 'Antenor' 10-max Seat #1 is the button
Seat 1: MAGER911 ($164.94 in chips)
Seat 6: pokerjunk035 ($85.64 in chips)
MAGER911: posts small blind $1
pokerjunk035: posts big blind $3
*** HOLE CARDS ***
MAGER911: folds
Uncalled bet ($2) returned to pokerjunk035
pokerjunk035 collected $2 from pot
pokerjunk035: doesn't show hand
*** SUMMARY ***
Total pot $2 | Rake $0
Seat 1: MAGER911 (button) (small blind) folded before Flop
Seat 6: pokerjunk035 (big blind) collected ($2)


PokerStars Hand #144550013621:  Hold'em Limit ($3/$6 USD) - 2015/11/29 6:27:30 ET
Table 'Antenor' 10-max Seat #6 is the button
Seat 1: MAGER911 ($151.44 in chips)
Seat 6: pokerjunk035 ($99.88 in chips)
pokerjunk035: posts small blind $1
MAGER911: posts big blind $3
*** HOLE CARDS ***
pokerjunk035: raises $3 to $6
MAGER911: calls $3
*** FLOP *** [Ts Js 2d]
MAGER911: checks
pokerjunk035: bets $3
MAGER911: folds
Uncalled bet ($3) returned to pokerjunk035
pokerjunk035 collected $11.76 from pot
pokerjunk035: doesn't show hand
*** SUMMARY ***
Total pot $12 | Rake $0.24
Board [Ts Js 2d]
Seat 1: MAGER911 (big blind) folded on the Flop
Seat 6: pokerjunk035 (button) (small blind) collected ($11.76)


PokerStars Hand #144550021442:  Hold'em Limit ($3/$6 USD) - 2015/11/29 6:27:45 ET
Table 'Antenor' 10-max Seat #1 is the button
Seat 1: MAGER911 ($145.44 in chips)
Seat 6: pokerjunk035 ($105.64 in chips)
MAGER911: posts small blind $1
pokerjunk035: posts big blind $3
*** HOLE CARDS ***
MAGER911: folds
Uncalled bet ($2) returned to pokerjunk035
pokerjunk035 collected $2 from pot
pokerjunk035: doesn't show hand
*** SUMMARY ***
Total pot $2 | Rake $0
Seat 1: MAGER911 (button) (small blind) folded before Flop
Seat 6: pokerjunk035 (big blind) collected ($2)


PokerStars Hand #144550023597:  Hold'em Limit ($3/$6 USD) - 2015/11/29 6:27:50 ET
Table 'Antenor' 10-max Seat #6 is the button
Seat 1: MAGER911 ($144.44 in chips)
Seat 6: pokerjunk035 ($106.64 in chips)
pokerjunk035: posts small blind $1
MAGER911: posts big blind $3
*** HOLE CARDS ***
pokerjunk035: raises $3 to $6
MAGER911: raises $3 to $9
pokerjunk035: calls $3
*** FLOP *** [As 4h 5c]
MAGER911: bets $3
pokerjunk035: raises $3 to $6
MAGER911: calls $3
*** TURN *** [As 4h 5c] [4d]
MAGER911: checks
pokerjunk035: checks
*** RIVER *** [As 4h 5c 4d] [7c]
MAGER911: bets $6
pokerjunk035: calls $6
*** SHOW DOWN ***
MAGER911: shows [Js Jc] (two pair, Jacks and Fours)
pokerjunk035: mucks hand
MAGER911 collected $41.50 from pot
*** SUMMARY ***
Total pot $42 | Rake $0.50
Board [As 4h 5c 4d 7c]
Seat 1: MAGER911 (big blind) showed [Js Jc] and won ($41.50) with two pair, Jacks and Fours
Seat 6: pokerjunk035 (button) (small blind) mucked


PokerStars Hand #144550050951:  Hold'em Limit ($3/$6 USD) - 2015/11/29 6:28:43 ET
Table 'Antenor' 10-max Seat #1 is the button
Seat 1: MAGER911 ($181.44 in chips)
Seat 6: pokerjunk035 ($68.64 in chips)
MAGER911: posts small blind $1
pokerjunk035: posts big blind $3
*** HOLE CARDS ***
MAGER911: folds
Uncalled bet ($2) returned to pokerjunk035
pokerjunk035 collected $2 from pot
*** SUMMARY ***
Total pot $2 | Rake $0
Seat 1: MAGER911 (button) (small blind) folded before Flop
Seat 6: pokerjunk035 (big blind) collected ($2)


PokerStars Hand #144550035192:  Hold'em Limit ($3/$6 USD) - 2015/11/29 6:28:12 ET
Table 'Antenor' 10-max Seat #6 is the button
Seat 1: MAGER911 ($163.94 in chips)
Seat 6: pokerjunk035 ($86.64 in chips)
pokerjunk035: posts small blind $1
MAGER911: posts big blind $3
*** HOLE CARDS ***
pokerjunk035: raises $3 to $6
MAGER911: raises $3 to $9
pokerjunk035: calls $3
*** FLOP *** [5c 4s 7h]
MAGER911: bets $3
pokerjunk035: calls $3
*** TURN *** [5c 4s 7h] [Ad]
MAGER911: bets $6
pokerjunk035: calls $6
*** RIVER *** [5c 4s 7h Ad] [4d]
MAGER911: bets $6
pokerjunk035: folds
Uncalled bet ($6) returned to MAGER911
MAGER911 collected $35.50 from pot
MAGER911: doesn't show hand
*** SUMMARY ***
Total pot $36 | Rake $0.50
Board [5c 4s 7h Ad 4d]
Seat 1: MAGER911 (big blind) collected ($35.50)
Seat 6: pokerjunk035 (button) (small blind) folded on the River


PokerStars Hand #144570724082:  Hold'em Limit ($3/$6 USD) - 2015/11/29 14:00:14 ET
Table 'Antenor' 10-max Seat #2 is the button
Seat 2: balrog25 ($147 in chips)
Seat 6: assitoni ($152.50 in chips)
balrog25: posts small blind $1
assitoni: posts big blind $3
*** HOLE CARDS ***
balrog25: raises $3 to $6
assitoni: calls $3
*** FLOP *** [4s 3h Kh]
assitoni: checks
balrog25: bets $3
assitoni: calls $3
*** TURN *** [4s 3h Kh] [7h]
assitoni: checks
balrog25: bets $6
assitoni: folds
Uncalled bet ($6) returned to balrog25
balrog25 collected $17.64 from pot
balrog25: doesn't show hand
*** SUMMARY ***
Total pot $18 | Rake $0.36
Board [4s 3h Kh 7h]
Seat 2: balrog25 (button) (small blind) collected ($17.64)
Seat 6: assitoni (big blind) folded on the Turn


PokerStars Hand #144570673537:  Hold'em Limit ($3/$6 USD) - 2015/11/29 13:59:07 ET
Table 'Antenor' 10-max Seat #6 is the button
Seat 2: balrog25 ($183 in chips)
Seat 6: assitoni ($117 in chips)
assitoni: posts small blind $1
balrog25: posts big blind $3
*** HOLE CARDS ***
assitoni: raises $3 to $6
balrog25: raises $3 to $9
assitoni: raises $3 to $12
Betting is capped
balrog25: calls $3
*** FLOP *** [4c 7s 4s]
balrog25: checks
assitoni: bets $3
balrog25: raises $3 to $6
assitoni: calls $3
*** TURN *** [4c 7s 4s] [Kd]
balrog25: bets $6
assitoni: raises $6 to $12
balrog25: calls $6
*** RIVER *** [4c 7s 4s Kd] [Qh]
balrog25: checks
assitoni: bets $6
balrog25: calls $6
*** SHOW DOWN ***
assitoni: shows [Kc Ks] (a full house, Kings full of Fours)
balrog25: mucks hand
assitoni collected $71.50 from pot
*** SUMMARY ***
Total pot $72 | Rake $0.50
Board [4c 7s 4s Kd Qh]
Seat 2: balrog25 (big blind) mucked
Seat 6: assitoni (button) (small blind) showed [Kc Ks] and won ($71.50) with a full house, Kings full of Fours


PokerStars Hand #144570769841:  Hold'em Limit ($3/$6 USD) - 2015/11/29 14:01:08 ET
Table 'Antenor' 10-max Seat #6 is the button
Seat 2: balrog25 ($155.64 in chips)
Seat 6: assitoni ($143.50 in chips)
assitoni: posts small blind $1
balrog25: posts big blind $3
*** HOLE CARDS ***
assitoni: raises $3 to $6
balrog25: raises $3 to $9
assitoni: calls $3
*** FLOP *** [8c 3s Tc]
balrog25: bets $3
assitoni: calls $3
*** TURN *** [8c 3s Tc] [Jc]
balrog25: bets $6
assitoni: calls $6
*** RIVER *** [8c 3s Tc Jc] [6c]
balrog25: bets $6
assitoni: calls $6
*** SHOW DOWN ***
balrog25: shows [Ad Qc] (a flush, Queen high)
assitoni: mucks hand
balrog25 collected $47.50 from pot
*** SUMMARY ***
Total pot $48 | Rake $0.50
Board [8c 3s Tc Jc 6c]
Seat 2: balrog25 (big blind) showed [Ad Qc] and won ($47.50) with a flush, Queen high
Seat 6: assitoni (button) (small blind) mucked


PokerStars Hand #144570849647:  Hold'em Limit ($3/$6 USD) - 2015/11/29 14:02:35 ET
Table 'Antenor' 10-max Seat #3 is the button
Seat 2: balrog25 ($182.14 in chips)
Seat 3: Airbag999 ($117 in chips)
Airbag999: posts small blind $1
balrog25: posts big blind $3
*** HOLE CARDS ***
Airbag999: raises $3 to $6
balrog25: calls $3
*** FLOP *** [5c Qd Tc]
balrog25: checks
Airbag999: bets $3
balrog25: raises $3 to $6
Airbag999: folds
Uncalled bet ($3) returned to balrog25
balrog25 collected $17.64 from pot
balrog25: doesn't show hand
*** SUMMARY ***
Total pot $18 | Rake $0.36
Board [5c Qd Tc]
Seat 2: balrog25 (big blind) collected ($17.64)
Seat 3: Airbag999 (button) (small blind) folded on the Flop


PokerStars Hand #144570835908:  Hold'em Limit ($3/$6 USD) - 2015/11/29 14:02:22 ET
Table 'Antenor' 10-max Seat #2 is the button
Seat 2: balrog25 ($179.14 in chips)
Seat 3: Airbag999 ($120 in chips)
balrog25: posts small blind $1
Airbag999: posts big blind $3
*** HOLE CARDS ***
balrog25: raises $3 to $6
Airbag999: folds
Uncalled bet ($3) returned to balrog25
balrog25 collected $6 from pot
balrog25: doesn't show hand
*** SUMMARY ***
Total pot $6 | Rake $0
Seat 2: balrog25 (button) (small blind) collected ($6)
Seat 3: Airbag999 (big blind) folded before Flop


PokerStars Hand #144570909220:  Hold'em Limit ($3/$6 USD) - 2015/11/29 14:03:29 ET
Table 'Antenor' 10-max Seat #3 is the button
Seat 2: balrog25 ($214.28 in chips)
Seat 3: Airbag999 ($120 in chips)
Airbag999: posts small blind $1
balrog25: posts big blind $3
*** HOLE CARDS ***
Airbag999: raises $3 to $6
balrog25: calls $3
*** FLOP *** [Jd 8d 4s]
balrog25: checks
Airbag999: bets $3
balrog25: raises $3 to $6
Airbag999: calls $3
*** TURN *** [Jd 8d 4s] [Jh]
balrog25: bets $6
Airbag999: folds
Uncalled bet ($6) returned to balrog25
balrog25 collected $23.52 from pot
balrog25: doesn't show hand
*** SUMMARY ***
Total pot $24 | Rake $0.48
Board [Jd 8d 4s Jh]
Seat 2: balrog25 (big blind) collected ($23.52)
Seat 3: Airbag999 (button) (small blind) folded on the Turn


