PokerStars Hand #153853287480:  Hold'em Limit ($3/$6 USD) - 2016/05/26 1:46:30 ET
Table 'Antilia' 6-max Seat #4 is the button
Seat 3: Darts ($70.01 in chips)
Seat 4: VolkovDmitri ($160.90 in chips)
VolkovDmitri: posts small blind $1
Darts: posts big blind $3
*** HOLE CARDS ***
VolkovDmitri: folds
Uncalled bet ($2) returned to Darts
Darts collected $2 from pot
Darts: doesn't show hand
*** SUMMARY ***
Total pot $2 | Rake $0
Seat 3: Darts (big blind) collected ($2)
Seat 4: VolkovDmitri (button) (small blind) folded before Flop


PokerStars Hand #153853274118:  Hold'em Limit ($3/$6 USD) - 2016/05/26 1:45:38 ET
Table 'Antilia' 6-max Seat #3 is the button
Seat 3: Darts ($79.01 in chips)
Seat 4: VolkovDmitri ($152.26 in chips)
Darts: posts small blind $1
VolkovDmitri: posts big blind $3
*** HOLE CARDS ***
Darts: raises $3 to $6
VolkovDmitri: calls $3
*** FLOP *** [4c 4d Qd]
VolkovDmitri: checks
Darts: bets $3
VolkovDmitri: calls $3
*** TURN *** [4c 4d Qd] [Ts]
VolkovDmitri: checks
Darts: checks
*** RIVER *** [4c 4d Qd Ts] [Ah]
VolkovDmitri: bets $6
Darts: folds
Uncalled bet ($6) returned to VolkovDmitri
VolkovDmitri collected $17.64 from pot
VolkovDmitri: doesn't show hand
*** SUMMARY ***
Total pot $18 | Rake $0.36
Board [4c 4d Qd Ts Ah]
Seat 3: Darts (button) (small blind) folded on the River
Seat 4: VolkovDmitri (big blind) collected ($17.64)


PokerStars Hand #153853781168:  Hold'em Limit ($3/$6 USD) - 2016/05/26 2:18:57 ET
Table 'Antilia' 6-max Seat #6 is the button
Seat 1: sodnom77 ($105 in chips)
Seat 6: dagi0000 ($99.49 in chips)
dagi0000: posts small blind $1
sodnom77: posts big blind $3
*** HOLE CARDS ***
dagi0000: raises $3 to $6
sodnom77: raises $3 to $9
dagi0000: calls $3
*** FLOP *** [4c Jc 5h]
sodnom77: bets $3
dagi0000: calls $3
*** TURN *** [4c Jc 5h] [Qh]
sodnom77: checks
dagi0000: bets $6
sodnom77: calls $6
*** RIVER *** [4c Jc 5h Qh] [Js]
sodnom77: checks
dagi0000: bets $6
sodnom77: calls $6
*** SHOW DOWN ***
dagi0000: shows [3d Ks] (a pair of Jacks)
sodnom77: shows [Tc Ts] (two pair, Jacks and Tens)
sodnom77 collected $47.50 from pot
*** SUMMARY ***
Total pot $48 | Rake $0.50
Board [4c Jc 5h Qh Js]
Seat 1: sodnom77 (big blind) showed [Tc Ts] and won ($47.50) with two pair, Jacks and Tens
Seat 6: dagi0000 (button) (small blind) showed [3d Ks] and lost with a pair of Jacks


PokerStars Hand #153853774288:  Hold'em Limit ($3/$6 USD) - 2016/05/26 2:18:31 ET
Table 'Antilia' 6-max Seat #1 is the button
Seat 1: sodnom77 ($117 in chips)
Seat 6: dagi0000 ($87.97 in chips)
sodnom77: posts small blind $1
Agrotait: is sitting out
VolkovDmitri: is sitting out
beng_51: is sitting out
dagi0000: posts big blind $3
*** HOLE CARDS ***
sodnom77: raises $3 to $6
Agrotait leaves the table
beng_51 leaves the table
dagi0000: raises $3 to $9
sodnom77: calls $3
*** FLOP *** [5h Jh Js]
dagi0000: bets $3
sodnom77: calls $3
*** TURN *** [5h Jh Js] [4c]
dagi0000: bets $6
VolkovDmitri leaves the table
sodnom77: folds
Uncalled bet ($6) returned to dagi0000
dagi0000 collected $23.52 from pot
dagi0000: doesn't show hand
VolkovDmitri joins the table at seat #2
*** SUMMARY ***
Total pot $24 | Rake $0.48
Board [5h Jh Js 4c]
Seat 1: sodnom77 (button) (small blind) folded on the Turn
Seat 6: dagi0000 (big blind) collected ($23.52)


PokerStars Hand #153854227444:  Hold'em Limit ($3/$6 USD) - 2016/05/26 2:46:49 ET
Table 'Antilia' 6-max Seat #1 is the button
Seat 1: sodnom77 ($98.19 in chips)
Seat 4: Ag3r0n ($156.83 in chips)
sodnom77: posts small blind $1
Ag3r0n: posts big blind $3
*** HOLE CARDS ***
sodnom77: folds
Uncalled bet ($2) returned to Ag3r0n
Ag3r0n collected $2 from pot
*** SUMMARY ***
Total pot $2 | Rake $0
Seat 1: sodnom77 (button) (small blind) folded before Flop
Seat 4: Ag3r0n (big blind) collected ($2)


PokerStars Hand #153854221769:  Hold'em Limit ($3/$6 USD) - 2016/05/26 2:46:28 ET
Table 'Antilia' 6-max Seat #4 is the button
Seat 1: sodnom77 ($80.69 in chips)
Seat 4: Ag3r0n ($174.83 in chips)
Ag3r0n: posts small blind $1
sodnom77: posts big blind $3
*** HOLE CARDS ***
Ag3r0n: raises $3 to $6
sodnom77: raises $3 to $9
Ag3r0n: calls $3
*** FLOP *** [5h Jc 7h]
sodnom77: bets $3
Ag3r0n: calls $3
*** TURN *** [5h Jc 7h] [4h]
sodnom77: bets $6
Ag3r0n: calls $6
*** RIVER *** [5h Jc 7h 4h] [2s]
sodnom77: bets $6
Ag3r0n: folds
Uncalled bet ($6) returned to sodnom77
sodnom77 collected $35.50 from pot
*** SUMMARY ***
Total pot $36 | Rake $0.50
Board [5h Jc 7h 4h 2s]
Seat 1: sodnom77 (big blind) collected ($35.50)
Seat 4: Ag3r0n (button) (small blind) folded on the River


PokerStars Hand #153854229406:  Hold'em Limit ($3/$6 USD) - 2016/05/26 2:46:56 ET
Table 'Antilia' 6-max Seat #4 is the button
Seat 1: sodnom77 ($97.19 in chips)
Seat 4: Ag3r0n ($157.83 in chips)
Ag3r0n: posts small blind $1
sodnom77: posts big blind $3
*** HOLE CARDS ***
Ag3r0n: raises $3 to $6
sodnom77: folds
Uncalled bet ($3) returned to Ag3r0n
Ag3r0n collected $6 from pot
*** SUMMARY ***
Total pot $6 | Rake $0
Seat 1: sodnom77 (big blind) folded before Flop
Seat 4: Ag3r0n (button) (small blind) collected ($6)


