PokerStars Hand #154024991988:  Hold'em Limit ($3/$6 USD) - 2016/05/29 18:24:35 ET
Table 'Antielus' 6-max Seat #4 is the button
Seat 1: SeanPeary ($111 in chips)
Seat 4: AzureCaper ($80.64 in chips)
AzureCaper: posts small blind $1
SeanPeary: posts big blind $3
*** HOLE CARDS ***
AzureCaper: folds
Uncalled bet ($2) returned to SeanPeary
SeanPeary collected $2 from pot
SeanPeary: doesn't show hand
*** SUMMARY ***
Total pot $2 | Rake $0
Seat 1: SeanPeary (big blind) collected ($2)
Seat 4: AzureCaper (button) (small blind) folded before Flop


PokerStars Hand #154024977356:  Hold'em Limit ($3/$6 USD) - 2016/05/29 18:24:15 ET
Table 'Antielus' 6-max Seat #1 is the button
Seat 1: SeanPeary ($120 in chips)
Seat 4: AzureCaper ($72 in chips)
SeanPeary: posts small blind $1
AzureCaper: posts big blind $3
*** HOLE CARDS ***
SeanPeary: raises $3 to $6
AzureCaper: calls $3
*** FLOP *** [6d 2c 3c]
AzureCaper: checks
SeanPeary: bets $3
AzureCaper: calls $3
*** TURN *** [6d 2c 3c] [As]
AzureCaper: checks
SeanPeary: checks
*** RIVER *** [6d 2c 3c As] [Ks]
AzureCaper: checks
SeanPeary: checks
*** SHOW DOWN ***
AzureCaper: shows [Qs 5s] (high card Ace)
SeanPeary: mucks hand
AzureCaper collected $17.64 from pot
*** SUMMARY ***
Total pot $18 | Rake $0.36
Board [6d 2c 3c As Ks]
Seat 1: SeanPeary (button) (small blind) mucked
Seat 4: AzureCaper (big blind) showed [Qs 5s] and won ($17.64) with high card Ace


PokerStars Hand #154024973848:  Hold'em Limit ($3/$6 USD) - 2016/05/29 18:24:10 ET
Table 'Antielus' 6-max Seat #4 is the button
Seat 1: SeanPeary ($119 in chips)
Seat 4: AzureCaper ($73 in chips)
AzureCaper: posts small blind $1
SeanPeary: posts big blind $3
*** HOLE CARDS ***
AzureCaper: folds
Uncalled bet ($2) returned to SeanPeary
SeanPeary collected $2 from pot
SeanPeary: doesn't show hand
*** SUMMARY ***
Total pot $2 | Rake $0
Seat 1: SeanPeary (big blind) collected ($2)
Seat 4: AzureCaper (button) (small blind) folded before Flop


PokerStars Hand #154026807645:  Hold'em Limit ($3/$6 USD) - 2016/05/29 19:09:08 ET
Table 'Antielus' 6-max Seat #4 is the button
Seat 4: AzureCaper ($72 in chips)
Seat 6: JCPKCH ($100 in chips)
Diogo mania joins the table at seat #5
AzureCaper: posts small blind $1
JCPKCH: posts big blind $3
*** HOLE CARDS ***
AzureCaper: raises $3 to $6
ValeryRon joins the table at seat #1
JCPKCH: calls $3
*** FLOP *** [5h 7c 8h]
vestimokrec joins the table at seat #2
JCPKCH: checks
AzureCaper: bets $3
JCPKCH: calls $3
*** TURN *** [5h 7c 8h] [Qs]
JCPKCH: checks
AzureCaper: bets $6
JCPKCH: calls $6
*** RIVER *** [5h 7c 8h Qs] [3h]
JCPKCH: checks
AzureCaper: checks
*** SHOW DOWN ***
JCPKCH: shows [6h Js] (high card Queen)
AzureCaper: shows [Ah 5c] (a pair of Fives)
AzureCaper collected $29.50 from pot
*** SUMMARY ***
Total pot $30 | Rake $0.50
Board [5h 7c 8h Qs 3h]
Seat 4: AzureCaper (button) (small blind) showed [Ah 5c] and won ($29.50) with a pair of Fives
Seat 6: JCPKCH (big blind) showed [6h Js] and lost with high card Queen


