PokerStars Hand #168604045961:  Hold'em Limit ($3/$6 USD) - 2017/04/05 6:52:49 ET
Table 'Antikleia' 6-max Seat #4 is the button
Seat 3: hookonhook ($73.54 in chips)
Seat 4: Actionni13 ($154.64 in chips)
Actionni13: posts small blind $1
hookonhook: posts big blind $3
*** HOLE CARDS ***
Actionni13: raises $3 to $6
hookonhook: calls $3
*** FLOP *** [Ah 9d 3d]
hookonhook: checks
Actionni13: bets $3
hookonhook: folds
Uncalled bet ($3) returned to Actionni13
Actionni13 collected $11.76 from pot
Actionni13: doesn't show hand
*** SUMMARY ***
Total pot $12 | Rake $0.24
Board [Ah 9d 3d]
Seat 3: hookonhook (big blind) folded on the Flop
Seat 4: Actionni13 (button) (small blind) collected ($11.76)


PokerStars Hand #168607014718:  Hold'em Limit ($3/$6 USD) - 2017/04/05 8:37:43 ET
Table 'Antikleia' 6-max Seat #3 is the button
Seat 3: HIGHIQ74 ($149.60 in chips)
Seat 4: RockKillerTY ($105.76 in chips)
HIGHIQ74: posts small blind $1
RockKillerTY: posts big blind $3
*** HOLE CARDS ***
HIGHIQ74: raises $3 to $6
RockKillerTY: folds
Uncalled bet ($3) returned to HIGHIQ74
HIGHIQ74 collected $6 from pot
*** SUMMARY ***
Total pot $6 | Rake $0
Seat 3: HIGHIQ74 (button) (small blind) collected ($6)
Seat 4: RockKillerTY (big blind) folded before Flop


PokerStars Hand #168607011555:  Hold'em Limit ($3/$6 USD) - 2017/04/05 8:37:37 ET
Table 'Antikleia' 6-max Seat #4 is the button
Seat 3: HIGHIQ74 ($148.60 in chips)
Seat 4: RockKillerTY ($106.76 in chips)
RockKillerTY: posts small blind $1
HIGHIQ74: posts big blind $3
*** HOLE CARDS ***
RockKillerTY: folds
Uncalled bet ($2) returned to HIGHIQ74
HIGHIQ74 collected $2 from pot
*** SUMMARY ***
Total pot $2 | Rake $0
Seat 3: HIGHIQ74 (big blind) collected ($2)
Seat 4: RockKillerTY (button) (small blind) folded before Flop


PokerStars Hand #168607018249:  Hold'em Limit ($3/$6 USD) - 2017/04/05 8:37:50 ET
Table 'Antikleia' 6-max Seat #4 is the button
Seat 3: HIGHIQ74 ($152.60 in chips)
Seat 4: RockKillerTY ($102.76 in chips)
RockKillerTY: posts small blind $1
HIGHIQ74: posts big blind $3
*** HOLE CARDS ***
RockKillerTY: raises $3 to $6
HIGHIQ74: calls $3
*** FLOP *** [5c 6c 5s]
HIGHIQ74: checks
RockKillerTY: bets $3
HIGHIQ74: calls $3
*** TURN *** [5c 6c 5s] [Kc]
HIGHIQ74: checks
RockKillerTY: checks
*** RIVER *** [5c 6c 5s Kc] [Kd]
HIGHIQ74: checks
RockKillerTY: checks
*** SHOW DOWN ***
HIGHIQ74: shows [Jh Th] (two pair, Kings and Fives)
RockKillerTY: mucks hand
HIGHIQ74 collected $17.64 from pot
*** SUMMARY ***
Total pot $18 | Rake $0.36
Board [5c 6c 5s Kc Kd]
Seat 3: HIGHIQ74 (big blind) showed [Jh Th] and won ($17.64) with two pair, Kings and Fives
Seat 4: RockKillerTY (button) (small blind) mucked


PokerStars Hand #168607036083:  Hold'em Limit ($3/$6 USD) - 2017/04/05 8:38:25 ET
Table 'Antikleia' 6-max Seat #3 is the button
Seat 3: HIGHIQ74 ($161.24 in chips)
Seat 4: RockKillerTY ($93.76 in chips)
HIGHIQ74: posts small blind $1
RockKillerTY: posts big blind $3
*** HOLE CARDS ***
HIGHIQ74: raises $3 to $6
RockKillerTY: calls $3
*** FLOP *** [5s As 7d]
RockKillerTY: checks
HIGHIQ74: bets $3
RockKillerTY: folds
Uncalled bet ($3) returned to HIGHIQ74
HIGHIQ74 collected $11.76 from pot
*** SUMMARY ***
Total pot $12 | Rake $0.24
Board [5s As 7d]
Seat 3: HIGHIQ74 (button) (small blind) collected ($11.76)
Seat 4: RockKillerTY (big blind) folded on the Flop


PokerStars Hand #168607047378:  Hold'em Limit ($3/$6 USD) - 2017/04/05 8:38:47 ET
Table 'Antikleia' 6-max Seat #4 is the button
Seat 3: HIGHIQ74 ($167 in chips)
Seat 4: RockKillerTY ($87.76 in chips)
RockKillerTY: posts small blind $1
HIGHIQ74: posts big blind $3
*** HOLE CARDS ***
RockKillerTY: raises $3 to $6
HIGHIQ74: calls $3
*** FLOP *** [As Jd Kc]
HIGHIQ74: checks
RockKillerTY: bets $3
HIGHIQ74: calls $3
*** TURN *** [As Jd Kc] [2h]
HIGHIQ74: checks
RockKillerTY: bets $6
HIGHIQ74: calls $6
*** RIVER *** [As Jd Kc 2h] [8h]
HIGHIQ74: checks
RockKillerTY: bets $6
HIGHIQ74: calls $6
*** SHOW DOWN ***
RockKillerTY: shows [7h 9c] (high card Ace)
HIGHIQ74: shows [5s Kh] (a pair of Kings)
HIGHIQ74 collected $41.50 from pot
*** SUMMARY ***
Total pot $42 | Rake $0.50
Board [As Jd Kc 2h 8h]
Seat 3: HIGHIQ74 (big blind) showed [5s Kh] and won ($41.50) with a pair of Kings
Seat 4: RockKillerTY (button) (small blind) showed [7h 9c] and lost with high card Ace


PokerStars Hand #168607063516:  Hold'em Limit ($3/$6 USD) - 2017/04/05 8:39:18 ET
Table 'Antikleia' 6-max Seat #3 is the button
Seat 3: HIGHIQ74 ($187.50 in chips)
Seat 4: RockKillerTY ($120 in chips)
HIGHIQ74: posts small blind $1
RockKillerTY: posts big blind $3
*** HOLE CARDS ***
HIGHIQ74: raises $3 to $6
RockKillerTY: raises $3 to $9
HIGHIQ74: calls $3
*** FLOP *** [3d 7d 6s]
RockKillerTY: bets $3
HIGHIQ74: calls $3
*** TURN *** [3d 7d 6s] [8d]
RockKillerTY: bets $6
HIGHIQ74: calls $6
*** RIVER *** [3d 7d 6s 8d] [4c]
RockKillerTY: checks
HIGHIQ74: checks
*** SHOW DOWN ***
RockKillerTY: shows [Qd Ac] (high card Ace)
HIGHIQ74: shows [2h 2c] (a pair of Deuces)
HIGHIQ74 collected $35.50 from pot
*** SUMMARY ***
Total pot $36 | Rake $0.50
Board [3d 7d 6s 8d 4c]
Seat 3: HIGHIQ74 (button) (small blind) showed [2h 2c] and won ($35.50) with a pair of Deuces
Seat 4: RockKillerTY (big blind) showed [Qd Ac] and lost with high card Ace


PokerStars Hand #168607093131:  Hold'em Limit ($3/$6 USD) - 2017/04/05 8:40:15 ET
Table 'Antikleia' 6-max Seat #4 is the button
Seat 3: HIGHIQ74 ($202 in chips)
Seat 4: RockKillerTY ($104.76 in chips)
RockKillerTY: posts small blind $1
HIGHIQ74: posts big blind $3
*** HOLE CARDS ***
RockKillerTY: folds
Uncalled bet ($2) returned to HIGHIQ74
HIGHIQ74 collected $2 from pot
*** SUMMARY ***
Total pot $2 | Rake $0
Seat 3: HIGHIQ74 (big blind) collected ($2)
Seat 4: RockKillerTY (button) (small blind) folded before Flop


PokerStars Hand #168607089270:  Hold'em Limit ($3/$6 USD) - 2017/04/05 8:40:08 ET
Table 'Antikleia' 6-max Seat #3 is the button
Seat 3: HIGHIQ74 ($199 in chips)
Seat 4: RockKillerTY ($107.76 in chips)
HIGHIQ74: posts small blind $1
RockKillerTY: posts big blind $3
*** HOLE CARDS ***
HIGHIQ74: raises $3 to $6
RockKillerTY: folds
Uncalled bet ($3) returned to HIGHIQ74
HIGHIQ74 collected $6 from pot
*** SUMMARY ***
Total pot $6 | Rake $0
Seat 3: HIGHIQ74 (button) (small blind) collected ($6)
Seat 4: RockKillerTY (big blind) folded before Flop


PokerStars Hand #168607095132:  Hold'em Limit ($3/$6 USD) - 2017/04/05 8:40:19 ET
Table 'Antikleia' 6-max Seat #3 is the button
Seat 3: HIGHIQ74 ($203 in chips)
Seat 4: RockKillerTY ($103.76 in chips)
HIGHIQ74: posts small blind $1
RockKillerTY: posts big blind $3
*** HOLE CARDS ***
HIGHIQ74: raises $3 to $6
RockKillerTY: calls $3
*** FLOP *** [4d 7c 2d]
RockKillerTY: checks
HIGHIQ74: bets $3
RockKillerTY: raises $3 to $6
HIGHIQ74: calls $3
*** TURN *** [4d 7c 2d] [Qd]
RockKillerTY: bets $6
HIGHIQ74: raises $6 to $12
RockKillerTY: calls $6
*** RIVER *** [4d 7c 2d Qd] [5h]
RockKillerTY: checks
HIGHIQ74: bets $6
RockKillerTY: calls $6
*** SHOW DOWN ***
HIGHIQ74: shows [6d 8d] (a flush, Queen high)
RockKillerTY: mucks hand
HIGHIQ74 collected $59.50 from pot
*** SUMMARY ***
Total pot $60 | Rake $0.50
Board [4d 7c 2d Qd 5h]
Seat 3: HIGHIQ74 (button) (small blind) showed [6d 8d] and won ($59.50) with a flush, Queen high
Seat 4: RockKillerTY (big blind) mucked


PokerStars Hand #168607144012:  Hold'em Limit ($3/$6 USD) - 2017/04/05 8:41:53 ET
Table 'Antikleia' 6-max Seat #4 is the button
Seat 3: HIGHIQ74 ($234 in chips)
Seat 4: RockKillerTY ($121 in chips)
RockKillerTY: posts small blind $1
HIGHIQ74: posts big blind $3
*** HOLE CARDS ***
RockKillerTY: folds
Uncalled bet ($2) returned to HIGHIQ74
HIGHIQ74 collected $2 from pot
*** SUMMARY ***
Total pot $2 | Rake $0
Seat 3: HIGHIQ74 (big blind) collected ($2)
Seat 4: RockKillerTY (button) (small blind) folded before Flop


PokerStars Hand #168607141398:  Hold'em Limit ($3/$6 USD) - 2017/04/05 8:41:48 ET
Table 'Antikleia' 6-max Seat #3 is the button
Seat 3: HIGHIQ74 ($235 in chips)
Seat 4: RockKillerTY ($120 in chips)
HIGHIQ74: posts small blind $1
RockKillerTY: posts big blind $3
*** HOLE CARDS ***
HIGHIQ74: folds
Uncalled bet ($2) returned to RockKillerTY
RockKillerTY collected $2 from pot
RockKillerTY: doesn't show hand
*** SUMMARY ***
Total pot $2 | Rake $0
Seat 3: HIGHIQ74 (button) (small blind) folded before Flop
Seat 4: RockKillerTY (big blind) collected ($2)


PokerStars Hand #168607128646:  Hold'em Limit ($3/$6 USD) - 2017/04/05 8:41:24 ET
Table 'Antikleia' 6-max Seat #4 is the button
Seat 3: HIGHIQ74 ($214.50 in chips)
Seat 4: RockKillerTY ($91.04 in chips)
RockKillerTY: posts small blind $1
HIGHIQ74: posts big blind $3
*** HOLE CARDS ***
RockKillerTY: raises $3 to $6
HIGHIQ74: calls $3
*** FLOP *** [3c 5h 5d]
HIGHIQ74: checks
RockKillerTY: bets $3
HIGHIQ74: calls $3
*** TURN *** [3c 5h 5d] [Qs]
HIGHIQ74: checks
RockKillerTY: bets $6
HIGHIQ74: calls $6
*** RIVER *** [3c 5h 5d Qs] [Kd]
HIGHIQ74: checks
RockKillerTY: bets $6
HIGHIQ74: calls $6
*** SHOW DOWN ***
RockKillerTY: shows [8d 9s] (a pair of Fives)
HIGHIQ74: shows [7d Ah] (a pair of Fives - Ace kicker)
HIGHIQ74 collected $41.50 from pot
*** SUMMARY ***
Total pot $42 | Rake $0.50
Board [3c 5h 5d Qs Kd]
Seat 3: HIGHIQ74 (big blind) showed [7d Ah] and won ($41.50) with a pair of Fives
Seat 4: RockKillerTY (button) (small blind) showed [8d 9s] and lost with a pair of Fives


PokerStars Hand #168607119188:  Hold'em Limit ($3/$6 USD) - 2017/04/05 8:41:05 ET
Table 'Antikleia' 6-max Seat #3 is the button
Seat 3: HIGHIQ74 ($226.50 in chips)
Seat 4: RockKillerTY ($79.52 in chips)
HIGHIQ74: posts small blind $1
RockKillerTY: posts big blind $3
*** HOLE CARDS ***
HIGHIQ74: raises $3 to $6
RockKillerTY: calls $3
*** FLOP *** [5d 6s 5s]
RockKillerTY: checks
HIGHIQ74: checks
*** TURN *** [5d 6s 5s] [3s]
RockKillerTY: bets $6
HIGHIQ74: calls $6
*** RIVER *** [5d 6s 5s 3s] [4h]
RockKillerTY: bets $6
HIGHIQ74: folds
Uncalled bet ($6) returned to RockKillerTY
RockKillerTY collected $23.52 from pot
RockKillerTY: doesn't show hand
*** SUMMARY ***
Total pot $24 | Rake $0.48
Board [5d 6s 5s 3s 4h]
Seat 3: HIGHIQ74 (button) (small blind) folded on the River
Seat 4: RockKillerTY (big blind) collected ($23.52)


PokerStars Hand #168607169401:  Hold'em Limit ($3/$6 USD) - 2017/04/05 8:42:42 ET
Table 'Antikleia' 6-max Seat #3 is the button
Seat 3: HIGHIQ74 ($262.50 in chips)
Seat 4: RockKillerTY ($92 in chips)
HIGHIQ74: posts small blind $1
RockKillerTY: posts big blind $3
*** HOLE CARDS ***
HIGHIQ74: folds
Uncalled bet ($2) returned to RockKillerTY
RockKillerTY collected $2 from pot
RockKillerTY: doesn't show hand
*** SUMMARY ***
Total pot $2 | Rake $0
Seat 3: HIGHIQ74 (button) (small blind) folded before Flop
Seat 4: RockKillerTY (big blind) collected ($2)


PokerStars Hand #168607166419:  Hold'em Limit ($3/$6 USD) - 2017/04/05 8:42:36 ET
Table 'Antikleia' 6-max Seat #4 is the button
Seat 3: HIGHIQ74 ($265.50 in chips)
Seat 4: RockKillerTY ($89 in chips)
RockKillerTY: posts small blind $1
HIGHIQ74: posts big blind $3
*** HOLE CARDS ***
RockKillerTY: raises $3 to $6
HIGHIQ74: folds
Uncalled bet ($3) returned to RockKillerTY
RockKillerTY collected $6 from pot
RockKillerTY: doesn't show hand
*** SUMMARY ***
Total pot $6 | Rake $0
Seat 3: HIGHIQ74 (big blind) folded before Flop
Seat 4: RockKillerTY (button) (small blind) collected ($6)


PokerStars Hand #168607163700:  Hold'em Limit ($3/$6 USD) - 2017/04/05 8:42:31 ET
Table 'Antikleia' 6-max Seat #3 is the button
Seat 3: HIGHIQ74 ($266.50 in chips)
Seat 4: RockKillerTY ($88 in chips)
HIGHIQ74: posts small blind $1
RockKillerTY: posts big blind $3
*** HOLE CARDS ***
HIGHIQ74: folds
Uncalled bet ($2) returned to RockKillerTY
RockKillerTY collected $2 from pot
RockKillerTY: doesn't show hand
*** SUMMARY ***
Total pot $2 | Rake $0
Seat 3: HIGHIQ74 (button) (small blind) folded before Flop
Seat 4: RockKillerTY (big blind) collected ($2)


PokerStars Hand #168607150043:  Hold'em Limit ($3/$6 USD) - 2017/04/05 8:42:05 ET
Table 'Antikleia' 6-max Seat #4 is the button
Seat 3: HIGHIQ74 ($234 in chips)
Seat 4: RockKillerTY ($121 in chips)
RockKillerTY: posts small blind $1
HIGHIQ74: posts big blind $3
*** HOLE CARDS ***
RockKillerTY: raises $3 to $6
HIGHIQ74: raises $3 to $9
RockKillerTY: calls $3
*** FLOP *** [7d 5c Qc]
HIGHIQ74: bets $3
RockKillerTY: raises $3 to $6
HIGHIQ74: calls $3
*** TURN *** [7d 5c Qc] [Jd]
HIGHIQ74: checks
RockKillerTY: bets $6
HIGHIQ74: raises $6 to $12
RockKillerTY: calls $6
*** RIVER *** [7d 5c Qc Jd] [6h]
HIGHIQ74: bets $6
RockKillerTY: calls $6
*** SHOW DOWN ***
HIGHIQ74: shows [Jh Js] (three of a kind, Jacks)
RockKillerTY: mucks hand
HIGHIQ74 collected $65.50 from pot
*** SUMMARY ***
Total pot $66 | Rake $0.50
Board [7d 5c Qc Jd 6h]
Seat 3: HIGHIQ74 (big blind) showed [Jh Js] and won ($65.50) with three of a kind, Jacks
Seat 4: RockKillerTY (button) (small blind) mucked


PokerStars Hand #168607146800:  Hold'em Limit ($3/$6 USD) - 2017/04/05 8:41:59 ET
Table 'Antikleia' 6-max Seat #3 is the button
Seat 3: HIGHIQ74 ($235 in chips)
Seat 4: RockKillerTY ($120 in chips)
HIGHIQ74: posts small blind $1
RockKillerTY: posts big blind $3
*** HOLE CARDS ***
HIGHIQ74: folds
Uncalled bet ($2) returned to RockKillerTY
RockKillerTY collected $2 from pot
RockKillerTY: doesn't show hand
*** SUMMARY ***
Total pot $2 | Rake $0
Seat 3: HIGHIQ74 (button) (small blind) folded before Flop
Seat 4: RockKillerTY (big blind) collected ($2)


PokerStars Hand #168607198064:  Hold'em Limit ($3/$6 USD) - 2017/04/05 8:43:37 ET
Table 'Antikleia' 6-max Seat #3 is the button
Seat 3: HIGHIQ74 ($284.88 in chips)
Seat 4: RockKillerTY ($120 in chips)
HIGHIQ74: posts small blind $1
RockKillerTY: posts big blind $3
*** HOLE CARDS ***
HIGHIQ74: raises $3 to $6
RockKillerTY: folds
Uncalled bet ($3) returned to HIGHIQ74
HIGHIQ74 collected $6 from pot
*** SUMMARY ***
Total pot $6 | Rake $0
Seat 3: HIGHIQ74 (button) (small blind) collected ($6)
Seat 4: RockKillerTY (big blind) folded before Flop


PokerStars Hand #168607195050:  Hold'em Limit ($3/$6 USD) - 2017/04/05 8:43:31 ET
Table 'Antikleia' 6-max Seat #4 is the button
Seat 3: HIGHIQ74 ($287.88 in chips)
Seat 4: RockKillerTY ($117 in chips)
RockKillerTY: posts small blind $1
HIGHIQ74: posts big blind $3
*** HOLE CARDS ***
RockKillerTY: raises $3 to $6
HIGHIQ74: folds
Uncalled bet ($3) returned to RockKillerTY
RockKillerTY collected $6 from pot
RockKillerTY: doesn't show hand
*** SUMMARY ***
Total pot $6 | Rake $0
Seat 3: HIGHIQ74 (big blind) folded before Flop
Seat 4: RockKillerTY (button) (small blind) collected ($6)


PokerStars Hand #168607187357:  Hold'em Limit ($3/$6 USD) - 2017/04/05 8:43:16 ET
Table 'Antikleia' 6-max Seat #3 is the button
Seat 3: HIGHIQ74 ($285 in chips)
Seat 4: RockKillerTY ($120 in chips)
HIGHIQ74: posts small blind $1
RockKillerTY: posts big blind $3
*** HOLE CARDS ***
HIGHIQ74: calls $2
RockKillerTY: checks
*** FLOP *** [Ts Qd Qh]
RockKillerTY: checks
HIGHIQ74: bets $3
RockKillerTY: folds
Uncalled bet ($3) returned to HIGHIQ74
HIGHIQ74 collected $5.88 from pot
*** SUMMARY ***
Total pot $6 | Rake $0.12
Board [Ts Qd Qh]
Seat 3: HIGHIQ74 (button) (small blind) collected ($5.88)
Seat 4: RockKillerTY (big blind) folded on the Flop


PokerStars Hand #168607172541:  Hold'em Limit ($3/$6 USD) - 2017/04/05 8:42:48 ET
Table 'Antikleia' 6-max Seat #4 is the button
Seat 3: HIGHIQ74 ($261.50 in chips)
Seat 4: RockKillerTY ($93 in chips)
RockKillerTY: posts small blind $1
HIGHIQ74: posts big blind $3
*** HOLE CARDS ***
RockKillerTY: raises $3 to $6
HIGHIQ74: calls $3
*** FLOP *** [8d 4d Th]
HIGHIQ74: checks
RockKillerTY: checks
*** TURN *** [8d 4d Th] [3h]
HIGHIQ74: checks
RockKillerTY: bets $6
HIGHIQ74: calls $6
*** RIVER *** [8d 4d Th 3h] [Td]
HIGHIQ74: checks
RockKillerTY: bets $6
HIGHIQ74: raises $6 to $12
RockKillerTY: calls $6
*** SHOW DOWN ***
HIGHIQ74: shows [5d Ad] (a flush, Ace high)
RockKillerTY: mucks hand
HIGHIQ74 collected $47.50 from pot
*** SUMMARY ***
Total pot $48 | Rake $0.50
Board [8d 4d Th 3h Td]
Seat 3: HIGHIQ74 (big blind) showed [5d Ad] and won ($47.50) with a flush, Ace high
Seat 4: RockKillerTY (button) (small blind) mucked


PokerStars Hand #168607232611:  Hold'em Limit ($3/$6 USD) - 2017/04/05 8:44:42 ET
Table 'Antikleia' 6-max Seat #3 is the button
Seat 3: HIGHIQ74 ($251.88 in chips)
Seat 4: RockKillerTY ($151.90 in chips)
HIGHIQ74: posts small blind $1
RockKillerTY: posts big blind $3
*** HOLE CARDS ***
HIGHIQ74: raises $3 to $6
RockKillerTY: folds
Uncalled bet ($3) returned to HIGHIQ74
HIGHIQ74 collected $6 from pot
*** SUMMARY ***
Total pot $6 | Rake $0
Seat 3: HIGHIQ74 (button) (small blind) collected ($6)
Seat 4: RockKillerTY (big blind) folded before Flop


PokerStars Hand #168607220892:  Hold'em Limit ($3/$6 USD) - 2017/04/05 8:44:20 ET
Table 'Antikleia' 6-max Seat #4 is the button
Seat 3: HIGHIQ74 ($272.88 in chips)
Seat 4: RockKillerTY ($131.40 in chips)
RockKillerTY: posts small blind $1
HIGHIQ74: posts big blind $3
*** HOLE CARDS ***
RockKillerTY: raises $3 to $6
HIGHIQ74: calls $3
*** FLOP *** [Jd 6d Jh]
HIGHIQ74: checks
RockKillerTY: bets $3
HIGHIQ74: calls $3
*** TURN *** [Jd 6d Jh] [7d]
HIGHIQ74: checks
RockKillerTY: bets $6
HIGHIQ74: calls $6
*** RIVER *** [Jd 6d Jh 7d] [Ac]
HIGHIQ74: checks
RockKillerTY: bets $6
HIGHIQ74: calls $6
*** SHOW DOWN ***
RockKillerTY: shows [Tc Ts] (two pair, Jacks and Tens)
HIGHIQ74: mucks hand
RockKillerTY collected $41.50 from pot
*** SUMMARY ***
Total pot $42 | Rake $0.50
Board [Jd 6d Jh 7d Ac]
Seat 3: HIGHIQ74 (big blind) mucked
Seat 4: RockKillerTY (button) (small blind) showed [Tc Ts] and won ($41.50) with two pair, Jacks and Tens


PokerStars Hand #168607211908:  Hold'em Limit ($3/$6 USD) - 2017/04/05 8:44:03 ET
Table 'Antikleia' 6-max Seat #3 is the button
Seat 3: HIGHIQ74 ($278.88 in chips)
Seat 4: RockKillerTY ($125.64 in chips)
HIGHIQ74: posts small blind $1
RockKillerTY: posts big blind $3
*** HOLE CARDS ***
HIGHIQ74: calls $2
RockKillerTY: raises $3 to $6
HIGHIQ74: calls $3
*** FLOP *** [Ad Ac 5h]
RockKillerTY: bets $3
HIGHIQ74: folds
Uncalled bet ($3) returned to RockKillerTY
RockKillerTY collected $11.76 from pot
RockKillerTY: doesn't show hand
*** SUMMARY ***
Total pot $12 | Rake $0.24
Board [Ad Ac 5h]
Seat 3: HIGHIQ74 (button) (small blind) folded on the Flop
Seat 4: RockKillerTY (big blind) collected ($11.76)


PokerStars Hand #168607202154:  Hold'em Limit ($3/$6 USD) - 2017/04/05 8:43:44 ET
Table 'Antikleia' 6-max Seat #4 is the button
Seat 3: HIGHIQ74 ($287.88 in chips)
Seat 4: RockKillerTY ($117 in chips)
RockKillerTY: posts small blind $1
HIGHIQ74: posts big blind $3
*** HOLE CARDS ***
RockKillerTY: raises $3 to $6
HIGHIQ74: calls $3
*** FLOP *** [3s 8c Qh]
HIGHIQ74: checks
RockKillerTY: bets $3
HIGHIQ74: calls $3
*** TURN *** [3s 8c Qh] [Jh]
HIGHIQ74: checks
RockKillerTY: bets $6
HIGHIQ74: folds
Uncalled bet ($6) returned to RockKillerTY
RockKillerTY collected $17.64 from pot
RockKillerTY: doesn't show hand
*** SUMMARY ***
Total pot $18 | Rake $0.36
Board [3s 8c Qh Jh]
Seat 3: HIGHIQ74 (big blind) folded on the Turn
Seat 4: RockKillerTY (button) (small blind) collected ($17.64)


PokerStars Hand #168607271700:  Hold'em Limit ($3/$6 USD) - 2017/04/05 8:45:57 ET
Table 'Antikleia' 6-max Seat #3 is the button
Seat 3: HIGHIQ74 ($265.38 in chips)
Seat 4: RockKillerTY ($137.66 in chips)
HIGHIQ74: posts small blind $1
RockKillerTY: posts big blind $3
*** HOLE CARDS ***
HIGHIQ74: folds
Uncalled bet ($2) returned to RockKillerTY
RockKillerTY collected $2 from pot
RockKillerTY: doesn't show hand
*** SUMMARY ***
Total pot $2 | Rake $0
Seat 3: HIGHIQ74 (button) (small blind) folded before Flop
Seat 4: RockKillerTY (big blind) collected ($2)


PokerStars Hand #168607268110:  Hold'em Limit ($3/$6 USD) - 2017/04/05 8:45:50 ET
Table 'Antikleia' 6-max Seat #4 is the button
Seat 3: HIGHIQ74 ($268.38 in chips)
Seat 4: RockKillerTY ($134.66 in chips)
RockKillerTY: posts small blind $1
HIGHIQ74: posts big blind $3
*** HOLE CARDS ***
RockKillerTY: raises $3 to $6
HIGHIQ74: folds
Uncalled bet ($3) returned to RockKillerTY
RockKillerTY collected $6 from pot
RockKillerTY: doesn't show hand
*** SUMMARY ***
Total pot $6 | Rake $0
Seat 3: HIGHIQ74 (big blind) folded before Flop
Seat 4: RockKillerTY (button) (small blind) collected ($6)


PokerStars Hand #168607254940:  Hold'em Limit ($3/$6 USD) - 2017/04/05 8:45:25 ET
Table 'Antikleia' 6-max Seat #3 is the button
Seat 3: HIGHIQ74 ($244.88 in chips)
Seat 4: RockKillerTY ($158.66 in chips)
HIGHIQ74: posts small blind $1
RockKillerTY: posts big blind $3
*** HOLE CARDS ***
HIGHIQ74: raises $3 to $6
RockKillerTY: raises $3 to $9
HIGHIQ74: calls $3
*** FLOP *** [9c 4d 2h]
RockKillerTY: bets $3
HIGHIQ74: calls $3
*** TURN *** [9c 4d 2h] [8h]
RockKillerTY: bets $6
HIGHIQ74: raises $6 to $12
RockKillerTY: calls $6
*** RIVER *** [9c 4d 2h 8h] [2s]
RockKillerTY: checks
HIGHIQ74: bets $6
RockKillerTY: folds
Uncalled bet ($6) returned to HIGHIQ74
HIGHIQ74 collected $47.50 from pot
*** SUMMARY ***
Total pot $48 | Rake $0.50
Board [9c 4d 2h 8h 2s]
Seat 3: HIGHIQ74 (button) (small blind) collected ($47.50)
Seat 4: RockKillerTY (big blind) folded on the River


PokerStars Hand #168607252273:  Hold'em Limit ($3/$6 USD) - 2017/04/05 8:45:20 ET
Table 'Antikleia' 6-max Seat #4 is the button
Seat 3: HIGHIQ74 ($247.88 in chips)
Seat 4: RockKillerTY ($155.66 in chips)
RockKillerTY: posts small blind $1
HIGHIQ74: posts big blind $3
*** HOLE CARDS ***
RockKillerTY: raises $3 to $6
HIGHIQ74: folds
Uncalled bet ($3) returned to RockKillerTY
RockKillerTY collected $6 from pot
RockKillerTY: doesn't show hand
*** SUMMARY ***
Total pot $6 | Rake $0
Seat 3: HIGHIQ74 (big blind) folded before Flop
Seat 4: RockKillerTY (button) (small blind) collected ($6)


PokerStars Hand #168607248400:  Hold'em Limit ($3/$6 USD) - 2017/04/05 8:45:13 ET
Table 'Antikleia' 6-max Seat #3 is the button
Seat 3: HIGHIQ74 ($248.88 in chips)
Seat 4: RockKillerTY ($154.66 in chips)
HIGHIQ74: posts small blind $1
RockKillerTY: posts big blind $3
*** HOLE CARDS ***
HIGHIQ74: folds
Uncalled bet ($2) returned to RockKillerTY
RockKillerTY collected $2 from pot
RockKillerTY: doesn't show hand
*** SUMMARY ***
Total pot $2 | Rake $0
Seat 3: HIGHIQ74 (button) (small blind) folded before Flop
Seat 4: RockKillerTY (big blind) collected ($2)


PokerStars Hand #168607237778:  Hold'em Limit ($3/$6 USD) - 2017/04/05 8:44:52 ET
Table 'Antikleia' 6-max Seat #4 is the button
Seat 3: HIGHIQ74 ($254.88 in chips)
Seat 4: RockKillerTY ($148.90 in chips)
RockKillerTY: posts small blind $1
HIGHIQ74: posts big blind $3
*** HOLE CARDS ***
RockKillerTY: raises $3 to $6
HIGHIQ74: calls $3
*** FLOP *** [Kh Ks 6h]
HIGHIQ74: checks
RockKillerTY: checks
*** TURN *** [Kh Ks 6h] [Ah]
HIGHIQ74: checks
RockKillerTY: checks
*** RIVER *** [Kh Ks 6h Ah] [Ts]
HIGHIQ74: checks
RockKillerTY: checks
*** SHOW DOWN ***
HIGHIQ74: shows [8d 5h] (a pair of Kings)
RockKillerTY: shows [9d 7c] (a pair of Kings - Ace+Ten+Nine kicker)
RockKillerTY collected $11.76 from pot
*** SUMMARY ***
Total pot $12 | Rake $0.24
Board [Kh Ks 6h Ah Ts]
Seat 3: HIGHIQ74 (big blind) showed [8d 5h] and lost with a pair of Kings
Seat 4: RockKillerTY (button) (small blind) showed [9d 7c] and won ($11.76) with a pair of Kings


PokerStars Hand #168607280645:  Hold'em Limit ($3/$6 USD) - 2017/04/05 8:46:14 ET
Table 'Antikleia' 6-max Seat #4 is the button
Seat 3: HIGHIQ74 ($268.38 in chips)
Seat 4: RockKillerTY ($134.66 in chips)
RockKillerTY: posts small blind $1
HIGHIQ74: posts big blind $3
*** HOLE CARDS ***
RockKillerTY: raises $3 to $6
HIGHIQ74: calls $3
*** FLOP *** [As Kc Qc]
HIGHIQ74: checks
RockKillerTY: bets $3
HIGHIQ74: calls $3
*** TURN *** [As Kc Qc] [Ks]
HIGHIQ74: checks
RockKillerTY: checks
*** RIVER *** [As Kc Qc Ks] [7d]
HIGHIQ74: bets $6
RockKillerTY: folds
Uncalled bet ($6) returned to HIGHIQ74
TheCRIdol joins the table at seat #5
HIGHIQ74 collected $17.64 from pot
*** SUMMARY ***
Total pot $18 | Rake $0.36
Board [As Kc Qc Ks 7d]
Seat 3: HIGHIQ74 (big blind) collected ($17.64)
Seat 4: RockKillerTY (button) (small blind) folded on the River


PokerStars Hand #168607276967:  Hold'em Limit ($3/$6 USD) - 2017/04/05 8:46:07 ET
Table 'Antikleia' 6-max Seat #3 is the button
Seat 3: HIGHIQ74 ($265.38 in chips)
Seat 4: RockKillerTY ($137.66 in chips)
HIGHIQ74: posts small blind $1
RockKillerTY: posts big blind $3
*** HOLE CARDS ***
HIGHIQ74: raises $3 to $6
RockKillerTY: folds
Uncalled bet ($3) returned to HIGHIQ74
HIGHIQ74 collected $6 from pot
*** SUMMARY ***
Total pot $6 | Rake $0
Seat 3: HIGHIQ74 (button) (small blind) collected ($6)
Seat 4: RockKillerTY (big blind) folded before Flop


PokerStars Hand #168607274378:  Hold'em Limit ($3/$6 USD) - 2017/04/05 8:46:02 ET
Table 'Antikleia' 6-max Seat #4 is the button
Seat 3: HIGHIQ74 ($264.38 in chips)
Seat 4: RockKillerTY ($138.66 in chips)
RockKillerTY: posts small blind $1
HIGHIQ74: posts big blind $3
*** HOLE CARDS ***
RockKillerTY: folds
Uncalled bet ($2) returned to HIGHIQ74
HIGHIQ74 collected $2 from pot
*** SUMMARY ***
Total pot $2 | Rake $0
Seat 3: HIGHIQ74 (big blind) collected ($2)
Seat 4: RockKillerTY (button) (small blind) folded before Flop


PokerStars Hand #168607316449:  Hold'em Limit ($3/$6 USD) - 2017/04/05 8:47:23 ET
Table 'Antikleia' 6-max Seat #4 is the button
Seat 3: HIGHIQ74 ($259.02 in chips)
Seat 4: RockKillerTY ($143.16 in chips)
RockKillerTY: posts small blind $1
HIGHIQ74: posts big blind $3
*** HOLE CARDS ***
RockKillerTY: raises $3 to $6
HIGHIQ74: calls $3
*** FLOP *** [5c Kd 3s]
HIGHIQ74: checks
RockKillerTY: bets $3
HIGHIQ74: folds
Uncalled bet ($3) returned to RockKillerTY
RockKillerTY collected $11.76 from pot
RockKillerTY: doesn't show hand
*** SUMMARY ***
Total pot $12 | Rake $0.24
Board [5c Kd 3s]
Seat 3: HIGHIQ74 (big blind) folded on the Flop
Seat 4: RockKillerTY (button) (small blind) collected ($11.76)


PokerStars Hand #168607291076:  Hold'em Limit ($3/$6 USD) - 2017/04/05 8:46:34 ET
Table 'Antikleia' 6-max Seat #3 is the button
Seat 3: HIGHIQ74 ($277.02 in chips)
Seat 4: RockKillerTY ($125.66 in chips)
HIGHIQ74: posts small blind $1
RockKillerTY: posts big blind $3
*** HOLE CARDS ***
HIGHIQ74 said, "hu"
HIGHIQ74: calls $2
RockKillerTY said, "no"
TheCRIdol said, "ok"
RockKillerTY: checks
*** FLOP *** [4c 8c 3c]
RockKillerTY: bets $3
HIGHIQ74: calls $3
*** TURN *** [4c 8c 3c] [Kc]
TheCRIdol leaves the table
RockKillerTY: bets $6
HIGHIQ74: calls $6
*** RIVER *** [4c 8c 3c Kc] [2s]
RockKillerTY said, "any can play"
RockKillerTY: bets $6
HIGHIQ74: calls $6
*** SHOW DOWN ***
RockKillerTY: shows [Qc 8d] (a flush, King high)
HIGHIQ74: mucks hand
RockKillerTY collected $35.50 from pot
*** SUMMARY ***
Total pot $36 | Rake $0.50
Board [4c 8c 3c Kc 2s]
Seat 3: HIGHIQ74 (button) (small blind) mucked
Seat 4: RockKillerTY (big blind) showed [Qc 8d] and won ($35.50) with a flush, King high


PokerStars Hand #168607326874:  Hold'em Limit ($3/$6 USD) - 2017/04/05 8:47:42 ET
Table 'Antikleia' 6-max Seat #3 is the button
Seat 3: HIGHIQ74 ($253.02 in chips)
Seat 4: RockKillerTY ($148.92 in chips)
HIGHIQ74: posts small blind $1
RockKillerTY: posts big blind $3
*** HOLE CARDS ***
HIGHIQ74: raises $3 to $6
RockKillerTY: calls $3
*** FLOP *** [2s 4d Jh]
RockKillerTY: checks
HIGHIQ74: checks
*** TURN *** [2s 4d Jh] [Js]
RockKillerTY: bets $6
HIGHIQ74: calls $6
*** RIVER *** [2s 4d Jh Js] [5h]
Mite1981 joins the table at seat #1
RockKillerTY: checks
HIGHIQ74: checks
*** SHOW DOWN ***
RockKillerTY: shows [Qs 2d] (two pair, Jacks and Deuces)
HIGHIQ74: mucks hand
RockKillerTY collected $23.52 from pot
*** SUMMARY ***
Total pot $24 | Rake $0.48
Board [2s 4d Jh Js 5h]
Seat 3: HIGHIQ74 (button) (small blind) mucked
Seat 4: RockKillerTY (big blind) showed [Qs 2d] and won ($23.52) with two pair, Jacks and Deuces


