PokerStars Hand #154436281301:  Hold'em Limit ($3/$6 USD) - 2016/06/07 18:04:57 ET
Table 'Antilia' 6-max Seat #3 is the button
Seat 3: kipsweter ($243.25 in chips)
Seat 4: Actionni13 ($150 in chips)
kipsweter: posts small blind $1
Actionni13: posts big blind $3
*** HOLE CARDS ***
kipsweter: raises $3 to $6
Actionni13: raises $3 to $9
kipsweter: calls $3
*** FLOP *** [5c 6s 6c]
Actionni13: checks
kipsweter: checks
*** TURN *** [5c 6s 6c] [8s]
Actionni13: bets $6
kipsweter: folds
Uncalled bet ($6) returned to Actionni13
Actionni13 collected $17.64 from pot
Actionni13: doesn't show hand
*** SUMMARY ***
Total pot $18 | Rake $0.36
Board [5c 6s 6c 8s]
Seat 3: kipsweter (button) (small blind) folded on the Turn
Seat 4: Actionni13 (big blind) collected ($17.64)


PokerStars Hand #154436335180:  Hold'em Limit ($3/$6 USD) - 2016/06/07 18:06:07 ET
Table 'Antilia' 6-max Seat #4 is the button
Seat 3: kipsweter ($219.01 in chips)
Seat 4: Actionni13 ($173.14 in chips)
Actionni13: posts small blind $1
kipsweter: posts big blind $3
*** HOLE CARDS ***
Actionni13: folds
Uncalled bet ($2) returned to kipsweter
kipsweter collected $2 from pot
*** SUMMARY ***
Total pot $2 | Rake $0
Seat 3: kipsweter (big blind) collected ($2)
Seat 4: Actionni13 (button) (small blind) folded before Flop


PokerStars Hand #154436320399:  Hold'em Limit ($3/$6 USD) - 2016/06/07 18:05:48 ET
Table 'Antilia' 6-max Seat #3 is the button
Seat 3: kipsweter ($213.25 in chips)
Seat 4: Actionni13 ($179.14 in chips)
kipsweter: posts small blind $1
Actionni13: posts big blind $3
*** HOLE CARDS ***
kipsweter: raises $3 to $6
Actionni13: calls $3
*** FLOP *** [3c As 3s]
Actionni13: checks
kipsweter: checks
*** TURN *** [3c As 3s] [9d]
Actionni13: checks
kipsweter: bets $6
Actionni13: folds
Uncalled bet ($6) returned to kipsweter
kipsweter collected $11.76 from pot
*** SUMMARY ***
Total pot $12 | Rake $0.24
Board [3c As 3s 9d]
Seat 3: kipsweter (button) (small blind) collected ($11.76)
Seat 4: Actionni13 (big blind) folded on the Turn


PokerStars Hand #154436302041:  Hold'em Limit ($3/$6 USD) - 2016/06/07 18:05:24 ET
Table 'Antilia' 6-max Seat #3 is the button
Seat 3: kipsweter ($231.25 in chips)
Seat 4: Actionni13 ($161.64 in chips)
kipsweter: posts small blind $1
Actionni13: posts big blind $3
*** HOLE CARDS ***
kipsweter: raises $3 to $6
Actionni13: folds
Uncalled bet ($3) returned to kipsweter
kipsweter collected $6 from pot
*** SUMMARY ***
Total pot $6 | Rake $0
Seat 3: kipsweter (button) (small blind) collected ($6)
Seat 4: Actionni13 (big blind) folded before Flop


PokerStars Hand #154436295241:  Hold'em Limit ($3/$6 USD) - 2016/06/07 18:05:15 ET
Table 'Antilia' 6-max Seat #4 is the button
Seat 3: kipsweter ($234.25 in chips)
Seat 4: Actionni13 ($158.64 in chips)
Actionni13: posts small blind $1
kipsweter: posts big blind $3
*** HOLE CARDS ***
Actionni13: raises $3 to $6
kipsweter: folds
Uncalled bet ($3) returned to Actionni13
Actionni13 collected $6 from pot
Actionni13: doesn't show hand
*** SUMMARY ***
Total pot $6 | Rake $0
Seat 3: kipsweter (big blind) folded before Flop
Seat 4: Actionni13 (button) (small blind) collected ($6)


PokerStars Hand #154436306629:  Hold'em Limit ($3/$6 USD) - 2016/06/07 18:05:30 ET
Table 'Antilia' 6-max Seat #4 is the button
Seat 3: kipsweter ($234.25 in chips)
Seat 4: Actionni13 ($158.64 in chips)
Actionni13: posts small blind $1
kipsweter: posts big blind $3
*** HOLE CARDS ***
Actionni13: raises $3 to $6
kipsweter: calls $3
*** FLOP *** [Jh Td 6c]
kipsweter: bets $3
Actionni13: calls $3
*** TURN *** [Jh Td 6c] [2h]
kipsweter: bets $6
Actionni13: calls $6
*** RIVER *** [Jh Td 6c 2h] [8c]
kipsweter: bets $6
Actionni13: calls $6
*** SHOW DOWN ***
kipsweter: shows [Qd 7s] (high card Queen)
Actionni13: shows [Tc 5h] (a pair of Tens)
Actionni13 collected $41.50 from pot
*** SUMMARY ***
Total pot $42 | Rake $0.50
Board [Jh Td 6c 2h 8c]
Seat 3: kipsweter (big blind) showed [Qd 7s] and lost with high card Queen
Seat 4: Actionni13 (button) (small blind) showed [Tc 5h] and won ($41.50) with a pair of Tens


PokerStars Hand #154436338828:  Hold'em Limit ($3/$6 USD) - 2016/06/07 18:06:12 ET
Table 'Antilia' 6-max Seat #3 is the button
Seat 3: kipsweter ($220.01 in chips)
Seat 4: Actionni13 ($172.14 in chips)
kipsweter: posts small blind $1
Actionni13: posts big blind $3
*** HOLE CARDS ***
kipsweter: raises $3 to $6
Actionni13: folds
Uncalled bet ($3) returned to kipsweter
kipsweter collected $6 from pot
*** SUMMARY ***
Total pot $6 | Rake $0
Seat 3: kipsweter (button) (small blind) collected ($6)
Seat 4: Actionni13 (big blind) folded before Flop


PokerStars Hand #154436357289:  Hold'em Limit ($3/$6 USD) - 2016/06/07 18:06:36 ET
Table 'Antilia' 6-max Seat #3 is the button
Seat 3: kipsweter ($237.51 in chips)
Seat 4: Actionni13 ($154.14 in chips)
kipsweter: posts small blind $1
Actionni13: posts big blind $3
*** HOLE CARDS ***
kipsweter: raises $3 to $6
Actionni13: calls $3
*** FLOP *** [Tc 2s 8d]
Actionni13: checks
kipsweter: bets $3
Actionni13: calls $3
*** TURN *** [Tc 2s 8d] [Ac]
Actionni13: checks
kipsweter: bets $6
Actionni13: folds
Uncalled bet ($6) returned to kipsweter
kipsweter collected $17.64 from pot
*** SUMMARY ***
Total pot $18 | Rake $0.36
Board [Tc 2s 8d Ac]
Seat 3: kipsweter (button) (small blind) collected ($17.64)
Seat 4: Actionni13 (big blind) folded on the Turn


PokerStars Hand #154436343197:  Hold'em Limit ($3/$6 USD) - 2016/06/07 18:06:18 ET
Table 'Antilia' 6-max Seat #4 is the button
Seat 3: kipsweter ($223.01 in chips)
Seat 4: Actionni13 ($169.14 in chips)
Actionni13: posts small blind $1
kipsweter: posts big blind $3
*** HOLE CARDS ***
Actionni13: raises $3 to $6
kipsweter: calls $3
*** FLOP *** [Ad 8d 2h]
kipsweter: bets $3
Actionni13: calls $3
*** TURN *** [Ad 8d 2h] [4c]
kipsweter: bets $6
Actionni13: calls $6
*** RIVER *** [Ad 8d 2h 4c] [Th]
kipsweter: bets $6
Actionni13: folds
Uncalled bet ($6) returned to kipsweter
kipsweter collected $29.50 from pot
*** SUMMARY ***
Total pot $30 | Rake $0.50
Board [Ad 8d 2h 4c Th]
Seat 3: kipsweter (big blind) collected ($29.50)
Seat 4: Actionni13 (button) (small blind) folded on the River


PokerStars Hand #154436367854:  Hold'em Limit ($3/$6 USD) - 2016/06/07 18:06:50 ET
Table 'Antilia' 6-max Seat #4 is the button
Seat 3: kipsweter ($246.15 in chips)
Seat 4: Actionni13 ($150 in chips)
Actionni13: posts small blind $1
kipsweter: posts big blind $3
*** HOLE CARDS ***
Actionni13: raises $3 to $6
kipsweter: raises $3 to $9
Actionni13: calls $3
*** FLOP *** [Th 2c 8s]
kipsweter: bets $3
Actionni13: calls $3
*** TURN *** [Th 2c 8s] [3h]
kipsweter: bets $6
Actionni13: calls $6
*** RIVER *** [Th 2c 8s 3h] [9s]
kipsweter: bets $6
Actionni13: calls $6
*** SHOW DOWN ***
kipsweter: shows [Ah Qh] (high card Ace)
Actionni13: shows [As 3d] (a pair of Threes)
Actionni13 collected $47.50 from pot
*** SUMMARY ***
Total pot $48 | Rake $0.50
Board [Th 2c 8s 3h 9s]
Seat 3: kipsweter (big blind) showed [Ah Qh] and lost with high card Ace
Seat 4: Actionni13 (button) (small blind) showed [As 3d] and won ($47.50) with a pair of Threes


PokerStars Hand #154436426073:  Hold'em Limit ($3/$6 USD) - 2016/06/07 18:08:00 ET
Table 'Antilia' 6-max Seat #4 is the button
Seat 3: kipsweter ($209.65 in chips)
Seat 4: Actionni13 ($185 in chips)
Actionni13: posts small blind $1
kipsweter: posts big blind $3
*** HOLE CARDS ***
Actionni13: folds
Uncalled bet ($2) returned to kipsweter
kipsweter collected $2 from pot
*** SUMMARY ***
Total pot $2 | Rake $0
Seat 3: kipsweter (big blind) collected ($2)
Seat 4: Actionni13 (button) (small blind) folded before Flop


PokerStars Hand #154436400217:  Hold'em Limit ($3/$6 USD) - 2016/06/07 18:07:29 ET
Table 'Antilia' 6-max Seat #3 is the button
Seat 3: kipsweter ($195.15 in chips)
Seat 4: Actionni13 ($200 in chips)
kipsweter: posts small blind $1
Actionni13: posts big blind $3
*** HOLE CARDS ***
kipsweter: raises $3 to $6
Actionni13: calls $3
*** FLOP *** [Ah 2d 3c]
Actionni13: checks
kipsweter: bets $3
Actionni13: calls $3
*** TURN *** [Ah 2d 3c] [Tc]
Actionni13: checks
kipsweter: bets $6
Actionni13: calls $6
*** RIVER *** [Ah 2d 3c Tc] [6d]
Actionni13: checks
kipsweter: checks
*** SHOW DOWN ***
Actionni13: shows [7d 3s] (a pair of Threes)
kipsweter: shows [Js Th] (a pair of Tens)
kipsweter collected $29.50 from pot
*** SUMMARY ***
Total pot $30 | Rake $0.50
Board [Ah 2d 3c Tc 6d]
Seat 3: kipsweter (button) (small blind) showed [Js Th] and won ($29.50) with a pair of Tens
Seat 4: Actionni13 (big blind) showed [7d 3s] and lost with a pair of Threes


PokerStars Hand #154436395608:  Hold'em Limit ($3/$6 USD) - 2016/06/07 18:07:24 ET
Table 'Antilia' 6-max Seat #4 is the button
Seat 3: kipsweter ($198.15 in chips)
Seat 4: Actionni13 ($197 in chips)
Actionni13: posts small blind $1
kipsweter: posts big blind $3
*** HOLE CARDS ***
Actionni13: raises $3 to $6
kipsweter: folds
Uncalled bet ($3) returned to Actionni13
Actionni13 collected $6 from pot
Actionni13: doesn't show hand
*** SUMMARY ***
Total pot $6 | Rake $0
Seat 3: kipsweter (big blind) folded before Flop
Seat 4: Actionni13 (button) (small blind) collected ($6)


PokerStars Hand #154436381317:  Hold'em Limit ($3/$6 USD) - 2016/06/07 18:07:06 ET
Table 'Antilia' 6-max Seat #3 is the button
Seat 3: kipsweter ($222.15 in chips)
Seat 4: Actionni13 ($173.50 in chips)
kipsweter: posts small blind $1
Actionni13: posts big blind $3
*** HOLE CARDS ***
kipsweter: raises $3 to $6
Actionni13: raises $3 to $9
kipsweter: calls $3
*** FLOP *** [7c Qh 3h]
Actionni13: bets $3
kipsweter: calls $3
*** TURN *** [7c Qh 3h] [5s]
Actionni13: bets $6
kipsweter: calls $6
*** RIVER *** [7c Qh 3h 5s] [Js]
Actionni13: bets $6
kipsweter: calls $6
*** SHOW DOWN ***
Actionni13: shows [Ah Ad] (a pair of Aces)
kipsweter: mucks hand
Actionni13 collected $47.50 from pot
*** SUMMARY ***
Total pot $48 | Rake $0.50
Board [7c Qh 3h 5s Js]
Seat 3: kipsweter (button) (small blind) mucked
Seat 4: Actionni13 (big blind) showed [Ah Ad] and won ($47.50) with a pair of Aces


PokerStars Hand #154436421968:  Hold'em Limit ($3/$6 USD) - 2016/06/07 18:07:55 ET
Table 'Antilia' 6-max Seat #3 is the button
Seat 3: kipsweter ($210.65 in chips)
Seat 4: Actionni13 ($184 in chips)
kipsweter: posts small blind $1
Actionni13: posts big blind $3
*** HOLE CARDS ***
kipsweter: folds
Uncalled bet ($2) returned to Actionni13
Actionni13 collected $2 from pot
Actionni13: doesn't show hand
*** SUMMARY ***
Total pot $2 | Rake $0
Seat 3: kipsweter (button) (small blind) folded before Flop
Seat 4: Actionni13 (big blind) collected ($2)


PokerStars Hand #154436418225:  Hold'em Limit ($3/$6 USD) - 2016/06/07 18:07:51 ET
Table 'Antilia' 6-max Seat #4 is the button
Seat 3: kipsweter ($209.65 in chips)
Seat 4: Actionni13 ($185 in chips)
Actionni13: posts small blind $1
kipsweter: posts big blind $3
*** HOLE CARDS ***
Actionni13: folds
Uncalled bet ($2) returned to kipsweter
kipsweter collected $2 from pot
*** SUMMARY ***
Total pot $2 | Rake $0
Seat 3: kipsweter (big blind) collected ($2)
Seat 4: Actionni13 (button) (small blind) folded before Flop


PokerStars Hand #154436430011:  Hold'em Limit ($3/$6 USD) - 2016/06/07 18:08:05 ET
Table 'Antilia' 6-max Seat #3 is the button
Seat 3: kipsweter ($210.65 in chips)
Seat 4: Actionni13 ($184 in chips)
kipsweter: posts small blind $1
Actionni13: posts big blind $3
*** HOLE CARDS ***
kipsweter: raises $3 to $6
Actionni13: calls $3
*** FLOP *** [Jh 3c Ad]
Actionni13: checks
kipsweter: bets $3
Actionni13: raises $3 to $6
kipsweter: folds
Uncalled bet ($3) returned to Actionni13
Actionni13 collected $17.64 from pot
Actionni13: doesn't show hand
*** SUMMARY ***
Total pot $18 | Rake $0.36
Board [Jh 3c Ad]
Seat 3: kipsweter (button) (small blind) folded on the Flop
Seat 4: Actionni13 (big blind) collected ($17.64)


PokerStars Hand #154436455097:  Hold'em Limit ($3/$6 USD) - 2016/06/07 18:08:35 ET
Table 'Antilia' 6-max Seat #3 is the button
Seat 3: kipsweter ($207.41 in chips)
Seat 4: Actionni13 ($186.64 in chips)
kipsweter: posts small blind $1
Actionni13: posts big blind $3
*** HOLE CARDS ***
kipsweter: raises $3 to $6
Actionni13: calls $3
*** FLOP *** [7h 4c Qd]
Actionni13: checks
kipsweter: bets $3
Actionni13: folds
Uncalled bet ($3) returned to kipsweter
kipsweter collected $11.76 from pot
*** SUMMARY ***
Total pot $12 | Rake $0.24
Board [7h 4c Qd]
Seat 3: kipsweter (button) (small blind) collected ($11.76)
Seat 4: Actionni13 (big blind) folded on the Flop


PokerStars Hand #154436441150:  Hold'em Limit ($3/$6 USD) - 2016/06/07 18:08:18 ET
Table 'Antilia' 6-max Seat #4 is the button
Seat 3: kipsweter ($201.65 in chips)
Seat 4: Actionni13 ($192.64 in chips)
Actionni13: posts small blind $1
kipsweter: posts big blind $3
*** HOLE CARDS ***
Actionni13: raises $3 to $6
kipsweter: calls $3
*** FLOP *** [2c 3c Ac]
kipsweter: bets $3
Actionni13: folds
Uncalled bet ($3) returned to kipsweter
kipsweter collected $11.76 from pot
*** SUMMARY ***
Total pot $12 | Rake $0.24
Board [2c 3c Ac]
Seat 3: kipsweter (big blind) collected ($11.76)
Seat 4: Actionni13 (button) (small blind) folded on the Flop


PokerStars Hand #154436467223:  Hold'em Limit ($3/$6 USD) - 2016/06/07 18:08:50 ET
Table 'Antilia' 6-max Seat #4 is the button
Seat 3: kipsweter ($213.17 in chips)
Seat 4: Actionni13 ($180.64 in chips)
Actionni13: posts small blind $1
kipsweter: posts big blind $3
*** HOLE CARDS ***
Actionni13: raises $3 to $6
kipsweter: calls $3
*** FLOP *** [Tc Ah Ts]
kipsweter: checks
Actionni13: bets $3
kipsweter: calls $3
*** TURN *** [Tc Ah Ts] [Jd]
kipsweter: checks
Actionni13: checks
*** RIVER *** [Tc Ah Ts Jd] [Js]
kipsweter: bets $6
Actionni13: raises $6 to $12
kipsweter: raises $6 to $18
Actionni13: raises $6 to $24
Betting is capped
kipsweter: calls $6
*** SHOW DOWN ***
Actionni13: shows [Jh 9h] (a full house, Jacks full of Tens)
kipsweter: mucks hand
Actionni13 collected $65.50 from pot
*** SUMMARY ***
Total pot $66 | Rake $0.50
Board [Tc Ah Ts Jd Js]
Seat 3: kipsweter (big blind) mucked
Seat 4: Actionni13 (button) (small blind) showed [Jh 9h] and won ($65.50) with a full house, Jacks full of Tens


PokerStars Hand #154436518192:  Hold'em Limit ($3/$6 USD) - 2016/06/07 18:09:50 ET
Table 'Antilia' 6-max Seat #4 is the button
Seat 3: kipsweter ($174.17 in chips)
Seat 4: Actionni13 ($218.90 in chips)
Actionni13: posts small blind $1
kipsweter: posts big blind $3
*** HOLE CARDS ***
Actionni13: raises $3 to $6
kipsweter: raises $3 to $9
Actionni13: calls $3
*** FLOP *** [Jc 4s Qc]
dmonr joins the table at seat #1
kipsweter: bets $3
Actionni13: calls $3
*** TURN *** [Jc 4s Qc] [Jd]
kipsweter: bets $6
Actionni13: calls $6
*** RIVER *** [Jc 4s Qc Jd] [2s]
kipsweter: bets $6
Actionni13: calls $6
*** SHOW DOWN ***
kipsweter: shows [Kh Ad] (a pair of Jacks)
Actionni13: shows [Qh 7c] (two pair, Queens and Jacks)
Actionni13 collected $47.50 from pot
*** SUMMARY ***
Total pot $48 | Rake $0.50
Board [Jc 4s Qc Jd 2s]
Seat 3: kipsweter (big blind) showed [Kh Ad] and lost with a pair of Jacks
Seat 4: Actionni13 (button) (small blind) showed [Qh 7c] and won ($47.50) with two pair, Queens and Jacks


PokerStars Hand #154436488321:  Hold'em Limit ($3/$6 USD) - 2016/06/07 18:09:15 ET
Table 'Antilia' 6-max Seat #3 is the button
Seat 3: kipsweter ($180.17 in chips)
Seat 4: Actionni13 ($213.14 in chips)
kipsweter: posts small blind $1
Actionni13: posts big blind $3
*** HOLE CARDS ***
kipsweter: raises $3 to $6
Actionni13: calls $3
*** FLOP *** [9d Tc 4h]
Actionni13: checks
kipsweter: checks
*** TURN *** [9d Tc 4h] [8d]
Actionni13: bets $6
kipsweter: folds
Uncalled bet ($6) returned to Actionni13
Actionni13 collected $11.76 from pot
Actionni13: doesn't show hand
*** SUMMARY ***
Total pot $12 | Rake $0.24
Board [9d Tc 4h 8d]
Seat 3: kipsweter (button) (small blind) folded on the Turn
Seat 4: Actionni13 (big blind) collected ($11.76)


PokerStars Hand #154436533614:  Hold'em Limit ($3/$6 USD) - 2016/06/07 18:10:09 ET
Table 'Antilia' 6-max Seat #3 is the button
Seat 3: kipsweter ($150.17 in chips)
Seat 4: Actionni13 ($242.40 in chips)
kipsweter: posts small blind $1
Actionni13: posts big blind $3
*** HOLE CARDS ***
kipsweter: raises $3 to $6
Actionni13: calls $3
*** FLOP *** [6s Qc 8s]
Actionni13: checks
kipsweter: checks
*** TURN *** [6s Qc 8s] [7c]
Actionni13: bets $6
kipsweter: raises $6 to $12
Actionni13: calls $6
*** RIVER *** [6s Qc 8s 7c] [2s]
Actionni13: checks
kipsweter: bets $6
Actionni13: calls $6
*** SHOW DOWN ***
kipsweter: shows [5h 9h] (a straight, Five to Nine)
Actionni13: mucks hand
kipsweter collected $47.50 from pot
*** SUMMARY ***
Total pot $48 | Rake $0.50
Board [6s Qc 8s 7c 2s]
Seat 3: kipsweter (button) (small blind) showed [5h 9h] and won ($47.50) with a straight, Five to Nine
Seat 4: Actionni13 (big blind) mucked


PokerStars Hand #154436685689:  Hold'em Limit ($3/$6 USD) - 2016/06/07 18:13:04 ET
Table 'Antilia' 6-max Seat #1 is the button
Seat 1: dmonr ($59.17 in chips)
Seat 4: Actionni13 ($158.28 in chips)
dmonr: posts small blind $1
Actionni13: posts big blind $3
*** HOLE CARDS ***
dmonr: raises $3 to $6
Actionni13: folds
Uncalled bet ($3) returned to dmonr
dmonr collected $6 from pot
dmonr: doesn't show hand
*** SUMMARY ***
Total pot $6 | Rake $0
Seat 1: dmonr (button) (small blind) collected ($6)
Seat 4: Actionni13 (big blind) folded before Flop


PokerStars Hand #154436680752:  Hold'em Limit ($3/$6 USD) - 2016/06/07 18:12:58 ET
Table 'Antilia' 6-max Seat #4 is the button
Seat 1: dmonr ($62.17 in chips)
Seat 4: Actionni13 ($155.28 in chips)
Actionni13: posts small blind $1
dmonr: posts big blind $3
*** HOLE CARDS ***
Actionni13: raises $3 to $6
dmonr: folds
Uncalled bet ($3) returned to Actionni13
Actionni13 collected $6 from pot
Actionni13: doesn't show hand
*** SUMMARY ***
Total pot $6 | Rake $0
Seat 1: dmonr (big blind) folded before Flop
Seat 4: Actionni13 (button) (small blind) collected ($6)


PokerStars Hand #154436668730:  Hold'em Limit ($3/$6 USD) - 2016/06/07 18:12:43 ET
Table 'Antilia' 6-max Seat #1 is the button
Seat 1: dmonr ($65.17 in chips)
Seat 4: Actionni13 ($152.40 in chips)
dmonr: posts small blind $1
Actionni13: posts big blind $3
*** HOLE CARDS ***
dmonr: calls $2
Actionni13: checks
*** FLOP *** [4c 9h 2c]
Actionni13: checks
dmonr: checks
*** TURN *** [4c 9h 2c] [Qh]
Actionni13: checks
dmonr: checks
*** RIVER *** [4c 9h 2c Qh] [7h]
Actionni13: checks
dmonr: checks
*** SHOW DOWN ***
Actionni13: shows [Kd 6h] (high card King)
dmonr: mucks hand
Actionni13 collected $5.88 from pot
*** SUMMARY ***
Total pot $6 | Rake $0.12
Board [4c 9h 2c Qh 7h]
Seat 1: dmonr (button) (small blind) mucked
Seat 4: Actionni13 (big blind) showed [Kd 6h] and won ($5.88) with high card King


PokerStars Hand #154436731990:  Hold'em Limit ($3/$6 USD) - 2016/06/07 18:14:01 ET
Table 'Antilia' 6-max Seat #4 is the button
Seat 1: dmonr ($40.81 in chips)
Seat 4: Actionni13 ($175.54 in chips)
Actionni13: posts small blind $1
dmonr: posts big blind $3
*** HOLE CARDS ***
Actionni13: raises $3 to $6
dmonr: calls $3
*** FLOP *** [7h Kc 8h]
dmonr: bets $3
Actionni13: raises $3 to $6
dmonr: raises $3 to $9
Actionni13: calls $3
*** TURN *** [7h Kc 8h] [5s]
dmonr: bets $6
Actionni13: calls $6
*** RIVER *** [7h Kc 8h 5s] [9c]
dmonr: bets $6
Actionni13: calls $6
*** SHOW DOWN ***
dmonr: shows [8s Kh] (two pair, Kings and Eights)
Actionni13: mucks hand
dmonr collected $53.50 from pot
*** SUMMARY ***
Total pot $54 | Rake $0.50
Board [7h Kc 8h 5s 9c]
Seat 1: dmonr (big blind) showed [8s Kh] and won ($53.50) with two pair, Kings and Eights
Seat 4: Actionni13 (button) (small blind) mucked


PokerStars Hand #154436689944:  Hold'em Limit ($3/$6 USD) - 2016/06/07 18:13:09 ET
Table 'Antilia' 6-max Seat #4 is the button
Seat 1: dmonr ($62.17 in chips)
Seat 4: Actionni13 ($155.28 in chips)
Actionni13: posts small blind $1
dmonr: posts big blind $3
*** HOLE CARDS ***
Actionni13: raises $3 to $6
dmonr: calls $3
*** FLOP *** [3s Jc 9d]
dmonr: bets $3
Actionni13: calls $3
*** TURN *** [3s Jc 9d] [3h]
dmonr: bets $6
Actionni13: raises $6 to $12
dmonr: calls $6
*** RIVER *** [3s Jc 9d 3h] [Qd]
dmonr: checks
Actionni13: bets $6
dmonr: calls $6
*** SHOW DOWN ***
Actionni13: shows [Js As] (two pair, Jacks and Threes)
dmonr: mucks hand
Actionni13 collected $53.50 from pot
*** SUMMARY ***
Total pot $54 | Rake $0.50
Board [3s Jc 9d 3h Qd]
Seat 1: dmonr (big blind) mucked
Seat 4: Actionni13 (button) (small blind) showed [Js As] and won ($53.50) with two pair, Jacks and Threes


PokerStars Hand #154436722264:  Hold'em Limit ($3/$6 USD) - 2016/06/07 18:13:49 ET
Table 'Antilia' 6-max Seat #1 is the button
Seat 1: dmonr ($46.81 in chips)
Seat 4: Actionni13 ($169.78 in chips)
dmonr: posts small blind $1
Actionni13: posts big blind $3
*** HOLE CARDS ***
dmonr: calls $2
Actionni13: raises $3 to $6
dmonr: calls $3
*** FLOP *** [7c Qs Jh]
Actionni13: bets $3
dmonr: folds
Uncalled bet ($3) returned to Actionni13
Actionni13 collected $11.76 from pot
Actionni13: doesn't show hand
*** SUMMARY ***
Total pot $12 | Rake $0.24
Board [7c Qs Jh]
Seat 1: dmonr (button) (small blind) folded on the Flop
Seat 4: Actionni13 (big blind) collected ($11.76)


PokerStars Hand #154436713654:  Hold'em Limit ($3/$6 USD) - 2016/06/07 18:13:38 ET
Table 'Antilia' 6-max Seat #4 is the button
Seat 1: dmonr ($38.17 in chips)
Seat 4: Actionni13 ($178.78 in chips)
Actionni13: posts small blind $1
dmonr: posts big blind $3
*** HOLE CARDS ***
Actionni13: raises $3 to $6
dmonr: raises $3 to $9
Actionni13: calls $3
*** FLOP *** [7c 3s As]
dmonr: bets $3
Actionni13: folds
Uncalled bet ($3) returned to dmonr
dmonr collected $17.64 from pot
dmonr: doesn't show hand
*** SUMMARY ***
Total pot $18 | Rake $0.36
Board [7c 3s As]
Seat 1: dmonr (big blind) collected ($17.64)
Seat 4: Actionni13 (button) (small blind) folded on the Flop


PokerStars Hand #154436708057:  Hold'em Limit ($3/$6 USD) - 2016/06/07 18:13:31 ET
Table 'Antilia' 6-max Seat #1 is the button
Seat 1: dmonr ($35.17 in chips)
Seat 4: Actionni13 ($181.78 in chips)
dmonr: posts small blind $1
Actionni13: posts big blind $3
*** HOLE CARDS ***
dmonr: raises $3 to $6
Actionni13: folds
Uncalled bet ($3) returned to dmonr
dmonr collected $6 from pot
dmonr: doesn't show hand
*** SUMMARY ***
Total pot $6 | Rake $0
Seat 1: dmonr (button) (small blind) collected ($6)
Seat 4: Actionni13 (big blind) folded before Flop


PokerStars Hand #154436785043:  Hold'em Limit ($3/$6 USD) - 2016/06/07 18:15:07 ET
Table 'Antilia' 6-max Seat #1 is the button
Seat 1: dmonr ($53.19 in chips)
Seat 4: Actionni13 ($163.50 in chips)
dmonr: posts small blind $1
Actionni13: posts big blind $3
*** HOLE CARDS ***
dmonr: calls $2
Actionni13: raises $3 to $6
dmonr: calls $3
*** FLOP *** [6s Kh 3c]
Actionni13: bets $3
dmonr: folds
Uncalled bet ($3) returned to Actionni13
Actionni13 collected $11.76 from pot
Actionni13: doesn't show hand
*** SUMMARY ***
Total pot $12 | Rake $0.24
Board [6s Kh 3c]
Seat 1: dmonr (button) (small blind) folded on the Flop
Seat 4: Actionni13 (big blind) collected ($11.76)


PokerStars Hand #154436781245:  Hold'em Limit ($3/$6 USD) - 2016/06/07 18:15:03 ET
Table 'Antilia' 6-max Seat #4 is the button
Seat 1: dmonr ($52.19 in chips)
Seat 4: Actionni13 ($164.50 in chips)
Actionni13: posts small blind $1
dmonr: posts big blind $3
*** HOLE CARDS ***
Actionni13: folds
Uncalled bet ($2) returned to dmonr
dmonr collected $2 from pot
dmonr: doesn't show hand
*** SUMMARY ***
Total pot $2 | Rake $0
Seat 1: dmonr (big blind) collected ($2)
Seat 4: Actionni13 (button) (small blind) folded before Flop


PokerStars Hand #154436769466:  Hold'em Limit ($3/$6 USD) - 2016/06/07 18:14:48 ET
Table 'Antilia' 6-max Seat #1 is the button
Seat 1: dmonr ($49.31 in chips)
Seat 4: Actionni13 ($167.50 in chips)
dmonr: posts small blind $1
Actionni13: posts big blind $3
*** HOLE CARDS ***
dmonr: calls $2
Actionni13: checks
*** FLOP *** [5h Tc 8c]
Actionni13: checks
dmonr: checks
*** TURN *** [5h Tc 8c] [5c]
Actionni13: checks
dmonr: bets $6
Actionni13: folds
Uncalled bet ($6) returned to dmonr
dmonr collected $5.88 from pot
dmonr: doesn't show hand
*** SUMMARY ***
Total pot $6 | Rake $0.12
Board [5h Tc 8c 5c]
Seat 1: dmonr (button) (small blind) collected ($5.88)
Seat 4: Actionni13 (big blind) folded on the Turn


PokerStars Hand #154436764537:  Hold'em Limit ($3/$6 USD) - 2016/06/07 18:14:42 ET
Table 'Antilia' 6-max Seat #4 is the button
Seat 1: dmonr ($52.31 in chips)
Seat 4: Actionni13 ($164.50 in chips)
Actionni13: posts small blind $1
dmonr: posts big blind $3
*** HOLE CARDS ***
Actionni13: raises $3 to $6
dmonr: folds
Uncalled bet ($3) returned to Actionni13
Actionni13 collected $6 from pot
Actionni13: doesn't show hand
*** SUMMARY ***
Total pot $6 | Rake $0
Seat 1: dmonr (big blind) folded before Flop
Seat 4: Actionni13 (button) (small blind) collected ($6)


PokerStars Hand #154436748768:  Hold'em Limit ($3/$6 USD) - 2016/06/07 18:14:22 ET
Table 'Antilia' 6-max Seat #1 is the button
Seat 1: dmonr ($67.31 in chips)
Seat 4: Actionni13 ($150 in chips)
dmonr: posts small blind $1
Actionni13: posts big blind $3
*** HOLE CARDS ***
dmonr: calls $2
Actionni13: checks
*** FLOP *** [5c Qh Tc]
Actionni13: checks
dmonr: checks
*** TURN *** [5c Qh Tc] [Qd]
Actionni13: checks
dmonr: bets $6
Actionni13: calls $6
*** RIVER *** [5c Qh Tc Qd] [Js]
Actionni13: checks
dmonr: bets $6
Actionni13: calls $6
*** SHOW DOWN ***
dmonr: shows [7s 7h] (two pair, Queens and Sevens)
Actionni13: shows [Th 8s] (two pair, Queens and Tens)
Actionni13 collected $29.50 from pot
*** SUMMARY ***
Total pot $30 | Rake $0.50
Board [5c Qh Tc Qd Js]
Seat 1: dmonr (button) (small blind) showed [7s 7h] and lost with two pair, Queens and Sevens
Seat 4: Actionni13 (big blind) showed [Th 8s] and won ($29.50) with two pair, Queens and Tens


PokerStars Hand #154436822661:  Hold'em Limit ($3/$6 USD) - 2016/06/07 18:15:56 ET
Table 'Antilia' 6-max Seat #4 is the button
Seat 1: dmonr ($58.69 in chips)
Seat 4: Actionni13 ($157.14 in chips)
Actionni13: posts small blind $1
dmonr: posts big blind $3
*** HOLE CARDS ***
Actionni13: raises $3 to $6
dmonr: folds
Uncalled bet ($3) returned to Actionni13
Actionni13 collected $6 from pot
*** SUMMARY ***
Total pot $6 | Rake $0
Seat 1: dmonr (big blind) folded before Flop
Seat 4: Actionni13 (button) (small blind) collected ($6)


PokerStars Hand #154436807554:  Hold'em Limit ($3/$6 USD) - 2016/06/07 18:15:37 ET
Table 'Antilia' 6-max Seat #1 is the button
Seat 1: dmonr ($61.69 in chips)
Seat 4: Actionni13 ($154.26 in chips)
dmonr: posts small blind $1
Actionni13: posts big blind $3
*** HOLE CARDS ***
dmonr: calls $2
Actionni13: checks
*** FLOP *** [8s Jc 3h]
Actionni13: checks
dmonr: checks
*** TURN *** [8s Jc 3h] [9s]
Actionni13: checks
dmonr: checks
*** RIVER *** [8s Jc 3h 9s] [9h]
Actionni13: bets $6
dmonr: folds
Uncalled bet ($6) returned to Actionni13
Actionni13 collected $5.88 from pot
Actionni13: doesn't show hand
*** SUMMARY ***
Total pot $6 | Rake $0.12
Board [8s Jc 3h 9s 9h]
Seat 1: dmonr (button) (small blind) folded on the River
Seat 4: Actionni13 (big blind) collected ($5.88)


PokerStars Hand #154436839561:  Hold'em Limit ($3/$6 USD) - 2016/06/07 18:16:18 ET
Table 'Antilia' 6-max Seat #4 is the button
Seat 1: dmonr ($58.57 in chips)
Seat 4: Actionni13 ($157.14 in chips)
Actionni13: posts small blind $1
dmonr: posts big blind $3
*** HOLE CARDS ***
Actionni13: raises $3 to $6
dmonr: folds
Uncalled bet ($3) returned to Actionni13
Actionni13 collected $6 from pot
Actionni13: doesn't show hand
*** SUMMARY ***
Total pot $6 | Rake $0
Seat 1: dmonr (big blind) folded before Flop
Seat 4: Actionni13 (button) (small blind) collected ($6)


PokerStars Hand #154436827929:  Hold'em Limit ($3/$6 USD) - 2016/06/07 18:16:03 ET
Table 'Antilia' 6-max Seat #1 is the button
Seat 1: dmonr ($55.69 in chips)
Seat 4: Actionni13 ($160.14 in chips)
dmonr: posts small blind $1
Actionni13: posts big blind $3
*** HOLE CARDS ***
dmonr: calls $2
Actionni13: checks
*** FLOP *** [3s Ac 8s]
Actionni13: checks
dmonr: checks
*** TURN *** [3s Ac 8s] [Td]
Actionni13: checks
dmonr: bets $6
Actionni13: folds
Uncalled bet ($6) returned to dmonr
dmonr collected $5.88 from pot
dmonr: doesn't show hand
*** SUMMARY ***
Total pot $6 | Rake $0.12
Board [3s Ac 8s Td]
Seat 1: dmonr (button) (small blind) collected ($5.88)
Seat 4: Actionni13 (big blind) folded on the Turn


PokerStars Hand #154436793130:  Hold'em Limit ($3/$6 USD) - 2016/06/07 18:15:18 ET
Table 'Antilia' 6-max Seat #4 is the button
Seat 1: dmonr ($47.19 in chips)
Seat 4: Actionni13 ($169.26 in chips)
Actionni13: posts small blind $1
dmonr: posts big blind $3
*** HOLE CARDS ***
Actionni13: raises $3 to $6
dmonr: calls $3
*** FLOP *** [4c 3h Jd]
dmonr: bets $3
Actionni13: calls $3
*** TURN *** [4c 3h Jd] [2d]
dmonr: bets $6
Actionni13: calls $6
*** RIVER *** [4c 3h Jd 2d] [Ks]
dmonr: bets $6
Actionni13: folds
Uncalled bet ($6) returned to dmonr
dmonr collected $29.50 from pot
dmonr: doesn't show hand
*** SUMMARY ***
Total pot $30 | Rake $0.50
Board [4c 3h Jd 2d Ks]
Seat 1: dmonr (big blind) collected ($29.50)
Seat 4: Actionni13 (button) (small blind) folded on the River


PokerStars Hand #154436844173:  Hold'em Limit ($3/$6 USD) - 2016/06/07 18:16:24 ET
Table 'Antilia' 6-max Seat #1 is the button
Seat 1: dmonr ($55.57 in chips)
Seat 4: Actionni13 ($160.14 in chips)
dmonr: posts small blind $1
Actionni13: posts big blind $3
*** HOLE CARDS ***
dmonr: calls $2
Actionni13: checks
*** FLOP *** [8c 2c Qs]
Actionni13: bets $3
dmonr: folds
Uncalled bet ($3) returned to Actionni13
Actionni13 collected $5.88 from pot
Actionni13: doesn't show hand
*** SUMMARY ***
Total pot $6 | Rake $0.12
Board [8c 2c Qs]
Seat 1: dmonr (button) (small blind) folded on the Flop
Seat 4: Actionni13 (big blind) collected ($5.88)


PokerStars Hand #154436871041:  Hold'em Limit ($3/$6 USD) - 2016/06/07 18:16:59 ET
Table 'Antilia' 6-max Seat #4 is the button
Seat 1: dmonr ($65.09 in chips)
Seat 4: Actionni13 ($150.02 in chips)
Actionni13: posts small blind $1
dmonr: posts big blind $3
*** HOLE CARDS ***
anetkaapro joins the table at seat #2
Actionni13: folds
Uncalled bet ($2) returned to dmonr
dmonr collected $2 from pot
dmonr: doesn't show hand
*** SUMMARY ***
Total pot $2 | Rake $0
Seat 1: dmonr (big blind) collected ($2)
Seat 4: Actionni13 (button) (small blind) folded before Flop


PokerStars Hand #154436855350:  Hold'em Limit ($3/$6 USD) - 2016/06/07 18:16:38 ET
Table 'Antilia' 6-max Seat #1 is the button
Seat 1: dmonr ($53.57 in chips)
Seat 4: Actionni13 ($162.02 in chips)
dmonr: posts small blind $1
Actionni13: posts big blind $3
*** HOLE CARDS ***
dmonr: calls $2
Actionni13: checks
*** FLOP *** [3c 5c 8d]
Actionni13: bets $3
dmonr: calls $3
*** TURN *** [3c 5c 8d] [Ah]
Actionni13: bets $6
dmonr: calls $6
*** RIVER *** [3c 5c 8d Ah] [9d]
Actionni13: checks
dmonr: bets $6
Actionni13: folds
Uncalled bet ($6) returned to dmonr
dmonr collected $23.52 from pot
dmonr: doesn't show hand
*** SUMMARY ***
Total pot $24 | Rake $0.48
Board [3c 5c 8d Ah 9d]
Seat 1: dmonr (button) (small blind) collected ($23.52)
Seat 4: Actionni13 (big blind) folded on the River


PokerStars Hand #154436851559:  Hold'em Limit ($3/$6 USD) - 2016/06/07 18:16:34 ET
Table 'Antilia' 6-max Seat #4 is the button
Seat 1: dmonr ($52.57 in chips)
Seat 4: Actionni13 ($163.02 in chips)
Actionni13: posts small blind $1
dmonr: posts big blind $3
*** HOLE CARDS ***
Actionni13: folds
Uncalled bet ($2) returned to dmonr
dmonr collected $2 from pot
dmonr: doesn't show hand
*** SUMMARY ***
Total pot $2 | Rake $0
Seat 1: dmonr (big blind) collected ($2)
Seat 4: Actionni13 (button) (small blind) folded before Flop


