PokerStars Hand #148549469373:  Hold'em Limit ($3/$6 USD) - 2016/02/10 5:33:16 ET
Table 'Antilochus' 2-max Seat #2 is the button
Seat 1: Agrotait ($72 in chips)
Seat 2: partyalex92 ($45.90 in chips)
partyalex92: posts small blind $1
Agrotait: posts big blind $3
*** HOLE CARDS ***
partyalex92: calls $2
Agrotait: checks
*** FLOP *** [2h 8s 6s]
Agrotait: bets $3
partyalex92: calls $3
*** TURN *** [2h 8s 6s] [Jc]
Agrotait: bets $6
partyalex92: calls $6
*** RIVER *** [2h 8s 6s Jc] [8d]
Agrotait: bets $6
partyalex92: folds
Uncalled bet ($6) returned to Agrotait
Agrotait collected $23.52 from pot
Agrotait: doesn't show hand
*** SUMMARY ***
Total pot $24 | Rake $0.48
Board [2h 8s 6s Jc 8d]
Seat 1: Agrotait (big blind) collected ($23.52)
Seat 2: partyalex92 (button) (small blind) folded on the River


PokerStars Hand #148549489652:  Hold'em Limit ($3/$6 USD) - 2016/02/10 5:33:57 ET
Table 'Antilochus' 2-max Seat #2 is the button
Seat 1: Agrotait ($89.28 in chips)
Seat 2: partyalex92 ($27.90 in chips)
partyalex92: posts small blind $1
Agrotait: posts big blind $3
*** HOLE CARDS ***
partyalex92: calls $2
Agrotait: checks
*** FLOP *** [Qc 6h 6c]
Agrotait: bets $3
partyalex92: calls $3
*** TURN *** [Qc 6h 6c] [9h]
Agrotait: checks
partyalex92: bets $6
Agrotait: calls $6
*** RIVER *** [Qc 6h 6c 9h] [Qd]
Agrotait: checks
partyalex92: checks
*** SHOW DOWN ***
Agrotait: shows [Jh 8h] (two pair, Queens and Sixes)
partyalex92: shows [Ks Kc] (two pair, Kings and Queens)
partyalex92 collected $23.52 from pot
*** SUMMARY ***
Total pot $24 | Rake $0.48
Board [Qc 6h 6c 9h Qd]
Seat 1: Agrotait (big blind) showed [Jh 8h] and lost with two pair, Queens and Sixes
Seat 2: partyalex92 (button) (small blind) showed [Ks Kc] and won ($23.52) with two pair, Kings and Queens


PokerStars Hand #148549481748:  Hold'em Limit ($3/$6 USD) - 2016/02/10 5:33:41 ET
Table 'Antilochus' 2-max Seat #1 is the button
Seat 1: Agrotait ($83.52 in chips)
Seat 2: partyalex92 ($33.90 in chips)
Agrotait: posts small blind $1
partyalex92: posts big blind $3
*** HOLE CARDS ***
Agrotait: raises $3 to $6
partyalex92: calls $3
*** FLOP *** [Jh 7c Th]
partyalex92: checks
Agrotait: bets $3
partyalex92: folds
Uncalled bet ($3) returned to Agrotait
Agrotait collected $11.76 from pot
Agrotait: doesn't show hand
*** SUMMARY ***
Total pot $12 | Rake $0.24
Board [Jh 7c Th]
Seat 1: Agrotait (button) (small blind) collected ($11.76)
Seat 2: partyalex92 (big blind) folded on the Flop


PokerStars Hand #148549529327:  Hold'em Limit ($3/$6 USD) - 2016/02/10 5:35:17 ET
Table 'Antilochus' 2-max Seat #2 is the button
Seat 1: Agrotait ($95.56 in chips)
Seat 2: partyalex92 ($20.42 in chips)
partyalex92: posts small blind $1
Agrotait: posts big blind $3
*** HOLE CARDS ***
partyalex92: raises $3 to $6
Agrotait: raises $3 to $9
partyalex92: calls $3
*** FLOP *** [5s 8c 6c]
Agrotait: bets $3
partyalex92: calls $3
*** TURN *** [5s 8c 6c] [Qc]
Agrotait: bets $6
partyalex92: calls $6
*** RIVER *** [5s 8c 6c Qc] [Kd]
Agrotait: checks
partyalex92: checks
*** SHOW DOWN ***
Agrotait: shows [7s As] (high card Ace)
partyalex92: shows [9d Kh] (a pair of Kings)
partyalex92 collected $35.50 from pot
*** SUMMARY ***
Total pot $36 | Rake $0.50
Board [5s 8c 6c Qc Kd]
Seat 1: Agrotait (big blind) showed [7s As] and lost with high card Ace
Seat 2: partyalex92 (button) (small blind) showed [9d Kh] and won ($35.50) with a pair of Kings


PokerStars Hand #148549520436:  Hold'em Limit ($3/$6 USD) - 2016/02/10 5:34:59 ET
Table 'Antilochus' 2-max Seat #1 is the button
Seat 1: Agrotait ($86.92 in chips)
Seat 2: partyalex92 ($29.42 in chips)
Agrotait: posts small blind $1
partyalex92: posts big blind $3
*** HOLE CARDS ***
Agrotait: raises $3 to $6
partyalex92: calls $3
*** FLOP *** [2c Ks 5s]
partyalex92: checks
Agrotait: bets $3
partyalex92: calls $3
*** TURN *** [2c Ks 5s] [8d]
partyalex92: checks
Agrotait: bets $6
partyalex92: folds
Uncalled bet ($6) returned to Agrotait
Agrotait collected $17.64 from pot
Agrotait: doesn't show hand
*** SUMMARY ***
Total pot $18 | Rake $0.36
Board [2c Ks 5s 8d]
Seat 1: Agrotait (button) (small blind) collected ($17.64)
Seat 2: partyalex92 (big blind) folded on the Turn


PokerStars Hand #148549517904:  Hold'em Limit ($3/$6 USD) - 2016/02/10 5:34:54 ET
Table 'Antilochus' 2-max Seat #2 is the button
Seat 1: Agrotait ($85.92 in chips)
Seat 2: partyalex92 ($30.42 in chips)
partyalex92: posts small blind $1
Agrotait: posts big blind $3
*** HOLE CARDS ***
partyalex92: folds
Uncalled bet ($2) returned to Agrotait
Agrotait collected $2 from pot
Agrotait: doesn't show hand
*** SUMMARY ***
Total pot $2 | Rake $0
Seat 1: Agrotait (big blind) collected ($2)
Seat 2: partyalex92 (button) (small blind) folded before Flop


PokerStars Hand #148549506345:  Hold'em Limit ($3/$6 USD) - 2016/02/10 5:34:31 ET
Table 'Antilochus' 2-max Seat #1 is the button
Seat 1: Agrotait ($77.28 in chips)
Seat 2: partyalex92 ($39.42 in chips)
Agrotait: posts small blind $1
partyalex92: posts big blind $3
*** HOLE CARDS ***
Agrotait: raises $3 to $6
partyalex92: calls $3
*** FLOP *** [4d 4h 6d]
partyalex92: bets $3
Agrotait: calls $3
*** TURN *** [4d 4h 6d] [6h]
partyalex92: checks
Agrotait: bets $6
partyalex92: folds
Uncalled bet ($6) returned to Agrotait
Agrotait collected $17.64 from pot
Agrotait: doesn't show hand
*** SUMMARY ***
Total pot $18 | Rake $0.36
Board [4d 4h 6d 6h]
Seat 1: Agrotait (button) (small blind) collected ($17.64)
Seat 2: partyalex92 (big blind) folded on the Turn


PokerStars Hand #148549560738:  Hold'em Limit ($3/$6 USD) - 2016/02/10 5:36:20 ET
Table 'Antilochus' 2-max Seat #1 is the button
Seat 1: Agrotait ($83.52 in chips)
Seat 2: partyalex92 ($43.42 in chips)
Agrotait: posts small blind $1
partyalex92: posts big blind $3
*** HOLE CARDS ***
Agrotait: raises $3 to $6
partyalex92: calls $3
*** FLOP *** [Td 6c Qd]
partyalex92: checks
Agrotait: bets $3
partyalex92: calls $3
*** TURN *** [Td 6c Qd] [Qh]
partyalex92: checks
Agrotait: checks
*** RIVER *** [Td 6c Qd Qh] [Qc]
partyalex92: bets $6
Agrotait: folds
Uncalled bet ($6) returned to partyalex92
partyalex92 collected $17.64 from pot
*** SUMMARY ***
Total pot $18 | Rake $0.36
Board [Td 6c Qd Qh Qc]
Seat 1: Agrotait (button) (small blind) folded on the River
Seat 2: partyalex92 (big blind) collected ($17.64)


PokerStars Hand #148549551008:  Hold'em Limit ($3/$6 USD) - 2016/02/10 5:36:00 ET
Table 'Antilochus' 2-max Seat #2 is the button
Seat 1: Agrotait ($72 in chips)
Seat 2: partyalex92 ($55.42 in chips)
partyalex92: posts small blind $1
Agrotait: posts big blind $3
*** HOLE CARDS ***
partyalex92: raises $3 to $6
Agrotait: calls $3
*** FLOP *** [9h 2c Qh]
Agrotait: checks
partyalex92: checks
*** TURN *** [9h 2c Qh] [Qs]
Agrotait: bets $6
partyalex92: calls $6
*** RIVER *** [9h 2c Qh Qs] [4s]
Agrotait: bets $6
partyalex92: folds
Uncalled bet ($6) returned to Agrotait
Agrotait collected $23.52 from pot
Agrotait: doesn't show hand
*** SUMMARY ***
Total pot $24 | Rake $0.48
Board [9h 2c Qh Qs 4s]
Seat 1: Agrotait (big blind) collected ($23.52)
Seat 2: partyalex92 (button) (small blind) folded on the River


PokerStars Hand #148549539802:  Hold'em Limit ($3/$6 USD) - 2016/02/10 5:35:38 ET
Table 'Antilochus' 2-max Seat #1 is the button
Seat 1: Agrotait ($77.56 in chips)
Seat 2: partyalex92 ($37.92 in chips)
Agrotait: posts small blind $1
partyalex92: posts big blind $3
*** HOLE CARDS ***
Agrotait: raises $3 to $6
partyalex92: calls $3
*** FLOP *** [3d Kh 9h]
partyalex92: checks
Agrotait: bets $3
partyalex92: raises $3 to $6
Agrotait: calls $3
*** TURN *** [3d Kh 9h] [Td]
partyalex92: bets $6
Agrotait: calls $6
*** RIVER *** [3d Kh 9h Td] [5d]
partyalex92: checks
Agrotait: checks
*** SHOW DOWN ***
partyalex92: shows [5h 6s] (a pair of Fives)
Agrotait: mucks hand
partyalex92 collected $35.50 from pot
*** SUMMARY ***
Total pot $36 | Rake $0.50
Board [3d Kh 9h Td 5d]
Seat 1: Agrotait (button) (small blind) mucked
Seat 2: partyalex92 (big blind) showed [5h 6s] and won ($35.50) with a pair of Fives


PokerStars Hand #148549598918:  Hold'em Limit ($3/$6 USD) - 2016/02/10 5:37:36 ET
Table 'Antilochus' 2-max Seat #1 is the button
Seat 1: Agrotait ($92.90 in chips)
Seat 2: partyalex92 ($32.82 in chips)
Agrotait: posts small blind $1
partyalex92: posts big blind $3
*** HOLE CARDS ***
Agrotait: raises $3 to $6
partyalex92: calls $3
*** FLOP *** [6c 4c 5h]
partyalex92: checks
Agrotait: bets $3
partyalex92: calls $3
*** TURN *** [6c 4c 5h] [As]
partyalex92: checks
Agrotait: bets $6
partyalex92: folds
Uncalled bet ($6) returned to Agrotait
Agrotait collected $17.64 from pot
Agrotait: doesn't show hand
*** SUMMARY ***
Total pot $18 | Rake $0.36
Board [6c 4c 5h As]
Seat 1: Agrotait (button) (small blind) collected ($17.64)
Seat 2: partyalex92 (big blind) folded on the Turn


PokerStars Hand #148549596595:  Hold'em Limit ($3/$6 USD) - 2016/02/10 5:37:32 ET
Table 'Antilochus' 2-max Seat #2 is the button
Seat 1: Agrotait ($91.90 in chips)
Seat 2: partyalex92 ($33.82 in chips)
partyalex92: posts small blind $1
Agrotait: posts big blind $3
*** HOLE CARDS ***
partyalex92: folds
Uncalled bet ($2) returned to Agrotait
Agrotait collected $2 from pot
Agrotait: doesn't show hand
*** SUMMARY ***
Total pot $2 | Rake $0
Seat 1: Agrotait (big blind) collected ($2)
Seat 2: partyalex92 (button) (small blind) folded before Flop


PokerStars Hand #148549584007:  Hold'em Limit ($3/$6 USD) - 2016/02/10 5:37:07 ET
Table 'Antilochus' 2-max Seat #1 is the button
Seat 1: Agrotait ($68.40 in chips)
Seat 2: partyalex92 ($57.82 in chips)
Agrotait: posts small blind $1
partyalex92: posts big blind $3
*** HOLE CARDS ***
Agrotait: raises $3 to $6
partyalex92: calls $3
*** FLOP *** [8c 5h 7c]
partyalex92: bets $3
Agrotait: raises $3 to $6
partyalex92: calls $3
*** TURN *** [8c 5h 7c] [8h]
partyalex92: checks
Agrotait: bets $6
partyalex92: calls $6
*** RIVER *** [8c 5h 7c 8h] [5d]
partyalex92: checks
Agrotait: bets $6
partyalex92: calls $6
*** SHOW DOWN ***
Agrotait: shows [9d 6c] (a straight, Five to Nine)
partyalex92: mucks hand
Agrotait collected $47.50 from pot
*** SUMMARY ***
Total pot $48 | Rake $0.50
Board [8c 5h 7c 8h 5d]
Seat 1: Agrotait (button) (small blind) showed [9d 6c] and won ($47.50) with a straight, Five to Nine
Seat 2: partyalex92 (big blind) mucked


PokerStars Hand #148549580842:  Hold'em Limit ($3/$6 USD) - 2016/02/10 5:37:00 ET
Table 'Antilochus' 2-max Seat #2 is the button
Seat 1: Agrotait ($71.40 in chips)
Seat 2: partyalex92 ($54.82 in chips)
partyalex92: posts small blind $1
Agrotait: posts big blind $3
*** HOLE CARDS ***
partyalex92: raises $3 to $6
Agrotait: folds
Uncalled bet ($3) returned to partyalex92
partyalex92 collected $6 from pot
*** SUMMARY ***
Total pot $6 | Rake $0
Seat 1: Agrotait (big blind) folded before Flop
Seat 2: partyalex92 (button) (small blind) collected ($6)


PokerStars Hand #148549576527:  Hold'em Limit ($3/$6 USD) - 2016/02/10 5:36:51 ET
Table 'Antilochus' 2-max Seat #1 is the button
Seat 1: Agrotait ($77.40 in chips)
Seat 2: partyalex92 ($49.06 in chips)
Agrotait: posts small blind $1
partyalex92: posts big blind $3
*** HOLE CARDS ***
Agrotait: raises $3 to $6
partyalex92: calls $3
*** FLOP *** [6c Js 7s]
partyalex92: bets $3
Agrotait: folds
Uncalled bet ($3) returned to partyalex92
partyalex92 collected $11.76 from pot
*** SUMMARY ***
Total pot $12 | Rake $0.24
Board [6c Js 7s]
Seat 1: Agrotait (button) (small blind) folded on the Flop
Seat 2: partyalex92 (big blind) collected ($11.76)


PokerStars Hand #148549571970:  Hold'em Limit ($3/$6 USD) - 2016/02/10 5:36:42 ET
Table 'Antilochus' 2-max Seat #2 is the button
Seat 1: Agrotait ($74.52 in chips)
Seat 2: partyalex92 ($52.06 in chips)
partyalex92: posts small blind $1
Agrotait: posts big blind $3
*** HOLE CARDS ***
partyalex92: calls $2
Agrotait: checks
*** FLOP *** [Ac 8c Qd]
Agrotait: bets $3
partyalex92: folds
Uncalled bet ($3) returned to Agrotait
Agrotait collected $5.88 from pot
Agrotait: doesn't show hand
*** SUMMARY ***
Total pot $6 | Rake $0.12
Board [Ac 8c Qd]
Seat 1: Agrotait (big blind) collected ($5.88)
Seat 2: partyalex92 (button) (small blind) folded on the Flop


PokerStars Hand #148549618956:  Hold'em Limit ($3/$6 USD) - 2016/02/10 5:38:16 ET
Table 'Antilochus' 2-max Seat #2 is the button
Seat 1: Agrotait ($95.54 in chips)
Seat 2: partyalex92 ($29.46 in chips)
partyalex92: posts small blind $1
Agrotait: posts big blind $3
*** HOLE CARDS ***
partyalex92: calls $2
Agrotait: checks
*** FLOP *** [Th Kc 2d]
Agrotait: bets $3
partyalex92: calls $3
*** TURN *** [Th Kc 2d] [3c]
Agrotait: checks
partyalex92: checks
*** RIVER *** [Th Kc 2d 3c] [Ts]
Agrotait: bets $6
partyalex92: folds
Uncalled bet ($6) returned to Agrotait
Agrotait collected $11.76 from pot
Agrotait: doesn't show hand
*** SUMMARY ***
Total pot $12 | Rake $0.24
Board [Th Kc 2d 3c Ts]
Seat 1: Agrotait (big blind) collected ($11.76)
Seat 2: partyalex92 (button) (small blind) folded on the River


PokerStars Hand #148549615122:  Hold'em Limit ($3/$6 USD) - 2016/02/10 5:38:09 ET
Table 'Antilochus' 2-max Seat #1 is the button
Seat 1: Agrotait ($92.54 in chips)
Seat 2: partyalex92 ($32.46 in chips)
Agrotait: posts small blind $1
partyalex92: posts big blind $3
*** HOLE CARDS ***
Agrotait: raises $3 to $6
partyalex92: folds
Uncalled bet ($3) returned to Agrotait
Agrotait collected $6 from pot
Agrotait: doesn't show hand
*** SUMMARY ***
Total pot $6 | Rake $0
Seat 1: Agrotait (button) (small blind) collected ($6)
Seat 2: partyalex92 (big blind) folded before Flop


PokerStars Hand #148549605748:  Hold'em Limit ($3/$6 USD) - 2016/02/10 5:37:50 ET
Table 'Antilochus' 2-max Seat #2 is the button
Seat 1: Agrotait ($101.54 in chips)
Seat 2: partyalex92 ($23.82 in chips)
partyalex92: posts small blind $1
Agrotait: posts big blind $3
*** HOLE CARDS ***
partyalex92: calls $2
Agrotait: raises $3 to $6
partyalex92: calls $3
*** FLOP *** [2s 7h 8h]
Agrotait: bets $3
partyalex92: calls $3
*** TURN *** [2s 7h 8h] [5c]
Agrotait: checks
partyalex92: checks
*** RIVER *** [2s 7h 8h 5c] [8c]
Agrotait: checks
partyalex92: checks
*** SHOW DOWN ***
Agrotait: shows [4s Ac] (a pair of Eights)
partyalex92: shows [5s 6s] (two pair, Eights and Fives)
partyalex92 collected $17.64 from pot
*** SUMMARY ***
Total pot $18 | Rake $0.36
Board [2s 7h 8h 5c 8c]
Seat 1: Agrotait (big blind) showed [4s Ac] and lost with a pair of Eights
Seat 2: partyalex92 (button) (small blind) showed [5s 6s] and won ($17.64) with two pair, Eights and Fives


PokerStars Hand #148549626318:  Hold'em Limit ($3/$6 USD) - 2016/02/10 5:38:31 ET
Table 'Antilochus' 2-max Seat #1 is the button
Seat 1: Agrotait ($101.30 in chips)
Seat 2: partyalex92 ($23.46 in chips)
Agrotait: posts small blind $1
partyalex92: posts big blind $3
*** HOLE CARDS ***
Agrotait: raises $3 to $6
partyalex92: calls $3
*** FLOP *** [Ac 5c 8h]
partyalex92: bets $3
Agrotait: raises $3 to $6
partyalex92: calls $3
*** TURN *** [Ac 5c 8h] [6c]
partyalex92: checks
Agrotait: bets $6
partyalex92: calls $6
*** RIVER *** [Ac 5c 8h 6c] [Js]
partyalex92: checks
Agrotait: bets $6
partyalex92: calls $5.46 and is all-in
Uncalled bet ($0.54) returned to Agrotait
*** SHOW DOWN ***
Agrotait: shows [Ah 9c] (a pair of Aces)
partyalex92: shows [Tc 5d] (a pair of Fives)
Agrotait collected $46.42 from pot
*** SUMMARY ***
Total pot $46.92 | Rake $0.50
Board [Ac 5c 8h 6c Js]
Seat 1: Agrotait (button) (small blind) showed [Ah 9c] and won ($46.42) with a pair of Aces
Seat 2: partyalex92 (big blind) showed [Tc 5d] and lost with a pair of Fives


