PokerStars Hand #148484241225:  Hold'em Limit ($3/$6 USD) - 2016/02/08 22:19:04 ET
Table 'Antiphos' 6-max Seat #1 is the button
Seat 1: LifeisagameX ($82.50 in chips)
Seat 4: chipmover360 ($97 in chips)
LifeisagameX: posts small blind $1
chipmover360: posts big blind $3
*** HOLE CARDS ***
LifeisagameX: folds
Uncalled bet ($2) returned to chipmover360
chipmover360 collected $2 from pot
chipmover360: doesn't show hand
*** SUMMARY ***
Total pot $2 | Rake $0
Seat 1: LifeisagameX (button) (small blind) folded before Flop
Seat 4: chipmover360 (big blind) collected ($2)


PokerStars Hand #148484238984:  Hold'em Limit ($3/$6 USD) - 2016/02/08 22:18:57 ET
Table 'Antiphos' 6-max Seat #4 is the button
Seat 1: LifeisagameX ($81.50 in chips)
Seat 4: chipmover360 ($98 in chips)
chipmover360: posts small blind $1
LifeisagameX: posts big blind $3
*** HOLE CARDS ***
chipmover360: folds
Uncalled bet ($2) returned to LifeisagameX
LifeisagameX collected $2 from pot
LifeisagameX: doesn't show hand
*** SUMMARY ***
Total pot $2 | Rake $0
Seat 1: LifeisagameX (big blind) collected ($2)
Seat 4: chipmover360 (button) (small blind) folded before Flop


PokerStars Hand #148484236278:  Hold'em Limit ($3/$6 USD) - 2016/02/08 22:18:50 ET
Table 'Antiphos' 6-max Seat #1 is the button
Seat 1: LifeisagameX ($78.50 in chips)
Seat 4: chipmover360 ($101 in chips)
LifeisagameX: posts small blind $1
chipmover360: posts big blind $3
*** HOLE CARDS ***
LifeisagameX: raises $3 to $6
chipmover360: folds
Uncalled bet ($3) returned to LifeisagameX
LifeisagameX collected $6 from pot
LifeisagameX: doesn't show hand
*** SUMMARY ***
Total pot $6 | Rake $0
Seat 1: LifeisagameX (button) (small blind) collected ($6)
Seat 4: chipmover360 (big blind) folded before Flop


PokerStars Hand #148484234123:  Hold'em Limit ($3/$6 USD) - 2016/02/08 22:18:44 ET
Table 'Antiphos' 6-max Seat #4 is the button
Seat 1: LifeisagameX ($77.50 in chips)
Seat 4: chipmover360 ($102 in chips)
chipmover360: posts small blind $1
LifeisagameX: posts big blind $3
*** HOLE CARDS ***
chipmover360: folds
Uncalled bet ($2) returned to LifeisagameX
LifeisagameX collected $2 from pot
LifeisagameX: doesn't show hand
*** SUMMARY ***
Total pot $2 | Rake $0
Seat 1: LifeisagameX (big blind) collected ($2)
Seat 4: chipmover360 (button) (small blind) folded before Flop


PokerStars Hand #148484221023:  Hold'em Limit ($3/$6 USD) - 2016/02/08 22:18:08 ET
Table 'Antiphos' 6-max Seat #1 is the button
Seat 1: LifeisagameX ($60 in chips)
Seat 4: chipmover360 ($120 in chips)
LifeisagameX: posts small blind $1
chipmover360: posts big blind $3
*** HOLE CARDS ***
LifeisagameX: raises $3 to $6
chipmover360: calls $3
*** FLOP *** [7d Ah Kd]
chipmover360: checks
LifeisagameX: checks
*** TURN *** [7d Ah Kd] [9s]
chipmover360: checks
LifeisagameX: bets $6
chipmover360: calls $6
*** RIVER *** [7d Ah Kd 9s] [7s]
chipmover360: bets $6
LifeisagameX: calls $6
*** SHOW DOWN ***
chipmover360: shows [Qc 4s] (a pair of Sevens)
LifeisagameX: shows [5d Ks] (two pair, Kings and Sevens)
LifeisagameX collected $35.50 from pot
*** SUMMARY ***
Total pot $36 | Rake $0.50
Board [7d Ah Kd 9s 7s]
Seat 1: LifeisagameX (button) (small blind) showed [5d Ks] and won ($35.50) with two pair, Kings and Sevens
Seat 4: chipmover360 (big blind) showed [Qc 4s] and lost with a pair of Sevens


PokerStars Hand #148484255235:  Hold'em Limit ($3/$6 USD) - 2016/02/08 22:19:42 ET
Table 'Antiphos' 6-max Seat #1 is the button
Seat 1: LifeisagameX ($75.50 in chips)
Seat 4: chipmover360 ($103.76 in chips)
LifeisagameX: posts small blind $1
chipmover360: posts big blind $3
*** HOLE CARDS ***
LifeisagameX: raises $3 to $6
chipmover360: calls $3
*** FLOP *** [Ah 5h Ks]
chipmover360: checks
LifeisagameX: bets $3
chipmover360: folds
Uncalled bet ($3) returned to LifeisagameX
LifeisagameX collected $11.76 from pot
LifeisagameX: doesn't show hand
*** SUMMARY ***
Total pot $12 | Rake $0.24
Board [Ah 5h Ks]
Seat 1: LifeisagameX (button) (small blind) collected ($11.76)
Seat 4: chipmover360 (big blind) folded on the Flop


PokerStars Hand #148484249362:  Hold'em Limit ($3/$6 USD) - 2016/02/08 22:19:26 ET
Table 'Antiphos' 6-max Seat #4 is the button
Seat 1: LifeisagameX ($81.50 in chips)
Seat 4: chipmover360 ($98 in chips)
chipmover360: posts small blind $1
LifeisagameX: posts big blind $3
*** HOLE CARDS ***
chipmover360: raises $3 to $6
LifeisagameX: calls $3
*** FLOP *** [Tc 6s Qh]
LifeisagameX: checks
chipmover360: bets $3
LifeisagameX: folds
Uncalled bet ($3) returned to chipmover360
chipmover360 collected $11.76 from pot
chipmover360: doesn't show hand
*** SUMMARY ***
Total pot $12 | Rake $0.24
Board [Tc 6s Qh]
Seat 1: LifeisagameX (big blind) folded on the Flop
Seat 4: chipmover360 (button) (small blind) collected ($11.76)


PokerStars Hand #148484245848:  Hold'em Limit ($3/$6 USD) - 2016/02/08 22:19:16 ET
Table 'Antiphos' 6-max Seat #1 is the button
Seat 1: LifeisagameX ($82.50 in chips)
Seat 4: chipmover360 ($97 in chips)
LifeisagameX: posts small blind $1
chipmover360: posts big blind $3
*** HOLE CARDS ***
LifeisagameX: folds
Uncalled bet ($2) returned to chipmover360
chipmover360 collected $2 from pot
chipmover360: doesn't show hand
*** SUMMARY ***
Total pot $2 | Rake $0
Seat 1: LifeisagameX (button) (small blind) folded before Flop
Seat 4: chipmover360 (big blind) collected ($2)


PokerStars Hand #148484243770:  Hold'em Limit ($3/$6 USD) - 2016/02/08 22:19:10 ET
Table 'Antiphos' 6-max Seat #4 is the button
Seat 1: LifeisagameX ($81.50 in chips)
Seat 4: chipmover360 ($98 in chips)
chipmover360: posts small blind $1
LifeisagameX: posts big blind $3
*** HOLE CARDS ***
chipmover360: folds
Uncalled bet ($2) returned to LifeisagameX
LifeisagameX collected $2 from pot
LifeisagameX: doesn't show hand
*** SUMMARY ***
Total pot $2 | Rake $0
Seat 1: LifeisagameX (big blind) collected ($2)
Seat 4: chipmover360 (button) (small blind) folded before Flop


PokerStars Hand #148484260137:  Hold'em Limit ($3/$6 USD) - 2016/02/08 22:19:55 ET
Table 'Antiphos' 6-max Seat #4 is the button
Seat 1: LifeisagameX ($81.26 in chips)
Seat 4: chipmover360 ($97.76 in chips)
chipmover360: posts small blind $1
LifeisagameX: posts big blind $3
*** HOLE CARDS ***
chipmover360: raises $3 to $6
LifeisagameX: calls $3
*** FLOP *** [9c 3d As]
LifeisagameX: checks
chipmover360: bets $3
LifeisagameX is disconnected
LifeisagameX has timed out while disconnected
LifeisagameX: folds
Uncalled bet ($3) returned to chipmover360
chipmover360 collected $11.76 from pot
chipmover360: doesn't show hand
*** SUMMARY ***
Total pot $12 | Rake $0.24
Board [9c 3d As]
Seat 1: LifeisagameX (big blind) folded on the Flop
Seat 4: chipmover360 (button) (small blind) collected ($11.76)


PokerStars Hand #148486726397:  Hold'em Limit ($3/$6 USD) - 2016/02/09 0:34:32 ET
Table 'Antiphos' 6-max Seat #6 is the button
Seat 4: AzureCaper ($72 in chips)
Seat 6: love_mmm ($120 in chips)
love_mmm: posts small blind $1
AzureCaper: posts big blind $3
*** HOLE CARDS ***
love_mmm: raises $3 to $6
AzureCaper: folds
Uncalled bet ($3) returned to love_mmm
love_mmm collected $6 from pot
love_mmm: doesn't show hand
*** SUMMARY ***
Total pot $6 | Rake $0
Seat 4: AzureCaper (big blind) folded before Flop
Seat 6: love_mmm (button) (small blind) collected ($6)


