PokerStars Hand #175614655753:  Hold'em Limit ($3/$6 USD) - 2017/09/13 21:17:06 ET
Table 'Antiphos' 6-max Seat #3 is the button
Seat 3: B_loJkl ($68.34 in chips)
Seat 4: goga232 ($122.28 in chips)
steveNEWZ will be allowed to play after the button
B_loJkl: posts small blind $1
goga232: posts big blind $3
*** HOLE CARDS ***
ImReady..RU? leaves the table
B_loJkl: folds
Uncalled bet ($2) returned to goga232
goga232 collected $2 from pot
goga232: doesn't show hand
*** SUMMARY ***
Total pot $2 | Rake $0
Seat 3: B_loJkl (button) (small blind) folded before Flop
Seat 4: goga232 (big blind) collected ($2)


PokerStars Hand #175614674375:  Hold'em Limit ($3/$6 USD) - 2017/09/13 21:17:52 ET
Table 'Antiphos' 6-max Seat #3 is the button
Seat 1: steveNEWZ ($39.83 in chips)
Seat 3: B_loJkl ($70.95 in chips)
B_loJkl: posts small blind $1
steveNEWZ: posts big blind $3
*** HOLE CARDS ***
B_loJkl: folds
Uncalled bet ($2) returned to steveNEWZ
steveNEWZ collected $2 from pot
steveNEWZ: doesn't show hand
*** SUMMARY ***
Total pot $2 | Rake $0
Seat 1: steveNEWZ (big blind) collected ($2)
Seat 3: B_loJkl (button) (small blind) folded before Flop


PokerStars Hand #175614672223:  Hold'em Limit ($3/$6 USD) - 2017/09/13 21:17:47 ET
Table 'Antiphos' 6-max Seat #1 is the button
Seat 1: steveNEWZ ($40.83 in chips)
Seat 3: B_loJkl ($69.95 in chips)
steveNEWZ: posts small blind $1
B_loJkl: posts big blind $3
*** HOLE CARDS ***
steveNEWZ: folds
Uncalled bet ($2) returned to B_loJkl
B_loJkl collected $2 from pot
B_loJkl: doesn't show hand
*** SUMMARY ***
Total pot $2 | Rake $0
Seat 1: steveNEWZ (button) (small blind) folded before Flop
Seat 3: B_loJkl (big blind) collected ($2)


PokerStars Hand #175614669233:  Hold'em Limit ($3/$6 USD) - 2017/09/13 21:17:40 ET
Table 'Antiphos' 6-max Seat #3 is the button
Seat 1: steveNEWZ ($39.83 in chips)
Seat 3: B_loJkl ($70.95 in chips)
B_loJkl: posts small blind $1
goga232: is sitting out
steveNEWZ: posts big blind $3
*** HOLE CARDS ***
B_loJkl: folds
Uncalled bet ($2) returned to steveNEWZ
goga232 leaves the table
steveNEWZ collected $2 from pot
steveNEWZ: doesn't show hand
*** SUMMARY ***
Total pot $2 | Rake $0
Seat 1: steveNEWZ (big blind) collected ($2)
Seat 3: B_loJkl (button) (small blind) folded before Flop


PokerStars Hand #175614677473:  Hold'em Limit ($3/$6 USD) - 2017/09/13 21:18:00 ET
Table 'Antiphos' 6-max Seat #1 is the button
Seat 1: steveNEWZ ($40.83 in chips)
Seat 3: B_loJkl ($69.95 in chips)
steveNEWZ: posts small blind $1
B_loJkl: posts big blind $3
*** HOLE CARDS ***
steveNEWZ: folds
Uncalled bet ($2) returned to B_loJkl
B_loJkl collected $2 from pot
B_loJkl: doesn't show hand
*** SUMMARY ***
Total pot $2 | Rake $0
Seat 1: steveNEWZ (button) (small blind) folded before Flop
Seat 3: B_loJkl (big blind) collected ($2)


PokerStars Hand #175614679747:  Hold'em Limit ($3/$6 USD) - 2017/09/13 21:18:06 ET
Table 'Antiphos' 6-max Seat #3 is the button
Seat 1: steveNEWZ ($39.83 in chips)
Seat 3: B_loJkl ($70.95 in chips)
B_loJkl: posts small blind $1
steveNEWZ: posts big blind $3
*** HOLE CARDS ***
B_loJkl: raises $3 to $6
steveNEWZ: folds
Uncalled bet ($3) returned to B_loJkl
B_loJkl collected $6 from pot
B_loJkl: doesn't show hand
*** SUMMARY ***
Total pot $6 | Rake $0
Seat 1: steveNEWZ (big blind) folded before Flop
Seat 3: B_loJkl (button) (small blind) collected ($6)


