PokerStars Hand #165915982356:  Hold'em Limit ($3/$6 USD) - 2017/02/08 22:13:54 ET
Table 'Antiphos II' 10-max Seat #6 is the button
Seat 6: LifeisagameX ($84 in chips)
Seat 7: Snuffymo ($30.86 in chips)
LifeisagameX: posts small blind $1
Snuffymo: posts big blind $3
*** HOLE CARDS ***
LifeisagameX: raises $3 to $6
Snuffymo: folds
Uncalled bet ($3) returned to LifeisagameX
LifeisagameX collected $6 from pot
LifeisagameX: doesn't show hand
*** SUMMARY ***
Total pot $6 | Rake $0
Seat 6: LifeisagameX (button) (small blind) collected ($6)
Seat 7: Snuffymo (big blind) folded before Flop


PokerStars Hand #165915988866:  Hold'em Limit ($3/$6 USD) - 2017/02/08 22:14:10 ET
Table 'Antiphos II' 10-max Seat #7 is the button
Seat 6: LifeisagameX ($87 in chips)
Seat 7: Snuffymo ($27.86 in chips)
Snuffymo: posts small blind $1
LifeisagameX: posts big blind $3
*** HOLE CARDS ***
Snuffymo: folds
Uncalled bet ($2) returned to LifeisagameX
LifeisagameX collected $2 from pot
LifeisagameX: doesn't show hand
*** SUMMARY ***
Total pot $2 | Rake $0
Seat 6: LifeisagameX (big blind) collected ($2)
Seat 7: Snuffymo (button) (small blind) folded before Flop


PokerStars Hand #165916001836:  Hold'em Limit ($3/$6 USD) - 2017/02/08 22:14:44 ET
Table 'Antiphos II' 10-max Seat #7 is the button
Seat 6: LifeisagameX ($99.52 in chips)
Seat 7: Snuffymo ($14.86 in chips)
Snuffymo: posts small blind $1
LifeisagameX: posts big blind $3
*** HOLE CARDS ***
Snuffymo: folds
Uncalled bet ($2) returned to LifeisagameX
LifeisagameX collected $2 from pot
LifeisagameX: doesn't show hand
*** SUMMARY ***
Total pot $2 | Rake $0
Seat 6: LifeisagameX (big blind) collected ($2)
Seat 7: Snuffymo (button) (small blind) folded before Flop


PokerStars Hand #165915990981:  Hold'em Limit ($3/$6 USD) - 2017/02/08 22:14:16 ET
Table 'Antiphos II' 10-max Seat #6 is the button
Seat 6: LifeisagameX ($88 in chips)
Seat 7: Snuffymo ($26.86 in chips)
LifeisagameX: posts small blind $1
Snuffymo: posts big blind $3
*** HOLE CARDS ***
LifeisagameX: raises $3 to $6
Snuffymo: raises $3 to $9
LifeisagameX: calls $3
*** FLOP *** [4d 5s Kh]
Snuffymo: bets $3
LifeisagameX: calls $3
*** TURN *** [4d 5s Kh] [2h]
Snuffymo: checks
LifeisagameX: bets $6
Snuffymo: folds
Uncalled bet ($6) returned to LifeisagameX
LifeisagameX collected $23.52 from pot
LifeisagameX: doesn't show hand
*** SUMMARY ***
Total pot $24 | Rake $0.48
Board [4d 5s Kh 2h]
Seat 6: LifeisagameX (button) (small blind) collected ($23.52)
Seat 7: Snuffymo (big blind) folded on the Turn


PokerStars Hand #165916033475:  Hold'em Limit ($3/$6 USD) - 2017/02/08 22:16:07 ET
Table 'Antiphos II' 10-max Seat #7 is the button
Seat 6: LifeisagameX ($96.30 in chips)
Seat 7: Snuffymo ($17.22 in chips)
Snuffymo: posts small blind $1
LifeisagameX: posts big blind $3
*** HOLE CARDS ***
Snuffymo: folds
Uncalled bet ($2) returned to LifeisagameX
LifeisagameX collected $2 from pot
LifeisagameX: doesn't show hand
*** SUMMARY ***
Total pot $2 | Rake $0
Seat 6: LifeisagameX (big blind) collected ($2)
Seat 7: Snuffymo (button) (small blind) folded before Flop


PokerStars Hand #165916023115:  Hold'em Limit ($3/$6 USD) - 2017/02/08 22:15:39 ET
Table 'Antiphos II' 10-max Seat #6 is the button
Seat 6: LifeisagameX ($87.66 in chips)
Seat 7: Snuffymo ($26.22 in chips)
LifeisagameX: posts small blind $1
Snuffymo: posts big blind $3
*** HOLE CARDS ***
LifeisagameX: raises $3 to $6
Snuffymo: calls $3
*** FLOP *** [3d 4h 7h]
Snuffymo: checks
LifeisagameX: bets $3
Snuffymo: calls $3
*** TURN *** [3d 4h 7h] [9h]
Snuffymo: checks
LifeisagameX: bets $6
Snuffymo: folds
Uncalled bet ($6) returned to LifeisagameX
LifeisagameX collected $17.64 from pot
LifeisagameX: doesn't show hand
*** SUMMARY ***
Total pot $18 | Rake $0.36
Board [3d 4h 7h 9h]
Seat 6: LifeisagameX (button) (small blind) collected ($17.64)
Seat 7: Snuffymo (big blind) folded on the Turn


PokerStars Hand #165916035568:  Hold'em Limit ($3/$6 USD) - 2017/02/08 22:16:12 ET
Table 'Antiphos II' 10-max Seat #6 is the button
Seat 6: LifeisagameX ($97.30 in chips)
Seat 7: Snuffymo ($16.22 in chips)
LifeisagameX: posts small blind $1
Snuffymo: posts big blind $3
*** HOLE CARDS ***
LifeisagameX: raises $3 to $6
Snuffymo: folds
Uncalled bet ($3) returned to LifeisagameX
LifeisagameX collected $6 from pot
LifeisagameX: doesn't show hand
*** SUMMARY ***
Total pot $6 | Rake $0
Seat 6: LifeisagameX (button) (small blind) collected ($6)
Seat 7: Snuffymo (big blind) folded before Flop


PokerStars Hand #165916021137:  Hold'em Limit ($3/$6 USD) - 2017/02/08 22:15:34 ET
Table 'Antiphos II' 10-max Seat #7 is the button
Seat 6: LifeisagameX ($86.66 in chips)
Seat 7: Snuffymo ($27.22 in chips)
Snuffymo: posts small blind $1
LifeisagameX: posts big blind $3
*** HOLE CARDS ***
Snuffymo: folds
Uncalled bet ($2) returned to LifeisagameX
LifeisagameX collected $2 from pot
LifeisagameX: doesn't show hand
*** SUMMARY ***
Total pot $2 | Rake $0
Seat 6: LifeisagameX (big blind) collected ($2)
Seat 7: Snuffymo (button) (small blind) folded before Flop


PokerStars Hand #165916003712:  Hold'em Limit ($3/$6 USD) - 2017/02/08 22:14:49 ET
Table 'Antiphos II' 10-max Seat #6 is the button
Seat 6: LifeisagameX ($100.52 in chips)
Seat 7: Snuffymo ($13.86 in chips)
LifeisagameX: posts small blind $1
Snuffymo: posts big blind $3
*** HOLE CARDS ***
LifeisagameX: raises $3 to $6
Snuffymo: raises $3 to $9
LifeisagameX: calls $3
*** FLOP *** [2d 8s 9d]
Snuffymo: bets $3
LifeisagameX: calls $3
*** TURN *** [2d 8s 9d] [5c]
Snuffymo: bets $1.86 and is all-in
LifeisagameX: calls $1.86
*** RIVER *** [2d 8s 9d 5c] [Jd]
*** SHOW DOWN ***
Snuffymo: shows [Ks Kd] (a pair of Kings)
LifeisagameX: shows [6h 5h] (a pair of Fives)
Snuffymo collected $27.22 from pot
*** SUMMARY ***
Total pot $27.72 | Rake $0.50
Board [2d 8s 9d 5c Jd]
Seat 6: LifeisagameX (button) (small blind) showed [6h 5h] and lost with a pair of Fives
Seat 7: Snuffymo (big blind) showed [Ks Kd] and won ($27.22) with a pair of Kings


PokerStars Hand #165916039335:  Hold'em Limit ($3/$6 USD) - 2017/02/08 22:16:22 ET
Table 'Antiphos II' 10-max Seat #7 is the button
Seat 6: LifeisagameX ($100.30 in chips)
Seat 7: Snuffymo ($13.22 in chips)
Snuffymo: posts small blind $1
LifeisagameX: posts big blind $3
*** HOLE CARDS ***
Snuffymo: raises $3 to $6
LifeisagameX: calls $3
*** FLOP *** [4h 4d Jd]
LifeisagameX: checks
Snuffymo: bets $3
LifeisagameX: calls $3
*** TURN *** [4h 4d Jd] [6c]
LifeisagameX: checks
Snuffymo: bets $4.22 and is all-in
LifeisagameX: calls $4.22
*** RIVER *** [4h 4d Jd 6c] [Kd]
*** SHOW DOWN ***
LifeisagameX: shows [Kc 8h] (two pair, Kings and Fours)
Snuffymo: shows [Td Ac] (a pair of Fours)
LifeisagameX collected $25.94 from pot
*** SUMMARY ***
Total pot $26.44 | Rake $0.50
Board [4h 4d Jd 6c Kd]
Seat 6: LifeisagameX (big blind) showed [Kc 8h] and won ($25.94) with two pair, Kings and Fours
Seat 7: Snuffymo (button) (small blind) showed [Td Ac] and lost with a pair of Fours


